3996 6606
308 468 447 531 H73

1751 433 2160 530 λιμοι.ιεῖ

3406 464 3542 528 1174

309 597 415 647 νος,
442 577 539 634 καὶ
588 577 822 634 ἑθέωσεν
870 577 1019 649 ἡμᾶς
1076 578 1280 649 σαρκὸς
1337 580 1687 652 προσλήψει·
1731 583 1875 651 ὅθεν,

1985 586 2260 643 άείιίιονὶι
2309 600 2412 641 nos
2462 600 2629 642 carne
2674 596 2860 643 nostra
2909 596 3128 657 accepta
3158 628 3173 652 ,
3206 602 3239 641 ο
3285 588 3549 643 immacu-

307 671 640 740 πανάμωμε,
669 669 744 733 ὡς
766 668 995 739 Μητέρα
1019 684 1079 721 σε
1100 667 1290 723 τούτου
1312 686 1374 739 γε
1383 671 1665 744 ραίρομεν.

391 845 453 899 '0
474 842 602 907 τοὺς
624 843 859 907 κόλπους
890 843 967 914 μὴ
1000 841 1245 907 κενώσας
1278 844 1373 898 τοῦ
1400 845 1617 917 Πατρδς
1657 847 1715 899 ὲν
1762 850 1877 913 τοῖς

306 936 528 999 κόλποις
588 952 681 990 σου
711 976 727 1003 ,
779 936 900 990 νέον
952 932 1142 1006 ῶσπερ
1178 934 1404 1006 ῇβρέφος
1440 977 1456 1001 ,
1514 937 1879 1007 ἐπανακλιθῆ-

306 1047 394 1083 ναι
423 1028 737 1098 εὐδόκησεν,
758 1028 848 1080 ἐπ’
892 1026 1213 1096 ἀνακλήσει,
1247 1026 1518 1099 Παρθένε,
1546 1027 1656 1082 τῶν
1693 1028 1879 1100 ψυχῶν

307 1122 487 1194 ἡμῶν,
506 1114 552 1190 ᾧ
578 1120 983 1193 κραυγάζομεν·
1003 1120 1164 1187 Δόξα,
1190 1121 1234 1173 Χ
1244 1120 1493 1192 ριστὲ,τῇ
1518 1121 1744 1193 δυνάμει
1762 1138 1880 1178 σου.

375 1300 512 1356 Μεθ’
535 1301 691 1371 ἡμῶν
721 1303 1016 1374 γενόμενος
1045 1302 1114 1357 δι’
1136 1299 1318 1359 οἶκτον
1345 1307 1375 1359 ὁ
1404 1296 1597 1379 Σωτὴρ
1631 1307 1689 1374 ἐξ
1719 1306 1881 1380 αίμά-

307 1410 417 1445 των
440 1409 534 1445 σου
558 1392 721 1460 ιερῶν
750 1393 890 1465 ὑπὲρ
921 1394 1070 1461 νοῦν,
1100 1396 1427 1467 πανάμωμε,
1464 1399 1879 1467 σεσωμάτωται,

310 1484 407 1535 καὶ
439 1482 574 1547 Θεὸς
605 1485 698 1537 καὶ
741 1482 1027 1555 ἄνθρωπος
1052 1487 1081 1539 ὁ
1111 1487 1496 1559 φιλάνθρωπος
1529 1488 1876 1559 γνωρίζεται.

377 1626 725 1733 Λιλύτρωται
752 1661 863 1717 τῶν
892 1663 1151 1734 ὠδίνωνὴ
1202 1664 1335 1731 Εὔα,
1366 1666 1700 1741 πανάμωμε,
1736 1669 1880 1725 ἀνω-

301 1749 464 1812 δίνως
490 1751 585 1805 σοῦ
618 1752 884 1823 τεκούσης
926 1754 1163 1825 Χριστὸν
1193 1757 1286 1810 τδν
1313 1758 1445 1811 Θεὸν
1480 1761 1658 1830 ἡμῶν,
1693 1760 1786 1815 τὸν
1806 1762 1878 1816 τὰ

305 1840 454 1908 πάθη
484 1842 698 1896 πάντων
722 1842 818 1896 καὶ
845 1841 1036 1909 ὀδύνας
1071 1844 1259 1915 σαφῶς
1287 1848 1736 1920 θεραπεύσαντα.

378 2041 593 2115 Ὠφθης
640 2042 911 2112 άφλεκτος
958 2047 1216 2115 τεκοῦσα,
1246 2050 1511 2122 πάναγνε,
1540 2053 1617 2117 ὡς
1664 2052 1881 2125 ἀληθῶς

308 2134 372 2188 τὸ
399 2134 509 2206 πῦρ
537 2135 634 2205 τῆς
662 2135 925 2207 Θεότητος
954 2154 969 2169 ·
1007 2138 1087 2192 διὸ
1114 2140 1182 2194 τὰ
1211 2139 1385 2213 ὑλώδη
1419 2160 1521 2213 μου
1553 2142 1725 2216 πάθη,
1752 2143 1881 2197 Θεο-

302 2227 532 2299 κυῆτορ,
575 2226 789 2298 φλέξον,
812 2229 891 2294 ὡς
916 2231 1209 2304 συμπαθὴς
1241 2232 1339 2286 καὶ
1368 2234 1703 2305 φιλάγαθος.

383 2405 744 2475 Συμπαθείας
770 2407 873 2477 τῆς
905 2406 1009 2480 σῆς
1050 2426 1121 2480 με
1170 2408 1423 2479 ἀξίωσον,
1448 2412 1739 2487 συμπαθὴς
1788 2416 1885 2471 καὶ

305 2495 577 2564 φιλάγαθε
613 2497 901 2561 Δέσποινα,
921 2500 1017 2552 καὶ
1056 2498 1173 2568 τῆς
1193 2500 1416 2571 γεέννης
1468 2503 1629 2573 ῥῦσαί
1656 2522 1744 2575 με,
1772 2490 1872 2561 κςιὶ⁵

300 2584 406 2639 τοῦ
453 2587 681 2651 σκότους
705 2588 916 2642 ἐκείνου
960 2587 1056 2643 τοῦ
1100 2589 1389 2663 ἐξωτέρω,
1436 2593 1523 2647 ἵνα
1560 2595 1738 2650 πίστει
1788 2598 1883 2651 καὶ

304 2679 457 2747 πόθῳ
479 2680 725 2753 γεραίρω
754 2698 833 2736 σε.

374 2770 585 2841 Φθορὰν
616 2770 692 2842 μὴ
709 2771 1020 2843 γνωρίσασα
1048 2774 1263 2844 ἀνδρὸς,
1282 2774 1373 2831 τὸν
1389 2775 1664 2847 ἄφθαρτον
1690 2778 1749 2831 ὲν
1781 2797 1879 2850 νη-

310 2862 402 2916 δύϊ
425 2862 739 2931 ὑποδέδεξαι
761 2864 935 2934 Λόγον
962 2868 1111 2936 ἡμᾶς
1142 2868 1595 2939 καταφθαρέντας
1622 2871 1885 2941 ῥυόμενον

304 2953 519 3017 πολλοῖς
552 2948 984 3025 παραπτώμασι,
1010 2955 1086 3029 τῷ
1107 2957 1271 3012 πάθει
1310 2958 1411 3029 τῆς
1434 2959 1714 3032 ἀφθάρτου
1747 2977 1883 3033 σαρ-

305 3046 403 3111 κδς
432 3043 625 3111 αὑτοῦ,
646 3045 852 3118 ἀφθορε
882 3047 1018 3120 μόνη
1053 3048 1458 3121 παναμὼμητε.

1978 677 2248 736 latissima
2282 695 2295 733 :
2328 690 2518 749 quare.
2552 686 2815 747 tanquam
2849 676 2997 731 illius
3029 675 3256 733 Matrem
3294 686 3347 733 te
3381 694 3548 735 vene-

1980 787 2190 827 ramur.

2051 862 2315 919 Paternos
2368 865 2526 920 sinus
2565 877 2673 918 non
2714 860 3133 929 derelinquens,
3184 860 3238 914 in
3274 860 3397 915 sinu
3449 866 3559 913 tuov

1980 954 2231 1009 reclinari
2265 964 2518 1021 tanquam
2567 968 2740 1009 novus
2781 951 2959 1006 infans
2995 950 3097 1005 sibi
3129 949 3480 1018 complacuit,
3516 964 3547 1001 ο

1987 1043 2171 1115 Virgo,
2200 1053 2258 1100 ut
2288 1045 2500 1100 animas
2534 1052 2751 1097 nostras
2783 1042 2847 1094 ad
2877 1056 2938 1094 se
3000 1048 3280 1093 revocaret
3309 1055 3323 1093 :
3356 1052 3551 1107 quam-

1979 1135 2167 1190 obrem
2189 1150 2288 1189 nos
2303 1134 2475 1189 eidem
2511 1135 2808 1189 clamantes
2852 1130 3011 1201 166
3035 1128 3305 1186 dicimus:
3336 1126 3545 1191 Gloria,

1980 1225 2215 1291 Christe,
2244 1225 2432 1280 virtuti
2459 1239 2585 1280 tum.

2051 1314 2343 1372 Nobiscum
2370 1315 2547 1371 lactus
2574 1314 2843 1375 Salvator.
2878 1326 3101 1385 propter
3130 1328 3287 1370 suam
3331 1309 3546 1366 miseri-

1980 1407 2248 1473 cordiam,
2279 1423 2342 1463 ex
2375 1406 2548 1463 sacris
2598 1404 2955 1476 sanguinibus
3006 1405 3136 1469 tuis,
3188 1416 3349 1471 supra
3398 1418 3546 1456 men-

1984 1498 2054 1551 tis
2086 1506 2327 1565 captum,
2362 1504 2684 1561 eorporatus
2716 1503 2819 1553 est,
2856 1510 2889 1549 ο
2923 1493 3428 1548 itnmaeulatissima
3453 1508 3467 1557 ;
3497 1500 3546 1546 et

1982 1601 2193 1642 amator
2225 1587 2532 1649 hominum,
2564 1585 2705 1641 Deus
2732 1596 2789 1640 et
2821 1586 2983 1641 homo
3015 1585 3381 1656 cognoscitur.

2055 1678 2303 1734 Liberata
2336 1686 2422 1732 est
2474 1675 2581 1731 Eva
2611 1693 2639 1732 a
2670 1675 2971 1742 doloribus,
3006 1677 3247 1745 pariente
3275 1685 3349 1739 te,
3389 1690 3420 1729 ο
3448 1689 3547 1745 pu-

1963 1771 2241 1852 rissima,
2283 1773 2403 1825 sine
2462 1770 2571 1824 ullo
2625 1767 2813 1823 dolore
2877 1767 3157 1825 Christum
3234 1768 3403 1823 Deum
3460 1782 3558 1822 no-

1983 1872 2181 1923 strum,
2213 1859 2306 1929 qui
2339 1859 2623 1928 passiones
2652 1866 2709 1913 et
2736 1857 2953 1915 dolores
2985 1858 3235 1914 omnium
3268 1856 3557 1913 manifeste

1920 1945 1963 2001 Β
1988 1952 2222 2007 curavit.

2054 2045 2401 2103 lncumbusta
2440 2045 2812 2119 permansisti,
2842 2061 2874 2101 ο
2902 2043 3237 2107 castissima,
3261 2041 3551 2097 verissime

1984 2135 2213 2193 Deitatis
2266 2137 2449 2208 ignem
2482 2138 2685 2205 enixa;
2736 2146 3020 2207 prepterea
3052 2136 3368 2204 passionum
3405 2148 3557 2187 mea-

1980 2242 2102 2281 rum
2134 2227 2339 2301 sylvam
2367 2229 2646 2292 combure,
2674 2242 2707 2283 o
2734 2226 3087 2298 Deigenitria,
3126 2235 3381 2290 tanquam
3406 2238 3558 2279 eom-

1984 2320 2216 2391 patiens,
2243 2336 2309 2377 ae
2334 2321 2601 2376 bonorum
2625 2319 2883 2375 amatrix.

2049 2410 2442 2482 Compassione
2469 2421 2561 2466 tua
2587 2412 2808 2481 dignum
2834 2425 2919 2465 me
2944 2408 3052 2473 fac,
3082 2422 3116 2462 o
3143 2407 3375 2462 Domina
3405 2420 3541 2462 com-

1984 2501 2217 2571 patiens,
2248 2514 2312 2559 ac
2342 2502 2611 2556 bonorum
2661 2501 2915 2566 amatrix,
2941 2508 2997 2555 et
3024 2514 3055 2554 a
3096 2499 3343 2569 gehenna
3393 2506 3557 2566 atque

1983 2607 2015 2646 a
2044 2593 2281 2649 tenebris
2317 2592 2424 2648 illis
2456 2593 2824 2649 exterioribus
2854 2591 3023 2648 libera
3054 2605 3162 2656 me,
3194 2599 3251 2644 ut
3280 2603 3404 2645 eum
3443 2588 3550 2642 lide

1982 2693 2037 2739 et
2065 2684 2258 2740 aii‘ectu
2291 2698 2523 2740 venerer
2549 2693 2622 2740 te.

2057 2774 2169 2830 Viri
2226 2776 2633 2846 corruptionem
2692 2776 2954 2846 ignorans
2984 2815 2999 2840 ,
3070 2770 3305 2827 Verbum
3368 2769 3551 2824 incor-

1983 2867 2239 2937 ruplibile
2293 2868 2347 2923 in
2401 2879 2558 2923 utero
2618 2866 2945 2936 suscepisti,
3001 2864 3147 2933 quod
3206 2876 3307 2917 nos
3367 2860 3554 2916 multis

1986 2958 2230 3027 peccatis
2260 2966 2572 3028 corruptos,
2607 2958 2861 3026 passione
2905 2951 3339 3023 ineorruptibilis
3369 2950 3553 3004 carnis

1983 3062 2099 3104 sum
2123 3047 2354 3113 liberat,
2407 3063 2442 3103 o
2470 3048 2787 3117 incorrupta
2828 3046 2945 3102 sola
2976 3044 3124 3100 omni
3159 3042 3317 3098 laude
3344 3041 3555 3111 dignis-

1985 3154 2143 3194 Stma.

912 3288 1068 3361 167
1099 3287 1183 3345 Ex
1231 3288 1445 3345 Catiane
1489 3292 1544 3345 in
1578 3290 1637 3347 S.
1690 3292 1955 3349 Andream
2007 3296 2277 3351 ductorem
2349 3294 2653 3357 exercitus,
2696 3292 2778 3347 die
2811 3288 2899 3346 εο.

1354 3403 1505 3460 Idem
1539 3412 1624 3462 est
1648 3421 1773 3464 cum
1812 3408 2109 3478 superiori,
2145 3408 2211 3464 ad
2239 3406 2379 3464 diem
2411 3408 2498 3463 l9.

319 3544 417 3618 Ἐξ
464 3542 607 3618 τοῦ-
641 3544 912 3618 Κανόνος
955 3546 1049 3618 ἐίς
1088 3544 1206 3618 ’τόν
1274 3546 1451 3618 ἅγιον
1523 3549 1877 3606 ἀπόστολον

1985 3548 2069 3602 Ea:
2102 3548 2315 3605 Catiane
2344 3548 2545 3618 duplici
2588 3549 2647 3618 in
2678 3549 2809 3615 [esto
2847 3544 2906 3600 S.
2939 3542 3195 3618 Thetidis:
3226 3558 3256 3596 α

379 3612 677 3689 ραδδαῒον
698 3650 716 3677 ,
758 3615 856 3668 καὶ
909 3612 1025 3682 τὴν
1065 3614 1244 3669 ἀνίαν
1287 3612 1564 3687 μάρτυρα
1594 3620 1875 3689 Βάσθην,

378 3682 570 3752 ἡμέρᾳ
605 3689 712 3736 κω-

377 3796 647 3852 Δέσποινα
695 3796 803 3851 τῶν
844 3798 1100 3853 ἁπάντων
1146 3799 1334 3873 ῶφθης
1364 3802 1474 3858 τῶν
1532 3807 1874 3877 κτισμάτων,

305 3889 401 3943 τὸν
434 3889 763 3955 δεσπόζοντα
807 3891 1137 3963 ἁπορῤήτως
1165 3894 1421 3962 τεκοῦσα,
1457 3896 1687 3951 Θεοτόκε
1727 3899 1877 3970 Παρ-

307 3981 430 4037 θένε
462 3981 798 4052 πανύμνητε.

379 4073 677 4139 Συνέλαδες
705 4075 880 4144 Λόγον
910 4076 1003 4129 τὸν
1033 4076 1130 4132 τοῦ
1162 4078 1376 4149 Πατρὺς
1406 4080 1630 4135 ἄνευθεν
1651 4080 1875 4147 ὠδίνων,

308 4165 573 4234 παναγία,
597 4164 707 4221 τῶν
740 4166 1162 4237 μητρικῶν,καὶ
1205 4168 1394 4222 τοῦτον
1435 4169 1690 4240 ἀρρήτως
1738 4170 1878 4241 ὑπὲρ

308 4257 469 4327 λόγον
485 4258 565 4320 είς
590 4258 869 4327 σωτηρίαν
894 4259 927 4327 ή
937 4257 1055 4329 μῶν
1095 4258 1435 4330 ἀπεκόησας.

378 4431 567 4502 Νόμου
624 4430 1064 4502 προχαράγματα
1106 4432 1204 4485 καὶ
1234 4430 1527 4503 προφητῶν
1557 4431 1752 4501 φωναὶ,
1783 4429 1879 4486 Δέ-

310 4539 527 4586 σποινα,
558 4523 652 4575 σοῦ
684 4522 776 4576 τὸν
813 4522 1040 4593 φρικτὸν
1067 4523 1224 4577 τόκον
1244 4524 1533 4595 ἀριδήλως,
1569 4525 1876 4597 Θεομῆτορ,

308 4614 607 4685 ἐδήλωσαν.

377 4705 736 4776 Νεκρωϐἐντα
775 4723 841 4776 με
888 4705 1087 4777 βρώσει
1146 4709 1433 4779 παρακοῆς
1470 4708 1702 4775 ἔσωσας,
1739 4710 1877 4781 μόνη

305 4797 410 4869 τὴν
430 4796 575 4869 ζωὴν
593 4801 840 4852 τετοκυῖα
854 4799 952 4870 τὴν
967 4800 1344 4867 ἔνυπόστατον,
1362 4800 1510 4871 Κόρη
1536 4803 1841 4873 πανάμωμε
1859 4818 1875 4833 ⁸

3259 3541 3473 3613 postoli,
3498 3550 3550 3595 et

2330 3614 2526 3673 sancite
2573 3614 2753 3672 Bassa
2783 3626 2963 3679 mart.,
2995 3616 3080 3669 die
3110 3614 3201 3668 2i.

2052 3796 2098 3853 Ο
2128 3797 2355 3868 Deipara
2382 3795 2564 3865 Virgo,
2582 3792 2909 3850 omnilaude
2931 3788 3252 3845 celebranda
3270 3831 3285 3853 ,
3304 3786 3549 3844 omnium

1984 3899 2356 3944 creaturarum
2381 3887 2613 3940 Domina
2643 3884 2785 3940 facta
2823 3898 2907 3947 es,
2939 3896 3063 3936 cum
3090 3879 3381 3934 Dominum
3408 3877 3548 3932 inef—

1984 3979 2221 4035 fabiliter
2252 3977 2531 4049 peperisti.

2054 4069 2293 4125 Verbum
2352 4068 2527 4123 Patris
2587 4067 2708 4122 sine
2757 4063 3016 4119 maternis
3077 4059 3356 4117 doloribus
3420 4072 3551 4111 eon-

1984 4162 2219 4231 cepisti,
2262 4175 2297 4215 o
2342 4159 2731 4225 sanctissima;
2796 4166 2959 4225 atque
3014 4152 3147 4207 illud
3204 4148 3552 4204 ineﬂ‘abiliter

1984 4268 2146 4321 supra
2189 4250 2337 4306 verbi
2397 4256 2717 4318 conceptum
2754 4246 2809 4301 in
2856 4245 3089 4301 salutem
3150 4250 3398 4296 nostram
3446 4253 3544 4308 pe-

1983 4340 2193 4413 peristi.

2052 4433 2427 4488 Praeeedentes
2457 4432 2592 4502 legis
2627 4430 2835 4501 ﬁgurat,
2865 4439 2920 4485 et
2937 4428 3324 4498 prophetarum
3357 4436 3547 4486 voces,

1986 4527 2324 4583 tremendum
2359 4534 2573 4597 partum
2605 4531 2761 4579 tuum
2797 4520 3088 4578 manifeste
3115 4517 3490 4581 declarabant,
3519 4530 3552 4570 ο

1984 4619 2234 4683 Domina,
2269 4618 2361 4674 Dei
2401 4617 2593 4673 Mater.

2056 4711 2140 4767 lle
2165 4712 2236 4766 ob
2263 4719 2537 4781 gustatum
2592 4705 2975 4762 inobedientize
3023 4703 3205 4759 cibum
3248 4701 3360 4772 jam
3408 4714 3553 4754 mor-

1986 4814 2138 4859 tuum
2174 4803 2417 4867 salvasli,
2454 4801 2616 4872 168
2639 4816 2673 4855 o
2706 4800 2884 4871 puella
2936 4795 3385 4853 innocentissima
3417 4791 3553 4865 (70),

382 4974 498 5045 (70)
520 4975 755 5049 Gabriel
781 4975 892 5031 Βῑθι
920 4974 1253 5049 scholastica
1278 4976 1526 5032 doctrina
1559 4986 1613 5032 et
1643 4978 1880 5049 antiqui-
1910 4984 1954 5039 D
1986 4987 2129 5040 runt,
2157 4986 2206 5031 et
2233 4987 2379 5049 egent
2427 4975 2617 5049 gloriq_
2642 4974 2759 5049 Dei,
2787 4973 2947 5049 Rom.
2982 4987 3041 5049 tt,
3075 4990 3095 5023 ι
3132 4969 3225 5049 sed
3252 4966 3553 5049 .judstiiica-
3613 4966 3626 4976 “

310 5055 424 5101 tate
450 5048 701 5115 celebris,
746 5048 799 5101 lu
839 5062 1006 5102 serm.
1037 5047 1093 5112 2,
1128 5048 1194 5100 de
1223 5049 1592 5115 conceptione.
1635 5047 1881 5103 scribens

308 5119 380 5171 de
403 5116 461 5169 Β.
498 5114 717 5185 Virgine
750 5127 1007 5185 tanquam
1037 5120 1103 5171 de
1136 5118 1364 5171 muliere
1394 5114 1543 5181 l’orti,
1574 5119 1659 5173 his
1700 5119 1879 5173 verbis

308 5185 818 5258 ejusginnocentiam
854 5187 1152 5258 lectoribus
1175 5198 1541 5258 repraesentat
1574 5205 1588 5240 :
1631 5207 1649 5240 ι
1682 5187 1879 5243 Procul

309 5255 609 5326 derultimis
633 5257 831 5326 linihus
865 5257 1098 5325 pretium
1136 5255 1276 5326 eius.
1322 5276 1341 5310 ι
1373 5258 1629 5313 Proverb.
1663 5260 1875 5317 ultimo.

315 5325 691 5397 LInneeentia
720 5325 844 5397 linis
885 5335 960 5380 est
999 5325 1218 5380 humani
1249 5328 1486 5397 generis,
1523 5343 1646 5382 nam
1691 5329 1761 5383 ab
1795 5328 1880 5381 in-

310 5396 568 5449 noeen'ia
619 5395 946 5465 principium
994 5395 1341 5465 sutnpsitfln
1379 5397 1689 5453 innocentia
1730 5400 1876 5452 enim

308 5476 529 5519 erratas
558 5473 641 5521 est
686 5465 879 5531 Adam,
918 5465 985 5520 ad
1032 5467 1398 5520 innocentiam
1440 5468 1602 5522 etiam
1653 5467 1881 5523 reduce-

312 5545 577 5616 tur,_cuiit
619 5548 809 5616 omnes
836 5536 1202 5616 praedestinati
1225 5536 1745 5616 illuc_ass_umentur,
1771 5553 1879 5616 quo

310 5605 449 5658 nihil
495 5605 797 5675 ingreditur
841 5605 1205 5675 inquinatum.
1238 5607 1320 5660 Ab
1351 5608 1434 5661 his
1469 5609 1653 5675 itaque
1694 5605 1883 5663 termio

309 5675 419 5739 nis,
471 5674 588 5731 sive
637 5674 857 5741 ﬁnibus,
900 5674 931 5729 a
964 5691 1073 5745 quo
1098 5688 1151 5731 et
1199 5676 1266 5730 ad
1309 5692 1494 5745 quem,
1525 5674 1577 5731 id
1607 5686 1690 5733 cst
1726 5679 1883 5731 inno-

311 5746 515 5815 centia.
560 5745 874 5815 quiiprocul
919 5757 1043 5801 sunt
1075 5762 1105 5800 a
1133 5749 1345 5801 caeteris
1388 5748 1720 5810 hominibus,
1755 5763 1881 5815 pre-

311 5814 450 5867 tium
475 5815 637 5885 hujus
655 5814 966 5870 iortissima:
985 5815 1228 5872 mulieris
1252 5828 1570 5872 raeterorum
1602 5814 1879 5871 hominum

310 5896 597 5955 peccatum
631 5900 740 5941 non
765 5885 832 5942 de
854 5886 1185 5951 innocentia,
1215 5889 1340 5958 quia
1381 5907 1398 5941 ι
1438 5904 1612 5943 omnes
1639 5903 1882 5959 peccare-

1988 5037 2137 5103 tione
2169 5037 2292 5117 post
2316 5037 2546 5116 lapsum.
2578 5037 2755 5113 llujus'
2792 5044 2960 5117 solius
2989 5041 3056 5096 de
3092 5038 3299 5117 ultimis
3329 5037 3551 5099 ﬁnibus,

1987 5119 2039 5172 id
2068 5110 2181 5189 est'
2201 5110 2508 5172 innocentia
2532 5155 2548 5180 ,
2598 5110 3009 5189 recte_pre_tium
3060 5110 3357 5189 attollitur,
3387 5122 3549 5189 quam

1986 5188 2131 5241 nulla
2188 5202 2449 5257 unquam,
2484 5177 2583 5238 nec
2628 5177 2933 5257 originalis,
2970 5197 3070 5235 nec
3116 5179 3365 5257 actualisn
3392 5177 3550 5257 culpa

1987 5245 2298 5329 maculavit:
2350 5245 2572 5329 Propter
2611 5245 2961 5329 quodetiam
3002 5251 3225 5329 angelus
3257 5263 3286 5329 a
3332 5247 3440 5329 Deo
3477 5245 3553 5329 .ad

1984 5328 2126 5381 hanc
2155 5318 2711 5382 tlteotocon'missus.
2746 5325 2821 5395 ab
2850 5324 2969 5391 ejus
3016 5318 3320 5375 innorenlia
3364 5318 3551 5395 laudes

1981 5412 2206 5453 exorsus
2252 5406 2335 5452 est
2366 5414 2380 5450 :
2414 5398 2517 5448 Ave
2549 5408 2560 5419 °
2617 5393 2761 5464 quod
2814 5394 3223 5464 interpretatum
3248 5458 3259 5464 _
3292 5397 3400 5464 est;
3436 5393 3554 5439 sine

1982 5482 2082 5531 v3,
2124 5468 2310 5536 utique
2338 5466 2563 5536 maculae
2590 5456 2833 5536 culpae.)
2869 5456 3125 5536 Sic‘ibiel.
3158 5458 3261 5524 Qui
3292 5468 3345 5512 et
3370 5456 3549 5536 Serm.

1982 5535 2036 5599 5,
2069 5524 2272 5591 ’δυὶμιῖι
2313 5554 2327 5590 :
2378 5553 2396 5587 ι
2444 5524 2910 5607 ΟρροηὶιῖινίΕιιω
2966 5532 3134 5607 Maria
3182 5541 3445 5607 quantum
3478 5524 3553 5605 ad

1985 5608 2313 5674 personalia.
2344 5616 2395 5661 et
2418 5599 2681 5674 quantum
2724 5606 2788 5657 ad
2830 5602 3234 5674 propagationis
3263 5599 3550 5667 principia.

1984 5672 2258 5743 Quantum
2284 5679 2348 5731 ad
2374 5672 2703 5746 personaliai
2729 5674 2782 5727 id
2814 5682 2898 5746 est
2928 5672 3142 5743 propria
3173 5681 3553 5745 personarum,

1985 5750 2099 5803 sive
2121 5757 2278 5803 actus
2305 5742 2637 5817 personales,
2662 5743 2787 5799 Eva:
2817 5742 2983 5797 Maria
3010 5749 3323 5817 opponitur,
3357 5750 3466 5792 tam
3499 5742 3552 5788 in

1984 5812 2585 5889 t-aruinpro'ductione,
2633 5831 2797 5889 quam
2844 5816 2899 5869 in
2941 5812 3390 5889 conversatione,
3420 5824 3555 5889 quoj

1988 5890 2131 5942 niam
2162 5880 2267 5943 Eva
2323 5889 2389 5944 de
2442 5880 2621 5943 massa
2654 5880 3021 5950 innocentiae,
3100 5894 3253 5938 costa
3306 5880 3552 5936 videlicet
