3996 6600
327 472 461 540 1277

1783 494 2139 559 MARIALE.

324 684 384 737 ὲν
415 681 708 752 πνεύματι,
738 684 767 736 ὁ
799 682 930 750 Θεὸς
962 685 1022 750 ἐξ
1038 680 1099 740 οὗ
1130 688 1390 758 ὲπέφανε,
1423 692 1518 744 καὶ
1541 693 1707 762 ἡμᾶς,
1745 696 1874 766 Bap

1992 700 2120 754 olim
2154 710 2224 769 te,
2266 719 2299 759 ο
2326 680 2512 778 Virgo,
2547 708 2804 767 Abbacuc
2836 713 2891 768 in
2925 680 3141 783 spiritu,
3174 732 3237 771 ex
3271 680 3381 787 quo
3404 680 3564 777 licus

326 774 465 840 θένε,
497 773 817 831 διεσώσατο.

395 869 820 940 Σεσαρκώμενον
865 874 1035 942 Λόγον
1064 875 1278 951 κδιπλῆν
1322 881 1603 952 ἐνέργειαν
1656 882 1891 959 φέροντα

327 965 574 1027 τέτοκας,
616 964 961 1038 ἀπειρόγαμε
1004 968 1177 1041 Κόρη,
1220 975 1456 1042 μείνασα
1517 973 1784 1044 παρθένος
1808 972 1887 1038 ,ἀ-

373 1060 574 1115 ίαντος.

373 1077 522 1113 ιαντο
554 1095 574 1115 .

329 1077 367 1129 μ
396 1153 509 1220 Τῆς
524 1078 889 1224 ςπρομήτορος
919 1152 1063 1219 Εὔας
1092 1153 1188 1209 νῦν
1203 1155 1518 1210 ἁνεκαλέσω
1545 1155 1645 1227 τὴν
1692 1152 1885 1228 ἧτταν,

324 1246 573 1316 κυήσασα
600 1246 897 1316 Λυτρωτὴν
924 1247 1034 1300 τῶν
1062 1247 1219 1314 ὅλων,
1243 1248 1338 1301 καὶ
1367 1249 1594 1319 Σωτῆρα
1621 1250 1716 1301 καὶ
1752 1247 1887 1301 Κτί-

1992 790 2374 850 manifestatus
2402 806 2506 861 est,
2539 798 2805 869 nobisque
2837 803 3073 860 salutem
3113 806 3281 861 dedit.

2066 879 2298 937 Verbum
2337 885 2698 951 ,incarnatum
2767 892 2972 963 duplici
3041 898 3303 963 operandl
3364 900 3564 954 virtute

1990 972 2275 1040 praeditum
2318 976 2370 1030 in
2406 977 2580 1032 lucem
2615 981 2912 1049 protulisti.
2944 999 2977 1039 o
3003 987 3180 1055 puella
3232 988 3482 1059 innupta,
3506 998 3563 1043 et

1989 1061 2156 1134 Virgo
2183 1065 2466 1136 impolluta
2494 1073 2866 1139 permansisti.

2058 1155 2255 1211 Prima:
2309 1156 2497 1215 Matris
2553 1162 2679 1215 Evae
2726 1163 2943 1219 cladem
3010 1183 3157 1222 nunc
3209 1173 3558 1237 restaurasti,

1988 1246 2427 1319 Redemptorem,
2475 1252 2835 1321 Salvatorem,
2883 1257 3226 1327 Creatorem,
3267 1277 3331 1317 ac
3369 1263 3559 1319 Domi-

323 1355 455 1406 στην
481 1339 576 1391 καὶ
618 1339 846 1409 Κύριον,
869 1339 1151 1411 Θεομῆτορ
1180 1342 1336 1410 μόνη,
1359 1342 1417 1393 ἐν
1462 1340 1709 1409 γυναιξὶν
1736 1340 1874 1393 εύλο·

1992 1356 2121 1395 num
2191 1342 2437 1396 omnium
2493 1345 2698 1409 enixa,
2753 1362 2787 1402 ο
2834 1347 2926 1404 Dei
2979 1349 3190 1419 Mater,
3248 1354 3359 1409 sola
3416 1356 3565 1411 inter

320 1430 566 1501 γημένη.
624 1430 722 1485 Διὰ
756 1430 915 1485 τοῦτό
944 1448 1001 1484 σε
1033 1430 1212 1484 πίστει
1245 1431 1561 1502 δοξάζομεν.

391 1608 530 1661 Νέον
542 1604 673 1677 ἡμῖν
690 1606 889 1677 βρέφος
910 1606 1230 1676 ἀπεκύησας
1242 1609 1454 1681 Πατρός
1470 1608 1559 1663 τὸν
1578 1610 1884 1681 ὀμοούσιον,

319 1698 622 1769 φθαρεῖσαν
666 1698 829 1768 φύσιν
872 1700 982 1753 τῶν
1020 1698 1324 1769 ἀνθρώπων
1356 1702 1494 1772 πρὸς
1531 1701 1592 1755 τὸ
1634 1702 1881 1775 ἀρχαῖον,

315 1790 478 1863 ἁγνὴ,
510 1789 703 1853 κάλλος
726 1790 893 1860 αὐτὴν
922 1792 1083 1845 πάλιν
1125 1791 1494 1861 ἐπανάγοντα.

388 1970 608 2038 Πελάγη
650 1936 936 2039 ἁμαρτιῶν
969 1968 1066 2023 καὶ
1100 1966 1325 2038 κύματα
1354 1967 1720 2037 ἀπογνώσεως
1766 1987 1882 2041 χει-

317 2059 549 2129 μάζουσι
598 2079 699 2131 μου
752 2061 845 2115 τὸν
884 2060 1013 2117 νοῦν
1039 2078 1056 2096 ’
1088 2060 1538 2131 σπλαγχνίσθητι,
1588 2063 1879 2127 Δέσποινα,

315 2155 411 2206 καὶ
444 2154 604 2224 χεῖρά
638 2169 727 2222 μοι
752 2152 1014 2219 ἔκτεινον,
1045 2154 1140 2207 καὶ
1190 2152 1456 2207 διάσωσόν
1508 2170 1600 2224 με,
1629 2153 1723 2207 τὸν
1758 2155 1882 2231 Σω-

308 2247 502 2318 τῆραή
532 2247 807 2317 κυήσασα.

381 2424 582 2496 Γνώμη
636 2421 813 2493 οἰκείᾳ
850 2422 1187 2489 ὀλισθαίνων,
1223 2424 1317 2477 καὶ
1366 2424 1593 2494 πράξεις
1643 2425 1881 2511 ἀτόπους

1989 1435 2248 1491 mulieres
2298 1437 2626 1492 benedicta:
2667 1439 2789 1495 ideo
2838 1450 2890 1496 te
2941 1457 3065 1498 cum
3121 1444 3228 1500 fide
3282 1446 3557 1515 gloriﬁca-

1988 1540 2135 1580 mus.

2056 1612 2267 1670 Novum
2316 1616 2476 1673 nobis
2531 1619 2798 1676 infantem
2850 1623 3130 1691 peperisti,
3182 1625 3558 1680 consubstan-

1985 1706 2170 1761 tialem
2206 1707 2387 1773 Patri,
2422 1723 2455 1762 ο
2478 1721 2650 1776 casta,
2692 1712 2784 1781 qui
2824 1713 3116 1768 humanam
3149 1725 3399 1770 naturam
3435 1732 3559 1771 cor-

1986 1805 2198 1866 ruptam
2226 1798 2292 1852 ad
2333 1799 2613 1869 antiquam
2651 1817 2806 1857 suam
2857 1803 3317 1872 pulchritudinem
3356 1806 3555 1863 iterum

1908 1929 1957 1989 B
1986 1890 2220 1989 reducit.

2054 1978 2238 2051 Pelagi
2315 1992 2707 2051 peccatorum,
2774 1982 3085 2054 ﬂuctusque
3149 1985 3553 2055 desperationis

1981 2071 2260 2141 exagitant
2309 2082 2545 2127 mentem
2588 2089 2764 2127 nteant
2804 2093 2816 2127 :
2855 2074 2920 2127 ad
2955 2075 3390 2129 misericordiam
3440 2092 3558 2130 mo-

1983 2172 2210 2218 veantur
2257 2166 2465 2220 viscera
2512 2174 2624 2229 tua,
2661 2181 2693 2219 ο
2719 2164 2948 2220 Domina
2980 2206 2995 2230 ,
3042 2182 3375 2236 manumque
3406 2178 3555 2221 tuam

1979 2256 2278 2312 extendens
2304 2257 2438 2312 mihi
2477 2259 2688 2313 salvum
2720 2273 2807 2313 me
2832 2257 2941 2323 fac,
2974 2266 3029 2313 tu
3062 2273 3184 2328 quae
3215 2259 3551 2313 Salvatorem

1982 2348 2261 2417 peperisti.

2051 2438 2165 2493 Mea
2191 2448 2384 2508 sponte
2413 2440 2710 2510 collapsus,
2753 2439 3024 2512 fmdisque
3054 2442 3267 2498 actibus
3313 2443 3555 2495 circum—

315 2519 716 2589 περικείμενος,
768 2516 862 2570 ἐπὶ
900 2515 960 2568 σὲ
1006 2515 1336 2585 καταφεύγω
1362 2531 1377 2547 ’
1414 2515 1597 2586 βοήθει
1648 2512 1759 2587 μοι,
1786 2517 1874 2571 Δέ-

1992 2526 2241 2594 iatus,ad
2262 2537 2312 2585 te
2330 2528 2618 2602 confugio:
2643 2531 2841 2600 adjuva
2874 2548 2980 2595 me,
3008 2532 3231 2587 Domina
3267 2570 3282 2596 ,
3308 2532 3551 2587 habitum

311 2629 529 2677 σποινα,
565 2610 849 2682 μετανοίας
892 2608 1129 2680 τρόπους
1180 2608 1495 2680 παρέχουσα
1551 2612 1612 2681 τῇ
1646 2617 1876 2683 ταπεινῇ

315 2722 418 2776 μου
435 2704 606 2774 ψυχῇ,
632 2704 719 2757 ἴνα
747 2702 955 2769 δοξάζω
986 2718 1067 2756 σε.

392 2792 581 2863 Ῥῆξον
616 2792 717 2856 τὰς
751 2790 1123 2854 πολυπλόκους
1161 2789 1271 2844 τῶν
1315 2791 1465 2861 ἐμῶν
1514 2793 1877 2864 ἐγκλημάτων

313 2887 535 2957 σειρὰς,
583 2883 889 2954 θεόνυμφε,
947 2882 1039 2937 τὸν
1087 2882 1311 2962 αἴροντα
1352 2882 1444 2936 τοῦ
1498 2885 1704 2954 κόσμου
1745 2886 1877 2939 Θεὸν

314 2979 406 3048 τὴν
443 2975 748 3047 ἁμαρτίαν,
797 2975 937 3044 ὑπὲρ
978 2974 1135 3042 λόγον
1192 2975 1475 3046 κυήσασα,
1535 2975 1875 3048 εὐλογημένη

314 3066 474 3135 ἁγνὴ,
510 3066 595 3119 ἀεὶ
626 3064 1015 3135 δεδοξασμένη.

378 3156 566 3227 Νόμου
597 3157 659 3209 τὸ
687 3156 913 3219 σκιῶδες
950 3155 1263 3226 ἀπεπαύοη,
1294 3156 1581 3221 Δέσποινα,
1614 3155 1711 3210 σοῦ
1738 3173 1876 3231 κυη-

1980 2622 2314 2690 paenitentiae
2343 2624 2590 2693 prazbens
2620 2625 2831 2680 misera:
2858 2626 3056 2681 anima:
3081 2642 3232 2690 mea,
3259 2635 3318 2682 ut
3347 2627 3553 2698 possim

1981 2720 2033 2767 te
2060 2713 2387 2781 glorificare.

2048 2802 2258 2873 Rumpe
2290 2804 2725 2874 implieatissima
2770 2805 3091 2862 delictorum
3123 2822 3368 2862 meorum
3426 2806 3553 2862 vin-

1978 2898 2121 2961 cula,
2156 2913 2190 2951 o
2218 2896 2312 2951 Dei
2347 2898 2557 2965 Sponsa
2592 2900 2896 2964 benedicta,
2932 2909 2985 2955 et
3016 2910 3188 2963 casta,
3228 2915 3558 2970 semperque
3619 2882 3629 2889 ’

1977 2988 2256 3059 gloriosa;
2293 3003 2415 3057 quae
2447 2986 2641 3054 Deum,
2689 2989 2782 3057 qui
2817 2990 2959 3043 tollit
3005 3000 3289 3059 peccatum
3336 2992 3551 3055 mundi,

1978 3094 2142 3147 supra
2169 3079 2441 3134 sermonis
2470 3091 2798 3151 conceptum
2836 3084 3092 3152 genuisti.

2052 3170 2212 3240 Legis
2249 3172 2584 3228 umhrositas
2616 3175 2875 3237 cessavit,
2909 3175 3156 3244 pariente
3190 3185 3260 3240 te,
3298 3174 3548 3237 Domina.

309 3252 480 3319 σᾶσης
501 3249 668 3319 νόμου
697 3248 788 3300 τὸν
815 3246 1037 3316 δοτῆρα.
1069 3247 1252 3318 χάριτι
1278 3247 1578 3316 φωτίζοντα
1594 3248 1874 3320 τὴνοίκου-

1992 3260 2221 3316 latorem
2280 3262 2436 3333 legis,
2493 3265 2586 3335 qui
2628 3266 2800 3334 gratia
2839 3266 3114 3320 illuminat
3154 3268 3345 3322 orbem
3376 3276 3549 3322 terra-

312 3341 502 3410 μένην,
549 3338 609 3392 δν
637 3338 726 3392 ἀεὶ
766 3336 1028 3399 δυσώπει,
1079 3337 1229 3407 νόμῳ
1278 3353 1346 3406 με
1383 3339 1755 3410 τροπεύμενον
1798 3340 1876 3412 τῷ

305 3434 405 3503 τῆς
440 3430 715 3503 ἁμαρτίας
747 3431 1016 3499 οίκτείραι
1044 3428 1132 3483 διὰ
1158 3428 1380 3499 τάχους.

388 3615 448 3669 '0
478 3610 743 3684 οὐρανοὺς
770 3609 845 3682 τῷ
882 3609 1131 3681 νεύματι,
1161 3608 1258 3663 καὶ
1304 3610 1404 3679 τὴν
1436 3608 1544 3681 γῆν
1568 3609 1647 3681 τῷ
1681 3609 1877 3680 βουλή-

310 3725 443 3781 ματι
467 3707 642 3775 Λόγος
668 3704 762 3758 τοῦ
788 3703 1000 3774 ιΙατρδς
1033 3703 1465 3774 δημιουργήσας,
1490 3702 1748 3773 ἄχραντε,
1780 3703 1875 3756 καὶ

307 3802 520 3864 πλάσας
536 3800 641 3854 τὸν
664 3797 971 3866 ἄνθρωπον,
997 3797 1060 3848 ἐκ
1084 3794 1179 3848 σοῦ
1200 3795 1382 3865 σαφῶς
1406 3796 1667 3866 ⁴Ιιγνείσχετο
1694 3797 1874 3867 σάρκα

305 3891 507 3961 ἑαυτῷ,
560 3889 912 3959 οἰκοδομῆσαι
960 3887 1061 3956 τὴν
1111 3884 1271 3953 φύσιν
1318 3886 1476 3957 ἡμῶν
1511 3887 1874 3958 ἀναχωρεύων

310 3982 686 4053 συντριϐεῖσαν
738 3978 923 4051 ἀπάτῃ
970 3975 1062 4030 τοῦ
1110 3977 1307 4045 ὄφεως,
1358 3978 1625 4047 Παρθένε,
1654 3980 1683 4031 ό
1714 3980 1873 4047 μόνος

306 4078 573 4147 ἐλεήμων.

373 4165 646 4235 Φιλάγαθε
671 4162 938 4234 Παρθένε,
972 4162 1073 4232 τὴν
1103 4158 1501 4228 κεκακωμένην
1532 4160 1652 4221 ταῖς
1688 4158 1871 4227 ἁμαρ-

303 4264 447 4325 τίαις
478 4259 657 4329 ψυχήν
693 4273 795 4327 μου
826 4253 1117 4323 ἀγάθυνον,
1158 4252 1194 4322 ἡ
1225 4250 1316 4304 τὸν
1349 4249 1665 4315 πανάγαθον
1697 4248 1870 4315 Λόγον

303 4353 687 4422 ἀποκυήσασα.

374 4445 756 4514 Φιλάνθρωπον
789 4439 1029 4493 τεκοῦσα
1074 4437 1167 4491 καὶ
1213 4434 1496 4507 λυτρωτὴν
1517 4473 1531 4499 ,
1583 4429 1870 4502 θαυμαστὴ

305 4541 400 4596 καὶ
439 4536 706 4611 φιλάγαοε
756 4533 1054 4596 Δέσποινα,
1104 4528 1387 4600 ἁμαρτιῶν
1448 4525 1717 4597 λύτρωσιν
1777 4540 1868 4594 μοι

301 4634 445 4688 δίδου
482 4632 605 4693 σαῖς
659 4627 1023 4699 προσευχαῖς,
1066 4624 1163 4675 καὶ
1212 4620 1311 4692 τὴν
1339 4619 1517 4689 ψυχήν
1555 4635 1677 4688 μου,
1729 4618 1867 4671 πάν-

301 4740 454 4790 αγνε,
499 4723 598 4789 τὴν
654 4716 1048 4787 κεκακωμένην
1090 4716 1200 4777 τοῖς
1248 4712 1531 4781 λογισμοῖς
1576 4710 1867 4777 ἁγάθυνον,

304 4816 399 4871 καὶ
429 4814 599 4880 δεῖξον
628 4810 815 4866 παθῶν
846 4807 1238 4878 θανατηφόρων
1266 4801 1699 4873 λελυτρωμένην,
1733 4820 1869 4854 παν-

304 4924 598 4979 αμωμητε.

311 5001 416 5055 Ἕκ
439 4999 545 5053 τοῦ
571 4996 833 5061 Κωόνος
883 4991 1109 5047 διπλοῦ
1135 4992 1221 5061 εὶς
1250 4989 1389 5055 τοὺς
1412 4988 1620 5061 ἁγίους
1649 4984 1870 5061 μᾴρτυ-

400 5054 516 5139 ρας
552 5054 1081 5137 Ἀταθόνῖκον,καί
1110 5054 1420 5123 Λοῦππον,
1449 5054 1639 5127 ἡμέρᾳ
1656 5054 1758 5125 κβκ

371 5146 676 5232 Θαυμάτων
731 5159 988 5226 ἐπέκεινα
1018 5154 1081 5208 τὸ
1127 5155 1267 5225 μέγα
1297 5154 1499 5222 θαῦμα,
1553 5150 1723 5221 σεμνὴ
1768 5150 1868 5216 τῆς

301 5252 517 5324 λοχείας
582 5268 675 5304 σου
735 5247 1070 5316 καθορᾶται·
1132 5244 1337 5306 τίκτεις
1406 5244 1513 5312 γὰρ
1563 5243 1621 5293 ὲν
1662 5239 1865 5310 ὁμοιώ-

303 5363 434 5419 ματι
483 5341 684 5414 σαρκὸς
731 5340 1019 5408 γενόμενον
1069 5335 1301 5407 Χριστὸν
1335 5334 1457 5403 δίχα
1511 5332 1720 5404 τροπῆς
1773 5330 1866 5386 καὶ

297 5431 537 5504 φυρμοῦ.
606 5462 607 5465 η

380 5526 470 5588 Ὠς
514 5523 707 5595 ὄρθρος
757 5519 1041 5591 εὐπρεπὴς
1072 5519 1136 5570 ὲκ
1168 5517 1414 5584 λαγόνων
1461 5516 1700 5587 ἀνίσχεις
1754 5517 1862 5586 ’1η-

299 5615 427 5669 σοῡν
456 5614 548 5667 τὸν
589 5614 865 5681 φωτισμὸν
905 5610 1160 5664 ἁπάντων
1202 5608 1293 5660 καὶ
1319 5607 1471 5674 Θεὸν,
1517 5608 1861 5680 ἀπειρόγαμε

295 5713 603 5767 Δέσποινα,
651 5704 818 5758 νύκτα
870 5720 929 5755 τε
985 5702 1271 5764 πολυθεΐας
1327 5702 1692 5770 ἑκμειοῦντα,
1742 5704 1865 5765 ταῖς

296 5800 568 5870 lapideae)
600 5797 916 5867 ἀνεσπὲροις
952 5795 1044 5849 καὶ
1084 5795 1287 5864 κόσμον
1326 5792 1644 5863 φωτίζοντα.

1978 3368 2135 3419 rum;
2203 3369 2366 3423 quem
2436 3369 2653 3423 semper
2718 3370 2979 3424 precare,
3032 3364 3091 3409 ut
3155 3371 3242 3411 me
3338 3359 3545 3427 peccati

1977 3446 2082 3516 legi
2140 3445 2477 3512 obnoxium,
2546 3447 2920 3503 misericordia
2988 3462 3089 3503 sua
3150 3448 3402 3503 celeriter
3458 3447 3547 3501 di-

1976 3546 2193 3607 gnrtur.

2050 3632 2211 3704 169
2233 3630 2471 3689 Verbum
2502 3632 2704 3699 Patris,
2727 3632 2872 3703 quod
2902 3634 3099 3689 cmlum
3132 3640 3291 3695 nutu,
3323 3640 3551 3684 terram-

1975 3740 2081 3795 que
2111 3725 2389 3780 roluntate
2425 3726 2652 3789 creavit,
2698 3737 2863 3796 atque
2909 3726 3182 3780 hominem
3222 3722 3545 3793 plasmavit,

1974 3831 2039 3869 ex
2072 3826 2142 3882 te,
2177 3831 2211 3869 o
2238 3815 2585 3870 immaculata
2618 3815 2804 3887 Virgo,
2841 3816 3129 3869 manifeste
3175 3828 3377 3883 corpus
3419 3828 3544 3866 car-

1976 3924 2136 3961 neum
2164 3908 2267 3964 sibi
2299 3908 2569 3963 :ediiicare
2599 3922 2705 3961 non
2755 3917 2836 3962 est
2869 3907 3195 3975 dedignatus
3222 3944 3237 3969 ,
3273 3914 3333 3959 ut
3380 3914 3542 3957 natu-

1974 4015 2089 4053 ram
2118 4008 2385 4065 nostram,
2432 3998 2704 4068 serpentis
2735 3996 2927 4052 fraude
2962 3998 3285 4063 contritam,
3336 4005 3548 4050 restau-

1974 4096 2136 4152 raret,
2170 4089 2330 4142 unice
2366 4087 2699 4143 misericors.

2041 4178 2085 4233 Ο
2110 4177 2273 4250 Virgo
2305 4180 2570 4235 bonorum
2593 4177 2850 4241 amatrix,
2880 4178 3075 4232 bonam
3104 4176 3269 4231 redde
3302 4177 3541 4230 animam

1973 4287 2148 4325 meam
2215 4282 2565 4339 peccatorum
2625 4269 2833 4323 malitia
2897 4268 3269 4339 depravatam,
3318 4277 3374 4323 tu
3419 4284 3545 4338 que

1976 4363 2211 4420 Verbum
2243 4366 2501 4433 optimum
2536 4362 2816 4433 peperisti.

2040 4460 2350 4511 Amatorem
2403 4456 2685 4510 hominum
2728 4464 2784 4511 et
2825 4453 3221 4521 redemptorem
3262 4454 3423 4509 enixa
3456 4491 3473 4518 ,
3507 4468 3543 4509 0

1975 4548 2201 4602 Domina
2250 4546 2606 4612 admirabilis,
2643 4555 2697 4601 et
2726 4547 2995 4601 bonorum
3029 4546 3285 4607 amatrix.
3321 4546 3543 4600 redem-

1972 4640 2213 4710 ptionem
2242 4655 2273 4693 a
2304 4638 2542 4707 peccatis
2589 4638 2829 4693 concede
2857 4639 2993 4693 mihi
3033 4638 3285 4709 precibus
3322 4638 3448 4699 tuis.
3486 4643 3539 4692 el

1971 4733 2208 4786 animam
2244 4746 2422 4785 meam
2472 4731 2894 4800 cogitationibus
2935 4732 3117 4799 pravis
3144 4731 3413 4796 vitiatam,
3445 4731 3543 4785 bo-

1969 4839 2093 4876 nam
2132 4821 2324 4883 rcdde,
2361 4830 2527 4891 atque
2556 4838 2586 4876 a
2618 4822 2913 4878 mortiferis
2948 4822 3300 4893 passionibus
3330 4821 3540 4876 redime

1968 4929 2111 4979 ram,
2143 4929 2178 4967 ο
2201 4922 2318 4967 tota
2348 4923 2524 4975 casta,
2551 4923 2598 4966 et
2626 4915 2995 4969 immaculata.

1968 5005 2051 5059 Ex
2075 5006 2289 5061 Canone
2306 5005 2506 5076 duplici
2529 5007 2585 5058 in
2608 5006 2740 5076 [esto
2757 5006 2859 5061 SS.
2883 5006 2934 5059 Μ
2943 5014 3180 5076 urtgrum
3196 5004 3537 5075 Agathauicr',

2528 5088 2578 5128 et
2604 5075 2757 5145 Lupi,
2776 5078 2861 5129 die
2881 5076 2973 5128 ἓξ.

2039 5165 2288 5237 Magnum
2337 5176 2526 5235 partus
2580 5167 2655 5220 tui
2714 5168 3032 5220 miraculum
3055 5208 3070 5232 ,
3106 5183 3139 5221 ο
3169 5168 3477 5221 veneranda
3511 5204 3527 5230 .

1968 5258 2359 5311 miraculorum
2383 5274 2696 5328 supremum
2717 5272 2933 5329 apparet
2954 5277 2972 5326 ;
2996 5259 3247 5329 peperisti
3268 5260 3532 5330 siquidem

1968 5349 2022 5402 in
2053 5350 2412 5404 similitudine
2442 5351 2626 5403 carnis
2658 5349 2858 5404 factum
2894 5352 3172 5407 Christum
3198 5352 3317 5406 sine
3352 5365 3532 5406 inma-

1966 5441 2131 5505 tione,
2165 5451 2257 5496 aut
2278 5442 2657 5511 permistione.

2041 5530 2323 5602 Tanquam
2364 5550 2560 5589 aurora
2596 5533 2981 5604 pulcherrima,
3010 5551 3040 5589 e
3073 5535 3374 5590 visceribus
3401 5537 3531 5601 tuis,

1964 5621 2249 5677 oDomina
2294 5623 2549 5692 innupta,
2600 5625 2787 5678 educis
2843 5622 3025 5679 Jesum
3074 5625 3519 5681 illuminationcm

1966 5722 2021 5767 et
2052 5712 2216 5765 Deum
2257 5716 2544 5779 omnium;
2596 5716 2689 5783 qui
2735 5716 3053 5771 idololatriae
3085 5726 3300 5772 noctem
3351 5718 3535 5786 splen-

1966 5806 2191 5863 doribus
2248 5807 2553 5862 inocciduis
2609 5807 2914 5877 imminuit,
2957 5825 3023 5865 ac
3092 5812 3352 5865 mundum
3407 5811 3536 5866 illuc

1965 5906 2156 5951 ιιιιιιίιι.
