3996 6582
482 484 618 552 1179

548 602 655 670 Qui
704 598 1006 656 secundum
1062 604 1313 650 naturam
1362 603 1445 649 est
1493 594 2047 666 incircumscriptus,
2080 607 2121 659 Α

481 695 713 749 formam
746 700 988 747 nostram
1015 704 1083 743 ex
1109 697 1181 753 te,
1218 687 1470 749 Domina,
1495 688 1792 757 accipiens,
1819 689 2053 742 circum-

482 786 835 851 scriptionem
891 781 1071 851 quoad
1125 792 1327 847 corpus
1363 778 1647 842 suscepit,
1701 776 1951 846 cognitus
1999 779 2053 831 iu

481 878 692 932 duabus
731 874 1055 930 substantiis
1081 912 1095 936 ,
1133 886 1196 924 ac
1232 870 1628 923 voluntatibus.

552 968 688 1023 Cum
734 966 878 1021 Deus
908 965 961 1018 in
990 962 1170 1017 medio
1204 962 1278 1015 tui
1324 970 1581 1029 tanquam
1604 962 1666 1035 in
1702 958 2055 1013 tabernaculo

482 1061 796 1121 habitasset,
834 1071 902 1110 eo
952 1054 1115 1109 modo
1158 1068 1268 1121 quo
1336 1052 1451 1122 ipse
1496 1051 1680 1117 novit,
1718 1051 2055 1121 virginitatis

480 1151 717 1205 claustra
754 1162 861 1201 non
922 1144 1261 1205 commovit,
1295 1158 1329 1197 υ
1378 1152 1529 1198 casta
1566 1160 1579 1196 :
1624 1152 1789 1211 atque
1838 1142 1893 1194 in
1948 1141 2055 1195 im-

481 1242 668 1300 mobili
724 1241 847 1296 lidei
904 1250 1057 1311 petra
1100 1240 1388 1293 universos
1458 1236 1619 1306 170
1672 1234 1937 1290 stabilivit
1992 1247 2057 1289 ac

486 1334 756 1391 iundavit.

554 1427 658 1491 Qui
692 1422 941 1480 ascendit
976 1436 1141 1492 supra
1178 1421 1441 1477 humeros
1460 1418 1778 1483 Cherubim,
1801 1418 2058 1471 incarna-

484 1527 572 1572 tus
605 1528 865 1585 tauquam
901 1515 1066 1568 homo
1097 1529 1161 1567 ex
1198 1522 1271 1577 te,
1304 1527 1371 1567 eo
1400 1513 1585 1576 modo,
1617 1526 1728 1581 quo
1764 1510 1928 1562 Deum
1961 1509 2057 1563 de-

481 1611 669 1673 cebat,
693 1608 803 1663 tuis
834 1607 1038 1661 insedit
1066 1605 1212 1659 ulnis
1237 1606 1385 1659 velut
1417 1604 1621 1669 infans,
1654 1613 1709 1657 et
1737 1601 1962 1655 infantis
2004 1603 2055 1653 in

486 1717 691 1755 morem
726 1714 786 1753 se
836 1698 1027 1767 gessit,
1060 1704 1120 1749 ut
1152 1695 1387 1763 primum
1420 1705 1725 1764 parentem,
1773 1694 1867 1763 qui
1924 1693 2055 1747 olim

486 1791 814 1846 ittl'nntililer
842 1787 1049 1857 sapuit,
1087 1787 1345 1841 salvaret.

561 1881 615 1933 In
634 1893 685 1933 te
712 1877 992 1931 descendit
1015 1884 1271 1945 tanquam
1307 1875 1503 1940 imber,
1522 1876 1754 1947 abyssus
1779 1874 2061 1941 sapientia!

1613 486 1675 547 S.
1712 484 2025 545 JOSEPHI
2067 486 2627 549 HYMNOGRAPHI

3592 482 3726 548 1180

2240 598 2299 653 '0
2345 600 2484 653 κατὰ
2533 600 2697 671 φύσιν
2726 597 3141 670 ἀπερίγραπτης
3187 596 3499 665 μορφωθεὶς
3538 598 3604 650 ὲκ
3635 598 3726 651 σοῦ

2153 694 2215 741 τὸ
2264 689 2532 759 ἡμέτερον
2599 686 2949 757 περιγραφὴν
3003 685 3331 755 σωματικῶς
3393 686 3724 753 ὑπεδέξατο,

2154 779 2443 845 Δέσποινα,
2475 781 2534 832 ὲν
2563 778 2777 843 οὐσίαις
2809 779 2907 832 καὶ
2946 776 3201 849 θελήσεσι
3233 776 3437 841 διτταῖς
3466 778 3729 849 γνωριζό-

2158 886 2341 939 μενος.

2238 963 2297 1015 ’0
2328 961 2461 1025 Θεὸς
2488 964 2546 1015 ὲν
2580 961 2731 1031 μέσῳ
2767 978 2861 1015 σου
2897 958 3332 1029 κατασκηνώσας
3362 958 3439 1023 ώς
3466 956 3601 1023 οἶδε,
3630 960 3727 1030 τῆς

2159 1053 2458 1125 παρθενίας
2504 1052 2729 1124 κλεῖθρα
2756 1053 2819 1107 οὐ
2850 1053 3281 1123 παρεσάλευσεν,
3322 1050 3482 1121 ἁγνὴ,
3518 1052 3578 1103 tv
3599 1049 3730 1102 ἀσα-

2155 1145 2331 1217 λεύτῳ
2365 1147 2543 1218 πέτρᾳ
2568 1146 2626 1199 δὲ
2652 1146 2752 1216 τῆς
2781 1145 3020 1209 πίστεως
3050 1143 3262 1207 πάντας
3294 1143 3625 1213 Empta)“.

2238 1412 2300 1462 Ὀ
2338 1409 2529 1472 νώτοις
2575 1408 2896 1467 ὲπιὸαίνων,
2931 1406 3094 1476 ἀγνη,
3142 1403 3487 1476 χιρουὸικοϊς
3519 1419 3734 1472 σαρκω-

2162 1501 2273 1564 Gai;
2334 1500 2410 1563 ώς
2476 1500 2764 1567 ἄνθρωπος
2818 1499 2883 1551 ἑκ
2942 1496 3038 1551 σοῦ
3094 1494 3447 1565 θεοπρεπῶς,
3525 1492 3623 1547 σοῦ
3677 1494 3733 1547 ὲν

2160 1592 2429 1661 ἀγκάλαις
2490 1590 2785 1655 καθέζεται
2848 1589 3039 1659 ὥσπερ
3105 1586 3337 1658 βρέφος,
3386 1585 3486 1639 καὶ
3532 1584 3777 1655 νηπιάσε

2161 1688 2242 1751 ζει
2279 1686 2619 1756 νηπιόφρονα
2646 1685 2739 1737 τὸν
2765 1681 2936 1737 πάλαι
2971 1681 3161 1744 σώζων
3206 1677 3471 1749 γεγονότα
3515 1676 3731 1747 πρωτό-

2161 1779 2421 1833 πλαστον.

2245 1870 2372 1925 Ἐπὶ
2422 1868 2481 1923 σι
2527 1868 2779 1935 καθάπερ
2818 1864 3023 1936 ὄμϐρος
3074 1865 3174 1933 τῆς
3219 1861 3409 1929 σοφίας
3436 1862 3471 1931 ἡ
3501 1859 3731 1922 ἄϐυσσος

482 1969 666 2031 Jesus,
702 1984 824 2021 cum
863 1975 915 2022 te
942 1943 1344 2036 solamipuram
1380 1943 1701 2029 invenisset,
1728 1981 1760 2021 ο
1788 1966 1878 2020 Dei
1912 1965 2061 2034 geni-

2175 1962 2384 2035 ’ῐησοῦς
2412 1960 2651 2031 κατῆλθε
2682 1958 2850 2029 μόνην
2876 1956 3124 2027 καθαρὰν
3160 1954 3221 2006 σὲ
3249 1953 3573 2023 εὑράμενος,
3613 1950 3733 2003 Θεο-

486 2063 596 2115 trix
650 2057 851 2128 Virgo;
902 2068 955 2113 et
1012 2058 1371 2127 gravissimos
1434 2058 1730 2126 impietatis
1789 2067 2062 2113 torrentes

484 2153 667 2205 divina
700 2150 871 2219 gratia
905 2150 1183 2219 repressit,
1211 2160 1373 2218 atque
1406 2149 1680 2204 cohibuit.

556 2243 863 2297 Praevidens
894 2243 949 2296 in
987 2242 1179 2311 spiritu
1210 2242 1397 2296 divino
1438 2241 1607 2295 Isaias
1640 2239 1914 2294 mirabilia
1946 2248 2059 2299 tua,

496 2335 842 2390 exclamabat
881 2355 895 2391 :
933 2334 1097 2398 Ecce,
1132 2348 1166 2389 ο
1210 2333 1566 2387 Immaculata
1598 2332 1708 2401 (72)
1732 2373 1747 2397 ,
1803 2333 1857 2385 in
1908 2341 2064 2385 utero

489 2428 714 2482 habebis
773 2428 1121 2481 incarnatum
1179 2425 1333 2479 illum
1360 2466 1376 2493 ,
1412 2426 1568 2496 quia
1615 2425 1768 2479 nullo
1818 2424 1937 2494 capi
1969 2432 2064 2477 aut

487 2517 875 2586 comprehendi
909 2526 1106 2586 potest.

557 2610 773 2664 Castam
810 2618 959 2663 casta
992 2616 1175 2663 mente
1213 2623 1559 2675 veneremur,
1601 2608 1853 2663 decorem
1893 2604 2063 2661 Jacob

491 2700 693 2754 divinis
726 2702 940 2756 actibus
975 2700 1326 2769 decoremns,
1357 2716 1421 2756 ac
1452 2702 1708 2772 religiose
1752 2702 2059 2764 laudemus,

493 2799 679 2859 utpote
704 2789 797 2845 Dei
825 2792 998 2847 nostri
1031 2792 1280 2847 Matrem.

560 2969 725 3037 Virgo
776 2984 1065 3039 permanes
1098 2978 1388 3039 postquam
1442 2968 1726 3024 Christum
1779 2968 2058 3039 peperisti.

490 3060 633 3115 sicut
658 3074 779 3114 eras
819 3066 1012 3127 antea;
1046 3060 1186 3115 lacte
1214 3061 1396 3114 nutris
1429 3074 1580 3125 eum,
1611 3072 1644 3111 o
1672 3066 1844 3123 casta,
1874 3072 1939 3111 ac
1969 3072 2059 3111 ve.

491 3153 755 3213 neranda,
811 3150 904 3221 qui
958 3166 1136 3205 escam
1187 3151 1385 3220 prrebet
1440 3148 1806 3204 universis.0
1840 3159 2063 3217 stupore

491 3242 714 3310 plrnum
747 3251 910 3311 atque
956 3243 1504 3311 incompre‘hensibile
1541 3243 1884 3297 miraculum.

560 3328 805 3384 Genuisti
837 3331 1013 3396 illum,
1036 3348 1068 3385 υ
1090 3342 1259 3395 casta,
1276 3348 1437 3401 quem
1461 3333 1617 3386 Pater
1636 3343 1761 3387 ante
1781 3331 1977 3386 saecula
1998 3331 2067 3385 ab

488 3429 697 3475 aeterno
729 3426 1008 3490 generavit
1039 3441 1053 3475 :
1090 3434 1145 3477 et
1180 3426 1438 3478 uberibus
1495 3424 1706 3478 lactasti
1749 3424 1928 3493 ipsum
1963 3440 2067 3476 nu-

490 3512 758 3569 tritorem.
793 3512 837 3569 Ο
866 3516 1190 3570 miraculum
1222 3518 1493 3571 excedens
1525 3532 1741 3571 omnem
1791 3518 2062 3571 mentem!

491 3618 524 3657 o
554 3605 868 3674 mysterium
892 3622 1157 3675 superans
1186 3624 1402 3662 omnem
1436 3610 1781 3663 sermonem!

564 3692 709 3748 Deus
740 3708 806 3748 ex
841 3704 891 3748 te
922 3693 1099 3750 lactus
1139 3708 1223 3751 est
1257 3697 1420 3751 homo
1453 3715 1468 3752 :
1500 3699 1781 3752 hominum
1830 3714 2066 3753 massam
2095 3768 2105 3778 .

490 3782 777 3852 deilicasti,
803 3800 836 3838 ο
865 3785 1122 3840 inviolata
1150 3803 1166 3854 ;
1203 3797 1521 3858 naturaeque
1558 3790 1756 3844 divine
1780 3801 2068 3845 consortes

489 3875 718 3931 etTecisti
742 3890 864 3942 eos,
898 3876 996 3945 qui
1032 3886 1085 3933 te
1120 3878 1331 3933 beatam
1361 3880 1657 3947 appellant,
1687 3894 1721 3935 ο
1746 3894 1871 3933 vere
1903 3879 2069 3933 bene-

492 3970 640 4022 dicta
675 3968 821 4024 inter
851 3969 1137 4033 mulieres,
1172 3983 1227 4025 et
1263 3982 1433 4025 casta.

561 4059 638 4115 Te
669 4063 906 4130 speciem
939 4060 1108 4116 Jacob
1144 4062 1314 4117 solam
1356 4063 1519 4130 elegit
1554 4062 1706 4118 solus
1736 4062 1828 4132 qui
1860 4062 2067 4117 habitat

488 4154 691 4219 caelos;
728 4166 965 4222 cumque
1004 4152 1057 4206 in
1101 4153 1277 4206 medio
1324 4154 1401 4206 tui
1440 4154 1769 4216 habitasset,
1801 4168 1835 4207 ο
1865 4154 2065 4207 intacta

492 4258 557 4299 ae
590 4243 886 4307 benedicta,
922 4259 1265 4315 nequaquam
1309 4245 1651 4301 labefactavit
1678 4246 1916 4301 claustra
1953 4248 2064 4299 vir-

492 4336 734 4406 ginitatis
768 4346 896 4392 tuae.

564 4429 1018 4496 Tabernaculum,
1062 4437 1119 4485 et
1164 4443 1445 4496 mensam,
1482 4440 1537 4484 et
1565 4445 1747 4485 arcam
1796 4430 2063 4492 divinam.

490 4528 544 4573 et
597 4534 791 4573 urnam
848 4535 1048 4573 manna
1100 4522 1225 4574 vita:
1276 4521 1682 4586 continentem,
1731 4530 1786 4575 et
1820 4530 2060 4574 montem

2163 2055 2426 2125 γεννῆτορ
2458 2050 2723 2122 Παρθένε,
2749 2048 2847 2101 καὶ
2870 2046 3204 2101 κατέκλυσεν
3233 2040 3489 2103 ἀσεϐείας
3509 2038 3735 2110 χειμάρ-

2165 2151 2292 2219 pou;
2324 2144 2531 2207 δεινοὺς
2560 2141 2682 2213 θείᾳ
2704 2140 2912 2211 χάριτι.

2232 2237 2336 2292 Σοῦ
2365 2235 2433 2290 τὰ
2462 2233 2741 2303 θαυμάσια
2782 2227 3165 2299 προορώμενος
3198 2224 3328 2294 θείῳ
3363 2223 3422 2275 δν
3451 2219 3728 2289 Πνεῦμα-τι

2178 2330 2405 2392 Ἡσαΐας
2465 2322 2907 2396 ἀνεκραύγαζεν·
2967 2318 3099 2371 Ἰδοὺ
3145 2318 3202 2369 ὲν
3244 2317 3432 2386 μήτρᾳ
3459 2311 3605 2377 ἔξεις
3646 2310 3734 2363 τὸν

2164 2422 2449 2495 ἁχώρητον
2490 2415 2889 2488 σαρκούμενον,
2923 2412 3182 2483 ἄχραντε.

2232 2602 2345 2675 Τὴν
2391 2599 2564 2670 ἁγνὴν
2610 2595 2894 2667 ἁγνεύοντι
2942 2593 3272 2663 τιμήσωμεν
3319 2586 3422 2653 νοῒ,
3473 2584 3733 2656 καλλονὴν

2161 2695 2263 2767 τὴν
2303 2692 2399 2747 τοῦ
2462 2689 2659 2746 Ἰακὼὸ
2700 2690 2820 2751 ταῖς
2869 2686 3072 2748 ἐνθέοις
3120 2682 3352 2752 πράξεσι
3404 2679 3733 2747 καλλυνόμεο

2162 2802 2278 2848 νοι,
2350 2780 2593 2846 εὐσεϐῶς
2646 2779 2982 2851 ὐμνήσωμεν
3025 2775 3101 2838 ώς
3153 2771 3382 2844 Μητέρα
3451 2769 3547 2823 τοῦ
3603 2768 3734 2823 Θεοῦ

2246 2890 2340 2926 tov.

2161 2878 2596 3033 ﬂpl‘i’zptievedetc
2622 2960 2697 3024 ώς
2719 2960 2781 3013 τὸ
2802 2958 2953 3029 πρὶν,
2983 2958 3078 3012 καὶ
3100 2956 3339 3010 τεκοῦσα
3361 2955 3453 3007 τὸν
3480 2950 3739 3021 Χριστὸν,

2163 3056 2448 3126 γαλουχείς
2467 3055 2607 3107 πᾶσι
2633 3052 2836 3124 τροφὴν
2863 3050 2956 3104 τὸν
2986 3050 3317 3121 παρέχοντα,
3354 3047 3518 3117 ἁγνή.
3550 3042 3735 3115 Παρά-

2163 3148 2334 3216 δοξον,
2371 3147 2567 3220 σεμνὴ,
2600 3146 2661 3200 τὸ
2688 3146 2876 3217 θαῦμα
2906 3146 2999 3199 καὶ
3037 3143 3449 3213 ἀκατάληπτον.

2242 3325 2584 3397 Γεγέννηκας
2632 3323 2694 3376 ὃν
2754 3320 2942 3390 Πατὴρ
3009 3320 3117 3392 πρὸ
3171 3318 3385 3372 αἰώνων
3442 3315 3741 3385 γεγέννηκε

2169 3417 2548 3489 προανάρχως,
2604 3414 2698 3467 καὶ
2751 3414 2976 3481 μαστοῖς
3028 3411 3121 3464 τὸν
3166 3409 3371 3480 τροφέα
3407 3406 3725 3478 ἐθήλασας·

2170 3511 2310 3579 ὑπὲρ
2344 3506 2469 3562 νοῦν
2502 3507 2563 3560 τὸ
2595 3505 2801 3575 θαῦμα,
2854 3503 2994 3574 ὑπὲρ
3024 3502 3205 3570 λόγον,
3246 3499 3410 3570 ἁγνὴ,
3436 3498 3502 3552 τὸ
3532 3498 3743 3569 μυστή-

2212 3620 2309 3655 ιον.

2212 3621 2227 3654 ι
2261 3621 2309 3655 ν.

2172 3621 2205 3675 ρ
2231 3621 2370 3755 ilco;
2393 3694 2459 3745 ὲκ
2497 3677 2591 3745 σοῦ
2623 3689 2840 3758 ἐγένετο
2870 3686 3081 3759 βροτὸς,
3106 3685 3169 3738 τὸ
3196 3684 3449 3755 φύραμα,
3483 3680 3742 3753 ἄκραντα,

2168 3785 2381 3850 θεώσας
2430 3784 2540 3838 τών
2574 3783 2803 3853 βροτῶν,
2857 3781 2953 3834 καὶ
3003 3778 3293 3841 κοινωνοὺς
3343 3776 3562 3845 φύσεως
3596 3775 3745 3838 θείας

2167 3878 2458 3941 ἐκτελέσας
2487 3876 2612 3941 τούς
2640 3892 2701 3929 σε
2728 3871 3156 3944 μακαρίζοντας,
3182 3873 3241 3925 ὲν
3256 3869 3504 3939 γυναιξὶν
3520 3868 3738 3941 ἀληθῶς

2168 3970 2510 4041 εὐλογημένη
2538 3968 2699 4040 ἁγνή.

2241 4064 2308 4116 Σὲ
2334 4060 2595 4131 καλλονὴν
2629 4059 2724 4112 τοῦ
2770 4058 2964 4113 Ἰακὼϐ
3010 4057 3179 4127 μόνην
3212 4054 3497 4119 ἐξελέξατο
3528 4054 3686 4122 μόνος
3715 4052 3741 4104 ἑ

2168 4151 2439 4206 κατοικῶν
2487 4150 2614 4213 τοὺς
2642 4149 2904 4220 οὐρανοὺς
2949 4150 3042 4201 καὶ
3083 4148 3315 4215 οἰκήσας
3340 4146 3399 4197 ἐν
3432 4146 3586 4213 μέσῳ
3625 4160 3743 4205 σου,

2167 4245 2428 4313 ᾶχραντε,
2475 4242 2726 4312 οὐδαμῶς
2777 4240 3153 4311 παρεσάλευσε
3208 4236 3510 4308 παρθενίας
3543 4253 3640 4290 σου
3678 4238 3745 4289 τὰ

2168 4335 2417 4406 κλεῖθρα,
2458 4334 2819 4404 εὐλογημένη.

2238 4429 2455 4499 Σκηνήν
2490 4443 2572 4493 σε,
2599 4427 2693 4479 καὶ
2724 4424 3025 4495 τράπεζαν,
3058 4424 3152 4477 καὶ
3177 4422 3328 4477 θείαν
3360 4421 3622 4487 κιϐωτὸν,
3649 4422 3743 4475 καὶ

2170 4521 2408 4591 στάμνον
2466 4520 2793 4588 χωρήσασαν
2851 4518 2913 4571 τὸ
2972 4518 3148 4586 μαννι
3219 4514 3321 4583 τῆς
3392 4512 3579 4581 ζωῆς,
3649 4513 3746 4565 καὶ

491 4618 743 4666 sanctum
778 4618 831 4665 te
863 4611 1015 4679 171
1051 4611 1434 4678 nominamus;
1464 4626 1498 4666 o
1529 4610 1693 4681 Virgo
1714 4612 1882 4667 Maria
1912 4628 2057 4668 sem-

2174 4612 2320 4680 Ξγιον
2367 4611 2491 4682 ὅρος
2528 4609 2897 4681 ὀνομάζομεν,
2952 4609 3193 4681 Παρθένε
3229 4609 3420 4678 Μαρία
3460 4608 3553 4661 ἀεὶ
3597 4606 3747 4659 εὐλο-

492 4718 589 4772 per
626 4702 907 4757 benedicta
942 4703 1080 4772 (73).

562 4836 676 4905 (7‘2)
715 4838 817 4893 Per
864 4838 1079 4914 titulum
1118 4840 1494 4914 immaculata,
1531 4844 1703 4914 magis
1746 4843 2056 4897 excluditur

491 4921 772 4982 peccatum
812 4911 1094 4982 originale,
1128 4928 1290 4977 quam
1327 4912 1553 4969 veniale.
1592 4911 1656 4966 ei
1697 4916 1744 4966 vi
1790 4925 1843 4965 et
1884 4916 2058 4982 signi-

494 4980 744 5052 ﬁcatione
783 4981 1017 5052 epitheti
1048 4983 1395 5035 immaculata
1431 4999 1443 5035 :
1480 4983 1680 5052 quippe
1711 4985 1921 5036 macula
1942 4980 2055 5037 ’νει

492 5048 654 5103 nialis
686 5063 794 5120 non
836 5059 919 5103 est
954 5050 1091 5120 adeo
1125 5054 1358 5113 notoria,
1407 5062 1466 5105 ut
1494 5048 1689 5106 ani-mae
1719 5054 2057 5120 Spiritnalem

492 5119 946 5188 pulchritudinem
1004 5118 1249 5192 demoliri
1302 5124 1615 5186 contendat,
1658 5118 1903 5192 adeoque
1962 5140 2061 5178 nec

494 5199 697 5262 tantam
731 5192 1143 5262 repugnantiam
1194 5191 1354 5246 habet
1391 5208 1513 5246 cum
1552 5207 1683 5247 voce
1734 5194 1893 5262 elogii
1955 5194 2062 5246 im-

492 5257 1091 5340 maculata.C;eterum
1135 5272 1412 5330 peccatum
1478 5263 1760 5340 originale,
1811 5257 1932 5340 cum
1972 5279 2064 5333 pe-

491 5332 639 5402 nitus
662 5341 878 5402 omuem
911 5332 1099 5402 gratiae
1126 5342 1377 5385 ornatum
1409 5333 1682 5402 explodet,
1707 5349 1831 5387 cum
1866 5333 2065 5388 decore

493 5399 843 5471 immaculata
892 5400 1115 5471 minime
1155 5413 1331 5469 potest
1380 5399 1705 5458 consistere.
1741 5402 1913 5471 Magis
1960 5404 2064 5471 igi-

491 5478 582 5524 tur
608 5468 919 5540 verilicatur
945 5468 1268 5540 signiﬁcatio
1302 5472 1463 5540 hujus
1494 5473 1643 5528 verbi
1692 5468 2064 5535 immriculain,

492 5554 589 5614 per
616 5538 1235 5614 expulsioneutfpeceati
1286 5538 1590 5610 originalis,
1633 5560 1797 5614 quam
1846 5558 1939 5614 per
1972 5560 2069 5595 ex—

492 5610 794 5681 pulsionem
817 5610 1068 5681 venialis.
1085 5610 1241 5679 juxta
1263 5616 1585 5667 sententiam
1609 5610 1836 5679 angelici
1873 5613 2070 5667 Docto-

493 5679 574 5735 i'is
604 5679 733 5751 LE.
766 5696 821 5748 (ι.
855 5680 909 5734 8.
931 5683 985 5734 9.
1032 5696 1085 5733 a.
1119 5682 1167 5735 i.
1220 5684 1271 5734 in
1297 5698 1345 5736 c.
1370 5684 1642 5739 dicentis:
1673 5702 1691 5735 ι
1722 5682 1955 5751 Proprie
1989 5684 2071 5736 lo-

494 5749 712 5830 queudo
758 5762 1040 5820 peccatum
1084 5752 1295 5806 veniale
1337 5767 1444 5807 non
1479 5763 1669 5809 causat
1699 5749 1971 5807 maculam
2009 5755 2064 5807 in

493 5834 748 5873 αηιηκι.»

569 5890 680 5960 (75)
721 5890 857 5945 Cum
917 5890 1077 5945 fuerit
1125 5890 1181 5945 Β.
1221 5890 1383 5961 Virgo
1430 5892 1595 5946 Maria
1647 5909 1864 5963 semper
1898 5893 2066 5948 henc-

2174 4704 2409 4775 γημένηο

2157 4845 2324 4903 dicta,
2357 4841 2456 4895 l'uit
2485 4843 2648 4895 etiam
2699 4841 2823 4895 talis
2878 4840 2929 4893 iu
2980 4856 3078 4900 tua
3111 4838 3413 4901 creatione,
3440 4849 3495 4893 et
3544 4853 3745 4893 conse-

2159 4923 2391 4983 quenter
2433 4924 2562 4966 tunc
2596 4912 3033 4983 maledictionem
3071 4910 3278 4983 peccati
3310 4910 3600 4983 originalis
3629 4911 3746 4961 evi-

2164 4979 2308 5037 tavit.
2338 4980 2503 5036 Favet
2530 4982 2767 5035 Ecclesia
2796 4981 2847 5033 in
2882 4979 3249 5048 liesponsnrio
3274 4997 3304 5035 v
3345 4979 3467 5034 festi
3490 4979 3745 5034 Circum-

2161 5054 2408 5113 eisiouis,
2464 5054 2593 5105 dum
2652 5053 2728 5105 ait
2777 5068 2791 5105 :
2835 5069 2853 5101 ι
2888 5049 2953 5102 Et
2988 5048 3288 5104 benedicta
3344 5052 3397 5102 in
3458 5060 3746 5110 aeternum,

2166 5124 2330 5176 Deum
2366 5123 2525 5177 nobis
2559 5123 2782 5190 protulit
2805 5129 2859 5175 et
2887 5122 3182 5175 hominem.
3218 5140 3235 5171 ι
3270 5119 3435 5185 Quasi
3466 5120 3619 5173 dicat
3648 5116 3753 5190 Ec-

2168 5194 2334 5246 rlesia
2375 5210 2389 5244 :
2426 5188 2571 5258 Quia
2612 5192 2673 5247 Β.
2709 5191 3045 5262 Virgonubis
3091 5190 3257 5243 Deum
3300 5190 3533 5262 protulit
3559 5198 3613 5242 et
3647 5188 3750 5240 b0-

2172 5206 2334 5246 t'lusm
2375 5210 2389 5244 :
2426 5206 2560 5258 uina
2612 5206 2673 5247 ts.
2712 5206 3045 5262 urgonutns
3091 5206 3257 5243 ueum
3338 5206 3533 5242 mlunt
3559 5206 3613 5242 et
3648 5206 3750 5240 uo-

2172 5263 2394 5325 minem,
2416 5263 2520 5316 l'nit
2548 5264 2829 5318 benedicta
2875 5261 2927 5314 in
2963 5270 3247 5315 aeternum.
3280 5206 3421 5323 (guid
3457 5268 3644 5313 autem
3669 5265 3753 5311 est

2173 5332 2451 5385 benedicta
2482 5334 2534 5385 in
2562 5346 2847 5391 :eternum.
2869 5332 2972 5386 nisi
2995 5346 3209 5399 semper
3235 5330 3543 5388 benedicta,
3566 5329 3619 5380 id
3643 5336 3747 5389 est,

2174 5403 2242 5455 ab
2300 5402 2459 5455 initio
2516 5416 2628 5455 sua:
2688 5402 2982 5455 creationis
3041 5412 3095 5455 et
3124 5399 3420 5466 deinceps?
3465 5401 3751 5452 :L-ternitas

2175 5471 2320 5524 enim
2386 5473 2608 5539 respicit
2661 5485 2876 5524 omnem
2940 5471 3199 5539 temporis
3253 5469 3651 5533 dilicti-entiam,
3701 5476 3753 5519 et

2180 5542 2387 5593 nullum
2450 5551 2780 5594 momentum
2822 5541 3084 5611 temporis
3127 5540 3386 5611 excludit.
3431 5541 3524 5611 sed
3586 5553 3755 5593 nntne

2178 5610 2403 5664 omnino
2435 5620 2488 5663 et
2529 5612 2768 5665 turaliter
2798 5607 3230 5679 comprehendit.
3262 5608 3404 5679 Ergo
3450 5607 3618 5661 Maria
3662 5611 3753 5661 be-

2177 5680 2391 5734 nedicta
2423 5678 2524 5734 luit
2575 5696 2809 5749 semper,
2842 5694 2893 5734 et
2927 5678 2978 5733 in
3014 5681 3163 5735 omni
3198 5678 3502 5734 ditlerentia
3530 5690 3748 5749 tempo-

2177 5752 2276 5813 ris,
2331 5765 2439 5802 non
2483 5752 2658 5818 potuit
2697 5746 2826 5820 ergo
2887 5750 3167 5805 incurrere
3232 5760 3511 5819 peccatum
3576 5746 3750 5813 origi-

2177 5820 2321 5897 nale.
2354 5820 2603 5874 obstante
2638 5826 2808 5891 gratia
2844 5820 3253 5883 benedictionis,
3286 5834 3404 5889 qua:
3428 5820 3574 5872 illam
3611 5832 3751 5887 pne.

2177 5901 2341 5944 \L‘tzlt.
