3996 6594
228 516 360 583 1181

1666 520 1767 579 MA
1780 519 2029 580 RIALE.

3326 507 3471 573 1182

291 636 521 704 Εὑλογεῐ
581 634 731 688 πᾶσα
787 631 963 695 κτίσις
990 627 1083 687 τδν
1133 632 1292 687 τόκον
1347 650 1463 701 σου,
1488 633 1793 703 εὐλογίαις,

1970 630 2302 686 Beuedicunt
2348 643 2540 684 omnes
2586 635 2853 682 creatura:
2888 631 3103 694 partum
3158 630 3336 685 tuum,
3372 623 3467 689 qui

222 729 369 798 ἡμᾶς
401 725 847 793 στεφανώσαντα,
871 723 966 776 καὶ
992 721 1090 793 τὴν
1117 723 1256 793 ἀρὰν
1295 723 1591 795 ἐξάραντα,
1622 741 1794 777 παντ-

221 818 482 887 ευλόγητε
534 816 670 886 μόνη
700 812 1083 883 δεδοξασμένη,
1117 813 1150 883 ή
1174 812 1239 865 τὸ
1268 813 1420 882 γένος
1450 814 1608 885 ήμῶν
1633 830 1798 885 χαρι-

221 924 470 961 τωσασα.

289 1002 612 1073 Φιλαμαρτή
623 1017 759 1072 μονα
783 998 1033 1070 γνώμην,
1064 998 1160 1052 καὶ
1182 996 1507 1069 ἀδιόρθωτον
1540 997 1675 1067 βίον,
1702 996 1798 1050 καὶ

221 1096 703 1168 πλημμελήσασιν
771 1089 991 1163 ψυχὴν,
1062 1091 1158 1143 καὶ
1220 1089 1453 1161 καρδίαν
1537 1089 1798 1160 ρυπῶσαν

222 1191 359 1259 ἔχων
385 1190 594 1249 ἄσωτος
626 1183 757 1252 εγὼ,
784 1182 1115 1252 προσπίπτω
1143 1198 1248 1245 σοι,
1278 1182 1566 1245 Δέσποινα,
1611 1179 1796 1250 βοήθει

224 1300 312 1351 μοι
343 1281 440 1333 καὶ
465 1278 755 1350 διόρθωσιν
775 1275 940 1339 δίδου,
968 1274 1096 1345 πρίν
1129 1291 1199 1344 με
1229 1272 1410 1343 φθάσῃ
1436 1273 1531 1325 τοῦ
1564 1272 1796 1327 θανάτου

222 1374 255 1442 ἡ
286 1372 452 1441 τομήο

288 1553 470 1612 Φωτὸς
495 1549 589 1603 τοῦ
627 1551 687 1602 ἐν
726 1549 811 1602 σοὶ
861 1548 1276 1619 μαρμαρυγαῖς,
1330 1546 1617 1617 Θεόνυμφε
1640 1588 1655 1611 ,
1699 1546 1799 1615 τὴν

218 1645 399 1714 ψυχήν
433 1660 534 1711 μου
564 1641 993 1713 ψωταγώγησον,
1025 1639 1277 1708 κείμενον
1309 1638 1486 1711 βόθρῳ
1521 1636 1800 1699 ἀπωλείας

221 1738 551 1804 ἀναστησον,
579 1733 807 1804 ἐχθροὺς
847 1730 1338 1803 καταταράσσουσα
1369 1733 1495 1793 τοὺς
1514 1728 1799 1791 θλίϐοντας

223 1831 311 1884 ἀεὶ
351 1832 452 1900 τὴν
487 1828 717 1901 καρδίαν
755 1844 883 1899 μου,
914 1828 1010 1880 xa‘t
1045 1825 1181 1898 πρὸς
1209 1826 1278 1880 τὰ
1319 1824 1467 1895 πάθη
1500 1823 1800 1877 συνωθοῦν-

222 1928 324 1992 τάς
358 1946 450 1998 με.

236 2020 340 2073 Ἐκ
384 2017 494 2073 τοῦ
555 2015 826 2081 Κανόνος
868 2017 956 2079 εἰς
1011 2013 1119 2067 τόν
1177 2012 1349 2082 ἅγιον
1407 2009 1799 2081 ἱερομάρτυρα

680 2085 974 2154 Εὐτυχέα,
1016 2083 1211 2153 ἡμέρᾳ,
1228 2081 1336 2135 κδ.

302 2199 393 2253 Ἐν
428 2197 533 2264 σοὶ,
570 2196 837 2268 Παρθένε,
866 2194 966 2266 τὴν
1000 2194 1190 2248 ἐλπίδα
1238 2193 1429 2264 τίθημι
1473 2192 1574 2262 τῆς
1618 2208 1797 2263 σωτη-

222 2292 347 2361 pia;
391 2307 530 2360 μου,
583 2287 872 2359 ἁμαρτιῶν
914 2286 1089 2359 ῥύπου
1142 2286 1261 2338 ὅλον
1320 2301 1387 2354 με
1455 2282 1797 2348 ἀπόπλυνον,

220 2383 320 2438 καὶ
351 2382 591 2453 καθαρὸν
625 2380 935 2449 ἀπέργασαι
966 2376 1044 2448 τῷ
1072 2376 1184 2446 Υἱῷ
1216 2393 1308 2430 σου
1337 2376 1573 2446 ἀρίστως
1604 2374 1800 2446 εὐαρε-

222 2473 481 2537 στοῦντα,
501 2472 594 2525 καὶ
621 2472 929 2541 πράττοντα
954 2469 1145 2523 τούτου
1173 2468 1235 2521 τὸ
1266 2468 1532 2534 πανάγιον
1561 2466 1796 2535 θέλημα.

295 2564 489 2631 Χαῖρε,
511 2564 543 2630 ἡ
578 2562 713 2631 μόνη
750 2561 850 2631 τήν
878 2561 1053 2630 χαράν
1077 2558 1496 2630 ἀνερμηνεύτως
1525 2555 1759 2609 τεκοῦσα
1781 2571 1797 2586 ⁶

222 2658 407 2726 χαῖρε,
440 2652 591 2722 ἀρμα
619 2652 710 2704 καὶ
734 2649 930 2721 νεφέλη
951 2649 1044 2703 τοῦ
1080 2649 1253 2717 Λόγου
1274 2663 1289 2679 ·
1313 2650 1490 2718 χαῖρε,
1522 2646 1677 2717 θρόνε
1705 2643 1801 2698 τοῦ

220 2743 383 2805 Θεοῦ,
406 2742 646 2814 Παρθὲνε
667 2741 1033 2810 ἁπειρόγαμε’
1055 2742 1234 2810 χαῖρε,
1256 2739 1417 2792 ὁσίων
1438 2736 1585 2802 δόξα·
1616 2738 1799 2807 χαῖρε,

226 2835 525 2907 μαρτύρων
550 2834 904 2904 στεφάνωμα.

308 2925 399 2978 Ἐν
440 2922 659 2992 γυναιξῖ
700 2924 836 2994 μόνη
872 2920 1142 2990 παρθένος
1191 2919 1502 2986 διέμεινας,
1547 2916 1644 2971 καὶ
1694 2915 1803 2986 πρὸ

221 3016 408 3079 τόκου,
440 3014 538 3068 καὶ
573 3014 712 3085 μετά
741 3014 842 3085 τὴν
877 3013 1130 3081 γέννησιν
1153 3026 1167 3040 ο
1208 3009 1341 3072 Θεὸς
1374 3009 1483 3080 γὰρ
1513 3004 1582 3080 ἦν
1616 3009 1643 3061 ό
1675 3023 1802 3060 και·

223 3107 472 3177 νοτομῶν
501 3105 691 3175 φύσεις
716 3104 857 3176 ὑπὲρ
883 3104 1041 3171 λόγον
1069 3104 1133 3155 ὲκ
1161 3099 1254 3154 σοῦ
1285 3100 1541 3172 ἀρρήτως
1569 3096 1803 3169 σαρκού-

136 3261 146 3268 ,
227 3215 413 3267 μενος,
446 3200 474 3251 ὁ
504 3198 616 3251 ἀνω
660 3197 768 3270 πρὸ
816 3195 1068 3260 αἰώνων,
1100 3196 1194 3247 καὶ
1236 3196 1293 3246 ὲν
1342 3194 1412 3263 γῇ
1447 3192 1527 3255 είς
1571 3190 1642 3244 τὰ
1673 3189 1799 3259 τέλη

223 3288 510 3360 γεννηθεὶς
538 3287 646 3340 τῶν
672 3287 908 3350 αἰώνων,
941 3286 1273 3355 πανάμωμε.

296 3469 729 3541 Μητροπᾶρθενε
781 3464 1021 3537 κόρη,ἠ
1070 3464 1162 3517 τὸν
1213 3462 1592 3532 ἀπερίληπτον
1630 3460 1805 3528 Λόγον

224 3561 507 3632 κυήσασα,
525 3559 634 3612 τῶν
650 3556 897 3626 ἀγγέλων
922 3554 1071 3620 δόξα,
1094 3556 1189 3608 καὶ
1205 3553 1478 3624 δαιμόνων
1495 3552 1558 3604 τὸ
1580 3550 1805 3621 τραῦμα

225 3652 524 3721 θεόνυμφε,
549 3652 647 3719 τὴν
677 3648 819 3721 ἐμήν
837 3648 1066 3720 καρδίαν
1099 3645 1603 3719 τραυματισθείσαν
1622 3647 1806 3716 ἀμαρ-

222 3746 372 3809 τίαις
402 3742 701 3816 θεραπείας
727 3742 913 3797 ἐνθέου
945 3742 1199 3808 ἀξίωσον.

297 3834 439 3897 Νοός
473 3850 574 3903 μου
603 3834 703 3894 τάς
735 3831 1035 3902 ἐκτροπὰς,
1083 3833 1179 3885 καὶ
1217 3832 1317 3901 τῆς
1353 3831 1533 3902 ψυχῆς
1558 3831 1628 3883 τά
1653 3830 1809 3899 κινή-

229 3942 377 3995 ματα
404 3924 475 3979 τά
504 3924 729 3994 ἔμπαθῆ
763 3924 856 3977 καὶ
886 3923 1056 3987 δεινὰ,
1085 3924 1350 3994 Παρθένε,
1372 3923 1686 3996 διόρθωσον,
1712 3924 1806 3975 καὶ

228 4015 407 4070 σῶσόν
457 4031 548 4085 με,
608 4013 840 4082 φύλαξον
889 4014 954 4066 ὲκ
1005 4011 1113 4067 τῶν
1167 4011 1515 4082 καθεκάστην
1572 4009 1807 4079 ἀφειδῶς

226 4110 327 4160 ἐπε
337 4106 677 4178 μϐαινόντων
696 4122 809 4176 μοι.

297 4199 613 4270 Νοήσαντες
636 4198 922 4270 πόρρωθεν
953 4196 1142 4250 σεπτοὶ
1171 4196 1449 4265 προφῆται
1469 4192 1565 4245 τοῦ
1592 4207 1806 4262 μυστη-

228 4292 351 4363 ρίου
383 4308 477 4343 σου
494 4289 589 4343 τοῦ
622 4286 937 4361 ἀπορρήτου
960 4288 1143 4359 βάθος,
1176 4284 1610 4355 ποικιλοτρόπως
1639 4284 1806 4336 πᾶσιν

226 4384 521 4451 ὲφάνωσαν
544 4383 644 4451 τὴν
675 4383 773 4451 σὴν
791 4380 1024 4450 λοχείαν.
1061 4378 1329 4450 Παρθένε,
1357 4374 1763 4447 κραυγάζοντες
1785 4386 1802 4403 ⁸

228 4473 545 4544 Εὐλογητὸς
574 4476 603 4528 ό
630 4473 763 4536 Θεὸς
792 4473 820 4525 ό
845 4472 956 4526 τῶν
994 4471 1276 4541 Πατέρων.

1898 738 2000 778 nos
2046 720 2520 777 benedictionibus
2560 718 2863 780 coronavit,
2896 727 3058 786 atque
3098 715 3321 770 abstulit
3353 728 3471 768 ma-

1899 814 2249 869 ledictionem
2289 832 2303 867 :
2336 811 2382 866 0
2410 810 2560 867 omni
2597 808 2976 865 benedictione
3012 807 3309 870 cumulata,
3348 804 3469 861 sola

1898 906 2157 977 gloriosa,
2189 919 2309 973 qua:
2339 918 2510 971 genus
2544 911 2788 956 nostrum
2815 899 2988 970 gratia
3022 896 3323 965 replevisti!

1969 994 2082 1064 Ego
2112 995 2201 1048 ille
2239 993 2519 1063 prodigus,
2550 1007 2617 1045 ac
2650 989 2967 1044 luxuriosus
2998 987 3203 1041 habens
3230 994 3468 1040 mentem

1899 1095 2250 1157 peccatorum
2287 1084 2541 1149 amicam,
2568 1089 2622 1136 et
2645 1082 2811 1135 vitam
2836 1093 3081 1150 pravam,
3117 1077 3473 1146 animamque

1897 1178 2114 1234 delictis
2159 1184 2477 1239 oneratam,
2518 1182 2573 1228 et
2618 1188 2715 1226 cor
2750 1171 3203 1241 coinquinatum,
3245 1175 3373 1221 ante
3420 1175 3473 1221 te

1899 1270 2145 1340 procido,
2194 1284 2227 1322 ο
2258 1267 2524 1331 Domina;
2582 1264 2779 1340 adjuva
2816 1278 2924 1325 me,
2971 1271 3027 1315 et
3072 1259 3467 1316 correctionem

1898 1338 2137 1416 concede
2187 1358 2360 1423 mibi,
2409 1366 2702 1425 antequam
2742 1338 2774 1409 a
2836 1354 3027 1409 mortis
3070 1351 3207 1406 falce
3253 1359 3473 1406 secante

1902 1453 2225 1524 praeveniar.

1972 1542 2134 1597 Lucis
2184 1541 2237 1596 in
2285 1548 2337 1595 te
2386 1539 2683 1594 habitantis
2736 1536 2925 1598 radiis,
2989 1535 3259 1599 illumina,
3309 1548 3345 1588 ο
3378 1532 3475 1588 Dei

1900 1646 2119 1699 sponsa,
2154 1632 2395 1686 animam
2423 1643 2600 1682 meam
2635 1646 2647 1681 :
2677 1626 2946 1696 iacentem
2980 1625 3033 1678 in
3069 1624 3324 1678 barathro
3352 1636 3476 1691 perv

1900 1724 2123 1778 ditionis
2155 1722 2357 1787 excita,
2393 1718 2846 1790 perterrefaciens
2894 1716 3100 1779 hostes,
3134 1714 3229 1784 qui
3258 1726 3475 1781 semper

1903 1814 2165 1869 tribulant
2185 1828 2282 1868 cor
2311 1827 2511 1876 meum,
2530 1820 2583 1866 et
2608 1810 2674 1865 ad
2698 1808 2982 1880 passiones
3005 1806 3292 1862 sectandas
3320 1820 3475 1859 eom-

1903 1905 2109 1974 pellunt
2131 1920 2237 1957 me.

1832 1975 1872 2026 Β
1939 1995 2023 2049 Ex
2055 1994 2269 2049 Conone
2301 1993 2356 2046 in
2382 1992 2518 2062 festo
2543 1988 2603 2045 S.
2634 1987 2891 2059 Eutychia
2934 1986 3209 2055 martyris,
3234 1984 3320 2038 die
3344 1982 3439 2038 28.

1971 2168 2032 2220 In
2056 2175 2133 2230 te,
2162 2180 2196 2221 ο
2221 2163 2405 2235 Virgo,
2430 2179 2636 2233 repono
2653 2178 2804 2233 spem
2832 2162 3027 2218 salutis
3045 2175 3205 2227 mea;
3230 2160 3479 2231 absterge

1903 2274 1991 2313 me
2029 2267 2205 2312 totum
2236 2273 2266 2312 a
2300 2257 2553 2311 sordibus
2581 2266 2948 2323 peccatorum,
2981 2271 3044 2310 ac
3073 2270 3269 2324 purum
3302 2253 3476 2318 ellicc,

1900 2349 2039 2405 Filio
2061 2359 2157 2406 tuo
2195 2350 2399 2421 optime
2444 2350 2911 2419 contplacentem,
2965 2348 3483 2416 sanctissimamque

1903 2440 2052 2497 illius
2087 2442 2419 2496 voluntatem
2460 2439 2774 2496 facientem.

1972 2531 2183 2595 Gaude,
2216 2547 2250 2586 ο
2282 2540 2362 2594 ιιι,
2393 2546 2517 2601 quae
2552 2530 2668 2585 sola
2721 2528 2979 2599 gaudium
3012 2527 3354 2583 ineﬂahiliter
3386 2542 3480 2598 pe-

1904 2621 2092 2689 peristi
2127 2639 2141 2674 :
2171 2624 2385 2692 gaude,
2440 2636 2671 2685 currus,
2721 2630 2777 2676 et
2821 2620 2996 2674 nubes
3032 2617 3234 2683 Verbi;
3284 2618 3481 2688 gaude,

1903 2711 2138 2766 thronus
2170 2711 2286 2776 Dei,
2308 2712 2471 2781 Virgo
2493 2712 2593 2767 viri
2619 2711 2804 2766 nescia
2832 2728 2848 2765 :
2875 2709 3073 2779 gaude,
3101 2707 3479 2766 confessorum

1905 2803 2078 2872 gloria
2113 2820 2126 2857 :
2158 2802 2353 2873 gaude,
2396 2810 2701 2873 martyrum
2727 2817 2955 2857 corona.

1975 2891 2103 2950 Sola
2131 2893 2271 2948 inter
2320 2893 2584 2951 mulieres
2632 2894 2787 2964 virgo
2837 2903 2965 2949 ante
3015 2901 3254 2963 partum,
3281 2900 3335 2947 et
3363 2902 3486 2962 post

1905 2994 2149 3055 partum,
2184 2985 2538 3053 permansisti
2566 3002 2580 3038 :
2610 2984 2753 3041 Deus
2804 2986 2949 3040 enim
2978 2996 3096 3041 erat
3136 2986 3229 3056 qui
3261 2996 3488 3041 naturas

1904 3077 2202 3131 inuovabat
2231 3091 2397 3146 supra
2430 3078 2702 3132 sermonis
2737 3086 3085 3145 conceptum,
3116 3092 3181 3131 ex
3210 3084 3261 3130 te
3291 3076 3483 3131 ineffa-

1905 3168 2089 3223 biliter
2138 3168 2456 3224 incarnatus
2490 3186 2505 3223 :
2539 3171 2631 3236 qui
2687 3168 2739 3222 in
2776 3168 3033 3237 supernis
3081 3177 3208 3222 ante
3247 3168 3485 3228 saecula,

1907 3257 1959 3311 in
1995 3267 2135 3312 terra
2169 3267 2350 3313 autem
2382 3258 2437 3311 in
2481 3258 2588 3313 line
2624 3258 2949 3313 saeculorum
2990 3266 3154 3311 natus
3183 3266 3287 3322 est,
3315 3271 3349 3310 ο
3374 3266 3484 3312 tota

1907 3350 2281 3405 immaculata.

1975 3441 2019 3497 0
2051 3441 2219 3496 Mater
2270 3440 2436 3508 Virgo
2472 3440 2674 3511 puella,
2723 3455 2847 3510 qua:
2876 3438 3116 3494 Verbum
3167 3438 3489 3507 incompre-

1905 3533 2169 3589 heusibile
2195 3532 2429 3603 genuisti
2454 3549 2469 3585 :
2503 3547 2536 3585 ο
2568 3531 2663 3586 Dei
2691 3546 2916 3601 sponsa,
2936 3514 3256 3601 angelorum
3282 3528 3481 3599 gloria,

1905 3634 1960 3680 et
1986 3625 2300 3680 daemonum
2333 3625 2535 3681 vulnus
2564 3643 2578 3681 :
2611 3641 2708 3679 cor
2738 3639 2919 3678 meum
2960 3624 3200 3694 peccatis
3233 3623 3488 3677 vulnera-

1906 3726 2043 3782 tum,
2076 3719 2261 3773 divina
2302 3719 2460 3787 172
2489 3717 2775 3772 curatione
2809 3714 2896 3770 fac
2925 3716 3173 3784 dignum.

1977 3809 2176 3867 Mentis
2226 3826 2362 3865 mea:
2409 3810 2781 3879 evagationes,
2818 3809 3120 3877 animaeque
3155 3815 3337 3860 motus
3369 3818 3487 3857 mo-

1906 3900 2113 3964 lestos,
2165 3910 2329 3970 atque
2376 3900 2664 3956 affectibus
2721 3899 3082 3969 perturbatos
3137 3896 3384 3965 corrige,
3433 3902 3494 3946 et

1909 3994 2058 4049 salva
2096 4001 2152 4048 et
2181 3994 2393 4047 custodi
2429 4008 2516 4048 me
2567 3992 2750 4057 abiis,
2793 3990 2887 4060 qui
2940 4004 3040 4058 per
3069 3988 3316 4055 singulos
3366 3986 3496 4041 dies

1908 4085 2207 4139 crudeliter
2242 4085 2510 4138 invadunt
2538 4099 2647 4141 me.

1981 4175 2412 4231 lnenarrabilem
2439 4174 2685 4246 mysterii
2716 4173 2795 4227 tui
2825 4170 3250 4242 profunditatem
3278 4168 3498 4237 alonge

1910 4269 2191 4323 intuentes
2220 4268 2422 4322 mentis
2452 4268 2616 4321 oculo
2661 4266 2936 4335 praphetse
2970 4261 3286 4325 venerandi,
3322 4259 3498 4314 variis

1911 4360 2106 4430 figuris
2144 4374 2210 4414 ac
2233 4359 2409 4412 modis
2441 4358 2710 4412 universis
2735 4366 2949 4425 partum
2984 4363 3137 4407 tuum
3168 4349 3495 4405 manifesta~

1907 4464 2122 4517 verunt,
2153 4467 2186 4506 ο
2212 4450 2379 4521 Virgo
2415 4488 2430 4513 ,
2466 4451 2810 4505 clamantes:
2844 4445 3170 4501 Benedictus
3206 4442 3353 4497 Deus
3380 4441 3497 4495 Pa-

1911 4555 2077 4600 trum.

300 4644 733 4716 Νενεκρωμένην
755 4644 996 4716 δήγματι
1017 4643 1116 4715 τὴν
1141 4642 1320 4713 ψυχήν
1353 4659 1456 4712 μου
1479 4640 1572 4695 τοῦ
1600 4641 1800 4710 ὄφεως,

1978 4638 2244 4693 Mortuam
2284 4636 2354 4689 ob
2400 4635 2670 4705 serpentis
2722 4646 2968 4688 morsum
3008 4630 3247 4685 animam
3284 4640 3501 4691 meam,

230 4737 371 4807 μόνη
413 4736 711 4808 προφανῶς
744 4737 779 4807 ή
806 4737 908 4806 τὴν
936 4737 1093 4804 Ζωὴν
1150 4736 1428 4804 κυήσασα,
1472 4735 1802 4802 πανάμωμε,

231 4828 478 4893 ζώωσον,
510 4828 607 4881 καὶ⁵
644 4828 887 4898 ἐνεργεῖν
919 4826 1186 4881 εὑόδωσον
1227 4827 1297 4880 τά
1340 4825 1436 4879 τοῦ
1465 4826 1531 4878 δι’
1563 4825 1710 4896 ἡμᾶς
1740 4824 1807 4876 ἐκ

230 4918 328 4969 σοῦ
362 4916 667 4986 τεχθέντος,
702 4918 962 4988 Παρθένε,
1004 4917 1307 4989 θελήματα,
1355 4917 1567 4988 βοώσασ
1618 4916 1806 4985 ’ίερείς

227 5008 505 5074 εὐλογεῖτε
544 5003 768 5078 Κύριον.

302 5181 495 5252 Φωνήν
536 5197 632 5234 σου
680 5182 1113 5255 προσφωνοῦμεν
1143 5186 1238 5241 τοῦ
1287 5181 1562 5254 Γαὸριήλ·
1604 5182 1801 5252 Χαῖρε,

226 5272 302 5342 γῆ
338 5272 593 5343 ὲκλεκτὴ,
618 5274 799 5343 χαῖρε,
819 5271 1070 5343 τράπεζα
1106 5274 1447 5345 χρυσοειδὴς,
1477 5276 1658 5343 χαῖρε,
1694 5272 1804 5325 τῶν

227 5363 535 5434 ἀνθρώπων
592 5366 906 5437 καταφυγὴ,
941 5369 1118 5436 χαῖρε,
1175 5365 1473 5436 μαρτύρων
1518 5364 1801 5435 καύχημα,

226 5457 412 5525 χαῖρε,
445 5454 554 5507 τῶν
586 5455 835 5523 ἀγγέλων
863 5457 896 5526 ή
926 5458 1196 5527 χαρμονὴ,
1222 5456 1353 5525 ἁγία
1380 5456 1631 5520 Θεοτόκε,
1665 5473 1802 5525 κρα-

228 5548 451 5615 ταίωμα
478 5545 589 5601 τῶν
618 5548 798 5601 πίστει
832 5548 1251 5618 μακαριζόντων
1279 5565 1360 5602 σε.

670 5665 828 5719 MHN
863 5665 1365 5721 ΣΕΠΤΕΜΒΡΙΟΣ.

241 5755 337 5809 ,Εκ
362 5756 465 5809 τοῦ
491 5759 765 5826 Κανόνος
792 5760 1009 5897 εὶς-ἴτὸέ
1030 5759 1202 5847 ἄγιρν
1216 5763 1487 5829 μάρτυρα
1507 5760 1801 5828 Ἀνθιμον,

871 5848 893 5883 ⁷
909 5849 953 5897 ,ιι
981 5846 1063 5897 ,οςι
1095 5847 1129 5897 γ
1150 5870 1164 5884 ο

871 5846 1063 5899 autem
1095 5846 1164 5899 γι

311 5939 371 5993 ’θ
408 5940 609 6013 Κύριος
643 5944 705 5998 ἐκ
737 5943 830 5998 σοῦ
859 5944 1146 6008 ἀνατείλας
1180 5946 1254 6009 ὡς
1284 5940 1413 6014 οἶδε,
1445 5944 1570 6009 τοὺς
1605 5945 1799 6016 χοροὺς

1922 4740 2002 4795 tu,
2031 4745 2155 4798 qua:
2183 4728 2300 4784 sola
2331 4724 2510 4781 Vitam
2544 4724 2837 4780 manifeste
2869 4722 3199 4793 peperisti,o
3222 4722 3500 4774 immacu-
3561 4740 3572 4749 -

1914 4821 2214 4885 latissima,
2266 4819 2478 4874 vivifica
2539 4837 2553 4873 :
2600 4825 2656 4872 ct
2724 4816 2899 4872 deduc
2969 4829 3055 4868 me
3108 4812 3338 4868 feliciter
3395 4824 3507 4879 per

1911 4917 2078 4978 viam,
2111 4929 2219 4983 qua
2251 4915 2556 4965 voluntates
2600 4909 2772 4973 illius,
2821 4908 2915 4976 qui
2953 4915 3174 4976 propter
3201 4920 3303 4958 nos
3334 4918 3401 4958 ex
3438 4912 3501 4955 te

1915 5018 2075 5061 natus
2115 5015 2216 5068 est,
2273 5003 2483 5058 efﬁcere
2509 5002 2737 5072 possim,
2771 5016 2806 5054 o
2831 4998 3019 5068 Virgo,
3070 4998 3352 5051 clamans:
3388 4993 3498 5047 Sa-

1912 5100 2183 5160 cerdotes,
2207 5094 2510 5151 benedicite
2566 5091 2882 5146 Dominum.

1988 5188 2129 5243 Voce
2143 5184 2412 5241 Gabrielis
2430 5182 2498 5237 ad
2519 5192 2574 5237 te
2595 5182 2901 5235 clamamus
2922 5196 2936 5233 :
2966 5180 3097 5242 Ave,
3124 5186 3267 5231 terra
3293 5176 3496 5240 electa;

1913 5294 2032 5341 ave,
2064 5292 2250 5331 mensa
2301 5289 2500 5339 aurea;
2543 5288 2666 5338 ave,
2697 5271 2982 5327 hominum
3016 5270 3325 5339 refugium;
3363 5281 3491 5331 ave,

1916 5379 2215 5440 martyrum
2246 5367 2526 5439 gloriatio;
2555 5380 2674 5429 ave,
2700 5364 3017 5434 angelorum
3041 5362 3326 5430 gaudium,
3358 5358 3485 5412 Dei-

1917 5478 2043 5529 para
2079 5469 2288 5524 sancta,
2340 5457 2512 5513 robttr
2540 5469 2728 5510 eorum
2759 5454 2854 5525 qui
2885 5463 2937 5509 te
2975 5467 3099 5508 cum
3131 5451 3233 5503 [ide
3266 5450 3492 5504 sincera

1916 5552 2251 5608 lu-alilicant.

2327 5663 2581 5719 MENSIS
2644 5659 2910 5717 SEPTEM
2920 5657 3074 5713 BER.

1986 5762 2068 5817 Er
2095 5761 2308 5817 Canone
2332 5759 2385 5813 in
2415 5758 2548 5829 [esto
2583 5756 2644 5813 S.
2679 5753 2916 5809 Ant/limi
2949 5749 3220 5820 martyris,
3245 5747 3330 5801 die
3353 5745 3407 5801 3.

1987 5938 2277 6006 lin-uinus,
2315 5935 2404 6007 qui
2456 5950 2519 5991 ex
2556 5943 2607 5989 te
2631 5942 2784 5989 ortus
2827 5940 2930 5997 est,
2967 5940 3032 5983 eo
3073 5924 3270 5989 modo,
3316 5933 3499 5993 queat
