3996 6598
549 485 689 553 1183
1675 488 1735 550 S.
1779 484 2095 549 JOSEPHI

2138 481 2695 545 HYMNOGRAPIII
3609 487 3716 554 1184

543 606 661 675 ipse
688 603 858 670 novit,
888 619 924 659 o
948 614 1094 660 casta
1120 644 1135 668 ,
1189 604 1516 659 athletarum
1554 603 1753 659 choros
1784 602 2121 667 illustravit;

2146 609 2201 663 Α
2224 600 2333 653 τῶν
2359 598 2611 668 ἀθλητῶν
2642 597 3008 667 ὲλάμπρυνεν,
3044 592 3205 667 ἁγνὴ,
3226 592 3291 648 τὰ
3312 595 3461 650 αὐτοῦ
3485 599 3722 669 sinovij-

541 697 909 766 exprimentes
944 697 998 750 in
1029 697 1225 765 seipsis
1273 711 1465 752 omnes
1518 695 1666 751 illius
1718 696 2008 765 passiones
2039 693 2119 747 vi-

2222 708 2320 755 τας
2351 690 2500 761 πάθη
2542 690 2745 752 πάντες
2778 687 3063 760 ζωηφόρα,
3095 688 3190 742 καὶ
3221 687 3310 742 τὸν
3335 688 3505 744 άδικον
3534 692 3723 750 θάνατον

546 787 703 850 tales,
758 798 1100 856 mortemque
1139 787 1422 858 injustam,
1473 802 1598 857 qua
1648 801 1750 843 nos
1803 795 2122 857 peccatores

1648 801 1750 843 nos
1803 795 2122 857 peccatores
2220 784 2537 841 δικαιοῦντα
2562 784 2710 853 ἡμᾶς
2738 781 3191 853 ἁμαρτήσαντας.

543 878 890 947 justillcavit.

620 970 878 1039 Speciosa
916 968 1054 1023 facta
1080 985 1161 1035 es,
1190 985 1224 1026 ο
1252 971 1584 1036 castissima,
1618 970 1925 1040 speciosum
1958 983 2121 1039 super

2307 960 2637 1035 Ὠραιώθης,
2665 961 2958 1033 ίπάναγνε,
2982 1040 2985 1041 ν
3008 960 3101 1013 τὸν
3152 958 3293 1029 ὑπὲρ
3340 958 3532 1022 πάντας
3567 959 3727 1030 ὡραῖον

544 1074 738 1113 omnes
782 1058 1079 1128 terrigenas
1132 1061 1293 1117 enixa
1326 1060 1522 1117 Filium
1572 1078 1638 1117 ac
1660 1060 1894 1117 Verbum
1916 1060 2119 1125 Patris.

2220 1056 2348 1121 τοὺς
2379 1056 2631 1126 γηγενεῖς
2666 1052 2902 1108 τεκοῦσα
2940 1052 3069 1105 Υἱὸν
3100 1052 3195 1104 καὶ
3235 1050 3400 1119 Λόγον
3428 1051 3513 1103 τοῦ
3541 1054 3727 1124 Πατρὸς,

547 1160 708 1215 quem
763 1149 1012 1216 generosi
1048 1160 1317 1221 martyres
1355 1163 1625 1217 amantes,
1662 1151 1837 1222 gloria
1865 1151 2123 1207 illustrati

2222 1149 2282 1202 ὃν
2310 1150 2359 1202 oi
2387 1150 2624 1217 γενναῖοι
2657 1147 2937 1218 μάρτυρες
2968 1144 3305 1214 ποθήσαντες
3334 1143 3456 1215 δόξῃ
3470 1143 3732 1215 ἐλαμπρύν.

2368 1258 2419 1294 ν.

547 1244 777 1397 suit-73
820 1326 1081 1394 Verbum,
1113 1344 1221 1384 non
1284 1331 1601 1401 relinquens
1651 1347 1884 1388 vacuum
1940 1331 2121 1387 sinum

2299 1257 2330 1293 σ
2368 1258 2419 1294 ν.

2225 1239 2382 1402 οτιΜέ
2411 1330 2657 1395 κενώσας
2686 1331 2810 1393 τοὺς
2832 1327 3129 1399 Πατρῴους
3162 1329 3190 1381 ὁ
3217 1326 3382 1395 Λόγος
3412 1325 3730 1391 κόλπους,σοῦ

549 1415 948 1485 Paternum,in
984 1421 1108 1474 sinu
1159 1430 1252 1476 tuo
1299 1423 1623 1478 reclinatum
1693 1433 1799 1490 est,
1851 1440 1885 1478 υ
1922 1425 2122 1494 puella,

2224 1425 2283 1477 ἐν
2311 1425 2426 1486 τοῖς
2455 1422 2697 1487 κόλποις,
2752 1421 2912 1490 κόρη,
2961 1418 3215 1487 ἀνεκλίθη
3248 1418 3321 1480 ὠς
3350 1416 3550 1487 βρέφος,
3597 1418 3730 1471 θέλων

547 1517 817 1576 tanquam
853 1508 1062 1577 infans,
1093 1511 1284 1569 volens
1313 1522 1628 1570 restaurare
1660 1530 1748 1571 me
1786 1516 2122 1586 corruptioni

1694 1530 1748 1571 te
1786 1516 2122 1586 corruptioni
2226 1516 2542 1570 ἀναπλάσαι
2575 1530 2645 1586 με
2672 1513 2849 1585 φθορᾷ
2886 1512 3272 1582 ὑποκείμενον.

548 1600 881 1667 subjectum.

621 1689 783 1760 Legis
831 1693 1042 1748 umbrae
1080 1696 1496 1752 declaraverunt
1550 1698 1898 1768 splendorem
1942 1700 2122 1762 illum,

2293 1694 2477 1765 Νόμου
2534 1692 2684 1747 σκιαὶ
2734 1692 3008 1763 ἐδήλωσαν
3040 1690 3100 1746 τὸ
3126 1688 3331 1761 φέγγος
3354 1687 3413 1741 τὸ
3446 1688 3506 1740 ἐκ
3552 1685 3633 1739 σοῦ
3671 1686 3734 1751 ἐξ·

550 1783 646 1849 qui
673 1799 736 1837 ex
773 1794 825 1839 te
850 1795 1004 1841 ortus
1029 1794 1134 1851 est,
1161 1802 1195 1842 ο
1234 1788 1411 1857 puella
1442 1789 1831 1855 illibatissima,
1862 1803 1915 1847 et
1956 1793 2126 1849 athle-

2224 1786 2536 1850 ανατεῖλαν,
2562 1784 2869 1856 πανάμωμε
2904 1784 3064 1853 κόρη,
3082 1782 3177 1836 καὶ
3202 1779 3311 1836 τῶν
3344 1778 3572 1848 ἀθλητῶν
3602 1797 3734 1832 κατα-

552 1884 727 1927 tarum
765 1876 965 1932 choros
995 1887 1043 1932 te
1066 1878 1403 1935 celebrantes
1432 1881 1745 1937 illustravit.

2224 1875 2550 1946 λαμπρῦναν
2581 1877 2705 1940 τοὺς
2734 1876 2928 1946 χοροὺς
2965 1872 3348 1944 εὐφημοῦντας
3374 1889 3448 1925 σε.

624 1965 669 2020 Ο
699 1968 951 2037 innupta,
973 1985 1094 2038 quae
1123 1970 1343 2025 malitia;
1378 1972 1590 2040 plantas
1615 1973 1858 2042 germine
1891 1976 1986 2029 uio
2010 1990 2124 2029 are-
2158 1954 2199 2008 Β

2159 1954 2199 2008 Β
2301 1966 2610 2036 Μαράνασα
2634 1966 2704 2019 τά
2743 1968 2884 2035 φυτά
2924 1968 3023 2035 τῆς
3067 1965 3268 2027 κακίας
3288 2002 3304 2027 ,
3328 1964 3618 2033 άνύμφευτε
3637 2003 3650 2027 ,
3681 1964 3737 2035 τῷ

549 2056 766 2124 fecisti,
802 2062 1117 2129 passionum
1151 2078 1392 2117 mearum
1422 2065 1620 2135 stirpes
1666 2064 1853 2132 evelle,
1884 2066 2126 2121 divinas-

2233 2058 2451 2129 βλαστῷ
2489 2077 2618 2124 σου,
2660 2060 2770 2113 τῶν
2808 2057 2994 2113 παθῶν
3031 2076 3132 2127 μου
3167 2058 3299 2122 τοὺς
3343 2058 3591 2120 σκόλοπας
3628 2059 3737 2111 Exst-

550 2165 658 2218 que
678 2153 1037 2224 cogitationes
1068 2157 1374 2225 germinare
1408 2157 1494 2212 fac
1521 2174 1587 2212 ex
1621 2159 1801 2213 anima
1842 2175 1984 2214 mea.

2230 2152 2341 2215 λον,
2373 2152 2466 2205 καὶ
2498 2150 2820 2222 βλαστάνειν
2873 2151 2993 2206 θεῖα
3028 2151 3129 2222 τὴν
3177 2149 3357 2221 ψυχήν
3400 2166 3494 2220 μου
3540 2149 3739 2218 νοήματα

2232 2245 2358 2315 ποίη
2368 2261 2480 2299 σον.

622 2330 855 2401 Pr0pter
908 2348 1196 2387 excessum
1256 2335 1612 2392 humanitatis
1656 2352 1723 2392 ac
1776 2337 2129 2408 benignitatis

2311 2335 2639 2408 'YnspGolﬁ,
2681 2335 2951 2407 Παρθένε,
2983 2333 3398 2404 φιλανθρωπίας
3426 2331 3570 2401 ὤφθη
3596 2332 3649 2384 ἐκ
3672 2331 3741 2383 σοῦ

549 2438 675 2490 erga
708 2424 957 2480 homines
975 2426 1227 2494 apparuit
1264 2426 1501 2482 Verbum
1530 2444 1595 2483 ex
1625 2436 1678 2483 te
1701 2440 2071 2498 corporatum,
2093 2448 2127 2486 υ

2229 2427 2403 2495 Λόγος
2436 2428 2879 2498 σωματούμενος,
2912 2428 3004 2481 καὶ
3033 2425 3197 2491 σώζει
3217 2426 3345 2488 τοὺς
3373 2425 3661 2494 μὲλποντας·
3697 2419 3743 2475 ’0

553 2513 738 2586 Virgo,
772 2518 990 2571 salvans
1013 2533 1107 2574 eos
1133 2520 1228 2587 qui
1275 2520 1625 2575 modulantes
1653 2532 1857 2576 canunt
1890 2540 1904 2577 :
1948 2522 2129 2578 Bene-

1844 2532 1857 2576 ι
1890 2540 1904 2577 :
1948 2522 2129 2578 Bene-
2226 2520 2336 2573 τῶν
2370 2520 2629 2591 Πατέρων
2660 2519 2817 2591 ἡμῶν
2844 2519 2998 2586 Θεὸς,
3027 2519 3322 2590 εὐλογητὸς
3352 2513 3422 2571 εἷ.

552 2608 732 2659 dictus
751 2622 831 2671 es,
869 2606 1014 2663 Deus
1041 2608 1261 2664 Patrum
1291 2624 1628 2666 nostrorum.
2308 2693 2325 2703 _
2550 2695 2563 2703 _
2809 2697 2830 2703 _
3116 2695 3130 2703 _
3432 2692 3455 2703 ,
3510 2692 3541 2703 ,.
3601 2690 3622 2700 -

626 2697 810 2753 Sacris
847 2703 1073 2757 vocibus
1109 2705 1478 2761 beatiﬂcemus
1511 2708 1857 2778 impollutum
1904 2708 1997 2764 Dei
2039 2718 2126 2765 ta-

2308 2693 2503 2765 Ἰεραϊς
2546 2695 2605 2747 ἑν
2654 2697 2859 2765 φωναῖς
2917 2695 3318 2765 μακαρίσωμεν
3368 2692 3458 2745 τοῦ
3507 2690 3626 2745 Θεοῦ
3668 2690 3742 2758 τὴν

555 2787 934 2854 hernacnlum,
963 2806 1146 2847 arcam
1183 2795 1503 2861 animatam,
1532 2808 1832 2869 martyrum
1869 2800 2123 2869 gloriam,

2230 2787 2437 2858 σκηνὴν
2478 2788 2579 2857 τὴν
2624 2787 2947 2858 άμόλυντον,
2992 2788 3091 2859 τὴν
3126 2786 3360 2840 κιϐωτὸν
3390 2784 3484 2855 τὴν
3524 2784 3741 2852 ἔμψυχον,

551 2882 925 2937 sublimiorem
939 2884 1254 2951 Cherubim,
1274 2898 1436 2958 atque
1452 2890 1708 2946 omnibus
1724 2893 1886 2946 rebus
1902 2893 2122 2947 creatis.

2227 2878 2337 2933 τῶν
2372 2879 2666 2950 μαρτύρων
2699 2877 2798 2949 τὴν
2842 2877 3024 2946 δόξαν,
3058 2878 3158 2949 τὴν
3209 2877 3486 2950 άνωτέραν
3514 2872 3747 2945 Χερουϐὶμ

2228 2974 2322 3023 καὶ
2357 2969 2576 3039 ἁπάσης
2612 2970 2714 3039 τῆς
2743 2970 2991 3033 κτίσεως.

622 3059 849 3115 Gladius
886 3061 1175 3119 ﬂammeus
1198 3104 1214 3127 ,
1252 3067 1344 3135 qtti
1380 3068 1507 3121 olim
1541 3068 1785 3125 Paratlisi
1819 3072 2124 3140 ingressum

2297 3062 2527 3133 Φλογίνη
2576 3062 2840 3133 ῥομφαία,
2869 3065 2902 3133 ἠ
2943 3062 3002 3115 τὸ
3045 3061 3175 3132 πρὶν
3211 3061 3314 3133 τὴν
3342 3059 3536 3114 εἴσοδον
3566 3054 3645 3111 τοῦ
3664 3072 3739 3107 πα·

550 3151 893 3218 prohibebat,
946 3170 1090 3211 nunc
1144 3158 1372 3221 recedit,
1405 3175 1469 3213 ac
1520 3170 1668 3231 terga
1702 3165 1866 3217 vertit
1902 3166 1990 3219 iis.
2023 3164 2117 3232 qui

2230 3153 2478 3225 ραδείσου
2524 3154 2948 3225 ὲναπείργουσα,
2984 3154 3130 3208 νῶτα
3169 3152 3267 3206 νῦν
3297 3153 3496 3216 δίδωσι,
3530 3150 3742 3249 Παρθένεί

553 3247 888 3300 venerandas
927 3250 1209 3315 passiones
1252 3250 1461 3306 Christi
1489 3254 1677 3307 lancea
1729 3256 2001 3309 vulnerati
2028 3271 2121 3308 vo.

2168 3295 2194 3317 η
2228 3246 2343 3308 τοῖς
2407 3246 2554 3316 πάθη
2620 3247 2690 3299 τά
2769 3246 2945 3299 σεπτά
3003 3246 3309 3300 εἰκονίσασι
3394 3244 3612 3316 Χριστοῦ
3674 3244 3746 3294 τοῦ

2168 3332 2197 3356 ιλ
2230 3334 2402 3356 \--..._,
2431 3335 2575 3356 AL.--
2600 3354 2614 3356 _
2659 3335 2779 3356 ll,\1
2848 3355 2854 3356 ,
2884 3355 2920 3356 κ.
3014 3338 3077 3356 ..Α
3145 3337 3188 3356 ,X
3230 3354 3251 3356 _
3313 3337 3362 3356 ,"’
3387 3354 3423 3356 _,
3481 3337 3562 3356 _L,.
3611 3333 3719 3356 1-1-

552 3336 783 3389 luntarie
814 3339 866 3390 in
896 3354 954 3393 se
992 3343 1340 3409 exprimunt:
1375 3354 1429 3396 et
1458 3353 1529 3409 te,
1552 3358 1585 3398 o
1623 3343 1800 3415 Virgo,
1832 3346 2123 3413 honorant,

2166 3333 2197 3356 “
2230 3334 2615 3405 λογχευθέντος
2659 3335 2948 3409 θελήματι,
2991 3338 3085 3391 καὶ
3132 3337 3193 3389 σὲ
3224 3337 3430 3407 τιμῶσι
3474 3337 3564 3406 τὴν
3610 3333 3744 3403 ὺπέρ·

551 3430 700 3481 omni
722 3430 924 3484 honore
951 3433 1309 3503 superiorem.
1389 3484 1401 3491 .

835 3445 924 3484 ore
951 3433 1309 3503 superiorem.
1389 3484 1401 3491 ,
2229 3444 2413 3498 τιμον.

552 3576 647 3672 Ex,
695 3581 1132 3672 (Ionone'd‘u'pliri
1177 3588 1233 3638 in
1269 3590 1521 3672 meritorio
1567 3591 2129 3672 miraculifacti‘Co-

2240 3585 2340 3639 Ἕκ
2371 3585 2479 3639 τοῦ
2498 3590 2772 3672 .Kardnro'c
2800 3587 3021 3672 διπλοφ
3062 3588 3150 3672 ei?
3177 3586 3297 3672 τὴν
3335 3575 3746 3672 (iretur-notaret?

624 3651 803 3737 (orsis,
844 3654 918 3707 vel
943 3654 1135 3709 Gitonis
1151 3674 1242 3724 per
1275 3659 1335 3710 8.
1376 3659 1684 3713 .llichaelent
1725 3651 2124 3732 arclt'angelum,

2297 3660 2613 3737 γεξονότος
2642 3651 2940 3737 θαρλιςιτος
3078 3651 3460 3737 βολρέγσαῖςὲ
3482 3655 3531 3737 ᾖ.
3646 3652 3746 3737 7X13-

623 3722 707 3774 die
726 3725 782 3775 6.
1152 3721 1160 3724 ’
1927 3721 1952 3732 ⁷
2109 3721 2122 3728 ⁷
2299 3721 2434 3793 θἀῒς
2463 3721 2622 3795 παρὰ
2645 3721 2766 3782 τοῦ
2792 3721 3169 3799 ἀρχαγγέλου
3203 3727 3472 3797 Μιχαὴλ,
3502 3721 3667 3792 ἡμέρᾳ
3687 3721 3746 3781 ςό

621 3870 668 3928 0
702 3870 865 3944 Virgo
903 3883 1014 3931 tota
1063 3893 1223 3948 pura,
1262 3881 1580 3950 angelorum
1630 3883 1817 3950 decor,
1848 3894 1903 3939 et
1946 3885 2127 3940 homi-

2300 3884 2543 3955 Παρθένε
2589 3885 2980 3956 πανάμωμε,ή
3017 3883 3127 3937 τῶν
3174 3882 3427 3951 ἀγγέλων
3476 3877 3749 3948 εὐπρέπειαν

553 3976 684 4015 num
710 3966 975 4020 auxilium
1002 3986 1016 4034 ;
1048 3975 1104 4023 tu
1149 3971 1345 4040 atljuva
1390 3988 1477 4028 me
1528 3973 1582 4028 in
1624 3976 1756 4029 mari
1796 3986 2126 4043 versantem,

2228 3974 2534 4043 ἀνθρώπων
2581 3974 2829 4045 βοήθεια,
2862 3974 2925 4029 σύ
2955 3992 3045 4046 μοι
3092 3974 3365 4047 βοήθησον
3396 3966 3749 4028 θαλαττεύοντι,

553 4066 714 4123 atque
764 4057 817 4111 in
855 4065 1175 4128 tempestate
1225 4066 1431 4132 peccati
1482 4080 1702 4136 semper
1747 4068 2124 4124 concidentem

2227 4070 2321 4122 καὶ
2378 4069 2516 4142 ζάλῃ
2561 4070 2831 4141 ἁμαρτίας
2890 4070 2977 4123 ἀεὶ
3031 4069 3420 4140 περιπίπτοντι
3480 4065 3566 4119 καὶ
3605 4059 3752 4115 κινδυ-

553 4161 617 4200 ac
645 4148 1063 4215 periclitantem.

879 4158 1063 4209 intem.
2226 4159 2457 4216 νεύοντι.

624 4238 669 4290 Ο
723 4239 1045 4295 miraculum
1081 4241 1479 4314 inintclligibile
1515 4284 1531 4309 ,
1569 4249 1846 4315 quomodo
1891 4250 2128 4305 homini-

2312 4254 2709 4325 ’Δκατανόητον
2762 4255 2943 4326 θαῦμα
2967 4296 2983 4322 ,
3024 4255 3142 4319 πῶς
3177 4257 3294 4319 τοῖς
3347 4254 3553 4324 βροτοῖς
3585 4249 3750 4317 ἥνωται

554 4328 659 4384 bus
691 4332 878 4387 nnitns
915 4343 999 4387 est
1029 4334 1539 4404 incomprehensilis
1589 4337 1753 4403 Deus,
1779 4352 1939 4395 natus
1965 4357 2032 4396 ex
2074 4354 2125 4397 te

2232 4347 2261 4399 6
2290 4346 2680 4416 ἀκατάληπτος
2728 4348 2883 4415 Θεὸς,
2912 4349 2978 4401 ὲκ
3009 4346 3105 4401 σοῦ
3138 4347 3303 4418 σαρκὶ
3348 4344 3471 4400 καθ’
3504 4341 3750 4393 ὑπόστασιν

551 4414 607 4473 in
651 4432 817 4474 carne
847 4422 1147 4475 secundum
1180 4423 1521 4493 hypostasin,
1550 4439 1583 4479 o
1621 4425 1845 4497 innupta
1878 4465 1893 4490 ,
1915 4438 1973 4483 ut
2012 4431 2120 4484 sal-

2228 4414 2574 4504 ἀποτεχθεὶς.
2602 4414 2967 4508 ἀπειρόγαμε,
2994 4436 3169 4490 σῶσόν
3194 4414 3263 4507 με
3288 4435 3383 4489 τὸν
3403 4429 3681 4502 ὑπαχθέντα
3699 4424 3748 4491 τῇ

552 4515 706 4562 varet
744 4524 831 4564 me
887 4510 960 4563 ob
1010 4512 1281 4581 serpentis
1342 4513 1588 4569 fraudem
1627 4518 1970 4588 corruptioni
2019 4523 2125 4576 ob-

1371 4517 1588 4569 raudetn
1627 4518 1970 4588 corruptioni
2019 4523 2125 4576 ob-
2229 4528 2407 4599 φθορᾷ
2430 4528 2604 4600 κλοπῇ
2630 4529 2725 4583 τοῦ
2752 4530 2949 4599 ὄφεως.

550 4600 798 4658 noxium.
2149 4647 2203 4706 Β

620 4690 725 4755 Qui
760 4692 1143 4753 immateriales
1181 4708 1395 4754 mentes
1428 4699 1723 4757 voluntatis
1766 4712 1898 4757 nutu
1931 4702 2121 4759 condi-
2150 4690 2198 4706 ν

2170 4690 2200 4706 ν
2309 4710 2370 4764 Ὀ
2400 4711 2529 4774 τοὺς
2556 4708 2754 4773 ἁΰλους
2789 4710 3201 4779 συστησάμενος
3226 4708 3357 4773 νόας
3383 4706 3681 4778 βουλήματι,
3697 4699 3748 4767 τῇ

553 4782 651 4846 dit,
676 4782 729 4836 in
758 4785 917 4857 174
953 4798 1107 4841 utero
1132 4800 1224 4842 tuo
1259 4789 1548 4854 materiali,
1581 4807 1615 4845 o
1659 4794 1977 4869 purissima,
2019 4810 2119 4849 vo-

2225 4800 2400 4870 ὲνύλῳ
2432 4818 2527 4854 σου
2561 4801 2763 4870 γαστρὶ
2787 4803 2929 4854 οἰκεῖ
2964 4799 3242 4871 βουλήσει,
3274 4799 3600 4869 πανάμωμε,
3624 4790 3750 4863 σαρκὶ

552 4873 785 4930 luntarie
820 4878 1104 4944 habitavit,
1152 4881 1456 4935 secundum
1492 4896 1709 4937 carnem
1737 4894 1931 4955 patens
1960 4900 2123 4958 aspe—

1454 4904 1456 4931 ι
1492 4896 1709 4937 carnem
1737 4894 1931 4955 patens
1960 4900 2123 4958 aspe—
2224 4891 2610 4964 καθορώμενος
2640 4894 2668 4945 ό
2698 4892 3032 4963 ἀθεώρητος.

549 4969 727 5025 ctibus
770 4969 862 5039 qui
892 4982 1009 5025 erat
1044 4972 1357 5029 invisibilis.

622 5058 808 5115 Daniel
845 5069 897 5117 te
941 5072 1181 5120 montem
1223 5084 1477 5139 magnum
1522 5069 1834 5140 descripsit,
1865 5088 1899 5124 ο
1950 5070 2125 5124 invio-

2304 5073 2364 5128 Ὀ
2393 5073 2596 5145 Δανιήλ
2628 5090 2687 5127 σε
2710 5075 2834 5145 ὅρος
2855 5074 3061 5144 γράφει
3097 5073 3264 5143 μέγα,
3291 5074 3317 5125 ό
3369 5065 3664 5132 Ἀδὸακοὺμ
3686 5060 3744 5116 δὲ.

547 5149 654 5204 lata
688 5190 705 5215 ,
730 5154 987 5211 Abbacuc
1020 5173 1146 5212 vero
1177 5172 1414 5217 montem
1441 5164 1760 5219 umbrosum
1793 5166 2082 5220 virtutibus
2104 5204 2118 5221 .

2222 5168 2479 5237 ἄκραντα,
2524 5167 2648 5235 ὅρος
2695 5167 2990 5241 κατάσκιον
3036 5166 3281 5237 ἀρεταῖς,
3316 5166 3415 5217 καὶ
3448 5158 3601 5216 Δαόὶδ
3630 5170 3751 5208 τετυσ

551 5245 715 5299 David
765 5256 948 5302 autem
1008 5260 1248 5307 montem
1310 5244 1656 5326 coagulatum
1697 5272 1810 5312 :ex
1863 5266 1915 5313 te
1974 5259 2120 5313 enim

2225 5257 2491 5328 ρωμένον,
2524 5256 2586 5321 ἐξ
2610 5250 2671 5311 οὗ
2698 5259 2728 5310 ό
2756 5256 2888 5320 Θεὸς
2938 5254 3285 5327 σεσάρκωται
3320 5255 3415 5308 τὸν
3464 5251 3651 5318 κόσμον
3676 5243 3749 5293 λυ·

551 5336 690 5393 Dens
719 5339 1036 5395 incarnatus
1070 5352 1174 5407 est,
1215 5353 1273 5399 ut
1299 5347 1559 5401 mundum
1590 5346 1904 5403 redimeret.

962 5357 1036 5395 .us
1070 5352 1174 5407 est,
1215 5353 1273 5399 ut
1299 5347 1559 5401 mundum
1590 5346 1904 5403 redimeret.
2224 5348 2540 5420 τρούμενος.

621 5426 815 5483 Docuit
837 5430 967 5484 olim
996 5446 1185 5500 partus
1214 5435 1288 5488 tui
1323 5436 1651 5493 miraculum
1679 5439 2117 5494 intellectualitcr

2300 5442 2519 5511 Νοερῶς
2547 5442 2641 5497 τοῦ
2690 5443 2808 5508 σοῦ,
2848 5443 3113 5516 Παρθένε,
3157 5443 3384 5498 τοκετοῦ
3409 5442 3467 5497 τὸ
3494 5436 3752 5510 παράδοθ’*

548 5517 600 5569 in
630 5521 822 5586 spiritu
861 5522 950 5577 ille
981 5539 1264 5580 sacrorum
1297 5544 1521 5597 praeses,
1551 5530 1770 5585 intuens
1793 5541 1845 5588 te
1878 5542 2115 5586 montem

2225 5538 2425 5589 ἑνοεῖτο
2466 5536 2632 5588 πάλαι
2662 5537 2690 5589 6
2725 5538 3062 5608 ἱεροφάντωρ
3095 5539 3155 5591 ὲν
3192 5537 3487 5606 πνεύματι,
3523 5536 3635 5603 ὅρος
3676 5547 3753 5582 κα·

550 5614 870 5668 nmbrosum
910 5618 1383 5687 manifestissime,
1412 5637 1480 5677 ex
1528 5638 1638 5693 quo
1674 5635 1900 5679 sanctus
1950 5626 2118 5691 venit,

2224 5626 2447 5679 τάσκιον
2468 5624 2678 5694 βλέπων
2702 5641 2762 5678 σε
2791 5625 3134 5696 τρανώτατα,
3158 5626 3219 5691 ἐξ
3243 5618 3302 5679 οὗ
3325 5625 3482 5693 ἆγιος
3509 5620 3628 5692 ἦλθε
3646 5616 3750 5677 Θεὸς

552 5702 695 5760 Dens
736 5706 1073 5765 incarnatus.

2228 5714 2665 5786 σωματούμενος.
3248 5757 3253 5763 .

624 5797 842 5855 Gabriel
873 5802 942 5856 ab
984 5803 1269 5861 altissimis
1305 5806 1475 5871 venit,
1510 5805 1766 5863 deferens
1802 5808 1898 5863 tibi
1925 5809 2056 5876 Ave,
2090 5825 2123 5863 ο

2309 5808 2367 5861 '0
2391 5808 2631 5877 Γαϐριὴλ
2652 5826 2733 5862 σοι
2752 5808 2813 5863 τὸ
2840 5810 3010 5879 Χαῖρε
3030 5809 3093 5862 ὲκ
3108 5808 3217 5861 τῶν
3241 5806 3500 5878 ὑψίστων,
3529 5804 3749 5864 πάνιγνε.

554 5893 862 5949 castissima
916 5913 930 5948 :
979 5911 1103 5951 cum
1146 5897 1267 5967 ipso
1305 5914 1436 5971 ergo
1493 5900 1796 5957 clamamus
1839 5918 1853 5954 :
1906 5902 2039 5968 Ave,
2090 5919 2122 5957 ο

2230 5900 2472 5972 κομίζων
2522 5897 2707 5974 ἦλοεοχ
2736 5903 2834 5956 σὺν
2882 5902 3032 5971 αὐτῷ
3082 5897 3175 5956 οὖν
3223 5900 3540 5971 ὲκϐοῶμενο
3589 5894 3748 5962 Χκῖμι
