3996 6594
264 520 404 585 1185

1692 520 2054 583 MARIALE.

3363 517 3497 583 “86

269 634 435 701 πύλη,
486 632 648 703 μόνος
676 632 743 702 ἢν
770 630 1025 686 διώδευσε
1056 632 1292 704 Χριστὸς
1318 631 1348 684 6
1379 631 1512 694 θεὸς
1546 630 1736 696 σώζων
1768 631 1827 685 τὸ

1942 639 2111 699 porta,
2140 644 2233 699 per
2275 643 2440 697 quam
2483 629 2633 685 solus
2665 628 2915 685 Christus
2949 626 3090 685 Deus
3130 635 3499 700 pel'lrttnsn’il,

262 726 359 780 ἀνθ
368 724 626 796 ρώπινον.

337 817 445 871 Νοε
453 815 566 887 ρῶν
602 814 851 885 ἀγγέλων
871 831 932 868 σε
958 815 1193 883 ἀνέδειξε
1216 816 1350 879 θεθς
1380 815 1675 886 ἀνωτέραν,
1698 814 1833 869 καθ⁹

264 909 467 972 υττοδύς
510 910 610 979 τὴν
643 908 741 979 σὴν
795 911 1009 980 μήτραν
1050 948 1063 972 ,
1114 909 1368 979 άχραντε,
1414 909 1513 979 τὴν
1562 906 1833 978 Παναμώ-

267 1018 456 1071 μητον,
480 1000 540 1054 ὃν
571 1000 810 1054 δυσώπει
840 1001 1070 1055 πάντοτε
1103 1000 1440 1070 οἰκτειρῆσαι
1461 1001 1584 1062 τοὺς
1608 998 1832 1069 ὐμνούν-

263 1092 362 1154 τάς
393 1108 473 1145 σε.

346 1181 681 1251 Ἀγγελικῶν
712 1182 1019 1253 δυνάμεων,
1053 1184 1320 1252 Παρθένε,
1362 1184 1705 1253 ὑπερέχουσα
1736 1181 1832 1236 καὶ

263 1273 514 1325 τετοκυῖα
544 1273 636 1324 τὸν
660 1272 915 1327 ἁπάντων
954 1273 1087 1327 Θεὸν
1133 1275 1228 1327 καὶ¹
1274 1273 1498 1344 βασιλέα
1522 1314 1537 1340 ,
1588 1274 1688 1326 σὺν
1729 1274 1829 1325 αὐ-

263 1367 377 1426 τοῖς
448 1364 657 1417 ἱκέτευε
685 1403 701 1431 ,
774 1365 1018 1435 παναγία
1090 1366 1398 1433 Δέσποινα,
1470 1364 1831 1430 διασώζεσθαι

264 1454 435 1523 ἡμᾶς.

334 1543 622 1615 Μακάριος
654 1546 682 1598 6
732 1545 863 1611 λαὸς
903 1548 990 1601 ἀεὶ
1023 1546 1344 1619 μακαρίζων
1374 1565 1454 1614 σε,
1494 1548 1763 1619 μακαρία,
1794 1549 1828 1620 ἡ

265 1634 398 1688 Θεὸν
426 1635 518 1688 τὸν
564 1638 837 1708 μακάριον
874 1638 1098 1705 τέξασα,
1128 1640 1255 1704 τούς
1297 1640 1523 1710 βροτοὺς
1552 1640 1619 1694 δι’
1651 1637 1832 1694 οἶκτον

266 1728 566 1799 ἀπορρήτῳ
600 1730 791 1783 ἐνώσει
819 1730 1119 1785 θεὼσαντα.

333 1815 516 1885 Τόμον
569 1835 627 1870 σε
676 1821 933 1891 προεώρα
962 1823 990 1874 6
1020 1824 1308 1893 προφήτης
1330 1864 1342 1887 ,
1377 1824 1436 1877 ὲν
1462 1817 1506 1893 ᾧ
1535 1824 1705 1890 Λόγος
1731 1824 1827 1893 γέ-

261 1920 513 1975 γραπται
536 1906 786 1979 δακτύλῳ
844 1910 1081 1980 Πατρὸς,
1109 1912 1375 1983 Παρθένε,
1404 1914 1464 1967 ὃν
1495 1915 1703 1967 ἱκέτευε
1750 1914 1831 1984 βία

262 1993 376 2065 ϐλῳ
401 1999 495 2067 τῆς
520 1998 665 2070 ζωῆς
707 2001 857 2071 ἡμᾶς
906 2005 1328 2077 καταγραφῆναι
1353 2006 1478 2069 τοὺς
1506 2006 1741 2069 εὐσεϐῶς
1770 2022 1829 2060 σε

259 2085 601 2152 δοξάζοντας.

331 2178 446 2233 Νού
475 2181 572 2235 τοῦ
609 2182 844 2252 μεγάλου
873 2184 1043 2254 Λόγον
1078 2185 1170 2240 τὸν
1196 2186 1383 2253 ἀΐδιον,
1423 2187 1582 2259 κόρη,
1611 2189 1829 2261 ἀληθῶς

262 2276 322 2325 ὲν
358 2275 444 2328 σοὶ
477 2276 729 2348 ἀρρήτως
760 2279 857 2332 καὶ
886 2280 1133 2350 φρικτῶς
1185 2284 1587 2355 κατοικήσαντα
1618 2284 1830 2355 βλέπων

262 2363 459 2432 ἐϐόησε
514 2367 755 2440 Γαϐριὴλ
798 2372 826 2424 ὁ
869 2371 1251 2442 ἀρχάγγελοςο
1300 2375 1493 2445 Χαῖρε,
1534 2375 1691 2446 θρὸνε
1735 2377 1829 2431 τοῦ

275 2453 558 2524 Ὑψίστου,
588 2459 949 2532 εὐλογημένη.

334 2548 440 2601 Τὸν
466 2549 697 2623 Σωτῆρα
745 2555 837 2606 καὶ
878 2554 1030 2621 Θεὸν,
1086 2557 1177 2610 καὶ
1220 2557 1517 2629 Λυτρωτὴν
1577 2559 1672 2612 καὶ
1729 2562 1828 2614 Δε-

265 2639 478 2710 σπότην
530 2643 695 2712 σαρκὶ
747 2645 985 2700 τεκοῦσα
1010 2686 1026 2711 ,
1060 2647 1302 2717 πάναγνε
1338 2649 1637 2715 Δέσποινα,
1701 2651 1830 2705 τοῦ-

265 2746 359 2782 τον
389 2732 497 2795 ἀεὶ,
528 2732 784 2803 άχραντε,
823 2735 1086 2803 δυσὼπει,
1118 2738 1268 2804 ὅπως
1300 2740 1451 2794 λύσιν
1480 2743 1588 2795 τῶν
1613 2742 1825 2807 δεινῶν,

263 2822 363 2875 καὶ
396 2824 608 2878 πολλῶν
646 2827 926 2897 ἁμαρτιῶν
953 2830 1053 2900 τὴν
1082 2831 1274 2899 ἄφεσιν
1300 2831 1575 2904 λάϐωμεν,
1606 2834 1832 2905 ὐμνολοο

260 2915 491 2986 γοῦνιες
523 2917 691 2972 αὐτοῦ
722 2920 849 2984 τοὺς
884 2921 1024 2994 ὑπὲρ
1050 2921 1175 2976 νοῦν
1205 2925 1546 2996 οίκτιρμούς.

332 3179 719 3249 Νυμφοστόλος
760 3184 789 3235 6
837 3183 979 3247 θεῖος
1021 3186 1363 3255 ἀρχάγγελος
1395 3188 1623 3254 ἐπιστὰς
1657 3207 1830 3262 προσ-

1930 721 2148 777 salvans
2180 735 2350 791 genus
2380 720 2703 775 humanum.

2000 810 2463 867 lntellectualibus
2487 813 2695 884 angelis
2718 813 3091 868 sublimiorem
3119 824 3169 868 te
3199 813 3327 869 fecit
3357 814 3498 870 Deus

1930 903 2265 959 descendens
2295 906 2682 975 etingrediens
2725 907 2778 959 in
2815 915 3028 961 uterum
3062 915 3213 961 tuum
3271 908 3503 975 purissi-

1933 1010 2101 1056 mum,
2131 1010 2165 1050 ο
2197 995 2473 1052 inviolata.
2504 996 2659 1052 Illum
2702 999 2865 1068 igitur
2907 1014 3122 1065 semper
3180 999 3495 1066 deprecare,

1932 1094 1991 1139 ut
2020 1100 2206 1139 eorum
2238 1087 2329 1155 qui
2363 1096 2412 1141 te
2444 1088 2688 1151 laudant,
2722 1090 3065 1141 misereatur.

1999 1174 2044 1228 Ο
2070 1173 2254 1245 Virgo,
2286 1192 2406 1246 quae
2436 1177 2711 1246 angelicas
2745 1177 3047 1232 Potestates
3094 1179 3492 1247 snperemines,

1930 1274 1983 1320 et
2029 1268 2282 1336 peperisti
2332 1268 2577 1321 omnium
2626 1269 2815 1333 Deum,
2848 1279 2901 1322 et
2955 1268 3188 1338 Regem,
3219 1284 3325 1323 una
3374 1284 3499 1325 cum

1932 1360 2037 1413 illis
2086 1375 2273 1428 preces
2324 1359 2560 1431 eﬁ‘u_ndc,
2619 1377 2652 1416 ο
2711 1360 2936 1416 Domina
2992 1363 3362 1429 sanctissima,
3402 1378 3502 1433 pro

1932 1449 2105 1504 Salute
2140 1459 2350 1506 nostra.

2003 1539 2198 1597 Beatus
2245 1544 2502 1613 p0pulus,
2527 1545 2618 1613 qui
2679 1544 2948 1600 beatiﬁcat
2982 1555 3054 1610 te,
3084 1562 3116 1599 ο
3158 1548 3335 1613 beata,
3370 1563 3493 1616 quae

1933 1630 2102 1685 Deum
2131 1634 2347 1688 beatum
2376 1635 2650 1703 peperisti,
2685 1637 2777 1705 qui
2823 1648 3042 1705 propter
3087 1653 3240 1692 suam
3274 1638 3493 1692 miseri-

1931 1725 2172 1779 cordiam
2201 1726 2452 1781 homines
2478 1728 2734 1782 incil'abili
2760 1731 2961 1783 unione
2990 1731 3288 1784 deiticavit.

2002 1812 2267 1869 Volumen
2312 1818 2560 1885 praevidit
2616 1828 2665 1872 te
2712 1821 2995 1888 propheta,
3022 1836 3055 1873 ο
3094 1819 3274 1890 Virgo,
3304 1821 3357 1874 in
3396 1836 3506 1888 quo

1933 1904 2170 1961 Verbum
2206 1909 2470 1978 scriptum
2494 1919 2576 1963 cst
2610 1909 2778 1980 digito
2810 1912 2983 1967 Patris
3026 1928 3039 1963 :
3071 1914 3215 1982 quod
3268 1913 3497 1980 Sltpple'x

1936 2013 2124 2065 exora,
2164 2009 2223 2053 ut
2243 2001 2555 2055 ascribatin
2576 2002 2714 2057 libro
2731 2004 2852 2057 vita:
2890 2020 3011 2069 nos,
3046 2005 3138 2075 qui
3172 2014 3221 2060 te
3249 2006 3505 2074 religiose

1936 2091 2324 2162 gloriﬁcamus.

2007 2182 2213 2253 Magna:
2242 2184 2440 2240 mentis
2468 2183 2707 2239 Verbum
2743 2197 3008 2240 mternutn
3043 2185 3096 2239 in
3144 2193 3215 2248 te,
3242 2200 3275 2239 ο
3303 2185 3502 2254 puella,

1936 2274 2281 2331 ineﬂ‘abiliter
2298 2292 2361 2331 ac
2387 2276 2807 2332 formidabiliter
2835 2294 2958 2332 vere
2986 2278 3260 2333 habitasse
3287 2278 3505 2332 intuens

1935 2364 2152 2421 Gabriel
2206 2368 2588 2438 archangelus,
2624 2369 2924 2424 clamabat:
2959 2371 3093 2435 Ave,
3132 2368 3360 2425 thronus
3413 2369 3509 2422 Al-

1940 2458 2157 2521 tissimi,
2185 2472 2220 2514 o
2250 2459 2557 2513 benedicta.

2006 2548 2142 2604 Cum
2231 2550 2567 2606 Salvatorem
2618 2560 2674 2605 ct
2713 2549 2908 2616 Deum,
2975 2550 3387 2621 Redetnptorem
3456 2561 3509 2605 et

1942 2638 2227 2693 Dominum
2260 2640 2585 2709 perpereris,
2621 2655 2655 2694 0
2706 2639 3017 2695 castissima
3052 2638 3278 2693 Domina
3302 2681 3320 2705 ,
3349 2655 3508 2695 eum-

1937 2729 2059 2783 dem
2101 2745 2313 2800 semper
2369 2732 2684 2801 deprecare,
2716 2746 2749 2785 ο
2796 2731 3171 2794 immaculata,
3208 2740 3269 2784 ut
3319 2730 3389 2784 ab
3443 2748 3509 2783 en

1937 2823 2184 2893 recipere
2216 2825 2490 2892 possimus
2508 2824 2954 2894 gravissimorum
2991 2824 3260 2877 malorum
3314 2823 3512 2893 depul-

1936 2916 2170 2981 sionem,
2200 2915 2672 2985 plurimorumque
2719 2915 2877 2985 175
2910 2924 3258 2984 peccatorum
3316 2915 3508 2968 remis.

1936 3009 2171 3074 sionem,
2199 3008 2483 3062 laudantes
2536 3007 2940 3062 misericordias
2996 3007 3138 3078 ejus,
3174 3021 3296 3077 quae
3344 3021 3507 3061 exce-

1936 3100 2075 3155 dunt
2107 3114 2322 3153 omnem
2359 3100 2776 3169 cogitationem.

2008 3189 2280 3261 Nuptialis
2325 3206 2529 3260 auspex
2567 3191 2785 3245 divinus
2819 3189 3178 3260 archangelus
3206 3202 3377 3259 prope
3410 3204 3506 3242 as-

259 3272 530 3343 εφώνησε,
554 3273 614 3326 τὸ
641 3274 811 3345 Χαῖρε
838 3278 940 3341 σοὶ,
957 3276 1161 3349 Νύμφη
1196 3279 1330 3332 Θεοῦ
1361 3280 1693 3351 άνύμφευτε,
1721 3284 1827 3337 τῶν

1942 3290 2087 3347 tans,
2123 3282 2451 3336 exclamavit
2483 3281 2601 3347 tibi,
2630 3281 2765 3347 Ave,
2797 3296 2829 3334 ο
2877 3295 3075 3350 sponsa
3120 3280 3211 3333 Ι)ιοί
3256 3280 3505 3348 innupta,

264 3363 515 3431 ἀγγέλων
548 3367 581 3435 ἡ
608 3365 754 3431 δόξα,
806 3367 902 3421 καὶ
945 3367 1056 3422 τῶν
1100 3370 1403 3441 ἀνθρώπων
1436 3373 1497 3425 τὸ
1542 3374 1833 3446 διάσωσμα

262 3456 359 3509 καὶ
396 3458 802 3529 περιτείχισμα.
1718 3502 1723 3507 ε

329 3548 451 3620 Πῦρ
503 3550 740 3622 ἑκύησας
786 3552 1038 3624 οὐδαμῶς
1092 3554 1354 3625 φλογίσαν
1408 3575 1525 3623 σου,
1561 3561 1829 3633 Παρθένε,

260 3642 448 3708 νηδὺν,
483 3642 658 3712 Λόγον
701 3645 998 3716 ἐγέννησας
1032 3647 1266 3718 Πατρὸς,
1298 3650 1684 3722 ἐξαιρούμενον
1711 3658 1835 3709 ἀλο-

260 3734 386 3802 γίας
433 3737 563 3799 τοὺς
607 3735 795 3805 λόγους
845 3736 940 3791 τοῦ
984 3739 1188 3793 πλάνου
1249 3742 1683 3811 ὑπακούσαντας,
1736 3749 1832 3802 καὶ

258 3824 719 3895 παρακούσαντας
768 3827 864 3882 τοῦ
914 3832 1275 3903 πεποιηκότος
1321 3833 1457 3888 Θεοῦ
1500 3836 1595 3890 τοῦ
1641 3839 1831 3907 φιλαν-

260 3913 506 3985 θρώπου.

330 4005 487 4075 Φωνῇ
521 4004 617 4059 τοῦ
659 4006 894 4076 ἀγγέλου
923 4008 1165 4083 Γαϐριὴλ
1223 4011 1517 4077 συνέλαϐες
1562 4013 1696 4069 Θεὸν
1722 4016 1831 4070 Λό-

258 4094 380 4163 γὸν,
429 4097 833 4169 παναμώμητε,
874 4099 1017 4171 λόγῳ
1046 4101 1141 4165 τὰς
1170 4102 1282 4157 ἄνω
1315 4105 1646 4176 στρατηγίας
1678 4109 1831 4177 ποιή-

260 4204 454 4253 σαντα,
491 4188 589 4242 καὶ
620 4188 776 4257 λόγον
810 4192 1122 4263 παρέχοντα
1152 4195 1344 4263 ὑμνεῖν
1377 4194 1475 4267 τὴν
1502 4196 1645 4269 ὑπὲρ
1668 4197 1827 4267 λόγον

255 4280 354 4333 καὶ
378 4279 588 4335 ἔννοιαν
614 4282 804 4338 τούτου
844 4284 1009 4355 ἁγίαν
1035 4288 1475 4355 συγκατάϐασιν.

328 4463 585 4527 Φανεῖσα,
628 4463 894 4532 Παρθένε,
924 4465 1241 4537 πλατυτέρα
1271 4470 1514 4541 οὐρανῶν
1540 4469 1825 4543 ἐχώρησας

254 4553 393 4607 Θεὸν
421 4556 862 4626 ἀνερμηνεύτως,
891 4556 952 4611 ὃν
982 4558 1293 4628 ἀσωμάτων
1327 4560 1480 4632 χοροὶ
1528 4564 1825 4634 ἁνυμνοῦσι

258 4644 541 4716 μυστικῶς
571 4661 587 4677 ο
647 4648 811 4701 αὐτὸν
867 4645 961 4701 οὖν
1027 4650 1280 4716 ἱκέτευε,
1360 4653 1541 4723 ἁγνὴ,

253 4737 407 4806 ἡμᾶς
459 4737 702 4809 σωθῆναι
747 4738 875 4804 τούς
905 4756 965 4794 σε
1007 4740 1413 4813 μακαρίζοντας
1462 4746 1667 4814 φωναῖς
1702 4748 1827 4800 ἀσι-

251 4827 463 4899 γήτοις.

263 4940 370 4993 Ἐκ
398 4940 506 5025 {ei}
549 4942 818 5025 Kardrgc
864 4946 968 5025 ειςΔ
980 4945 1087 5025 τὰς
1140 4946 1331 5025 ἁγίας.
1376 4948 1675 5025 μάρτυρας
1703 4953 1827 5018 Μη-

627 5052 645 5078 ,
730 5008 1129 5083 Μὴτροόάξρὰν
1154 5008 1201 5084 ,⁷
1236 5008 1337 5072 mil
1376 5008 1820 5089 ’Νὗμφόδῶραὴ

335 5194 427 5258 Ὦς
456 5194 699 5267 ἔμψυχον
744 5199 1004 5271 θάλαμον,
1037 5201 1113 5263 ὡς
1158 5201 1486 5275 ἀδιάφθορον
1532 5206 1821 5277 σκήνωμα,

249 5285 328 5349 ὡς
358 5286 537 5357 πύλην
582 5289 853 5360 οὐράνιον,
900 5292 977 5356 ὡς
1012 5293 1163 5347 θείαν
1196 5294 1498 5365 τράπεζαν,
1537 5296 1612 5360 ὡς
1645 5298 1822 5352 παλά-

248 5394 389 5441 τιον,
420 5380 518 5433 καὶ
554 5379 745 5451 θρόνον
790 5382 885 5436 τοῦ
915 5385 1187 5439 Δεσπότου
1241 5385 1464 5456 Μαρίαν
1492 5387 1587 5458 τὴν
1620 5388 1823 5458 ἄχραν-

248 5486 344 5522 τον
374 5468 570 5541 ὐμνοις
598 5473 943 5544 τιμήσωμεν.

325 5725 439 5789 (74)
479 5724 623 5779 Idem
648 5728 788 5795 apud
813 5740 898 5779 me
919 5736 1001 5781 est
1022 5726 1315 5779 immunem
1340 5740 1459 5780 esse
1483 5723 1755 5796 Virginem
1787 5741 1815 5779 a

287 5804 475 5850 eccato
500 5796 755 5861 originali
788 5804 842 5850 et
886 5797 1107 5861 artuali,
1135 5811 1199 5851 ac
1233 5810 1354 5849 esse
1394 5796 1817 5850 immaculatam.

296 5864 401 5919 icet
424 5866 566 5919 enim
617 5865 864 5920 homines
898 5866 1141 5934 concepti
1192 5867 1243 5919 in
1295 5876 1514 5934 peccato
1555 5866 1819 5920 immacu-

246 5935 341 5989 lati
392 5946 808 6005 nuncupentur,
865 5948 923 5990 ut
984 5952 1107 5991 cum
1176 5937 1373 5991 dicitur
1428 5937 1480 5989 in
1544 5936 1754 6006 psalmo
1803 5975 1819 6001 ,

1938 3372 2253 3444 angelorum
2308 3374 2501 3444 gloria,
2548 3382 2604 3429 et
2665 3371 2945 3428 hominum
2981 3372 3151 3437 salus,
3192 3379 3248 3425 et
3312 3371 3496 3423 muni-

1938 3473 2202 3519 mentum.
2641 3508 2649 3514 .

2008 3554 2190 3626 Ignem
2226 3552 2545 3624 concepisti,
2579 3551 2672 3622 qui
2702 3566 3043 3621 nequaquam
3077 3560 3288 3605 uterum
3325 3558 3503 3613 tuum,

1937 3661 1971 3701 ο
2010 3645 2194 3717 Virgo,
2229 3646 2465 3700 ﬂammis
2509 3643 2841 3711 combussit;
2899 3641 3131 3698 Verbum
3187 3643 3362 3698 Patris
3413 3658 3508 3714 gu-

1936 3739 2125 3805 nuisti,
2158 3739 2302 3807 quod
2344 3736 2537 3791 liberat
2587 3735 2657 3790 ab
2705 3734 3119 3789 irrationalitate
3159 3749 3252 3788 eos
3279 3736 3370 3804 qui
3416 3750 3505 3789 se-

1936 3831 2183 3886 ductoris
2211 3830 2389 3885 verbis
2420 3828 2764 3893 obedierunt,
2795 3837 2849 3882 et
2889 3828 3000 3881 Deo
3033 3825 3226 3880 facturi
3252 3840 3351 3880 suo
3395 3824 3505 3879 hu-

1937 3921 2257 3976 manissimo
2291 3919 2669 3975 inobedientes
2694 3918 2935 3973 fuerunt.

2000 4015 2107 4067 Per
2134 4026 2322 4066 vocem
2352 4010 2528 4079 angeli
2564 4008 2856 4070 Gabrielis,
2886 4022 2922 4061 ο
2950 4003 3334 4068 mundissima,
3373 4018 3504 4058 con-

1934 4104 2122 4175 cepisti
2162 4104 2330 4157 Deum
2364 4098 2627 4164 Verbum,
2652 4101 2744 4170 qui
2776 4100 2942 4153 verbo
2972 4112 3240 4166 supernos
3287 4097 3502 4150 exerci-

1933 4204 2022 4249 tus
2048 4194 2275 4255 creavit,
2306 4203 2360 4249 et
2390 4193 2611 4246 verbum
2646 4193 2869 4262 praebet,
2903 4205 3012 4261 quo
3051 4198 3297 4245 sant-tant
3356 4188 3504 4242 illius

1931 4284 2336 4339 descensionem
2374 4296 2440 4337 ac
2473 4281 2886 4345 demissionem,
2920 4296 3042 4351 quae
3090 4289 3310 4348 superat
3342 4294 3505 4334 omne

1929 4375 2153 4429 verbum
2189 4385 2242 4428 et
2292 4372 2942 4443 cogitationem,laudare
2986 4370 3283 4440 possimus.

1997 4463 2043 4520 Ο
2088 4462 2272 4535 Virgo,
2296 4464 2457 4519 latior
2486 4464 2639 4518 caelis
2681 4464 3005 4533 apparuisti,
3041 4462 3326 4517 continens
3352 4460 3403 4514 in
3451 4469 3505 4515 te

1928 4556 2273 4611 ineﬂ‘abiliter
2311 4555 2504 4619 Deum,
2528 4570 2691 4625 quem
2720 4555 3168 4623 incorporeorum
3197 4552 3354 4606 chori
3388 4568 3506 4624 my-

1618 4655 1825 4720 πάντας
1850 4661 1904 4721 Ῑ)
1930 4650 2066 4705 stice
2130 4649 2461 4704 collaudant.
2494 4649 2672 4718 Ipsum
2715 4663 2847 4717 ergo
2902 4648 3220 4717 deprecare,
3256 4663 3289 4702 ο
3329 4656 3502 4711 casta,

1934 4756 2034 4812 pro
2058 4742 2236 4796 salute
2264 4742 2509 4796 omnium
2544 4752 2817 4807 nostrum,
2849 4740 2942 4812 qui
2973 4751 3026 4797 te
3057 4740 3369 4811 irrequietis
3404 4754 3504 4794 vn-

1932 4836 2085 4890 cibus
2106 4834 2501 4890 beatiﬁcamus.

1934 4948 2019 5004 Ex
2042 4949 2253 5003 Conone
2290 4950 2342 5001 in
2383 4950 2515 5017 festo
2546 4948 2646 5018 SS.
2691 4958 2983 5018 martyrum
3026 4946 3349 5012 Menodorw,
3392 4944 3504 4999 Me-

2215 5021 2465 5079 trodore.
2489 5026 2538 5071 et
2572 5017 2984 5087 Nympltudoraz,
3012 5018 3097 5070 die
3129 5019 3215 5070 tu.

2003 5196 2286 5266 Tanquam
2337 5195 2634 5250 thalamum
2669 5203 2991 5257 animatum,
3020 5201 3275 5262 tanquam
3323 5192 3503 5248 taber—

1930 5292 2189 5347 naculum
2222 5293 2625 5360 incorruptum,
2657 5301 2914 5361 tanquam
2957 5296 3170 5359 portam
3202 5289 3498 5354 caelestem,

1927 5390 2184 5451 tanquam
2244 5396 2487 5434 mensam
2543 5379 2806 5446 divinam,
2848 5387 3106 5448 tanquam
3150 5378 3409 5448 palatium
3447 5388 3500 5431 et

1928 5472 2196 5528 thronum.
2240 5470 2478 5538 Domini,
2531 5469 2758 5525 Mariam
2800 5471 3232 5549 imntaculatam,
3276 5470 3497 5541 hymnis

1927 5563 2260 5619 honoremus
2290 5564 2428 5634 (π).

1928 5724 2078 5779 Beati
2108 5722 2438 5777 inmaculati
2474 5724 2529 5777 in
2555 5724 2660 5789 via,
2685 5739 2873 5792 parum
2893 5721 3076 5787 refert,
3106 5724 3361 5791 quoniam
3389 5738 3495 5777 non

1928 5794 2121 5863 loquor
2146 5795 2213 5849 de
2238 5795 2479 5863 qualibet
2513 5799 2919 5863 nuncupatione
2964 5794 3199 5848 nominis
3231 5795 3499 5848 immacu—

1930 5865 2044 5929 lati,
2070 5865 2165 5919 sed
2205 5866 2272 5918 de
2310 5864 2557 5920 absoluta
2592 5873 2645 5918 et
2680 5864 3134 5933 antonotnastica,
3167 5875 3219 5917 ct
3250 5863 3491 5933 speciali,

1930 5949 2282 6004 persongcque
2327 5934 2694 6005 particularis,
2727 5942 2781 5990 et
2831 5934 2883 5988 in
2930 5932 3081 5989 Novo
3122 5932 3492 6008 Testamento,
