3996 6618
500 527 636 595 1187

506 730 774 799 dispelle;
814 725 1018 796 peccati
1061 721 1276 776 vincula
1332 719 1648 788 disrumpe;
1682 716 1833 771 salva
1866 731 1953 769 me
1993 726 2071 778 tu,

502 836 625 890 quae
661 819 806 873 omni
854 812 1231 869 misericordia
1257 812 1562 881 praeditum,
1586 812 1943 877 omniumque
1970 810 2076 860 mi-

500 921 770 965 serentem
804 906 1081 977 peperisti.

576 1001 658 1055 Me
687 1000 861 1054 dolosi
893 999 1098 1052 malitia
1130 997 1514 1065 interemptum
1547 992 1783 1057 vivifica,
1813 1006 1847 1046 ο
1898 992 2078 1045 illiba-

502 1094 735 1156 tissima,
771 1109 892 1162 qua:
929 1091 1094 1145 vitam
1154 1091 1328 1157 ipsam
1380 1088 1679 1159 peperisti;
1718 1086 1782 1140 ad
1831 1096 1882 1141 te
1931 1087 2077 1140 enim

500 1182 755 1253 confugi;
803 1191 855 1235 et
892 1182 945 1234 in
1004 1179 1278 1250 profunda
1338 1188 1688 1248 peccatorum
1749 1176 2076 1245 prolapsum

500 1275 668 1344 erige,
692 1283 854 1343 atque
873 1273 1118 1333 extrahe,
1148 1283 1409 1340 tanquam
1446 1270 1607 1340 176
1649 1268 2011 1337 compatiens,
2045 1280 2080 1318 o

502 1373 613 1419 tota
638 1365 985 1419 immaculata
1017 1364 1156 1434 (75).

570 1455 707 1511 Cum
756 1466 808 1511 te
854 1457 1023 1510 solam
1072 1456 1320 1515 electam,
1356 1460 1411 1507 et
1464 1452 1851 1521 pulchram,et
1885 1464 2081 1504 caren-

503 1558 610 1602 tem
648 1548 887 1609 macula,
922 1546 1320 1600 divinissimnm
1373 1543 1609 1597 Verbum
1664 1542 1981 1606 invenisset,
2013 1556 2079 1595 ex

503 1649 555 1693 te
587 1641 927 1695 iucarnatum
961 1650 1063 1703 est,
1096 1654 1128 1691 ο
1153 1637 1333 1691 divina
1368 1637 1541 1705 gratia
1572 1636 1910 1705 plenissima.

574 1731 807 1787 Sanctus
847 1739 930 1785 est
988 1730 1157 1795 Deus,
1189 1731 1279 1799 qui
1338 1727 1603 1781 habitavit
1649 1728 1702 1780 in
1743 1736 1902 1781 utero
1960 1733 2079 1790 tuo,

503 1838 626 1875 cum
684 1832 736 1876 te
766 1823 1022 1877 omnibus
1053 1820 1320 1874 creaturis
1352 1819 1681 1873 sanctiorem
1708 1832 1773 1870 ac
1798 1817 2077 1887 puriorem

506 1915 807 1970 invenisset
848 1913 982 1985 (76),
1014 1928 1046 1965 ο
1083 1912 1175 1968 Ι)θὶ
1232 1913 1403 1966 Mater
1453 1912 1801 1966 immaculata
1850 1911 2078 1982 Regina,

500 2005 659 2073 cujus
682 2020 875 2060 nomen
907 2004 1333 2058 dominationem
1369 2012 1550 2057 sonat.

573 2098 745 2166 Supra
782 2109 985 2151 natura:
1016 2097 1282 2159 ordinem,
1312 2095 1624 2149 Creatorem
1671 2096 1725 2149 in
1761 2105 1921 2149 utero
1969 2101 2071 2147 tuo

502 2197 824 2257 conceptum
855 2198 1069 2259 gestare
1098 2189 1258 2258 digna
1291 2190 1429 2242 facta
1469 2188 1642 2254 fuisti,
1668 2204 1700 2243 ο
1731 2189 1909 2259 puella
1932 2228 1946 2251 ,
1979 2189 2072 2258 qui

500 2277 817 2332 reformavit
852 2296 974 2346 nos,
1008 2294 1133 2334 cum
1179 2279 1281 2332 fide
1299 2284 1559 2333 canentes
1594 2296 1608 2333 :
1640 2277 1971 2333 Benedictus
1991 2292 2071 2343 es,

498 2370 737 2425 Christe.

572 2460 854 2532 Tanquam
886 2464 1143 2533 templum
1187 2463 1278 2517 Dei
1329 2463 1763 2527 immaculatum,
1795 2476 1828 2516 ο
1877 2462 2074 2531 puclla,

499 2558 752 2609 eumdem
783 2557 1069 2625 suscepisti
1096 2557 1335 2610 humano
1362 2572 1591 2626 corpore
1619 2557 1886 2617 indutum,
1921 2566 1973 2609 et
2002 2557 2079 2623 in,

503 2647 716 2701 duabus
752 2647 963 2702 naturis
993 2649 1272 2714 cognitum
1296 2664 1314 2701 :
1344 2649 1432 2703 cui
1464 2650 1814 2703 concinimus
1861 2664 1876 2700 :
1908 2646 2083 2701 Bene-

504 2740 691 2802 dicite,
728 2755 913 2809 opera,
970 2739 1282 2796 Dominum.

578 2829 748 2885 Parce
780 2831 930 2892 mihi,
968 2832 1203 2895 Christe,
1239 2832 1368 2885 dum
1413 2832 1897 2901 venerisjudicare
1920 2848 2079 2887 mun-

504 2923 635 2977 dum
709 2938 833 2976 cum
893 2921 1063 2991 gloria
1110 2938 1124 2974 :
1183 2922 1425 2977 dissolve
1477 2925 1706 2979 nebulas
1767 2924 2079 2993 passionum

506 3029 755 3067 mearum
810 3016 1065 3083 precibus
1121 3014 1413 3069 Genitiicis
1468 3025 1592 3078 tuae,
1628 3031 1691 3068 ac
1746 3016 2084 3085 venerando-

511 3121 631 3159 ium
690 3115 990 3175 martyrum
1054 3119 1315 3170 tuorum,
1379 3116 1635 3176 tanquam
1688 3107 2086 3178 bonus,pluri-

513 3210 715 3263 tuaque
742 3196 1117 3250 misericordia
1155 3197 1373 3265 plenus.

1634 512 1689 575 S.
1734 510 2043 575 JOSEPllI
2085 510 2641 573 HYMNOGRAPHI

575 644 806 709 Appare,
837 650 869 688 ο
904 633 1063 703 Virgo
1108 639 1277 697 casta,
1308 638 1361 683 et
1404 627 1601 681 animm
1634 640 1767 679 mea:
1820 624 2073 678 tenebras
2104 632 2147 687 Α

3605 502 3738 568 1188

2264 627 2621 694 Ἐπιφανεῖσα
2647 623 2747 694 τῆς
2774 622 2951 693 ψυχῆς
2984 640 3084 693 μου
3109 622 3170 677 et.
3202 624 3389 689 σκότος
3436 623 3728 686 ἀπέλασον,

2176 718 2450 787 ἁμαρτίας
2475 718 2573 778 τὰς
2601 716 2810 785 σειρὰς,
2842 716 2982 787 ἁγνὴ
3013 714 3602 787 Παρθένε,διάῤῥηξον,
3633 714 3737 768 σῶο

2180 802 2274 854 σόν
2309 818 2402 872 με,
2433 802 2691 871 κυήσασα
2718 801 2809 854 τὸν
2839 800 3291 871 πανοικτιρμονα.

2252 978 2614 1048 Νικρωθέντα
2664 995 2731 1047 με
2774 977 2944 1047 κακίᾳ
2972 975 3068 1029 τοῦ
3115 975 3312 1043 δολίου,
3343 976 3678 1046 πανάμιωμε,
3712 977 3743 1043 ὴ

2181 1071 2333 1139 Ζωὴν
2359 1069 2614 1135 τεκοῦσα,
2652 1068 2891 1133 ζώωσον,
2912 1068 3047 1137 πρὸς
3076 1069 3136 1120 σὲ
3174 1068 3282 1138 γὰρ
3320 1067 3629 1139 κατέφυγα,
3661 1070 3752 1121 καὶ

2182 1162 2494 1233 ἰμπεσόντα
2538 1162 2619 1225 εἰς
2661 1159 2798 1230 βάθη
2844 1160 3258 1230 παραπτώσεων
3302 1160 3644 1227 ὲπανάγαγε,
3680 1159 3752 1220 ὡς

2184 1253 2495 1324 συμπαθὴς,
2535 1252 2939 1323 παναμώμητε.

2256 1435 2326 1488 Σὲ
2386 1434 2556 1503 μόνην
2603 1432 2887 1501 ὲκλεκτὴν,
2941 1430 3033 1485 καὶ
3080 1430 3274 1502 καλὴν,
3317 1432 3411 1485 καὶ
3452 1429 3753 1501 ἀμώμητον

2184 1527 2491 1597 εὑράμενος
2534 1523 2883 1595 σωματοῦται
2931 1526 2960 1578 6
3014 1522 3278 1595 ὁπέρθεος
3300 1524 3473 1594 Λόγος
3518 1526 3588 1578 kx
3638 1525 3755 1592 σοῦ,

2183 1619 2578 1690 Θεοχαρίτωτε.

2260 1714 2451 1779 ”Αγιος
2484 1715 2512 1766 ὁ
2553 1712 2836 1782 σκηνὼσας
2862 1726 2920 1764 sv
2955 1712 3142 1782 μήτρα
3170 1728 3265 1765 σου
3292 1711 3494 1779 Κύριος
3523 1711 3751 1779 ἁγιωτέ-

2187 1820 2287 1872 ραν
2337 1802 2515 1872 εὑρών
2560 1819 2618 1855 σε
2673 1804 2770 1855 καὶ
2822 1803 3214 1873 καθαρωτέραν
3255 1805 3486 1865 κτίσεως
3557 1801 3752 1872 πάσης.

2187 1894 2495 1966 Θεομῆτορ,
2532 1894 2851 1965 κυριῶνυμε
2879 1894 3115 1966 ἄχραντε
3141 1894 3428 1947 Δέσποινα.

2272 2078 2597 2149 ’Υπερφυῶς
2644 2078 2738 2131 τὸν
2792 2077 3029 2150 κτίστην
3091 2081 3157 2150 τῇ
3198 2079 3395 2150 γαστρί
3445 2094 3567 2142 σου.
3599 2078 3755 2150 κόρη,

2188 2172 2525 2243 κυοφορῆσαι
2578 2170 2916 2241 κατηξιωσαι
2973 2172 3121 2241 ἡμᾶς
3174 2172 3587 2227 ἀναπλάττοντα
3633 2173 3755 2235 τοὺς

2192 2264 2565 2335 αελῳδοῦντας
2594 2264 2777 2318 πίστει
2799 2280 2813 2294 ⁸
2850 2265 3073 2334 Χριστὲ,
3105 2265 3398 2335 εὐλογητὸς
3427 2260 3500 2318 εἰ.

2273 2456 2361 2514 Ὠς
2413 2454 2550 2508 Θεοῦ
2611 2453 2942 2523 ὰκηλίοωτον
3001 2453 3228 2523 τέμενος
3283 2452 3532 2519 oneres.»
3595 2452 3756 2505 αὐτὸν

2190 2550 2647 2619 σωματούμινον,
2696 2549 2793 2603 καὶ
2834 2550 2894 2600 ἐν
2934 2548 3056 2601 δυσὶ
3100 2549 3221 2609 ταῖς
3258 2546 3454 2615 φύσεσι
3498 2544 3758 2614 γνωριζό-

2194 2659 2375 2711 μενον,
2401 2642 2558 2714 κόρη,
2582 2634 2627 2710 ᾧ
2658 2638 3021 2712 μιλῳδοῦμενο
3057 2639 3365 2707 Εὐλογιῖτε,
3394 2638 3467 2691 τὰ
3492 2636 3655 2707 ἔργα,
3672 2635 3759 2688 τὸν

2191 2736 2417 2806 Κύριον.

2262 2826 2451 2881 Calcat!
2480 2845 2609 2897 μου,
2642 2825 2867 2897 Χριστὶ,
2891 2825 3022 2878 ὅταν
3046 2824 3203 2894 ἔλθῃς
3228 2825 3413 2893 κρῖναι
3440 2821 3532 2874 τδν
3557 2821 3761 2889 κόσμον

2197 2921 2335 2992 μετὰ
2378 2921 2559 2989 δόξης,
2596 2918 2758 2972 λῦσον
2803 2917 2901 2989 τὴν
2930 2916 3098 2989 ἀχλὺν
3139 2915 3247 2970 τῶν
3281 2914 3471 2969 παθῶν
3507 2931 3612 2983 μου
3643 2914 3761 2973 ταῖς

2195 3011 2423 3071 ἱκεσίαις
2441 3009 2541 3078 τῆς
2562 3008 2845 3077 κυησάσης
2870 3024 2951 3069 σε,
2968 3006 3062 3059 καὶ
3087 3006 3195 3060 τῶν
3220 3004 3437 3058 σεπτῶν
3461 3002 3762 3075 μαρτύρων

2195 3116 2310 3166 σου,
2334 3099 2409 3163 ὡς
2437 3098 2637 3165 ἀγαθὸς
2665 3098 2761 3150 καὶ⁵
2786 3094 3092 3159 πολυέλεος.

508 3302 593 3358 Ex
619 3303 830 3359 Canoue
852 3306 906 3359 in
937 3304 1070 3375 festo
1097 3305 1156 3359 S.
1185 3304 1419 3393 ξίοιηξςὶἰ
1445 3303 1783 3359 Centurionis
1810 3300 2085 3370 martyris,

2207 3300 2312 3357 Ἐκ
2339 3300 2452 3393 toﬁ.
2470 3301 2739 3393 Κανόγοςὲ
2777 3302 2888 3393 εις]
2908 3298 3016 3353 τὸν
3039 3296 3511 3393 ἄγιονᾼμιξρτιφξι
3539 3294 3760 3363 Κορνή.

1176 3375 1263 3428 die
1302 3377 1389 3429 f3.

577 3486 767 3545 Allicis
790 3487 1029 3542 fidelium
1053 3488 1217 3543 corda
1241 3488 1308 3541 ad
1331 3495 1383 3542 te
1406 3502 1623 3557 semper
1648 3502 1771 3539 cum
1797 3484 2089 3538 insatiabili

512 3580 787 3634 desiderio
852 3580 1286 3649 glorificaudam,
1329 3595 1362 3633 o
1410 3579 1639 3633 Domina
1706 3578 1796 3632 Dei
1857 3576 2091 3644 genitrix

516 3673 920 3725 immaculata:
963 3682 1017 3726 ιιι
1075 3670 1219 3726 enim
1286 3688 1345 3727 es
1385 3672 1668 3726 hominum
1723 3668 1915 3741 gloria,
1967 3685 2091 3741 quae

514 3762 799 3817 Dominum
840 3762 1023 3833 gloria:
1053 3762 1331 3834 peperisti.

514 3934 640 3974 nam
680 3918 733 3972 in
763 3916 940 3974 Veteri
971 3933 1077 3974 non
1111 3918 1393 3974 exstiterat
1419 3917 1671 3974 Christus
1691 3927 1748 3973 et
1776 3918 2085 3973 beatissima

516 3989 698 4057 Virgo,
735 4005 856 4057 qua:
886 4004 1129 4053 persona:
1158 4003 1305 4051 vere,
1336 3999 1393 4044 et
1424 3989 1660 4059 praprie,
1688 4000 1744 4042 et
1761 3990 2006 4051 omnino,
2038 3997 2090 4041 et

515 4062 945 4114 autonomastice
997 4059 1358 4114 immaculata:
1416 4069 1577 4124 sunt;
1618 4068 1672 4113 at
1714 4074 1842 4112 vero
1872 4073 1995 4112 cum
2035 4060 2087 4110 in

518 4127 695 4182 Veteri
726 4126 1075 4184 Testamento
1115 4130 1251 4184 tales
1297 4144 1545 4200 personae
1592 4145 1697 4182 non
1738 4138 1938 4192 essent,
1981 4143 2089 4179 non

520 4200 741 4259 mirum,
773 4201 816 4251 si
853 4200 1237 4253 attribueretur
1264 4198 1638 4254 sanctioribus
1674 4212 1869 4251 nomen
1896 4200 2093 4251 imma-

518 4268 706 4329 culati,
765 4270 1000 4323 maxime
1044 4283 1167 4323 cum
1215 4283 1315 4324 nec
1363 4270 1611 4322 absolute
1650 4268 1756 4321 illis
1799 4267 2089 4321 tribuatur.

521 4339 613 4392 Sic
646 4352 769 4390 cum
813 4340 1013 4394 dicitur
1048 4356 1062 4393 :
1102 4339 1255 4393 Beati
1297 4338 1635 4393 immaculati
1667 4376 1683 4399 ,
1740 4338 1979 4399 additur,
2036 4338 2092 4390 in

520 4408 631 4470 via,
663 4407 714 4461 id
746 4418 850 4471 est,
892 4410 943 4463 in
976 4409 1139 4463 modo
1168 4410 1451 4476 operandi,
1482 4424 1587 4461 non
1616 4408 1859 4463 absolute
1891 4416 1943 4459 ct
1977 4422 2095 4459 om—

521 4478 673 4530 nino.
730 4477 894 4531 David
949 4479 1112 4532 etiam
1159 4479 1316 4542 dixit,
1380 4477 1785 4533 [inmaculatus
1831 4493 1939 4538 ero,
1992 4476 2095 4528 hoc

524 4549 703 4615 ipsum
736 4549 938 4602 indicat
962 4549 1253 4617 aliquando
1283 4564 1393 4602 non
1422 4550 1593 4602 fuisse
1625 4549 1807 4602 talem.
1829 4545 1931 4599 Job
1960 4558 2097 4615 quo-

524 4632 651 4682 que,
678 4617 771 4683 qui
818 4616 1132 4686 agnoverat,
1174 4627 1229 4671 et
1270 4627 1632 4687 supposuerat
1676 4632 1735 4671 se
1789 4616 1840 4669 in
1874 4624 2095 4685 peccato

522 4696 868 4756 conceptum,
910 4698 1093 4756 postea
1129 4703 1185 4740 se
1216 4688 1352 4741 dixit
1405 4688 1813 4741 immaculatum
1866 4690 1932 4738 de
1963 4700 2092 4755 prte-

522 4755 698 4826 senti,
720 4772 825 4809 non
864 4755 929 4809 de
962 4758 1255 4826 praeterito,
1288 4758 1428 4809 sicut
1462 4758 1550 4808 alii
1597 4756 1972 4825 significantur
1999 4758 2099 4807 im-

529 4825 782 4895 maculati
815 4826 880 4879 de
918 4829 1100 4880 l'nturo
1125 4828 1175 4879 in
1208 4828 1512 4895 Scriptura.
1544 4827 1733 4880 Modus
1766 4835 1944 4879 autem
1988 4840 2097 4894 quo

520 4892 795 4963 Josepbus
820 4906 871 4950 ct
904 4897 995 4951 alii
1041 4898 1224 4951 l’atres
1249 4892 1447 4951 Vocant
1474 4894 1748 4966 Virginem
1782 4892 2099 4949 immacula-

523 4977 659 5029 tam,
693 4967 955 5028 absolute,
988 4968 1457 5026 antonomaSIice:
1486 4978 1539 5020 et
1570 4967 1771 5035 passim
1806 4980 1909 5018 non
1946 4966 2098 5017 inve-

523 5037 914 5106 nitursimilis
947 5037 999 5090 in
1040 5037 1159 5091 aliis
1203 5037 1426 5099 sanctis,
1468 5047 1522 5091 et
1553 5035 2005 5106 specialissimum
2045 5042 2099 5088 et

524 5105 790 5175 grandius
821 5108 1023 5175 aliquid
1056 5122 1218 5175 supra
1250 5122 1441 5160 omnes
1473 5104 1611 5160 filios
1633 5104 1759 5157 Ada:
1792 5107 2015 5175 indicat,
2042 5112 2100 5157 ut

529 5178 580 5228 iu
613 5175 731 5247 suis
775 5174 1259 5233 Dis~ertationibus
1287 5177 1592 5247 epistolicis
1624 5175 1785 5245 epist.
1818 5176 1873 5239 8,
1904 5174 2099 5228 obser-

529 5255 615 5298 vat
640 5244 1099 5313 Nierembergius.

598 5314 712 5386 {75)
755 5312 1011 5386 Concinit
1040 5316 1276 5386 Josepho
1308 5324 1497 5372 nostro
1529 5315 1587 5370 S.
1622 5312 1980 5386 lldephonsus
2009 5325 2100 5368 ar-

528 5384 910 5453 chiepiscopus
963 5383 1279 5451 Toletanns,
1330 5387 1380 5439 in
1419 5402 1587 5441 aureo
1628 5394 1857 5439 tractatu
1904 5383 1981 5436 De
2014 5400 2101 5436 co-

530 5470 660 5506 rona
693 5455 757 5508 Β.
781 5456 1062 5527 γγίνςίιιίδ,
1090 5457 1236 5527 quod
1271 5472 1429 5525 opus,
1462 5467 1520 5510 ut
1550 5467 1777 5510 testatur
1812 5457 2005 5527 Petrus
2033 5455 2101 5508 de

527 5527 737 5597 Alvain
772 5524 1416 5597 Biblibthccarl’irginali,
1442 5526 1610 5581 frlntn
1629 5542 1754 5582 esse
1786 5526 1944 5597 huius
1972 5540 2100 5597 sart-

527 5594 756 5667 ctissimi
781 5599 1025 5666 prteSulis
1044 5594 1333 5652 verisimile
1358 5609 1597 5667 putatur,
1620 5597 1747 5651 dum
1770 5596 1838 5648 ibi
1868 5610 1987 5667 cap.
2011 5595 2097 5659 15,

531 5664 637 5718 hoc
672 5664 868 5720 habet:
905 5685 924 5718 ι
981 5668 1084 5731 'l'n,
1125 5664 1373 5733 Domina,
1422 5684 1638 5737 semper
1684 5666 2000 5737 fuisti_clara
2027 5676 2101 5737 _et

533 5750 750 5797 serena,
783 5739 1020 5801 sincera,
1063 5740 1419 5792 mundissima
1455 5747 1509 5792 et
1542 5734 1782 5790 amoena.
1830 5734 1909 5787 Tu
1952 5734 2097 5788 enim

532 5819 844 5877 CS‘SCDIPCI'
876 5814 985 5860 tota
1016 5808 1260 5877 pulchra,
1307 5818 1416 5861 tota
1470 5806 1729 5869 formosa,
1763 5815 1871 5860 tota
1905 5805 2100 5877 imma-

534 5874 835 5938 colata,’rt
898 5874 1029 5931 lota'
1069 5880 1337 5944 speciosa.
1387 5877 1594 5932 Macula
1651 5878 1796 5929 nulla
1846 5875 2099 5935 l'uscaris,

536 5945 683 5998 nulla
709 5947 1199 6010 sordclmacularis,
1226 5948 1371 6003 omni
1402 5950 1574 6014 gratia
1604 5947 1915 6003 illustraris.
1956 5965 1974 5998 ι
2008 5946 2103 6000 Sic

2414 3375 2551 3425 λιον
2579 3372 2686 3424 τὸν
2710 3370 3169 3437 ἑκατόνταρχον,
3203 3367 3391 3437 ἡμέρᾳ
3425 3372 3515 3434 ιγ’.

2264 3486 2487 3555 Θέλγεις
2515 3486 2719 3539 πιστῶν
2748 3484 2973 3554 καρδίας
3001 3483 3091 3538 ἀεὶ
3122 3480 3365 3547 δοξάζειν
3391 3498 3450 3533 σε
3482 3478 3760 3549 ἀκορέστῳ

2193 3579 2401 3648 ἐφέσει,
2444 3576 2809 3647 Θεογεννῆτορ
2842 3576 3108 3629 Δέσποινα
3129 3589 3144 3603 ⁸
3192 3572 3317 3637 δόξα
3348 3573 3458 3641 γὰρ
3490 3573 3761 3643 χρηματίο

2194 3671 2307 3735 ζεις
2334 3670 2441 3723 τῶν
2485 3668 2809 3740 ἀνθρώπων,
2840 3668 3043 3733 τέξασα
3085 3665 3177 3720 τὸν
3205 3665 3303 3734 τῆς
3331 3664 3489 3733 δόξης
3536 3662 3757 3731 Κύριον,

2192 3762 2428 3833 ἄχραντε

2190 3918 2299 3972 ille.

2265 3987 2377 4059 (76)
2414 3986 2529 4041 Vox
2570 3986 2776 4054 purior,
2829 3987 3089 4057 applicata
3130 3984 3334 4059 Virgini
3377 3987 3433 4041 in
3478 4002 3760 4056 compara-

2195 4059 2344 4113 tione
2372 4060 2615 4113 omnium
2667 4070 3068 4120 creaturarum,
3104 4061 3329 4113 omnino
3364 4059 3605 4111 excludit
3636 4076 3762 4126 pec-

2194 4138 2377 4181 catum
2431 4129 2680 4198 originis.
2715 4127 2853 4198 Nam
2888 4131 2967 4187 (ut
3017 4130 3069 4181 in
3114 4131 3228 4182 suis
3278 4127 3761 4184 Dissertatiouibus

2194 4198 2495 4267 epistolicis
2523 4196 2679 4267 epist.
2712 4196 2765 4261 6,
2798 4208 2947 4252 notat
2977 4199 3060 4251 vir
3086 4199 3298 4263 egregie
3327 4199 3525 4252 doctus
3559 4208 3615 4251 et
3640 4199 3763 4267 pius

2199 4267 2258 4320 P.
2294 4266 2428 4321 Joan
2464 4266 2730 4322 Eusebius
2774 4268 3233 4336 Nierembergins)
3267 4266 3761 4322 communiter’su-

2199 4346 2425 4391 muutur
2454 4336 2815 4391 diversimode
2842 4340 2945 4392 ista
2971 4338 3189 4391 nomina
3210 4340 3446 4392 sanctior
3472 4348 3524 4391 et
3555 4340 3758 4407 purior.

2202 4406 2472 4461 Sanctitas
2496 4408 2633 4461 solet
2670 4408 2809 4461 sumi
2838 4423 2935 4476 pro
2960 4408 3187 4475 positiva
3220 4409 3479 4477 dignitate
3509 4411 3691 4477 gratia:
3710 4421 3763 4466 et

2203 4480 2547 4545 meritorum,
2578 4478 2643 4530 ad
2688 4492 2850 4545 quam
2893 4477 3137 4545 pervenit
3169 4488 3437 4543 creatura,
3468 4481 3615 4532 unde
3654 4495 3759 4533 non

2202 4544 2437 4601 refertur
2471 4547 2536 4600 ad
2574 4544 2870 4618 praeterita,
2896 4544 3000 4618 sed
3030 4548 3095 4601 ad
3131 4557 3451 4618 prasentem
3482 4558 3684 4603 statum
3710 4560 3762 4603 et

2204 4618 2441 4680 culmen,
2484 4618 2548 4670 ad
2580 4616 2731 4686 quod
2785 4617 3030 4685 pervenit
3078 4618 3270 4685 gratia.
3311 4616 3534 4675 Puritas
3587 4630 3757 4673 autem

2202 4689 2439 4740 sumitur
2476 4702 2573 4755 pro
2603 4688 2846 4754 negativa
2894 4687 3298 4755 propinquitate
3327 4690 3538 4755 peccati
3574 4698 3626 4742 et
3652 4704 3762 4743 sor-

2199 4756 2306 4827 dis,
2345 4758 2488 4811 unde
2535 4758 2755 4823 respicit
2807 4756 2973 4809 etiam
3023 4757 3088 4809 ad
3144 4757 3506 4826 praeteritum,
3561 4774 3625 4811 ex
3661 4772 3761 4827 quo

2202 4825 2386 4896 haberi
2427 4839 2651 4896 possent
2682 4827 2892 4896 sordes,
2921 4834 2976 4879 et
3005 4836 3183 4896 tamen
3227 4843 3332 4880 non
3365 4830 3590 4881 fuerunt
3618 4825 3765 4881 habi-

2200 4902 2287 4950 tar.
2318 4894 2460 4969 Hinc
2478 4905 2563 4951 est
2591 4908 2649 4949 ut
2679 4895 3009 4969 Magdalena,
3045 4896 3127 4969 vel
3161 4894 3219 4949 S.
3245 4896 3409 4950 Maria
3446 4896 3764 4969 Egyptian

2200 4976 2386 5034 posset
2411 4967 2515 5020 dici
2548 4967 2789 5019 sanctior
2831 4978 3016 5020 sancta
3065 4967 3273 5035 Agnete
3314 4969 3392 5019 vel
3442 4967 3677 5029 (ἐπάξω,
3709 4975 3771 5019 et

2200 5045 2378 5089 tamen
2420 5052 2527 5089 non
2571 5038 2875 5106 possetdici
2898 5038 3083 5105 purior
3104 5050 3123 5089 :
3161 5038 3286 5105 quia
3314 5040 3570 5106 quamvis
3600 5038 3774 5105 majo-

2201 5122 2313 5159 rem
2348 5108 2685 5161 sanctitatem
2720 5108 2960 5177 potuerit
2987 5106 3269 5175 acquirere
3292 5106 3633 5177 Magdalena,
3659 5123 3772 5177 non

2201 5184 2384 5247 tamen
2431 5179 2569 5231 adeo
2620 5177 2800 5231 (aruit
2852 5176 3216 5231 immunditiis
3255 5176 3631 5247 peccatorum.
3674 5176 3773 5230 Sic

2199 5246 2363 5317 etiam
2420 5248 2473 5299 ὃ.
2532 5248 2871 5317 Augustinus
2914 5255 3095 5316 posset
3156 5246 3287 5317 dici_
3321 5251 3568 5302 sanctior
3611 5264 3774 5317 quam

2202 5313 2260 5367 S.
2294 5313 2600 5371 Ludovicus
2623 5313 2958 5386 'episcopus,
3006 5318 3090 5371 vel
3146 5316 3203 5370 S.
3254 5315 3585 5381 Casimirus,
3628 5313 3774 5371 atta-

2201 5400 2323 5439 meu
2358 5401 2465 5440 non
2490 5387 2686 5455 poterit
2709 5387 2815 5440 dici
2846 5386 3056 5455 purior,
3080 5388 3206 5455 quia
3242 5402 3349 5441 non
3375 5390 3560 5442 caruit
3592 5389 3777 5442 sordi-

2200 5454 2301 5526 bus
2347 5454 3070 5526 vitaaiprteteritte,7quibus
3102 5454 3288 5512 caruit
3337 5458 3394 5511 S.
3437 5458 3778 5513 Casimirus.

2203 5524 2293 5579 Sic
2354 5524 2538 5598 etiam
2576 5543 2669 5580 rex
2732 5524 2901 5598 David
2944 5536 3123 5596 potest
3170 5527 3275 5581 dici
3326 5530 3569 5583 sanctior
3606 5544 3773 5598 quam

2202 5605 2428 5650 sanctus
2469 5596 2733 5651 Henricus
2770 5597 3085 5661 imperator,
3116 5607 3171 5651 et
3203 5608 3381 5651 tamen
3428 5614 3535 5652 non
3566 5596 3780 5652 dicetur

2201 5669 2409 5739 purior.
2437 5667 2573 5723 Hinc
2599 5676 2814 5739 constat
2852 5665 2913 5721 Β.
2959 5665 3261 5739 Virginem,
3300 5672 3427 5721 dum
3471 5668 3783 5737 appellatur

2203 5738 2457 5792 omnibus
2516 5738 2783 5792 creaturis
2874 5738 3084 5806 purior,
3148 5738 3395 5792 deuotari
3466 5742 3784 5791 necessario

2203 5809 2445 5864 caruisse
2480 5810 2531 5863 in
2561 5810 2835 5877 praeterito
2858 5808 2977 5864 labe
3026 5808 3274 5879 originis,
3336 5821 3444 5879 qua
3478 5821 3786 5863 caruerunt

2204 5881 2377 5951 angeli
2402 5890 2454 5936 et
2482 5879 2823 5950 protoplasti.
