3996 6602
265 514 404 585 1189

1710 516 2075 578 MARIALE.

3386 510 3522 576 1193

345 634 597 704 ’Δγνείας
629 630 915 703 φωτοειδὲς
949 630 1214 701 σκήνωμα
1265 626 1583 697 γεγένησαι.
1627 628 1719 678 καὶ
1748 626 1839 678 τὸν

2015 621 2442 681 Lucidissimnm
2468 617 2741 675 castitatis
2777 616 3187 673 tabernaculum
3235 617 3376 675 facta
3404 630 3522 683 est;

261 728 576 800 φωτοδότην
615 725 806 795 φέρεις
856 723 1229 795 σαρκούμενον
1276 719 1563 791 ἄνθρωπον
1609 718 1844 787 ὀφθέντα

258 820 382 874 καθ’
413 819 562 888 ἡμᾶς
611 816 700 871 διὰ
744 813 1177 885 φιλανθρωπίαν,
1222 811 1318 866 καὶ
1363 810 1463 882 τὴν
1513 809 1720 880 φθορὰν
1751 810 1842 876 ἐξ·

258 910 623 979 αφανίσαντα,
659 905 865 978 ἄφθορε
899 903 1108 976 βροτῶν
1137 906 1171 975 ἡ
1200 903 1522 976 ἀνάκλησις.

343 1083 545 1152 Σοφίας
574 1079 817 1151 καθαρὸν
844 1077 1167 1148 ἐνδιαίτημα
1187 1076 1288 1146 τῆς
1311 1075 1408 1129 τοῦ
1437 1074 1649 1145 Πατρδς
1679 1074 1847 1141 ὑπερ-

263 1169 436 1238 φυῶς,
481 1167 622 1238 ἁγνὴ
658 1166 936 1239 Παρθένε,
974 1166 1294 1236 γεγένησαι,
1341 1165 1408 1217 δι’
1432 1159 1501 1236 ἦς
1550 1165 1713 1234 ἡμεῖς
1748 1164 1846 1232 τῆς

263 1261 462 1325 κακίας
489 1263 609 1315 νυνὶ
639 1260 733 1316 τοῦ
760 1259 1019 1330 σοφιστοῦ
1050 1259 1463 1330 ἐλυτρώθημεν.

340 1351 646 1423 Ὀμὸρισόν
710 1367 824 1421 μοι,
884 1351 1152 1418 πάναγνε,
1202 1349 1565 1419 πταισμάτων
1625 1348 1844 1417 ἄφεσιν,

264 1442 563 1512 ὲπίσκεψαί
617 1460 685 1514 με
719 1444 814 1497 τὸν
855 1441 1206 1506 ἀσθενοῦντα,
1253 1443 1348 1495 καὶ
1385 1440 1846 1511 κλυδωνιζόμενον

266 1538 579 1609 συμφοραῖς
611 1534 707 1589 τοῦ
736 1535 877 1606 βίου,
908 1534 1002 1588 καὶ
1028 1531 1227 1588 πάθεσι
1256 1532 1351 1586 τοῦ
1380 1532 1656 1601 σώματος.

350 1714 410 1797 Ὁ
446 1713 549 1784 τῆς
574 1711 733 1783 δόξης
762 1713 966 1784 Κύριος
997 1713 1055 1781 ἐξ
1085 1713 1333 1782 αἱμάτων
1373 1728 1466 1765 σου
1498 1710 1847 1782 παρθενεκῶν

265 1803 562 1876 ὲσαρκώθη
611 1806 772 1874 μόνος
812 1802 888 1868 ὡς
918 1803 1238 1869 ἐπίσταται,
1271 1801 1619 1874 πανύμνητε,
1659 1800 1848 1866 σώζων

263 1897 417 1967 ἡμᾶς
442 1895 760 1964 ἀγαθότητι.

1947 715 2197 785 lucisque
2238 715 2485 769 datorem
2511 711 2691 768 defers
2736 711 3102 775 incarnatum,
3127 709 3222 781 qui
3259 710 3425 765 homo
3449 711 3525 766 si-

1945 809 2094 863 milis
2119 808 2277 864 nobis
2303 806 2555 877 apparuit
2593 814 2814 876 propter
2846 804 3130 859 hominum
3169 818 3442 867 amorem,
3472 811 3529 857 et

1946 899 2353 969 corruptionem
2374 896 2644 961 abolevit,
2666 910 2698 950 ο
2721 894 3036 964 incorrupta
3058 895 3339 948 hominum
3365 906 3527 962 repa-

1947 990 2112 1045 ratio.

2021 1082 2315 1153 Sapientize
2344 1082 2521 1137 Patris
2549 1097 2743 1152 purum
2796 1080 3165 1135 habitaculum
3203 1093 3370 1148 supra
3426 1093 3522 1131 na-

1948 1184 2084 1230 turae
2105 1176 2354 1230 ordinem
2393 1176 2531 1230 facta
2561 1192 2642 1240 es,
2676 1191 2709 1228 ο
2742 1183 2893 1231 casta
2924 1174 3131 1244 Virgo;
3166 1187 3264 1243 per
3293 1187 3458 1242 quam
3495 1186 3524 1224 a

1950 1268 2166 1339 maligni
2204 1267 2471 1337 pravitate
2501 1267 2657 1338 177
2709 1282 2855 1321 nunc
2900 1280 3000 1320 nos
3044 1264 3263 1319 liberati
3310 1277 3528 1318 sumus.

2021 1360 2393 1431 Depluemihi,
2441 1361 2819 1422 ocastissima,
2860 1358 3209 1427 peccatorum
3274 1356 3531 1411 remissio

1948 1449 2273 1504 nem.\'isita
2309 1464 2395 1502 me
2428 1447 2705 1502 infirmum
2728 1486 2744 1511 ,
2775 1446 3003 1514 vitaeque
3030 1443 3452 1505 calamitatibus,
3475 1448 3531 1496 et

1948 1540 2197 1610 corporis
2230 1539 2604 1610 passionibus,
2639 1546 2899 1607 tanquam
2925 1534 3345 1605 tempestatibus
3384 1546 3516 1588 exa‘

1949 1641 2283 1777 Nam...“
2301 1721 2487 1792 gloriae
2522 1736 2588 1775 ex
2639 1718 2997 1790 virginalibus
3026 1715 3386 1787 sanguinibus
3423 1715 3533 1769 tuis

1949 1814 2265 1869 incarnatus
2296 1825 2379 1867 est
2413 1827 2479 1867 eo
2512 1813 2697 1879 modo,
2758 1826 2919 1881 quem
2982 1811 3099 1880 ipse
3157 1809 3308 1863 solus
3351 1808 3523 1871 novit,

1948 1921 1981 1960 ο
2006 1906 2440 1960 landabilissima
2462 1945 2479 1972 ,
2519 1905 2737 1960 salvans
2764 1919 2865 1957 nos
2890 1918 2956 1957 ex
2985 1918 3084 1957 sua
3121 1902 3385 1956 bonitate.

340 1986 552 2058 Ὠφθης
580 1987 644 2041 τὸ
670 1986 1012 2058 ἀνθρώπινον
1056 1985 1287 2059 φύραμα
1328 1986 1581 2039 θεώσασα
1626 1987 1692 2056 τῇ
1728 1984 1844 2053 θείᾳ

2026 1996 2262 2051 Humani
2288 1999 2509 2067 generis
2526 2012 2765 2050 massam
2813 1995 3069 2049 deiiicare
3092 1994 3205 2047 visa
3235 2008 3294 2047 es
3336 1991 3527 2047 divino

266 2081 519 2150 γεννήσει
549 2096 666 2146 σου,
696 2079 939 2152 Παρθένε
968 2079 1280 2151 πανάμωμε
1302 2096 1319 2111 ·
1346 2076 1427 2133 διό
1454 2095 1514 2132 σε
1544 2077 1848 2148 καταχρὲος

265 2172 318 2223 oi
350 2171 535 2223 πιστοὶ
558 2169 839 2238 δοξολογοῦ
848 2185 967 2241 μιν.

349 2260 540 2315 Ῥᾶνον
567 2262 651 2329 ἐφ’
696 2262 845 2332 ἡμᾶς
880 2261 951 2314 τὰ
997 2259 1067 2314 σὰ
1108 2259 1256 2330 ὲλέη,
1283 2258 1444 2329 κόρη,
1478 2256 1724 2329 συνήθως
1752 2255 1848 2310 καὶ

266 2352 514 2422 αἰτησαι,
554 2354 715 2425 ἁγνὴ,
752 2351 1099 2427 συγχώρησιν
1142 2352 1360 2404 πάντων
1406 2352 1765 2421 πταισμάτων
1790 2351 1848 2403 ἐν

266 2443 469 2515 γνώσει
493 2444 588 2498 καὶ
614 2444 806 2517 ἀγνοίᾳ
824 2444 884 2510 ἐξ
903 2442 1238 2515 ἀπροσεξίας
1261 2446 1396 2515 ἡμῖν
1423 2442 1771 2511 συμϐάντων.

341 2625 625 2697 Φωτισμόν
653 2641 743 2696 μοι
791 2623 1034 2695 αττησαι,
1061 2624 1096 2695 ή
1127 2622 1361 2677 τεκοῦσα
1386 2619 1507 2684 Φῶς
1545 2620 1607 2675 τὸ
1635 2619 1701 2673 ὲκ
1730 2635 1848 2689 φω-

270 2722 365 2785 τὸς
394 2721 705 2791 ἑκλάμψαν,
738 2721 831 2773 τὸν
868 2719 1172 2789 σκοτασμὸν
1210 2720 1401 2790 πόρρω
1446 2719 1526 2771 ἀπ
1571 2716 1709 2788 ἐμοῦ
1755 2717 1847 2769 ὲν-

267 2811 671 2876 αποδιώκουσα,
695 2812 790 2865 καὶ
808 2813 1132 2881 πειρασμῶν
1154 2810 1377 2864 καὶτῶν
1399 2808 1621 2883 ἡδονῶν,
1636 2809 1845 2881 ἄχραν-

266 2919 331 2955 τε
352 2902 643 2969 Δέσποινα,
663 2900 968 2973 προστασία
989 2900 1336 2972 ἀναίσχυντε.

281 3101 381 3155 Ἐκ
410 3100 518 3154 τοῦ
550 3101 817 3166 Κανόνος
842 3100 927 3166 είς
951 3099 1060 3153 τὸν
1082 3098 1257 3153 ὅσιον
1281 3096 1513 3164 Πατέρα
1540 3094 1712 3165 ἡμῶν
1726 3096 1845 3150 Εὐ·-

399 3170 605 3239 μένιον
632 3172 971 3226 ἐπίσκοπον
998 3170 1326 3239 Γορτύνης,
1360 3166 1552 3237 ἡμέρῃ
1587 3172 1682 3238 ιη’.

339 3286 403 3342 Δί
439 3286 571 3354 περὶ
622 3283 717 3339 σού
765 3284 859 3338 νῦν
892 3286 1222 3356 προφητεῖαι
1266 3282 1681 3354 πεπλήρωνται,
1714 3280 1845 3335 Θεο-

269 3386 478 3453 κυῆτορ
518 3382 812 3436 Δέσποιναο
871 3380 1071 3451 δνγὰρ
1115 3378 1483 3450 προήγγειλαν
1529 3376 1845 3450 ὑψηγόρως,
1873 3355 1916 3411 c

267 3477 329 3528 ὲν
360 3475 547 3546 μήτρα
569 3474 854 3546 ἐχώρησας
880 3475 940 3527 ἐν
963 3473 1056 3527 δύο
1083 3472 1320 3537 τελείαις
1348 3470 1567 3543 φύσεσι.

341 3652 529 3717 Μαρία
554 3654 617 3707 τὸ
640 3654 875 3726 χρυσοῦν
900 3655 1256 3729 θυμιατήριον
1290 3658 1483 3714 παθῶν
1513 3675 1615 3729 μου
1641 3656 1847 3711 ἀπέλα-

270 3762 366 3799 σον
399 3746 460 3799 τὸ
498 3746 755 3812 δυσῶδες,
790 3748 887 3801 καὶ
920 3749 1224 3821 στερέωσον
1275 3750 1635 3823 κλονούμενον
1670 3768 1843 3821 προσ-

265 3838 451 3904 δολαῖς
480 3840 574 3894 τοῦ
602 3839 777 3895 δολίου
805 3840 932 3895 πολε
941 3842 1196 3913 μήτορος.

342 4104 457 4229 (Ἱᾩ
496 4105 702 4189 Dicitur
742 4105 803 4161 Β.
848 4104 1014 4176 Virgo
1057 4106 1259 4175 Regina
1300 4105 1670 4189 immaculata,
1710 4108 1836 4178 quia

346 4193 379 4229 n
451 4186 601 4229 ecutt
646 4178 813 4229 illam.
846 4191 968 4229 oua:
1001 4176 1181 4229 futura
1227 4191 1345 4229 erat
1374 4176 1580 4229 Realna
1618 4178 1836 4229 angelo-

269 4193 379 4233 non
414 4176 601 4231 decuit
646 4178 813 4241 illam,
846 4191 968 4248 qua:
1001 4176 1181 4230 futura
1227 4191 1345 4230 erat
1374 4176 1580 4247 Regina
1618 4176 1839 4248 angelo-

268 4259 417 4308 rum,
462 4262 588 4301 cum
639 4247 890 4317 originali
942 4248 1155 4301 macula
1196 4247 1430 4315 concipi.
1469 4247 1605 4301 Hinc
1640 4247 1843 4301 S.An-

269 4318 479 4374 selinus
517 4318 572 4371 in
598 4316 768 4373 serto.
820 4316 894 4371 De
938 4332 1161 4385 cottcep.
1186 4318 1265 4370 ait
1307 4335 1321 4370 :
1360 4335 1378 4367 ι
1420 4318 1676 4386 Angelos,
1717 4318 1841 4373 aliis

271 4389 651 4458 peccantibus,
687 4402 717 4440 a
764 4395 989 4456 peccato
1036 4386 1290 4458 servavit,
1338 4395 1393 4441 et
1432 4386 1689 4440 feminam
1725 4387 1838 4442 bla-

272 4456 410 4514 trem
438 4473 592 4511 suam
629 4456 867 4511 futuram
903 4458 971 4511 ab
1024 4456 1255 4510 aliorum
1297 4460 1533 4522 peccatis
1587 4469 1835 4512 exortam

270 4541 493 4585 scrvare
521 4542 625 4581 non
671 4527 882 4596 potuit?
912 4523 969 4581 ln
1006 4526 1307 4581 teter-nitate
1342 4527 1561 4596 consilii
1591 4528 1677 4583 sui
1722 4538 1839 4583 sta-

272 4600 380 4655 tuit
402 4598 536 4651 Eam
559 4593 974 4669 dgmiinatricem
1004 4606 1053 4669 et
1085 4599 1327 4669 reginam
1360 4593 1475 4669 fore
1503 4598 1847 4669 angelorum,

270 4679 329 4727 et
359 4679 489 4725 tunc
530 4665 845 4723 inferiorem
881 4668 1108 4737 gratiam
1145 4665 1363 4737 angelis
1392 4665 1601 4731 datam;
1629 4671 1681 4722 in
1714 4685 1845 4724 con-

269 4742 504 4797 sortium
532 4747 850 4807 conceptam
887 4736 1008 4792 esse
1029 4736 1305 4792 credimus
1337 4736 1616 4791 hominum
1648 4753 1844 4806 pecca-

271 4808 501 4866 torum?
528 4806 815 4863 Existiinet
864 4807 967 4862 hoc
1008 4807 1103 4875 qui
1147 4808 1261 4861 vult
1304 4810 1685 4876 :argumentis
1731 4810 1848 4865 suis

272 4881 466 4952 probet
503 4879 597 4948 qui
626 4878 741 4952 vult
774 4896 791 4932 :
823 4877 915 4941 iis,
957 4892 1079 4952 qua:
1111 4877 1366 4952 dicimus,
1402 4881 1722 4952 adversetur
1753 4880 1846 4952 qui

270 4946 388 5006 vult
428 4967 444 5005 :
476 4946 577 5019 ego
607 4988 625 5014 ,
652 4949 827 5003 donee
858 4948 1111 5019 ostendat
1148 4948 1279 5001 mihi
1325 4946 1469 5003 Deus
1519 4948 1724 5019 aliquid
1759 4946 1845 5004 di-

270 5018 810 5093 gniusexcellentia:
868 5018 1113 5093 Domina:
1165 5032 1301 5072 mete
1360 5018 1695 5093 possc__dici,
1727 5034 1848 5089 quae

270 5086 411 5155 dixi,
447 5089 614 5155 dico;
644 5104 764 5156 qua:
794 5088 1031 5157 scripsit
1057 5102 1162 5141 non
1210 5086 1381 5142 muto.
1422 5104 1443 5157 ι
1493 5086 1631 5143 Hinc
1680 5086 1843 5144 etiam

270 5161 604 5217 Guiliclmus
646 5156 971 5213 Parisiensis
1003 5156 1219 5223 Iunior,
1269 5159 1387 5212 sive
1430 5156 1763 5219 Bitoutinus.
1790 5160 1844 5213 in

270 5229 511 5285 Postillis
576 5228 876 5297 majoribus
928 5226 995 5281 de
1047 5228 1186 5281 festo
1238 5225 1476 5297 Concep.
1518 5245 1577 5296 ιι.
1618 5230 1673 5292 5,
1720 5231 1845 5283 ait:

277 5322 299 5355 ι
342 5299 504 5371 Virgo
534 5299 705 5354 Maria
748 5299 803 5353 in
835 5297 1063 5351 Matrem
1094 5298 1187 5352 Dei
1222 5298 1419 5371 electa,
1458 5308 1585 5351 erat
1610 5300 1844 5353 exaltata

271 5370 453 5442 super
480 5372 702 5442 angelos
737 5371 876 5424 :sed
909 5383 1099 5442 omnes
1149 5371 1324 5439 angeli
1363 5370 1585 5442 fuerunt
1612 5385 1845 5442 praeser-

272 5436 383 5499 vaii
424 5442 495 5496 ab
528 5436 681 5496 o'mni
736 5450 980 5508 peccato.
1038 5436 1180 5507 Ergo
1221 5436 1252 5493 5
1292 5440 1503 5493 ratione
1554 5436 1763 5494 fortiori
1794 5448 1848 5494 et

272 5518 403 5577 ista,
449 5528 581 5581 quae,
619 5518 737 5564 erat
781 5510 1052 5581 superior.
1102 5528 1123 5561 ο
1175 5508 1846 5581 Ιιιειιρρτ-Αιιιετιυεγλίιι-

274 5599 416 5656 guus
450 5578 505 5637 in
557 5580 772 5656 Βίὸῖξιε-
800 5579 991 5632 Maria:
1033 5594 1197 5656 super
1246 5580 1371 5656 libr.
1402 5578 1525 5656 .lob,
1568 5582 1635 5656 de
1677 5580 1848 5656 Maria

277 5650 510 5725 loquens
540 5654 677 5707 dixit
711 5669 725 5706 :
750 5650 873 5725 Ipsa
904 5658 989 5725 est
1017 5650 1653 5725 aquila‘singularis,_de
1682 5652 1843 5725 cujus

275 5720 437 5779 laude
484 5733 539 5779 et
590 5723 864 5793 praeconio
921 5721 1161 5789 loquitur
1207 5720 1469 5793 Dominus
1510 5721 1578 5775 ad
1620 5721 1723 5776 Job
1754 5720 1844 5784 39,

276 5793 533 5865 Nunquid
568 5792 637 5847 ad
669 5802 984 5865 prwceplum
1012 5802 1181 5855 tuum,
1214 5792 1455 5865 sicutad
1487 5807 1693 5865 meum,
1728 5793 1844 5861 qui,

275 5860 543 5937 quidquid
604 5860 1137 5937 principio,‘inspiro,
1171 5860 1487 5937 elevavitur,
1529 5863 1581 5915 in
1629 5860 1845 5937 natura,

275 5932 451 6009 gratia
499 5946 552 5991 et
604 5932 785 6005 gloria
828 5934 989 5989 ctiam
1020 5971 1036 5997 ,
1091 5934 1222 5987 etin
1285 5932 1433 5987 omni
1488 5934 1846 6002 praerogativa

1955 2098 2111 2159 partu
2142 2097 2258 2153 tuo,
2291 2103 2325 2143 o
2350 2088 2513 2157 Virgo
2545 2096 2659 2142 tota
2697 2088 3071 2150 immaculata,
3103 2094 3393 2155 propterea
3419 2098 3524 2139 nos

1954 2180 2140 2234 fideles
2172 2190 2229 2235 te
2265 2195 2363 2249 pro
2388 2179 2572 2234 debito
2614 2179 3009 2249 gloriﬁcamus.

2028 2269 2185 2324 Sti‘lla
2237 2284 2405 2339 super
2460 2283 2562 2323 nos
2622 2269 3035 2323 misericordias
3094 2277 3234 2333 tuas,
3271 2264 3527 2337 Opuella,

1947 2359 2103 2429 juxta
2129 2373 2335 2413 morem
2370 2366 2522 2412 tuum
2555 2400 2572 2424 ,
2610 2366 2665 2412 et
2711 2358 2952 2411 omnium
3015 2366 3386 2427 peccatorum,
3414 2363 3528 2409 tam

1951 2450 2186 2506 scienter
2214 2464 2376 2520 quam
2402 2450 2716 2520 lgnoranter
2735 2465 2800 2504 ex
2832 2449 3042 2504 incuria
3069 2454 3527 2518 perpetratorum,

1953 2543 2343 2613 indulgentiam
2387 2543 2546 2599 nobis
2571 2542 2821 2612 impetra,
2854 2556 2887 2596 ο
2915 2549 3086 2597 casta.

2023 2633 2483 2688 llluminationem
2542 2632 2678 2687 mihi
2762 2632 3022 2700 impetra,
3075 2627 3342 2699 precibus
3392 2625 3527 2685 tuis.

1950 2739 1983 2780 ο
2015 2724 2219 2795 Regina
2248 2725 2592 2778 immaculata
2620 2724 2769 2791 (77),
2803 2738 2924 2792 qua:
2953 2721 3158 2776 Lumen
3191 2719 3416 2791 quodde
3448 2718 3531 2771 lu-

1950 2819 2099 2873 mine
2133 2816 2468 2881 coruscavit,
2502 2816 2791 2886 peperisti,
2839 2817 3025 2886 procul
3079 2829 3109 2869 a
3142 2827 3228 2868 me
3280 2810 3533 2866 tenebras

1959 2910 2349 2972 tentationum,
2412 2918 2468 2964 et
2532 2908 3109 2978 concupisrenliarnm
3193 2904 3529 2975 depellens,‘

1948 3017 1983 3057 o
2013 3001 2375 3072 patrocinium
2407 3000 2551 3069 quod
2575 3014 2681 3053 non
2697 2998 3069 3053 confunditur.

1954 3131 2040 3185 Ea:
2063 3131 2279 3188 Canone
2300 3131 2519 3201 injecto
2550 3131 2609 3186 S.
2638 3135 2706 3186 P.
2747 3129 2820 3184 N.
2850 3129 3097 3185 Eumenii
3136 3131 3366 3199 episcopi
3392 3128 3527 3183 Gor-

2472 3203 2728 3272 tyuensis,
2765 3204 2852 3255 die
2881 3205 2962 3256 l8.

2019 3289 2343 3362 Prophetize,
2376 3308 2497 3363 (tua:
2527 3303 2684 3347 erant
2711 3293 2777 3348 de
2814 3303 2884 3354 te,
2930 3307 3072 3346 nunc
3099 3291 3336 3361 impletae
3370 3298 3523 3353 sunt,

1952 3397 1986 3437 o
2019 3382 2244 3439 Demiua
2279 3383 2373 3439 Dei
2416 3382 2661 3440 Genitrix
2702 3399 2905 3454 :quem
2955 3382 3098 3437 enim
3156 3382 3376 3437 sublimi
3411 3380 3531 3435 elo-

1951 3475 2082 3546 quio
2108 3478 2627 3546 praenuntiaverunt,
2661 3476 2715 3530 in
2754 3486 2907 3531 utero
2933 3485 3026 3529 tuo
3059 3473 3527 3543 comprehendisti

1950 3564 2004 3619 in
2026 3564 2239 3619 duabus
2273 3564 2529 3637 perfectis
2562 3566 2793 3621 naturis.

2018 3654 2062 3711 Ο
2080 3656 2270 3722 Maria,
2298 3673 2525 3713 aureum
2539 3657 2999 3729 Thymiaterium,
3022 3655 3343 3727 passionum
3369 3668 3524 3710 mea-

1947 3763 2072 3803 rum
2100 3748 2462 3804 foedissimum
2504 3752 2727 3806 odorem
2769 3750 3014 3819 depelle,
3045 3763 3241 3819 meque
3294 3745 3525 3802 fraudu-

1944 3842 2075 3897 lenti
2111 3843 2283 3899 hostis
2322 3844 2623 3899 assultibus
2678 3843 3035 3914 exagitatum,
3076 3841 3330 3898 stabilem
3359 3840 3529 3896 redde

1944 3949 2008 3988 ac
2037 3936 2278 3989 iirmttm.

1947 4109 2152 4179 aquila,
2185 4109 2238 4164 id
2279 4119 2363 4164 est
2394 4107 2586 4174 Maria,
2623 4124 2789 4178 super
2832 4122 3023 4164 omnes
3070 4107 3270 4165 choros
3298 4107 3523 4179 angelo-

1942 4178 2089 4233 rum.
2127 4198 2145 4231 ι
2182 4180 2275 4235 Sic
2320 4180 2428 4235 ille.
2461 4180 2629 4249 Cujus
2665 4180 2826 4234 verba
2866 4180 3098 4249 offerens
3140 4181 3194 4234 in
3244 4181 3359 4234 suis
3404 4178 3525 4232 Dis-

1942 4250 2335 4327 sertationibus
2356 4248 2681 4327 epistolicis,
2701 4251 2861 4327 epist.
2890 4250 2944 4316 6,
2975 4248 3226 4327 _Joan.
3251 4249 3524 4327 [Eusebius

1940 4318 2318 4391 Nieremberg.
2355 4318 2411 4374 iti
2451 4322 2597 4375 hunc
2641 4318 2858 4375 modum
2900 4321 3091 4375 scribit
3129 4338 3145 4376 :
3194 4339 3213 4372 ι
3248 4319 3527 4391 Superat-t2

1941 4391 2162 4459 angelos
2211 4388 2517 4454 in'natura,
2551 4401 2634 4446 est
2676 4392 2727 4443 in
2761 4390 3097 4456 conditione,
3125 4406 3220 4445 seu
3258 4408 3285 4442 a
3325 4388 3520 4445 eondi-

1943 4463 2089 4531 tione
2120 4471 2346 4526 naturae,
2374 4464 2426 4515 in
2472 4476 2579 4531 qua
2612 4477 2719 4515 non
2750 4470 2893 4516 esset
2934 4476 3100 4531 super
3130 4474 3325 4517 omnes
3348 4472 3521 4527 ange-

1948 4530 2049 4593 los,
2074 4532 2127 4602 si
2148 4533 2472 4587 conderetur
2492 4530 2607 4588 illis
2632 4531 2920 4602 impurior.

2020 4601 2077 4655 ln
2112 4600 2351 4674 Liturgia
2390 4618 2609 4673 quoque
2646 4599 2965 4670 EthiOpum
3024 4600 3523 4674 apostolicatqno-

1952 4672 2098 4726 niam
2144 4674 2212 4728 ab
2249 4670 2894 4743 a'postolis'prontanassc
2940 4675 3165 4739 dicitur,
3195 4670 3524 4743 sic‘dicitur

1950 4745 2004 4813 in
2041 4740 2297 4797 oratione
2320 4744 2386 4797 ad
2436 4740 2713 4813 Virginem
2750 4742 2849 4813 Dei
2894 4744 3115 4800 Matrem
3153 4760 3168 4799 :
3218 4760 3237 4794 ι
3288 4740 3526 4807 Lmtarr,

1948 4812 2320 4874 Immaculata,
2340 4826 2466 4868 vere
2492 4812 2972 4884 Reginaiaatare,
3001 4815 3169 4884 gloria
3204 4822 3520 4884 nostrorum

1948 4891 2258 4953 parentum.
2292 4901 2309 4934 ι
2344 4884 2512 4949 Quasi
2559 4881 2707 4939 dicat
2743 4884 2826 4954 (ut
2866 4888 2918 4939 in
2943 4881 3061 4940 suis
3095 4881 3523 4952 Exceptionibus

1948 4969 2064 5020 cap.
2103 4955 2189 5019 l5,
2244 4955 2418 5022 inquit
2466 4953 2905 5023 Nierembergius
2934 4956 2986 5023 ε)
3012 4955 3116 5017 Τιι,
3157 4968 3298 5022 quae,
3338 4960 3528 5019 utpote

1946 5037 2073 5076 vera
2098 5025 2279 5093 regina
2313 5034 2366 5078 et
2396 5034 2652 5093 augusta.
2674 5023 2825 5077 durae
2851 5039 3135 5080 servorum
3161 5037 3335 5093 poenae
3366 5035 3516 5093 seve-

1946 5106 2129 5162 raeque
2153 5090 2254 5162 legi
2288 5094 2353 5147 de
2381 5090 2596 5148 macula
2619 5096 2993 5149 contrahenda
3025 5111 3133 5148 non
3162 5090 3520 5161 subjacuisti,

1947 5170 2114 5232 atque
2140 5165 2219 5234 na
2266 5164 2495 5234 humani
2540 5164 3069 5234 generisgamissum
3103 5165 3523 5234 decusgrestau—

1947 5234 2107 5305 rasti,
2139 5231 2221 5286 Tu
2246 5233 2490 5299 domina,
2520 5231 2715 5304 gaude.
2742 5232 2881 5289 Vere
2911 5235 3123 5305 regina.
3150 5232 3296 5305 quod
3323 5232 3523 5305 imma-

1946 5303 2125 5373 culata
2161 5318 2225 5357 ea
2256 5301 2543 5373 ratione,’
2569 5315 2628 5357 ut
2658 5321 2939 5373 nunquam
2975 5301 3183 5360 servire
3230 5302 3394 5356 alicui
3423 5301 3519 5352 de-

1946 5372 2130 5443 bueris
2162 5372 2265 5428 nisi
2296 5373 2403 5429 Uni
2442 5372 2573 5437 Deo,
2616 5376 2704 5429 cui
2749 5372 2957 5430 servire
2998 5391 3124 5431 vere
3156 5386 3384 5443 regnare
3410 5380 3523 5423 est.

1944 5441 2061 5514 Non
2095 5443 2262 5512 igitur
2301 5444 2472 5498 ullum
2520 5458 2804 5513 peccatum
2850 5446 3062 5511 habuit,
3093 5438 3312 5514 quando
3334 5438 3387 5514 id
3410 5455 3519 5514 Acu-

1939 5510 2157 5582 jusdam
2206 5523 2290 5567 est
2329 5510 2723 5570 infelicissima:
2753 5518 3061 5571 servitutis.
3095 5510 3304 5570 Laetare
3353 5510 3525 5581 igitur

1947 5592 2096 5656 tanto
2130 5583 2296 5648 bono,
2329 5592 2481 5639 tanta
2514 5586 2706 5655 gloria,
2738 5603 2898 5656 quam
2942 5602 3101 5641 suam
3145 5591 3396 5656 parentes
3422 5594 3522 5634 no-

1947 5654 2044 5707 stri
2067 5668 2277 5724 vocare
2312 5654 2561 5724 possunt,
2593 5672 2717 5710 cum
2758 5654 2859 5711 hac
2910 5658 3125 5711 illorum
3157 5654 3321 5709 fuerit
3366 5655 3525 5722 igno-

1947 5723 2119 5797 minia
2164 5723 2537 5794 compensate.
2596 5727 2685 5780 Sic
2726 5727 2945 5781 humani
2989 5728 3204 5797 generis
3254 5728 3523 5778 amissum

1942 5793 2462 5867 justitiaeustatum,
2503 5806 2559 5851 et
2601 5798 2790 5862 decus,
2839 5793 3252 5867 primorumque
3321 5808 3519 5867 paren-

1947 5865 2409 5988 :um.collapsam
2462 5867 2690 5936 gloriam
2727 5864 2924 5937 inagno
2958 5884 3082 5924 cum
3133 5864 3521 5924 leuore’resti-

1972 5946 2119 5988 lllSll.

1972 5946 2119 5990 lllSll.
