3996 6620
288 487 427 551 1193

1688 482 2050 543 MARIAIE.

3373 472 3508 540 1194

290 616 376 651 σιν
419 598 470 651 οἱ
502 594 810 670 ἀθλοφόροι,
846 596 1068 671 Χριστὲ,
1116 595 1358 667 νομίμως
1391 594 1711 666 ἐνήϐλησαν,
1749 594 1848 666 τὴν

1966 591 2182 655 Sin-iste,
2208 588 2444 659 legitime
2481 594 2846 652 certaverunt,
2900 586 3151 642 laudibus
3182 585 3514 650 celebrantes

291 690 463 762 ἁγνὴν
500 690 728 762 Μητέρα
772 707 867 744 σου
896 688 1387 763 ἀνυμνολογοῦντες
1426 688 1750 758 ἀποῤῥήτως
1790 703 1851 738 σε

287 785 588 855 κυήσασαν.

369 875 718 946 ’Υπὰρχουσα
773 874 1036 929 Δέσποινα
1106 874 1463 944 καθαρωτέρα
1518 872 1697 941 πάσης
1752 874 1849 942 τῆς

285 968 517 1031 κτίσεως
553 966 791 1032 ὑπεδέξω
836 965 927 1019 τὸν
964 966 1135 1034 Λόγον
1178 967 1243 1019 ὲκ
1294 964 1389 1019 σοῦ
1434 965 1689 1037 ἀρῤήτως
1719 965 1851 1017 ἀπο-

284 1061 623 1129 τικτόμενον,
652 1059 712 1112 ὃν
745 1060 794 1112 οἱ
833 1062 1070 1125 γενναῖοι
1094 1058 1430 1128 ποῦήσαντες
1459 1057 1731 1129 μάρτυρες
1751 1056 1848 1126 τὴν

284 1153 394 1207 τῶν
425 1151 675 1222 βασάνων
706 1151 881 1223 πυρὰν
906 1150 1366 1223 ἐνεκαρτέρησαν.

352 1325 496 1382 Νέον
523 1326 596 1391 ὡς
629 1327 828 1400 βρέφος
852 1328 1081 1392 τὲτοκας
1120 1326 1212 1381 τὸν
1243 1326 1422 1398 Ilo.th
1460 1327 1553 1379 καὶ
1580 1325 1657 1397 τῷ
1686 1324 1851 1380 ﬂvmi-

288 1433 450 1486 ματι,
498 1416 731 1487 ἄχραντε
782 1418 1043 1490 Παρθένε,
1083 1416 1345 1487 συμφυῶς
1385 1417 1671 1486 νοούμενον
1718 1418 1850 1487 Χρι-

288 1509 432 1573 στὸν,
474 1507 564 1561 τὸν
594 1509 727 1561 Θεὸν
760 1509 937 1578 ήμῶν,
970 1509 1030 1562 ὃν
1058 1510 1107 1561 οἱ
1139 1510 1376 1577 γενναῖοι
1419 1509 1693 1579 μάρτυρες
1722 1506 1855 1561 καο-

216 1592 221 1595 ’
285 1599 672 1669 ομολογοῦντες
701 1600 863 1671 ἱερῶς
892 1600 1196 1664 ἐναθλοῦσι,
1226 1600 1343 1671 μεθ’
1370 1594 1444 1655 ὧν
1475 1617 1555 1663 σε,
1588 1600 1848 1668 παναγία,

289 1691 653 1761 μακαρίζουσι
700 1691 882 1745 πίστει
923 1692 1064 1759 λαοὶ,
1122 1692 1306 1758 φυλαὶ,
1356 1691 1450 1745 καὶ
1497 1691 1740 1759 γλῶσσαι
1773 1693 1853 1754 εἰς

285 1784 494 1845 πάντας
523 1783 651 1844 τοὺς
674 1782 893 1847 αἰῶνας.

354 1872 601 1940 Φυλάξας
629 1892 689 1927 σε
725 1875 996 1947 παρθένον
1025 1876 1053 1929 ὀ
1082 1875 1145 1929 ὲκ
1173 1874 1280 1929 τῶν
1312 1874 1422 1927 σῶν
1452 1874 1735 1939 ἀνατείλας
1761 1874 1853 1927 λα-

1954 683 2301 753 purissimam
2337 680 2560 734 Matrem
2622 690 2789 744 tuam,
2823 693 2945 749 qua:
2975 686 3024 732 te
3049 677 3390 734 ineffabiliter
3422 695 3513 747 ge-

1952 778 2090 832 nuit.
3274 790 3279 795 '

2020 872 2153 926 Cum
2186 886 2359 936 esses,
2390 882 2423 925 o
2448 868 2698 931 Domina,
2725 865 2916 937 purior
2946 863 3201 918 omnibus
3225 862 3511 927 creaturis,

1951 964 2242 1033 suscepisti
2293 962 2552 1026 Verbum,
2581 976 2646 1015 ex
2682 968 2733 1013 te
2758 957 3098 1012 ineffabiliter
3129 965 3338 1019 natum,
3369 952 3513 1023 quod

1951 1055 2198 1129 generosi
2226 1063 2493 1125 martyres
2520 1068 2643 1109 cum
2677 1050 2871 1106 affectu
2907 1048 3382 1117 coucupiscentes,
3404 1057 3513 1101 tor-

1952 1157 2264 1203 mentorum
2328 1146 2705 1217 probationem
2778 1142 3043 1213 patienter
3094 1148 3517 1210 constanterque

1953 1240 2350 1296 sustinuerunt.

2022 1333 2305 1403 Tanquam
2336 1345 2536 1384 novum
2567 1327 2827 1383 infantem
2853 1326 3127 1397 peperisti,
3156 1340 3188 1378 ο
3221 1322 3383 1394 Virgo
3419 1323 3517 1377 in-

1950 1424 2174 1487 violata,
2201 1423 2479 1478 Christum
2512 1421 2679 1477 Deum
2738 1430 3010 1483 nostrum,
3069 1419 3163 1489 qui
3199 1420 3517 1487 intelligitur

1952 1513 2097 1570 Patri
2138 1531 2204 1571 ac
2232 1515 2457 1585 Spiritui
2491 1528 2748 1569 coaevus:
2777 1529 2938 1583 quem
2971 1511 3222 1580 generosi
3256 1520 3517 1581 martyres

1953 1605 2293 1664 conﬁtentes.
2321 1617 2538 1658 sacrum
2587 1610 2859 1658 certamen
2906 1600 3129 1665 obiere;
3159 1615 3280 1653 cum
3321 1600 3519 1666 quibus

1954 1694 2156 1765 populi,
2187 1693 2360 1748 tribus
2383 1704 2436 1748 et
2478 1693 2691 1762 linguae,
2718 1706 2841 1745 cum
2869 1690 2972 1746 fide
2991 1698 3063 1756 te,
3087 1704 3119 1744 o
3149 1688 3518 1754 sanctissima,

1954 1802 2048 1857 per
2079 1786 2333 1841 universa
2360 1785 2556 1841 saecula
2597 1784 2926 1839 beatilicaul.

2025 1879 2117 1933 Ille
2147 1878 2238 1949 qui
2293 1889 2344 1934 te
2399 1878 2664 1945 virginem
2706 1876 3071 1940 conservavit,
3100 1891 3164 1929 ex
3214 1874 3323 1929 tuis
3352 1874 3523 1930 visce-

284 1969 479 2035 γόνων,
513 1969 813 2041 ἀνέσπερος
862 1969 937 2033 ὡς
967 1968 1186 2039 ἀληθῶς
1222 1968 1392 2039 ἣλιος,
1428 1966 1693 2038 Παρθένε,
1724 1969 1849 2031 τοὺς

1966 1971 2107 2025 ribus
2126 1978 2367 2035 exortus,
2396 1980 2647 2038 tanquam
2669 1984 2793 2023 vere
2815 1968 2896 2023 sol
2922 1967 3268 2033 inocciduus,
3285 1981 3317 2019 ο
3338 1965 3520 2036 Virgo,

284 2060 522 2131 ἀθλητὰς
543 2062 859 2132 περιφανῶς
880 2062 1217 2132 ὲλάμπρυνε,
1240 2062 1704 2132 διηγωνισμένους
1726 2077 1851 2131 καρ·

285 2153 541 2221 τερικῶς,
578 2153 697 2223 μεθ’
727 2147 800 2209 ὧν
840 2153 1003 2207 αὐτὸν
1034 2153 1273 2206 δυσὼπει
1305 2153 1449 2222 ἡμᾶς
1477 2149 1855 2221 κατοικτειρῆ-

284 2263 378 2300 σαι
409 2244 533 2309 τοὺς
560 2245 800 2311 εὐσεὸῶς
840 2263 899 2299 σε
932 2245 1356 2316 μακαρίζοντας.

1959 2064 2193 2119 athletas
2243 2079 2372 2118 suos
2422 2063 2681 2133 praeclare
2728 2061 3041 2124 illustravit,
3073 2060 3165 2130 qui
3200 2058 3525 2113 constantis-

1959 2157 2095 2211 sime
2140 2155 2550 2210 decertaveruut
2589 2169 2757 2208 :cum
2806 2152 3007 2223 quibus
3051 2152 3300 2205 eumdem
3332 2150 3523 2221 depre:

1955 2261 2101 2311 care,
2135 2256 2194 2300 ut
2225 2246 2554 2300 misereatur
2579 2244 2773 2311 nostri,
2823 2243 2915 2313 qui
2944 2254 2994 2298 te
3040 2242 3293 2314 religiose
3316 2257 3381 2297 ac
3437 2242 3525 2312 pie

1955 2337 2168 2393 beatam
2206 2337 2589 2409 praedicamus.

1024 2447 1103 2501 Ex
1136 2446 1347 2503 Cauoue
1377 2447 1430 2500 in
1459 2454 1698 2499 sanctam
1730 2444 2032 2501 Susannam
2065 2447 2221 2519 (80'),
2268 2449 2352 2503 die
2385 2448 2451 2504 l9
2477 2448 2800 2518 septembris.

354 2536 549 2595 Oriens
582 2539 713 2595 solis
756 2539 920 2605 illius,
968 2542 1060 2609 qui
1093 2553 1256 2611 super
1300 2551 1557 2594 occasum
1600 2538 1853 2595 humanae

281 2641 493 2687 naturae
526 2639 684 2686 natus
710 2640 813 2697 est,
838 2646 1025 2685 revera
1064 2630 1206 2686 facta
1244 2646 1323 2695 es,
1355 2644 1389 2685 ο
1446 2628 1697 2695 Domina,
1757 2645 1853 2700 per

281 2735 447 2790 quem
482 2719 579 2785 illi,
611 2720 704 2789 qui
738 2719 792 2774 in
822 2720 1058 2778 tenebris
1100 2730 1154 2775 et
1179 2720 1232 2776 in
1257 2720 1448 2775 umbra
1472 2722 1847 2784 versabantur,

284 2812 537 2867 viderunt
568 2813 768 2868 lucem.

356 2902 505 2959 Urna
530 2904 797 2975 figurabat
836 2914 908 2967 te,
934 2919 967 2959 ο
997 2914 1145 2958 casta
1201 2904 1386 2974 Virgo,
1420 2919 1541 2973 quae
1595 2904 1851 2972 intelligi-

282 2994 395 3050 blle
427 3012 625 3051 manna
662 2998 822 3067 180
842 2996 1031 3062 tulisti,
1062 2997 1337 3051 Christum
1364 2997 1588 3061 scilicet,
1614 2996 1852 3051 dulcedi-

273 3104 409 3156 nem
443 3090 628 3144 mundi
663 3106 677 3142 :
710 3093 796 3144 cui
829 3090 1095 3160 supplica,
1133 3087 1412 3144 DeiMater
1437 3087 1580 3158 (81),
1614 3098 1671 3142 ut
1694 3088 1729 3141 ii
1757 3087 1849 3158 qui

285 3189 337 3233 te
363 3181 583 3236 assidue
617 3182 940 3253 glorificant,
978 3198 1007 3235 a
1036 3198 1325 3253 pravarum
1359 3180 1705 3236 aﬂ‘ectionum
1738 3195 1852 3235 ser-

281 3272 454 3328 vitute
480 3274 797 3329 liberentur.

357 3363 639 3420 Fortitudo
673 3381 792 3420 mea
832 3374 886 3421 et
906 3367 1024 3421 laus
1064 3381 1182 3420 mea
1224 3365 1477 3420 Christus
1512 3372 1619 3426 est,
1668 3365 1759 3432 qui
1788 3380 1850 3418 ex

285 3465 360 3522 te,
395 3456 648 3527 Deipara,
673 3466 893 3513 exortus
934 3467 1038 3520 est,
1093 3456 1275 3511 servili
1334 3472 1496 3511 carne
1547 3455 1855 3510 circumda-

282 3557 394 3617 tus,
424 3560 477 3606 et
507 3568 607 3607 nos
641 3568 667 3605 a
710 3553 974 3608 servitute
1018 3551 1219 3606 diaboli
1271 3551 1471 3621 eripuit
1503 3560 1723 3621 propter
1757 3550 1855 3605 bo-

282 3643 507 3697 nitatem
532 3659 712 3699 suam.

361 3734 773 3789 Sanctissimum
818 3734 1083 3805 templum
1138 3734 1228 3789 Dei
1267 3743 1626 3806 agnoscentes
1658 3744 1730 3797 te,
1762 3749 1855 3789 ιοι-

283 3826 389 3880 lam
420 3827 822 3881 immaculatam
864 3826 1002 3897 (89.),
1035 3836 1087 3881 et
1118 3828 1381 3881 creaturis
1405 3828 1660 3882 oumibus
1688 3841 1848 3895 supe-

281 3920 508 3984 riorem,
570 3919 743 3974 sacris
779 3930 830 3974 te
882 3919 1110 3975 vocibus
1142 3919 1337 3975 merito
1368 3919 1579 3974 beatam
1609 3918 1849 3988 appella-

283 4025 431 4063 IIHISa

358 4097 648 4153 Dominum
686 4097 948 4165 universi,
987 4099 1080 4170 qui
1108 4114 1171 4154 ex
1205 4107 1255 4154 te
1301 4107 1462 4153 natus
1490 4104 1593 4165 est,
1623 4111 1857 4153 exorans

355 4231 494 4300 (80')
525 4221 879 4287 Desideratur
912 4232 967 4286 in
998 4221 1217 4287 Menaeis
1248 4231 1547 4301 impressis.

358 4299 577 4371 (8l)'7Ex
608 4300 764 4358 titulo
798 4300 892 4357 Dei
918 4302 1106 4357 Matris
1145 4299 1641 4357 solideiadtnodtIm
1698 4299 1855 4355 colli-

1431 4372 1599 4427 eccati
1639 4372 1855 4425 macula

284 4373 452 4495 pitur,
486 4370 545 4425 Β.
602 4374 875 4443 Virginem
921 4374 1038 4428 sine
1067 4373 1348 4441 originalis
1378 4372 1599 4495 ἐρείδειιί
1639 4385 1747 4425 mat

312 4443 460 4495 uisse
502 4454 852 4495 conceptam:
883 4457 1029 4495 nam.
1074 4452 1133 4495 ut
1175 4443 1350 4495 iuuuit
1424 4473 1437 4494 ε
1488 4441 1747 4495 Bernardi

1424 4473 1437 4494 ι
1488 4441 1856 4495 Bernardinus

312 4443 471 4506 uisse.
502 4454 852 4512 conceptam;
883 4457 1029 4506 nam,
1074 4452 1133 4496 ut
1175 4443 1350 4511 inquit

288 4512 551 4567 Senensis
581 4528 744 4577 serui,
776 4513 846 4568 49
885 4513 950 4567 de
978 4527 1165 4566 amore
1212 4512 1449 4581 glorioso
1480 4527 1545 4565 ex
1573 4511 1856 4564 Bartholo-

1958 2542 2274 2611 deprecare,
2300 2557 2332 2596 0
2360 2543 2690 2605 castissima,
2722 2557 2819 2611 pro
2844 2540 3022 2596 servis
3044 2540 3173 2605 tuis,
3208 2550 3266 2594 ut
3289 2540 3356 2594 ab
3377 2542 3523 2596 omni

1958 2633 2285 2688 adversitate
2313 2647 2375 2687 ac
2399 2632 2635 2702 pernicie
2660 2633 2979 2697 liberentur,
3006 2631 3135 2687 dum
3169 2641 3220 2687 te
3252 2630 3526 2704 Virginem

1956 2721 2181 2777 Matrem
2214 2722 2545 2777 collaudant.

2027 2814 2071 2866 A
2102 2812 2472 2868 damnationis
2524 2813 2757 2869 vinculis
2789 2811 3001 2870 solutus
3050 2830 3195 2881 sum,
3221 2823 3276 2869 et
3304 2829 3334 2868 a
3364 2814 3530 2870 male-

1957 2904 2193 2959 dictione
2223 2921 2318 2975 per
2353 2914 2566 2975 partum
2600 2915 2775 2973 tuum,
2827 2920 2860 2959 o
2882 2906 3181 2961 castissima
3210 2906 3525 2971 benedicta;

1956 2997 2069 3053 sola
2099 2998 2243 3051 enim
2271 2998 2323 3052 in
2365 3006 2504 3052 terra
2536 2996 2647 3052 Deo
2678 3011 2879 3066 corpus
2901 2997 3095 3053 dedisti
3125 3012 3188 3052 ex
3217 2997 3368 3066 puris
3395 3013 3524 3053 san-

1955 3090 2212 3161 guinibus
2245 3093 2371 3153 tuis,
2403 3105 2435 3144 o
2464 3088 2993 3144 inuuaeulatissima.

2027 3184 2405 3241 Lucidissimis
2450 3184 2834 3253 splendoribus
2883 3184 2993 3237 tuis
3031 3182 3347 3238 illuminasti
3380 3191 3526 3237 tene-

1880 3282 1922 3340 ο
1957 3276 2231 3330 brieosum
2270 3290 2364 3329 cor
2408 3289 2613 3337 meum,
2648 3289 2681 3329 o
2705 3271 2890 3340 Virgo,
2938 3287 3060 3342 qua:
3100 3273 3152 3326 in
3184 3283 3324 3326 terra
3359 3274 3526 3327 solem

1961 3366 2240 3421 Christum
2272 3366 2547 3436 peperisti,
2575 3366 2659 3421 cui
2693 3364 2976 3436 psallimus
3007 3379 3219 3434 semper
3246 3380 3262 3419 :
3296 3363 3529 3419 Benedi-

1959 3468 2081 3514 ctus
2099 3460 2340 3514 estDeus
2377 3467 2591 3528 patrum
2624 3469 2959 3513 nostrorum.

2028 3551 2165 3607 Cum
2204 3551 2606 3606 divinissimum
2638 3549 2872 3604 Verbum
2895 3557 3100 3604 castam
3132 3557 3183 3604 te
3207 3551 3371 3605 etiam
3407 3560 3530 3621 pust

1961 3651 2177 3713 partum
2241 3649 2645 3707 conservasset,
2711 3657 2777 3695 ex
2805 3650 2878 3705 te,
2906 3656 2938 3695 ο
2969 3641 3247 3705 inviolata,
3282 3658 3402 3696 eum
3425 3644 3529 3698 du~

1961 3735 2084 3806 plici
2120 3742 2334 3796 natura,
2398 3742 2563 3803 atque
2619 3734 2933 3803 operatione
2987 3734 3281 3804 processit;
3338 3750 3531 3805 quatu-

1956 3828 2141 3884 obrem
2173 3836 2227 3882 te
2259 3835 2515 3895 tauquam
2541 3826 2657 3895 ejus
2680 3824 2901 3881 Matrem
2933 3828 3318 3896 glorificamus.

2030 3919 2176 3974 Luce
2212 3928 2304 3974 tua
2351 3917 2566 3972 illuslra
2615 3933 2725 3982 me,
2747 3933 2781 3970 ο
2810 3926 2981 3980 casta,
3010 3919 3101 3985 qui
3136 3919 3189 3972 in
3223 3918 3386 3988 hujus
3408 3920 3529 3974 vitae

1960 4020 2119 4065 nocte
2143 4008 2385 4065 caecitate
2407 4009 2616 4073 laboro,
2638 4018 2719 4062 ’ac
2777 4007 3035 4063 fluctibus
3063 4007 3238 4076 jactor
3272 4017 3528 4077 peccato-

1962 4115 2123 4167 rum,
2155 4115 2189 4155 o
2217 4099 2448 4154 Domina
2508 4108 2719 4166 sancta,
2775 4108 2927 4169 porta
2962 4099 3100 4155 lucis
3152 4099 3525 4169 intelligibllis.

2000 4242 2309 4300 rreservata,
2342 4249 2407 4288 eo
2445 4233 2585 4302 quod
2618 4232 2716 4286 fuit
2752 4233 2977 4302 praevisa
3004 4249 3122 4289 esse
3153 4233 3319 4289 Mater
3348 4234 3464 4291 Dei.
3503 4255 3521 4287 ι

2009 4306 2054 4357 Ec
2080 4304 2186 4358 ille.
2223 4305 2513 4373 Etimerito
2547 4303 2791 4373 quidem,
2823 4319 2945 4358 nam
2983 4315 3040 4358 ut
3080 4304 3133 4357 in
3171 4306 3433 4373 opusculo
3463 4307 3529 4359 de

1963 4372 2210 4445 Concept.
2282 4372 2349 4429 Β.
2389 4372 2645 4445 _Virgiuis
2673 4373 2796 4427 libr.
2852 4374 2903 4439 l,
2967 4375 3145 4445 inquit
3204 4372 3527 4430 Ambrosius

1962 4443 2336 4499 Catliarinus:
2387 4443 2525 4515 Dum
2582 4444 2699 4513 ipse
2749 4459 2958 4498 mecum
3014 4444 3196 4499 animo
3228 4455 3280 4515 et
3325 4446 3529 4515 cogita.

1964 4516 2108 4567 tione
2137 4514 2494 4584 contemplor,
2528 4530 2687 4584 quam
2741 4515 2942 4583 grande
2978 4523 3031 4569 et
3067 4514 3413 4584 magnificum
3454 4518 3527 4571 sit

287 4590 412 4636 meo
436 4580 659 4636 Siculo:
698 4598 716 4632 ι
750 4583 1090 4653 Credendnm
1121 4580 1231 4647 eat,
1252 4582 1396 4652 quod
1445 4581 1616 4653 voluit
1640 4594 1857 4653 sumere
1891 4580 1933 4635 D
1961 4597 2080 4637 esse
2122 4580 2388 4638 excelsam
2442 4580 2896 4639 Dei'Genitr'icem
2931 4604 2945 4638 :
2985 4594 3097 4638 tum
3140 4580 3302 4653 quam
3335 4580 3440 4639 vile
3473 4597 3529 4639 et

286 4667 507 4706 carnem
538 4666 603 4705 ex
664 4651 1186 4722 earnebpurissima,
1229 4650 1285 4706 et
1326 4652 1469 4722 quod
1513 4652 1657 4722 ejus,
1687 4650 1855 4705 Mater

287 4723 454 4791 fuerit
482 4722 768 4791 plusquam
831 4718 941 4775 Eva
963 4732 1017 4777 et
1051 4722 1248 4786 Adam,
1286 4718 1380 4791 qui
1438 4718 1603 4777 creati
1636 4718 1855 4776 fuerunt

286 4789 408 4862 sine
471 4789 699 4862 peccato,
748 4792 1031 4862 originali.
1094 4809 1125 4862 r
1176 4789 1541 4847 Bernardinus
1604 4791 1731 4845 item
1778 4795 1856 4862 de

288 4852 529 4915 Bustoiu
558 4852 777 4915 Mariali
822 4852 987 4917 εἶναι.
1019 4863 1056 4916 2
1094 4861 1162 4916 de
1207 4870 1457 4931 co‘ncept.
1490 4862 1543 4915 in
1597 4862 1709 4931 line,
1738 4861 1853 4914 ait:

293 4931 459 5003 tCum
491 4945 681 5003 omnes
735 4932 958 4987 credant
1002 4931 1060 4986 B.
1117 4930 1393 5003 Virginem
1415 4932 1636 5003 Mariam
1682 4930 1857 5003 fuisse

291 5000 542 5055 idoneam
586 5000 811 5056 Matrem
846 5003 959 5066 Dei,
985 5003 1183 5057 debent
1212 5000 1393 5057 'etiam
1435 5002 1652 5056 credere
1681 5000 1854 5069 ipsam

288 5070 464 5141 fuisse
490 5070 783 5125 immunem
817 5072 886 5125 ab
934 5074 1082 5126 omni
1119 5072 1237 5127 labe
1267 5074 1493 5140 peccati.
1526 5070 1654 5141 quia
1703 5072 1859 5141 aliter

287 5155 401 5193 non
437 5139 629 5195 fuisset
648 5156 885 5209 congrua
918 5142 1087 5195 Mater
1118 5139 1339 5197 Christi.
1361 5163 1379 5193 ι
1421 5139 1697 5195 ConSonat
1730 5139 1859 5192 Bar-

290 5210 600 5264 tliolomeus
647 5209 879 5267 Pisanus
900 5212 977 5267 De
999 5212 1147 5265 laud.
1191 5212 1255 5266 Β.
1294 5212 1353 5267 ι’.
1400 5212 1575 5266 fructu
1632 5209 1684 5274 7,
1727 5210 1855 5262 dum

262 5280 483 5334 scribit
516 5299 529 5333 :
564 5298 582 5331 ι
624 5279 741 5335 Non
780 5282 883 5335 fuit
907 5283 1231 5337 conveniens
1266 5283 1489 5337 Matrem
1534 5280 1628 5334 Dei
1684 5278 1857 5334 addici

287 5350 454 5422 morti
480 5352 717 5404 αξιοι-ηειιί
750 5366 847 5421 pro
877 5368 1199 5422 quacunque
1246 5366 1498 5407 mensura
1529 5367 1543 5403 :
1576 5366 1705 5422 ergo
1748 5348 1860 5401 ori-

287 5419 453 5486 ginali
476 5422 671 5475 caruit.
699 5419 827 5493 ltem
871 5419 1125 5477 Christus
1146 5420 1304 5493 elegit
1332 5423 1552 5475 Matrem
1603 5419 1855 5493 incorru-

293 5497 443 5563 ptam
496 5492 872 5563 corporaliter,
908 5509 1075 5563 quare
1134 5502 1186 5546 et
1225 5489 1624 5563 spiritualiter.
1660 5509 1679 5542 ι
1720 5489 1854 5563 item

286 5558 803 5631 .loannesVigerins
847 5558 1131 5631 theologus
1174 5558 1562 5616 Doininieanus
1613 5561 1666 5615 in
1719 5561 1878 5614 libro.

286 5628 693 5702 [institutionum
729 5633 904 5702 rapite
937 5634 1003 5687 de
1035 5628 1269 5702 peccato
1315 5631 1576 5702 originali
1617 5631 1671 5683 in
1696 5631 1857 5702 hunc

288 5698 514 5772 modum
566 5698 832 5770 loquens:
881 5723 898 5755 ι
950 5701 1007 5756 Si
1033 5698 1266 5768 dicatur,
1322 5698 1463 5772 quod
1520 5700 1652 5754 Diva
1696 5699 1857 5772 Virgo

290 5785 398 5842 non
426 5769 612 5835 habuit
640 5769 932 5842 peccatum
966 5776 1246 5842 originale,
1277 5769 1397 5828 licet
1430 5771 1759 5842 processerit
1789 5771 1858 5823 ab

286 5838 461 5891 Adam
518 5838 820 5894 secundum
864 5838 1127 5897 rationem
1188 5838 1524 5906 sentinalém,
1564 5840 1855 5896 dicendum

286 5916 395 5974 est,
419 5911 561 5978 quod
598 5912 710 5979 ipsa
747 5919 862 5966 sola
912 5914 1132 5981 speciali
1184 5915 1354 5986 gratia
1378 5919 1649 5984 praeventa
1680 5911 1782 5966 fuit
1803 5919 1857 5965 et

491 6002 764 6063 PATROL.
800 6005 918 6062 (la.
951 6006 1071 6066 CV.

1964 4653 2239 4722 indignum
2270 4655 2571 4725 computari
2595 4655 2698 4710 sub
2740 4655 2949 4709 macula
2986 4666 3037 4709 et
3086 4654 3255 4725 fetore
3298 4656 3526 4725 peceati,

1961 4737 2015 4779 et
2040 4725 2141 4796 sub
2185 4725 2282 4796 ira_
2309 4723 2732 4796 omnipotentis,
2805 4740 2997 4795 magna
3054 4723 3310 4794 profecto
3344 4726 3527 4783 disso-

1963 4795 2147 4865 nantia
2182 4794 2493 4865 iolfendori
2548 4797 2650 4865 pia:
2708 4796 2852 4849 enim
2921 4811 3084 4865 aures
3134 4796 3523 4865 cacophoniatu

1961 4864 2120 4918 istam
2172 4864 2326 4917 facile
2358 4862 2617 4929 sentiunt,
2651 4879 2774 4919 cum
2822 4865 2947 4919 hinc
2982 4862 3204 4919 Matrem
3241 4862 3356 4930 Dei,
3404 4866 3526 4919 inde

1963 4934 2109 5004 illam
2130 4934 2300 5004 ipsam
2323 4933 2425 4988 sub
2444 4934 2522 4988 ira
2545 4934 2891 4998 Deiﬁmdiunt
2909 4935 3034 4988 hinc
3056 4949 3273 5004 rursum
3298 4944 3524 4990 matrem

1963 5002 2079 5074 Dei,
2100 5002 2223 5057 inde
2254 5004 2355 5057 sub
2390 5004 2585 5074 feceet
2616 5006 2784 5059 fetore
2828 5005 3055 5074 peccati.
3074 5002 3400 5073 Nequevero
3419 5005 3523 5060 du-

1964 5072 2146 5136 bito,si
2174 5082 2442 5127 sectarum
2465 5072 2746 5128 aﬂ‘cctione
2768 5072 2997 5137 seinota,
3033 5072 3197 5127 etiam
3228 5074 3462 5142 vosipsi,
3493 5091 3527 5127 υ

1965 5142 2328 5196 amantissimi
2368 5142 2582 5206 fratres,
2617 5143 2669 5196 in
2724 5143 2986 5197 cordibus
3008 5144 3202 5197 Vestris
3247 5159 3360 5197 rem
3401 5157 3523 5196 eam

1966 5212 2303 5281 tranquillius
2321 5213 2645 5275 tractaretis,
2667 5213 2854 5282 procul
2874 5212 3039 5267 dubio
3066 5213 3206 5267 hanc
3235 5212 3524 5266 absurdam

1963 5282 2357 5336 dissonantiam
2390 5282 2687 5337 sentiretis.
2717 5283 2783 5338 At
2807 5284 2935 5350 quia
2973 5300 3115 5338 nunc
3141 5284 3525 5350 magistrorqu

1966 5351 2352 5405 traditionibus
2419 5352 2640 5416 addicti,
2692 5365 2857 5422 atque
2912 5352 3117 5408 idcirco
3153 5353 3320 5422 male,
3350 5352 3527 5406 alTecti

1966 5430 2094 5476 sunt
2137 5422 2380 5494 quidam,
2419 5423 2496 5475 nil
2530 5423 2723 5494 mirum
2761 5416 2806 5477 si
2837 5438 2867 5476 a
2902 5440 2977 5494 re,
3001 5416 3350 5494 quantumvis
3372 5423 3533 5494 abso-

1966 5505 2056 5553 na,
2104 5506 2212 5543 non
2264 5491 2565 5559 patiuntur.
2612 5491 2766 5559 Quod
2816 5494 2862 5548 si
2908 5491 3049 5546 forte
3092 5509 3197 5545 non
3252 5494 3326 5546 ita
3386 5493 3528 5547 beati

1964 5560 2325 5630 quorumdam
2357 5563 2521 5627 oculi,
2565 5572 2624 5617 ut
2661 5564 2775 5616 haec
2814 5563 3050 5625 videant,
3078 5563 3267 5616 saltem
3309 5577 3376 5617 ne
3422 5563 3533 5617 sint

1964 5645 2223 5698 nequam,
2262 5640 2319 5683 ut
2343 5632 2447 5694 his,
2481 5634 2572 5699 qui
2601 5632 2802 5698 vident,
2836 5632 3132 5687 invideant.
3162 5631 3254 5685 Sic
3277 5631 3390 5685 ille.

2036 5701 2148 5769 (8'2)
2190 5701 2329 5772 Quid
2353 5710 2452 5768 ,est
2504 5702 2787 5772 Deiparam
2838 5703 3011 5757 solam
3045 5718 3165 5757 esse
3208 5701 3531 5772 iinmaculae

1964 5771 2222 5842 tam,niSI
2257 5771 2426 5824 solam
2484 5771 2879 5842 sineoriginali
2936 5771 3526 5842 maculmeoueeptaiu?
3596 5804 3599 5809 -

1967 5840 2042 5893 ita
2074 5850 2132 5892 ut
2167 5856 2291 5894 cum
2328 5844 2504 5896 caeteri
2537 5839 2735 5897 omnes
2776 5842 3022 5910 concepti
3062 5842 3115 5894 in
3145 5850 3368 5909 peccato
3405 5839 3524 5895 fue-

1965 5911 2093 5979 rint,
2118 5910 2234 5982 ipsa
2262 5913 2380 5968 sola
2412 5926 2669 5985 concepta
2711 5913 2871 5970 fuerit
2905 5912 3022 5968 sine
3048 5911 3176 5967 illo?

3096 6004 3178 6063 38
