3996 6590
510 390 649 457 1199

513 504 846 567 misericors,
905 504 1168 559 miserere
1223 500 1418 555 animae.
1477 513 1611 553 mem
1663 498 2084 560 infelicissimm,

508 613 633 668 quae
662 597 732 652 ob
763 595 970 668 peccati
1006 594 1293 666 passiones
1313 590 1550 662 graviter
1586 588 1862 660 denigrata
1914 596 1998 644 est
2030 597 2085 643 et

509 689 829 743 intirmala.’

578 776 865 848 Tanquam
896 789 1096 829 novum
1134 771 1391 827 infantem
1426 767 1703 842 peperisti,
1737 784 1771 823 ο
1802 768 2081 834 inviolata,

507 867 660 920 illum
694 867 788 937 qui
837 873 919 921 est
964 875 1088 919 ante
1127 863 1345 927 smcula,
1376 862 1586 917 et-sine
1633 870 1875 929 tempore
1907 859 2084 912 illuxit

506 974 568 1011 ex
600 959 756 1013 Patre
790 958 882 1029 qui
913 966 1060 1012 caret
1099 955 1389 1026 principio.
1456 952 1719 1007 Eumdem
1756 968 1851 1022 pro
1880 952 2084 1004 mundo

505 1051 731 1120 supplex
761 1065 948 1114 exora,
985 1064 1018 1103 o
1055 1050 1264 1117 Sponsa
1304 1047 1417 1101 Dei.

577 1144 756 1211 Supra
804 1140 1001 1194 mentis
1043 1151 1259 1208 captum
1310 1138 1567 1208 peperisti
1613 1152 1735 1191 eum
1790 1136 1881 1206 qui
1935 1143 2084 1189 caret

505 1241 780 1303 tempore;
813 1247 977 1302 supra
1002 1231 1268 1286 sermonis
1294 1239 1616 1299 conceptum
1643 1228 1895 1298 peperisti
1919 1227 2082 1280 Crea-

505 1339 698 1389 torem,
726 1340 760 1377 0
793 1323 1171 1389 sauetissima,
1218 1323 1310 1392 qui
1348 1323 1567 1375 redimit
1596 1322 1663 1375 ab
1689 1322 1838 1375 omni
1889 1337 2081 1375 corru-

502 1418 689 1488 ptione
713 1431 828 1482 eos,
865 1415 955 1486 qui
990 1424 1040 1468 te
1076 1415 1359 1484 Deiparam
1388 1414 1721 1469 collaudant.

576 1507 816 1576 Corpore
850 1505 1249 1559 circumdatum
1284 1502 1452 1556 Deum
1488 1504 1868 1571 incorporeum
1913 1516 2079 1573 pepe—

500 1599 643 1663 risti,
678 1612 710 1652 o
736 1596 1051 1667 purissima,
1081 1595 1173 1665 qui
1199 1594 1413 1648 redimit
1441 1610 1540 1649 nos
1564 1610 1686 1648 cum
1715 1593 1910 1648 timore
1941 1608 2080 1647 con-

500 1692 743 1746 cinentes
775 1707 788 1744 :
826 1687 1151 1743 Benedictus
1176 1702 1235 1740 es
1258 1726 1272 1751 ,
1301 1687 1463 1741 Deus.

572 1781 708 1836 Tota
739 1780 931 1846 electa,
975 1788 1084 1834 tota
1135 1778 1384 1848 speciosa
1453 1778 1776 1849 apparuisti,
1826 1793 1858 1832 ο
1918 1776 2078 1847 Virgo

500 1889 714 1944 semper
740 1873 999 1943 gloriosa,
1028 1887 1190 1941 quam
1228 1870 1367 1925 Deus
1396 1871 1759 1927 snnctillcavit
1791 1879 1845 1925 et
1878 1870 2037 1942 elegit
2067 1888 2080 1925 :

500 1966 642 2019 unde
676 1974 724 2019 te
771 1963 1058 2018 laudamus
1086 1963 1139 2016 iu
1170 1963 1351 2016 omnia
1382 1963 1596 2017 smeula.

571 2055 801 2110 Lumine
838 2054 1019 2109 vultus
1056 2054 1156 2119 tui,
1202 2070 1233 2108 0
1284 2053 1668 2109 intellectualis
1709 2064 1861 2124 porta
1918 2056 2077 2123 lucis,

499 2150 718 2204 illustra
757 2164 841 2204 me
885 2148 1155 2218 jacentem
1208 2149 1261 2202 in
1317 2149 1558 2205 tenebris
1612 2152 1927 2216 passionum
1965 2168 1979 2205 :
2014 2167 2080 2205 ne

498 2254 606 2293 nox
644 2238 837 2294 mortis
885 2238 1315 2307 comprehendat
1366 2255 1471 2306 me,
1520 2257 1640 2310 quae
1682 2242 1865 2297 irritas
1892 2243 2079 2298 reddat

497 2347 623 2404 spes
661 2331 853 2386 salutis
880 2346 1015 2387 meae
1037 2371 1051 2397 ,
1084 2346 1116 2386 ο
1148 2344 1297 2387 easta
1329 2340 1381 2387 et
1407 2334 1780 2389 immaculata.

501 2467 661 2539 185
726 2468 811 2523 Ex
867 2467 1079 2539 Conone
1131 2470 1184 2522 in
1242 2468 1664 2526 Translationem
1721 2470 1779 2527 S.
1843 2471 2073 2527 Joannis

975 2538 1349 2610 Evangelistw,
1382 2542 1467 2594 die
1496 2541 1587 2596 26.

568 2697 675 2764 Tu,
704 2711 826 2767 qua:
849 2696 1015 2752 Deum
1045 2696 1364 2765 concepisti,
1397 2696 1489 2767 qui
1528 2707 1749 2769 propter
1777 2713 1878 2754 nos
1910 2699 2075 2753 homo

500 2786 678 2841 factus
721 2796 838 2851 est,
875 2786 1125 2841 eumdem
1171 2787 1488 2857 deprecare,
1533 2803 1566 2842 ο
1618 2798 1790 2851 casta,
1826 2800 1884 2844 ut
1912 2790 1963 2844 in
1990 2790 2077 2845 die

493 2878 687 2950 judicii
733 2879 1059 2933 misereatur
1084 2879 1282 2947 nosm,
1318 2879 1408 2950 qui
1435 2880 1605 2934 multa
1635 2890 1858 2950 peccata
1884 2890 2075 2937 contra

498 2972 650 3026 illum
675 2970 1078 3027 commisimus.

566 3063 705 3119 Cum
748 3062 987 3118 Verbum
1034 3079 1102 3118 ex
1150 3071 1203 3119 te
1250 3063 1597 3119 ineﬂ‘abiliter
1629 3063 1995 3130 incarnatum,
2042 3081 2075 3119 o

497 3155 745 3225 Deipara,
782 3155 834 3208 in
865 3156 1010 3226 ligno
1048 3157 1232 3211 crucis
1264 3156 1539 3212 exaltatus
1574 3158 1832 3226 penderet
1856 3199 1870 3223 ,
1907 3157 2075 3212 disci-

497 3247 624 3317 pulo
652 3246 849 3317 virgini
893 3256 941 3300 te
967 3246 1198 3317 puellam
1223 3255 1481 3317 tanquam
1514 3246 1773 3319 virginem
1802 3261 2081 3302 commen-

498 3336 666 3393 davit.

568 3429 820 3484 Divinum
856 3428 951 3483 Dei
986 3429 1247 3499 templum
1283 3429 1569 3485 laudemus
1600 3446 1615 3483 :
1660 3439 1905 3485 sanctam
1954 3430 2079 3485 Vir-

498 3521 679 3591 ginem
723 3535 914 3575 onmes
962 3520 1124 3573 claris
1171 3521 1397 3575 vocibus
1434 3522 1827 3585 beatillcemus,
1857 3522 1950 3591 qui
1982 3537 2079 3592 per

499 3613 646 3667 illam
681 3614 917 3667 deilicati
969 3627 1180 3677 sumus,
1232 3621 1286 3668 et
1313 3628 1342 3667 a
1373 3613 1710 3684 gravissimis
1744 3614 1901 3670 malis
1946 3615 2080 3670 libe-

499 3705 627 3759 rati.

567 3794 704 3849 Cum
743 3792 895 3863 juxta
928 3809 1147 3849 crucem
1196 3791 1319 3847 Filii
1361 3793 1437 3847 tui
1471 3809 1576 3847 una
1607 3809 1731 3848 cum
1762 3793 1960 3849 dilecto
1989 3794 2073 3850 di-

497 3888 707 3958 scipulo
723 3898 923 3953 stares,
945 3886 1477 3951 immaculatissima,
1498 3887 1769 3958 laerymas
1792 3887 2076 3945 effundens

496 3978 772 4048 gemebas,
822 3986 876 4033 et
915 3979 1274 4035 admirabaris
1320 3978 1608 4049 plurimam
1641 3977 1784 4034 illius
1804 3995 1932 4050 erga
1972 3980 2075 4034 ho-

496 4070 671 4125 mines
704 4071 980 4141 pietatem.

565 4164 624 4217 ln
661 4163 1019 4219 similitudine
1049 4163 1230 4219 carnis
1278 4162 1422 4219 Deus
1462 4163 1714 4236 cognitus
1755 4169 1840 4218 est
1874 4162 1936 4217 al
1974 4164 2073 4218 ho-

495 4252 735 4309 minibus
763 4269 829 4308 ex
852 4262 926 4319 te,
956 4254 1282 4324 purissima;
1313 4270 1474 4324 quem
1507 4269 1721 4325 semper
1751 4253 2069 4325 deprecare,

494 4360 528 4399 ο
558 4346 922 4413 sanctissima,
958 4356 1016 4400 ut
1055 4347 1423 4417 perniciosam
1470 4348 1652 4403 carnis
1684 4358 1886 4403 nostra;
1936 4362 2070 4419 pru-

494 4439 730 4492 dentiam
759 4438 1056 4493 interimat.

569 4529 949 4585 Benedicimus
975 4540 1049 4596 te,
1080 4529 1516 4596 inviolatissima,
1557 4545 1679 4601 qua:
1724 4531 2066 4587 benedictum

496 4623 784 4677 Dominum
818 4622 1077 4692 genuisti,
1113 4623 1207 4692 qui
1241 4623 1441 4676 divinis
1474 4621 1947 4677 benedictionibus
1970 4637 2067 4677 eo-

495 4711 711 4766 rouavit
733 4711 1013 4764 hominum
1046 4719 1299 4764 naturam
1336 4710 1706 4769 maledictam,
1739 4717 1792 4762 et
1824 4723 1946 4773 nos,
1976 4709 2069 4778 qui

496 4803 563 4857 ad
598 4802 962 4873 corruptionis
1010 4809 1336 4857 vetustatem
1374 4802 1573 4858 redacti
1615 4818 1855 4867 eramus,
1910 4817 2076 4857 reno-

496 4895 659 4949 vavit.

563 4984 746 5039 Jesum
805 4982 1165 5051 Salvatorem,
1229 5001 1391 5055 quem
1457 4999 1687 5054 corpore
1731 4982 1951 5039 induisti
2008 4998 2073 5037 ex

495 5077 661 5133 castis
690 5077 1047 5147 sanguinibus
1100 5079 1231 5145 tuis,
1263 5092 1296 5132 ο
1342 5077 1452 5133 Deo
1499 5077 1849 5143 charissima,
1881 5076 2073 5146 depre-

498 5294 556 5333 se
596 5277 1029 5350 implicaret,qui
1062 5276 1157 5335 Dei
1180 5278 1402 5335 Matrem
1438 5278 1840 5333 immaculatam
1878 5276 2071 5350 fatere-

497 5358 661 5420 tur,et
683 5350 802 5419 ejus
828 5348 1240 5420 conceptionem
1263 5350 1667 5414 immaculatam
1689 5348 2068 5416 negaret.Nam

496 5417 1072 5488 siVirgoimmaculata
1087 5432 1417 5487 est,uecesse
1430 5432 1513 5475 est
1533 5421 1585 5474 in
1607 5435 1704 5474 sua
1718 5421 2071 5486 conceptione

498 5489 903 5545 immaculatam
936 5507 1057 5547 esse
1078 5508 1200 5545 cum
1232 5506 1295 5546 ea
1314 5506 1415 5543 vox
1448 5504 1665 5544 omnem
1695 5504 1921 5557 prorsus
1951 5505 2072 5541 ma-

495 5558 672 5612 cuiam
721 5561 972 5616 excludat
1002 5571 1056 5616 et
1107 5578 1203 5630 pro
1262 5576 1587 5630 quocunque
1626 5561 1871 5613 instanti.
1910 5560 2073 5630 Addit

499 5630 771 5701 Antonius
793 5630 1058 5687 Calderon
1105 5629 1200 5701 pro
1251 5632 1403 5684 titulo
1424 5629 1808 5701 Immaculata,
1857 5644 1979 5699 cap.
2014 5629 2067 5693 5,

499 5715 556 5752 ιι.
584 5699 706 5764 154,
747 5704 979 5771 amplius
1004 5699 1205 5771 requiri
1258 5713 1317 5755 ut
1362 5701 1451 5754 Dei
1493 5700 1663 5754 Mater
1704 5704 1775 5755 sit
1801 5702 2068 5771 immacu-

497 5771 625 5841 lata,
660 5786 820 5837 quam
841 5769 851 5771 7
872 5783 930 5827 ut
960 5784 1032 5827 snt
1066 5769 1415 5827 immaculata
1460 5772 1580 5840 ejus
1608 5772 1915 5841 conccptio.
1945 5769 2068 5824 llaec

495 5839 639 5893 enim
670 5843 872 5910 peccati
922 5843 1203 5913 originalis
1258 5839 1530 5909 carentia,
1562 5850 1615 5897 et
1652 5856 1751 5911 pro
1783 5839 1956 5895 'unieo
1985 5842 2067 5893 ius

1642 387 1700 447 S.
1742 383 2056 446 JOSEPIII
2098 383 2659 447 IIYMNOGRAPIII

2102 4579 2145 4633 D

3595 397 3676 462 120

2117 404 2659 447 ηιιΜιῒυυιιΑιίιι

2117 502 2165 560 Α
2194 515 2296 568 μου
2349 496 2549 567 ψυχὴν,
2605 495 2918 568 θεοκυῆτορ
2976 497 3300 568 πανάμωμε,
3351 501 3440 571 τὴν
3469 504 3527 558 ἐκ
3554 509 3710 565 παθὼν

2186 588 2463 659 ἁμαρτιας
2489 586 2679 650 δεινῶς
2709 587 3132 658 ἀμαυρωθεῖσαν
3162 588 3253 643 καὶ
3284 592 3572 651 στένουσαν.

2255 765 2393 819 Νέον
2459 764 2778 838 ἁπεκύησας
2826 767 2902 831 ὼς
2948 767 3170 840 βρέφος,
3206 769 3457 841 ἄχραντε,
3518 774 3597 829 τὸν
3624 779 3712 848 πρὸ

2184 858 2398 913 αἰώνων
2449 860 2662 930 Πατρὸς
2713 860 2951 928 ἁνάρχου
3008 861 3248 933 ἀχρόνως
3292 864 3712 935 ἐκλάμψαντα,ὸι

2185 949 2321 1021 ὑπὲρ
2349 949 2438 1004 τοῦ
2473 950 2680 1020 κόσμου
2715 949 2977 1015 δυσώπει,
3012 952 3405 1023 Θεονύμφευτε.

2271 1132 2441 1204 ’Υπὲρ
2468 1134 2591 1187 νοῦν
2622 1134 2712 1188 τὸν
2745 1134 2997 1206 ἄχρονον,
3028 1136 3167 1206 ὑπὲρ
3190 1138 3347 1207 λόγον
3369 1140 3453 1191 τὸν
3479 1142 3715 1215 Δημιουρ.

2181 1225 2300 1292 γὸν,
2351 1227 2612 1294 παναγία,
2644 1228 2892 1295 τέτοκας,
2920 1229 3285 1301 λυτρούμενον
3329 1232 3502 1303 πάσης
3539 1235 3714 1306 φθορᾶς

2181 1316 2306 1381 τοὺς
2344 1318 2603 1373 Θεοτόκον
2635 1336 2694 1373 σε
2725 1320 3050 1391 ὑμνοῦντας.

2252 1499 2474 1572 Σώματι
2515 1502 2896 1573 περικείμενον
2943 1504 3077 1559 Θεὸν
3130 1506 3221 1559 τὸν
3273 1508 3573 1579 ἀσώματον,
3605 1531 3717 1567 πανο

2183 1591 2402 1662 ἀμωμε,
2452 1593 2679 1659 τέτοκας
2725 1597 2873 1665 ἡμᾶς
2925 1596 3378 1667 ὲκλυτρούμενον,
3426 1604 3543 1667 τοὺς
3592 1606 3718 1678 φόϐῳ

2184 1684 2583 1756 μελῳδοῦνταςο
2627 1687 2684 1740 Ὀ
2715 1686 2867 1752 Θεὸς,
2900 1691 3191 1760 εὐλογητὸς
3220 1687 3311 1745 εἷ.-

2252 1777 2388 1847 Ὀλη
2421 1778 2669 1849 ὲκλεκτὴ,
2699 1779 3016 1853 ὠραϊσμένη
3048 1781 3163 1853 ὅλη,
3198 1783 3329 1847 Θεὸς
3357 1784 3423 1857 ἣν
3453 1785 3719 1859 iniussz

2119 1856 2155 1909 Π
2187 1869 2489 1936 ἐξελέξατο,
2522 1870 2729 1943 ὤφθης,
2766 1874 3020 1945 Παρθένε-
3054 1876 3141 1929 ἀεὶ
3171 1875 3549 1949 δεδοξασμένη.
3585 1856 3719 1933 Ὅθεν

2190 1978 2248 2014 σε
2281 1962 2558 2033 ὑμνῶμεν
2588 1965 2669 2027 εἰς
2698 1965 2906 2029 πάντας
2932 1968 3057 2031 τοὺς
3092 1968 3314 2032 αιῶνας.

2255 2054 2397 2106 Φωτὶ
2445 2054 2544 2107 τοῦ
2571 2056 2868 2125 προσώπου
2914 2075 3007 2111 σου
3036 2061 3127 2113 τὸν
3166 2064 3225 2114 ἐν
3280 2062 3459 2115 σκότει
3503 2063 3719 2134 κείμενον

2186 2143 2375 2197 παθῶν
2404 2146 2768 2215 καταὸγασον,
2820 2150 2912 2202 τοῦ
2947 2151 3122 2217 ςωτὸς
3151 2152 3295 2221 πύλη
3328 2155 3521 2224 νοητή’
3555 2154 3621 2225 μὴ
3646 2157 3721 2221 νὺξ

2186 2237 2468 2309 καταλάϐῃ
2500 2254 2566 2307 με
2588 2237 2681 2290 τοῦ
2714 2238 2966 2304 Θανάτου,
3003 2243 3239 2311 ἄχραντε
3262 2243 3423 2314 ἁγνὴ,
3454 2246 3547 2315 τῆς
3576 2263 3723 2317 σωτηρ

2188 2329 2307 2400 ρξας
2335 2346 2435 2400 μου
2461 2329 2558 2395 τὰς
2578 2331 2798 2395 ἐλπίδας
2822 2331 3230 2389 ἁνακόπτουσα.

2199 2463 2298 2521 Ἕκ
2324 2466 2430 2521 τοῦ
2474 2468 2743 2532 Κανόνος
2764 2470 2851 2540 εἰς
2876 2469 2991 2540 τὴν
3032 2470 3412 2537 μετάστασιν
3451 2469 3553 2524 τοῦ
3578 2469 3723 2540 ἁγίου

2390 2539 2821 2608 εὐαγγελιστοῦ
2874 2538 3170 2605 Ἰωάννου,
3196 2541 3389 2610 ἡμέρᾳ
3420 2547 3531 2605 κςδ.

2206 2616 2231 2629 \

2264 2695 2329 2749 Ἦ
2363 2695 2453 2750 τὸν
2502 2695 2635 2749 Θεὸν
2685 2695 3027 2750 συλλαϐοῦσα
3067 2696 3157 2749 τὸν
3197 2697 3269 2750 δι’
3311 2699 3458 2768 ἡμᾶς
3496 2696 3724 2783 γεγονότα

2183 2789 2496 2860 ἄνθρωπον,
2523 2789 2713 2842 τοῦτον
2743 2790 2988 2858 αῖτησαι,
3030 2789 3189 2860 ἁγνὴ,
3224 2792 3284 2844 ὲν
3315 2793 3497 2862 ἡμέρᾳ
3522 2791 3723 2860 κρίσεως

2182 2884 2329 2954 ἡμᾶς
2354 2882 2709 2961 οἰκτειρίσαι,
2740 2881 2867 2945 τοὺς
2892 2882 3058 2936 πολλὰ
3090 2884 3484 2955 ἡμαρτηκότας
3513 2883 3664 2953 αὐτῷ.

2264 3061 2461 3115 Ἦνίκα
2498 3060 2669 3128 Λόγος
2698 3061 2761 3113 ἐκ
2791 3059 2885 3113 σοῦ
2922 3062 3225 3131 σαρκωθεὶς
3253 3063 3593 3136 ἀπορῤἠτως,
3618 3062 3725 3117 Θεοι

2180 3152 2331 3217 τόκε,
2364 3155 2422 3206 ὲν
2451 3153 2593 3223 ξύλῳ
2629 3153 2898 3223 ἁνυψοῦτο
2941 3152 3034 3206 τοῦ
3073 3154 3337 3223 σταυροῦ,
3391 3155 3627 3227 παρθένῳ
3662 3155 3726 3225 τῷ

2110 3219 2151 3275 C
2187 3244 2406 3316 μαθητῇ
2442 3245 2517 3308 ὡς
2556 3219 2828 3316 παρθένον
2862 3246 3031 3317 κόρην
3059 3263 3119 3299 σε
3150 3219 3445 3317 παρέθετο.

2250 3425 2325 3478 Τὸ
2354 3424 2496 3477 θεῖον
2514 3423 2739 3495 τέμενος
2765 3424 2897 3478 Θεοῦ
2922 3426 3277 3497 ὑμνήσωμεν,
3300 3426 3401 3499 τὴν
3423 3428 3578 3495 ἁγίαν
3603 3427 3729 3496 Παρε

2155 3517 2332 3572 ’θένον
2358 3517 2672 3587 περιφανῶς
2697 3517 2899 3581 πάντες
2936 3519 3355 3589 μακαρίσωμεν,
3392 3521 3439 3573 οἱ
3468 3518 3728 3581 θεωθέντις

2177 3612 2245 3665 δι’
2275 3610 2446 3680 αὐτῆς
2480 3612 2572 3663 καὶ
2597 3611 2783 3663 δεινων
2813 3609 3299 3681 ἀπολυτρούμενοι.

2249 3794 2383 3847 Ὅτε
2406 3793 2683 3866 παρέστης
2705 3792 2801 3846 σὺν
2822 3791 3035 3863 μαθητῇ
3053 3791 3130 3863 τῷ
3151 3791 3504 3863 ἠγαπημένῳ
3519 3793 3571 3844 ὲν
3592 3806 3728 3844 σταυ-

2179 3885 2257 3959 ρῷ
2274 3885 2366 3939 τοῦ
2382 3884 2475 3939 σοῦ
2493 3884 2645 3947 Υἱοῦ.
2665 3887 3045 3956 παναμώμητε
3057 3884 3309 3957 ..ἔστενες
3322 3885 3635 3955 δακρύουσα,
3649 3881 3726 3935 καὶ

2175 3980 2484 4051 ἐθαύμαζες
2519 3979 2684 4033 αὑτοῦ
2716 3978 2812 4050 τὴν
2846 3979 2982 4051 πρὸς
3019 3977 3347 4051 ἀνθρώπους
3380 3977 3571 4050 πολλὴν
3613 3992 3725 4045 συμ-

2176 4071 2429 4125 πάθειαν.

2246 4165 2453 4238 Σαρκὸς
2482 4162 2789 4237 ὁμοιώματι
2818 4162 3122 4234 ἐγνωρίσθη
3156 4164 3266 4224 τοῖς
3302 4162 3515 4235 βροτοῖς
3540 4158 3656 4221 Θεὸς
3673 4158 3726 4209 ὲκ

2176 4256 2292 4317 σοῦ.
2326 4256 2660 4327 πανάμωμε,
2695 4256 2755 4309 ὃν
2794 4254 3100 4309 δκδυσώπει
3143 4254 3382 4308 πάντοτε
3416 4254 3513 4323 τῆς
3553 4248 3725 4320 σαρκὸς

2174 4349 2331 4420 ἡμῶν
2354 4348 2425 4402 τὰ
2450 4349 2791 4419 φρονήματα,
2824 4346 3085 4415 παναγὶα,
3114 4345 3392 4417 νεκρῶσαι
3419 4344 3487 4398 τὰ
3514 4340 3721 4411 ὀλέθρια.

2246 4528 2590 4599 Εὖλογοῦμέν
2635 4546 2719 4592 σε,
2753 4527 3086 4599 πανάμωμε,
3128 4526 3417 4597 κυήσασαν
3451 4516 3717 4590 εὐλογημέ-

2176 4641 2264 4676 νον
2294 4623 2520 4691 Κύριον,
2548 4622 2637 4675 τὸν
2668 4622 2937 4689 εὐλογίαις
2961 4619 3382 4689 καταστέψαντα
3402 4620 3517 4681 ταῖς
3546 4612 3721 4671 θεῖκιῑς

2178 4712 2453 4781 ἐπάρατον
2496 4710 2658 4779 φύσιν
2705 4710 2814 4763 τῶν
2847 4709 3078 4780 βροτῶν,
3128 4709 3226 4763 καὶ
3279 4705 3719 4778 καινουργῆσαντα

2172 4806 2318 4877 ἡμᾶς
2351 4802 2761 4866 παλαιωθέντας
2796 4801 2994 4873 φθορᾷ.

2254 4980 2461 5050 Ἰησοῦν
2507 4978 2596 5032 τὸν
2641 4976 2893 5047 Σωτῆρα,
2936 4976 2994 5028 ὃν
3040 4974 3416 5045 ἑσωμάτωσας
3464 4970 3525 5039 ἐξ
3568 4964 3719 5037 ἁγνῶν

2175 5090 2269 5127 σου
2320 5071 2591 5142 αἱμάτων,
2643 5066 3043 5138 Θεοχαρίτωτε,
3090 5067 3309 5136 αῖτησαι
3368 5065 3520 5135 ἡμᾶς
3546 5062 3718 5115 οἰκτει-

2177 5274 2340 5331 stanti
2365 5282 2618 5329 contenta
2651 5280 2752 5336 est,
2780 5285 2901 5325 eum
2930 5266 3165 5341 alterius
3186 5264 3417 5341 maeulae
3437 5277 3601 5341 capas
3626 5272 3716 5339 non

2176 5347 2265 5409 sit,
2326 5360 2501 5414 neque
2535 5344 2771 5414 amplius
2819 5342 3020 5414 duret;
3048 5347 3112 5414 at
3136 5335 3439 5414 Dei_Matri,
3467 5348 3521 5414 ut
3543 5335 3609 5387 sit
3631 5335 3719 5414 iui:

2178 5396 2495 5476 hiscum.
2524 5396 2796 5468 neurSatis
2824 5414 2895 5465 sit
2919 5396 3147 5481 originis
3185 5407 3325 5460 labe.
3351 5396 3613 5481 caruisse,
3641 5396 3719 5481 sel}

2173 5465 2735 5553 e-tiwa'm—ac't‘usﬁeque
2770 5465 2820 5535 in
2854 5465 3041 5550 aliqua
3090 5465 3717 5553 duntaxatuinstarttihsqd

2173 5539 2408 5625 semper,
2440 5539 2669 5625 ejusque
2692 5555 2901 5623 puritas
2927 5539 3017 5625 his
3032 5548 3197 5603 veluti
3230 5539 3720 5625 partibusabsolvi-

2175 5606 2729 5693 idii’itdnéiniﬁiqu‘e
2758 5606 2903 5677 esset
2926 5621 3191 5693 integram
3230 5606 3321 5669 Dei
3351 5614 3509 5668 Matri
3532 5606 3722 5693 mundi.-

2172 5675 2885 5750 ἱίέιίὲιἰἶιίίιὶῐίῆιῖιῖέέιιῐάιω
2930 5675 3249 5750 concedere,
3293 5697 3349 5739 et
3406 5693 3631 5753 partem,
3674 5675 3718 5730 id

2169 5778 2271 5840 est,
2336 5763 2660 5840 munditiem
2723 5760 3356 5840 conceptionishnegare,
3412 5768 3536 5811 cum
3564 5758 3715 5805 totum

2171 5837 2288 5890 sine
2316 5846 2465 5904 parte
2490 5833 2789 5887 subsistere
2825 5848 2935 5886 non
2968 5833 3157 5899 possit.
