3996 6608
332 412 473 476 1205

1702 404 2063 472 MARIALE.

3420 403 3560 466 19.06

327 529 694 599 Θεογεννῆτορ
722 529 990 599 ἄχραντε’
1021 529 1102 583 διὸ
1133 528 1400 601 Χαριτίνη
1430 528 1718 598 ποθήσασα
1746 548 1889 603 παρ-

2016 528 2094 582 rix
2134 527 2391 583 inviolata
2426 544 2440 581 :
2472 506 2756 597 propterea
2799 524 3080 581 Cbarit'ma
3104 524 3348 595 virgineo
3377 540 3562 577 amore

319 623 547 687 οενικῶς
576 622 750 676 ὀπίσω
781 639 874 675 σου
905 622 983 692 τῷ
1008 622 1084 692 σῷ
1116 622 1229 693 Υἱῷ
1272 623 1804 694 προσαπενήνεκται.

389 716 505 785 Τὴν
546 716 715 785 μόνην
757 717 816 769 ἐν
861 714 1110 783 γυναιξὶν
1153 714 1526 786 εύλογημένην
1582 732 1663 782 σε,
1717 715 1878 787 ἁγνὴ,

1986 634 2249 675 succensa
2291 627 2412 689 post
2444 628 2495 674 te
2523 619 2588 673 all
2625 617 2821 672 Filium
2853 625 3004 671 tuum
3032 616 3265 671 adducta
3298 625 3404 671 est.

2056 709 2133 765 Te
2163 712 2356 775 solum,
2411 719 2641 776 acasta,
2692 708 2835 763 inter
2889 709 3146 764 mulieres
3197 708 3559 769 benedictam,

321 807 626 890 στέργουσα
669 808 788 870 σαῖς
824 805 1057 874 ἀγαθαῖς
1116 805 1305 877 χάρισι
1357 806 1565 878 μάρτυς
1614 806 1881 878 Χαριτίνη

2012 803 2261 859 Iharitina
2287 813 2493 877 martyr
2516 819 2859 876 prosequens
2876 818 3087 870 amore,
3114 803 3302 874 gratiis
3335 803 3439 857 tuis
3464 803 3562 857 boa-

318 899 651 963 δεδόξασται.

386 990 812 1060 Σωματούμενον
855 989 1094 1058 ὲκύησας
1119 987 1254 1043 Θεὸν
1279 988 1473 1058 Λόγον,
1506 989 1878 1062 Θεογεννῆτορ

317 1082 577 1152 ἄχραντε,
609 1083 667 1136 ὃν
693 1085 726 1152 ἡ
752 1082 1017 1153 Χαριτίνη
1046 1082 1349 1153 στέργουσα
1380 1082 1713 1153 θερμότατα,
1748 1083 1885 1155 πυρὶ

318 1173 644 1240 ἀντετάξατο
678 1174 772 1226 καὶ
806 1172 1113 1228 πολυειδέσι
1136 1169 1556 1244 στρεϐλώσεσω.

388 1346 534 1411 Νοῦς
562 1348 805 1419 βρότειος
854 1347 953 1420 τὴν
983 1348 1103 1418 σὴν⁴
1126 1348 1265 1420 ὑπὲρ
1288 1347 1497 1404 ἔννοιαν
1532 1349 1792 1422 σύλληψιν
1820 1353 1882 1407 ού

317 1441 539 1495 δύναται
580 1442 851 1511 ἐννοῆσαι,
893 1442 1332 1513 Μητροπάρθενε
1378 1443 1549 1514 κόρη·
1604 1442 1740 1499 Θεὸν
1775 1444 1884 1517 γὰρ

317 1532 659 1602 άπεκύησας.

400 1623 577 1695 ἰσχύν
627 1640 688 1676 σε
727 1622 1026 1695 εὑραμένη,
1064 1625 1333 1697 Παρθένε,
1388 1630 1485 1684 καὶ
1542 1632 1882 1703 στήριγμαὴ

319 1716 609 1786 Χαριτίνη,
642 1714 879 1779 αἰκνίσεις
930 1717 1215 1787 καρτερῶς
1242 1721 1568 1791 προσφέρει,
1620 1725 1715 1777 καὶ
1763 1724 1886 1795 χαί.

1984 892 2070 946 nis
2101 893 2403 962 glorificata
2430 903 2533 950 est.
3360 968 3365 971 ‘

2055 982 2465 1055 incorporatum
2510 985 2673 1041 Deum
2708 984 2945 1041 Verbum
2978 984 3255 1056 peperisti,
3278 1000 3312 1040 ο
3339 984 3447 1038 Dei
3469 1000 3562 1054 εει

1985 1074 2153 1131 nitrix
2212 1076 2466 1144 illibata;
2533 1092 2697 1148 quem
2776 1077 3061 1132 Cltaritina
3166 1076 3568 1133 ferventissime

1980 1180 2206 1231 amans,
2244 1165 2445 1237 ignem,
2474 1180 2539 1222 ac
2572 1175 2844 1223 tormenta
2892 1165 3249 1222 multiformia
3280 1166 3565 1238 pugnando

1986 1258 2287 1328 superavit.

2054 1350 2478 1423 Coneeptionem
2549 1360 2698 1407 tuam
2749 1353 2898 1407 omni
2924 1353 3257 1423 cogitatione
3313 1352 3571 1419 superio-i

1986 1457 2128 1510 rem,
2170 1458 2278 1499 non
2320 1450 2500 1514 potest
2558 1444 2798 1499 humana
2859 1460 3014 1513 mens
3037 1444 3280 1515 assequi,
3330 1452 3563 1499 omater

1989 1534 2153 1605 Virgo
2186 1535 2365 1605 puella
2393 1552 2408 1602 ;
2442 1535 2611 1590 Deum
2641 1536 2786 1589 enim
2810 1536 3089 1605 peperisti.

2054 1626 2191 1683 Cum
2236 1635 2318 1694 te,
2360 1642 2394 1681 ο
2448 1625 2636 1697 Virgo,
2675 1627 2842 1681 rebur
2889 1632 3050 1683 Suum
3081 1644 3146 1683 ac
3188 1626 3565 1681 fulcimentum

1984 1716 2266 1774 Citaritina
2288 1718 2604 1785 invenisset,
2632 1719 2903 1774 constanti
2945 1719 3130 1774 animo
3154 1720 3383 1787 laetoque
3412 1718 3563 1771 vultu

321 1807 491 1877 ρουσά
550 1823 641 1859 σου
696 1807 871 1860 ὀπίσω
925 1806 1002 1878 τῷ
1056 1807 1164 1862 τῶν
1214 1810 1351 1866 ὅλων
1410 1814 1657 1889 Δεσπότῃ
1709 1833 1883 1888 προσ-

2012 1809 2197 1879 lagella
2228 1810 2519 1877 sustinuit;
2546 1820 2599 1866 et
2632 1820 2754 1882 post
2783 1820 2834 1866 te
2864 1810 2935 1866 ad
2962 1813 3345 1868 universorum
3376 1809 3571 1864 Domi--

318 1899 534 1965 άγεται.

391 1990 631 2063 Παρθένε
676 1994 833 2064 μόνη,
865 1998 959 2049 καὶ
987 1996 1234 2068 καθαράν
1258 2014 1317 2051 σε
1340 1998 1437 2052 καὶ
1468 1999 1749 2071 ἀκήρατον
1784 2000 1884 2055 Λό-

320 2101 415 2152 γος
448 2086 683 2156 καθαρὸς
718 2088 991 2158 ἠγάπησε,
1024 2091 1116 2144 καὶ
1140 2093 1209 2145 ὲκ
1240 2091 1333 2146 σοῦ
1366 2092 1709 2148 ἁνεπλάσατο
1752 2111 1889 2167 σαρ-

320 2177 587 2248 κούμενος
623 2180 743 2233 ὅλον
778 2181 868 2236 τὸν
912 2182 1220 2254 ἄνθρωπον,
1250 2185 1280 2239 ό
1319 2186 1621 2257 Χαριτίνην
1659 2184 1895 2252 δοξάσας

324 2287 417 2324 σου
441 2272 554 2337 τοῖς
577 2271 833 2343 Θαύμασι.

394 2386 604 2458 Ὠφθης
643 2388 922 2459 ύπερτέρα
969 2389 1213 2460 οὐρανῶν
1263 2390 1396 2446 Θεὸν
1448 2392 1701 2463 οὐράνιον
1747 2393 1885 2447 ἀπο-

320 2479 573 2550 κυήσασα
613 2481 709 2534 τὸν
734 2480 1143 2553 ούρανῶσαντα,
1178 2482 1444 2551 πάναγνε,
1488 2485 1739 2554 γηγενῶν
1766 2486 1889 2539 ὅλον

318 2571 382 2623 τὸ
422 2572 676 2643 φύραμα,
709 2573 804 2626 καὶ
828 2573 1124 2643 Χαριτίνης
1147 2574 1249 2642 τὴν
1276 2574 1479 2644 σεπτην
1510 2575 1733 2646 μνήμην
1765 2594 1891 2646 φαι-

317 2661 606 2732 δρύναντα,
632 2656 675 2729 ᾧ
716 2662 946 2733 βοῶμεν·
981 2663 1165 2718 Πάντα
1192 2665 1261 2719 τά
1285 2664 1421 2737 ἔργα
1453 2666 1683 2737 Κυρίου,
1730 2666 1886 2721 εὐλο-

318 2754 465 2822 γεῖτε
496 2754 588 2807 τὸν
622 2756 826 2827 Κύριον

354 2846 509 2909 νΦῶς
544 2848 675 2918 ἡμῖν
716 2848 959 2905 ἀνέτειλε
1010 2850 1223 2921 μήτρας
1273 2848 1334 2915 ἐξ
1378 2848 1740 2922 άπειράνδρου
1772 2867 1886 2917 σου,

321 2936 591 3007 Παρθένε,
609 2934 668 2993 οὗ
688 2941 806 3004 ταῖς
828 2940 1201 3013 φρυκτωρίαις
1221 2938 1421 3003 ὲνθέως
1451 2942 1888 3010 καταυγασθεῐσα

321 3027 438 3094 φῶς
468 3028 837 3099 ἐχρημάτισεν
860 3033 892 3102 ἡ
919 3029 1016 3100 τῆς
1038 3030 1211 3101 χαρᾶς
1241 3028 1547 3102 ἐπώνυμος,
1581 3030 1890 3100 Θεοκυῆτορ

319 3118 689 3190 ἁπειρόγαμε.

1918 1883 1963 1941 Β
1990 1917 2121 1957 num
2162 1902 2395 1957 adducta
2420 1911 2523 1958 est.

2048 1991 2093 2049 0
2129 1992 2297 2063 Virgo
2336 1994 2649 2065 singularis,
2702 1993 2939 2050 Verbum
2973 2010 3171 2066 purum
3211 2003 3260 2050 te
3290 2010 3484 2065 puram
3514 2008 3564 2047 et

1989 2087 2362 2158 incorruptam
2386 2088 2575 2143 dilexit
2605 2098 2653 2142 et
2687 2104 2752 2143 ex
2786 2099 2838 2144 te
2868 2090 3212 2144 incarnatum
3241 2090 3571 2143 reformavit

1988 2186 2162 2234 totum
2210 2175 2488 2233 hominem
2513 2194 2531 2245 ;
2560 2185 2614 2233 et
2633 2177 2971 2233 Cbaritinam
3004 2179 3284 2235 miraculis
3309 2180 3417 2234 tuis
3448 2180 3568 2251 glo-

1988 2267 2244 2323 riﬁeavit.

2063 2380 2359 2438 Sublimidr
2392 2386 2544 2440 caelis
2579 2384 2898 2455 apparuisti,
2930 2384 3097 2439 Deum
3118 2385 3261 2439 enim
3286 2386 3559 2441 cmlestem

1990 2474 2268 2544 peperisti,
2297 2489 2331 2529 ο
2363 2475 2692 2541 castissima,
2718 2476 2809 2546 qui
2831 2474 3141 2530 universam
3164 2475 3569 2544 terrigenarum?

1990 2578 2230 2621 massam
2267 2566 2614 2632 emlitieavit;
2649 2577 2705 2622 et
2736 2566 3095 2621 venerandam
3136 2558 3567 2620 (jharitinae‘me-

1990 2656 2220 2711 moriam
2272 2658 2431 2728 190
2480 2658 2799 2720 illustravit;
2866 2657 2931 2711 ad
2994 2672 3154 2725 quem
3214 2657 3573 2712 clamamus:

1989 2744 2183 2801 Omnia
2209 2758 2371 2817 opera
2413 2742 2648 2814 Domini,
2685 2747 2986 2805 benedicite
3033 2746 3341 2802 Dominum;

2062 2836 2176 2892 Lux
2239 2840 2395 2895 nobis
2453 2850 2641 2896 exorta
2672 2850 2844 2896 estex
2886 2840 3164 2908 impolluto
3199 2850 3351 2894 utero
3384 2850 3498 2903 tuo,
3532 2855 3573 2893 ο

1990 2928 2157 3001 Virgo
2179 2930 2273 2987 Dei
2302 2931 2473 2987 Mater
2505 2934 2684 2988 nescia
2706 2932 2832 2997 viri,
2875 2932 3031 3001 cujus
3060 2933 3444 3003 splendor-ibus
3478 2932 3565 2985 di-

1993 3022 2120 3077 vine
2188 3022 2445 3078 irradiata
2496 3024 2587 3078 lux
2627 3023 2769 3079 facta
2797 3031 2879 3079 est
2912 3023 3026 3089 illa,
3051 3041 3171 3094 qua:
3193 3040 3222 3077 a
3245 3024 3442 3095 gaudio
3465 3039 3564 3079 no-

1990 3128 2114 3169 men
2148 3110 2375 3183 aecepit.
3446 3112 3447 3115 “
3488 3114 3491 3117 “

334 3251 435 3306 Ἐκ
466 3252 573 3306 τοῦ
606 3254 873 3324 κανόνος
898 3256 984 3322 είς
1012 3255 1151 3322 τοὺς
1185 3255 1390 3324 ἁγίους
1416 3232 1721 3324 μάρτυρας
1770 3253 1885 3308 Εὑ-

2012 3247 2072 3304 Ξὶυ
2102 3248 2311 3305 Conone
2326 3247 2383 3302 in
2410 3248 2542 3319 [esto
2568 3249 2668 3307 SS.
2690 3249 2965 3324 AEu‘lqmpii
2986 3260 3034 3307 et
3063 3249 3357 3321 Eulampia:
3377 3259 3562 3315 mart.,

558 3320 805 3393 ιάμπιον
835 3320 935 3379 καὶ
960 3320 1342 3396 Εὐλάμπῖαν,
1601 3323 1654 3379 ι’.

393 3456 841 3529 Δελυτρωμένοι,
879 3460 1144 3530 Παρθένε,
1196 3457 1531 3529 προγονικῆς
1566 3455 1885 3525 καταδίκης,

319 3550 584 3623 ἄκραντα,
619 3555 687 3623 τῇ
728 3554 979 3622 γεννήσει
1006 3570 1098 3607 σου
1130 3552 1340 3622 σαφῶς,
1380 3553 1439 3605 ὲν
1471 3553 1677 3621 φωναῖς
1707 3549 1887 3620 ᾀσμά-

318 3658 430 3694 των
469 3658 529 3695 σε
561 3643 649 3695 ἀεὶ
677 3642 1053 3713 μακαρίζομεν
1083 3643 1264 3696 πιστοὶ
1288 3641 1363 3706 ὡς
1388 3641 1727 3711 Θεομήτορα.

405 3817 698 3887 Ῥυσθῆναι
730 3817 913 3888 πάσης
958 3819 1200 3888 πονηρᾶς
1235 3816 1495 3871 ἐναντίων
1544 3815 1766 3883 ἐφόδου,
1797 3811 1891 3866 καὶ

324 3907 515 3961 παθῶν
551 3907 929 3979 ψυχοφοόρων,
957 3908 1050 3962 καὶ
1086 3908 1348 3961 κινδύνων
1386 3906 1641 3978 χαλεπῶν
1666 3906 1792 3969 τούς
1831 3920 1889 3957 σε

320 3994 598 4065 τιμῶντας
619 3998 732 4063 ἀεὶ,
756 3996 985 4050 Θεοτόκε
1019 3996 1282 4064 πάναγνε,
1322 3996 1554 4051 ἱκέτευε.

393 4194 612 4265 Νοήσας
641 4195 929 4265 πόρρωθεν
958 4195 1417 4267 ὲμφαντικὼτατα
1472 4197 1789 4267 Ἀὃὸακούμ
1830 4214 1890 4251 σε

320 4286 507 4339 ἐκάλει
532 4286 680 4355 ὅρος,
708 4286 869 4359 ἁγνὴ,
906 4289 1130 4359 ἀρεταῖς
1151 4290 1467 4355 κατάσκιον,
1492 4290 1551 4357 ἐξ
1584 4283 1647 4343 οὗ
1680 4289 1890 4361 ἐπέφη-

320 4393 413 4430 νεν
444 4376 574 4447 ἡμῖν
607 4379 635 4430 ὁ
664 4378 913 4447 φωτίζων
934 4380 1032 4443 τὰς
1060 4379 1233 4450 ψυχάς
1255 4379 1436 4450 ήμῶν.

2664 3322 2747 3375 die
2777 3321 2865 3376 10.

2058 3454 2101 3509 Α
2135 3454 2434 3526 primorum
2469 3454 2775 3524 genitorum
2825 3453 3174 3510 damnatione
3202 3470 3299 3524 per
3353 3462 3572 3522 partum

1988 3552 2166 3612 tuum,
2193 3559 2226 3599 o
2252 3542 2420 3616 Virgo
2452 3545 2733 3613 inviolata,
2781 3545 3069 3603 manifeste
3114 3545 3412 3614 redempti,
3439 3561 3567 3600 cum

1987 3635 2213 3693 vocibus
2238 3636 2574 3692 canticorum
2609 3646 2660 3692 te
2686 3653 2901 3708 semper
2938 3654 3039 3693 nos
3066 3638 3273 3705 fideies,
3299 3648 3570 3708 tanquam

1991 3728 2086 3784 Dei
2113 3729 2363 3794 Matrem,
2402 3730 2616 3786 beatam
2642 3732 3006 3802 appellamus.

2061 3818 2383 3889 Deprecare,
2444 3820 2812 3877 ocastissima
2865 3822 3114 3891 Deipara,
3173 3831 3232 3877 ιιι
3260 3822 3336 3877 illi
3385 3822 3565 3893 quite

1990 3926 2207 3981 semper
2241 3911 2533 3978 honorant,
2561 3915 2632 3969 ab
2664 3914 2814 3969 omni
2842 3914 3077 3985 maligna
3120 3914 3467 3969 inimicorum
3495 3915 3575 3969 in-

1990 4003 2236 4067 vasione,
2272 4019 2303 4057 a
2340 4004 2611 4059 letliiferis
2641 4005 3009 4075 pasisionibus,
3039 4014 3094 4061 et
3118 4020 3150 4061 a
3180 4006 3435 4074 gravibus
3459 4022 3572 4059 mo-

1992 4093 2253 4165 lestisque
2284 4094 2540 4164 periculis
2571 4094 2889 4149 liberentur.

2060 4209 2198 4264 Cum
2240 4216 2292 4262 te
2322 4207 2579 4263 iiabacuc
2621 4209 2838 4278 alonge
2893 4217 3078 4264 mente
3128 4208 3579 4278 perspexisset,o

1991 4309 2160 4365 casta,
2184 4301 2599 4371 expressissime
2628 4312 2865 4356 montem
2896 4301 3193 4375 virtutibus
3247 4300 3567 4358 umbrosum

1992 4390 2298 4459 appellavit,
2336 4406 2401 4445 ex
2443 4406 2553 4463 quo
2588 4390 2842 4460 apparuit
2864 4390 3023 4446 nobis
3050 4389 3159 4453 ille,
3180 4389 3271 4457 qui
3299 4389 3577 4443 illuminat

1992 4484 2202 4538 animas
2230 4492 2464 4537 nostras.

407 4572 699 4643 Ῥομφαῖαι
734 4574 904 4627 πᾶσαι
955 4570 1049 4625 τοῦ
1095 4569 1413 4643 δυσμενοῦς,
1454 4571 1711 4645 ἄχραντε,
1754 4588 1890 4624 παν-

2064 4574 2305 4629 Flameze
2328 4588 2518 4628 omnes
2545 4572 2749 4628 inimici
2770 4588 2950 4628 revera
2974 4572 3029 4626 in
3051 4573 3210 4626 finem
3233 4571 3568 4627 defecerunt.

323 4662 549 4732 άμωμε,
582 4662 742 4734 ἁγνὴ,
773 4663 940 4726 ὅντως
968 4662 1048 4727 είς
1075 4662 1225 4726 τέλος
1252 4662 1498 4726 ἐξέλιπον
1518 4680 1531 4694 ο
1572 4663 1636 4717 σὺ
1660 4662 1771 4731 γὰρ
1799 4662 1890 4716 τὸν

325 4753 544 4805 πάντων
568 4752 701 4807 Θεὸν
732 4753 970 4825 ὲκύησας
992 4753 1082 4806 τὸν
1114 4752 1331 4823 σταυρῷ
1368 4752 1665 4807 καθελόντα
1701 4753 1889 4806 τούτου

323 4844 387 4897 τὸ
417 4862 450 4912 φ
459 4844 701 4914 ρύαγμα.

412 4935 497 4997 Ὠς
523 4936 727 5007 ὄμϐρος
765 4935 1066 4989 κεκένωται
1095 4937 1153 4988 ὲν
1178 4938 1243 5006 τῇ
1283 4936 1467 5008 μήτρα
1500 4953 1593 4989 σου
1632 4936 1785 4999 Θεὸς,
1822 4935 1890 4990 δι’

326 5024 730 5095 εὐσπλαγχνίαν
780 5027 1007 5097 ἄφατον,
1042 5028 1247 5080 καὶτὸν
1272 5028 1606 5100 χειμάρρουν
1649 5029 1893 5093 ἅπαντας

325 5114 427 5185 τῆς
455 5116 665 5187 τρυφῆς
694 5118 936 5184 ὲπότισε,
984 5119 1271 5184 Δέσποινα,
1305 5121 1398 5172 καὶ
1421 5118 1517 5189 τὴν
1543 5119 1722 5173 κτίσιν
1756 5118 1894 5190 φθαο·

330 5210 519 5279 ρείσαν
549 5210 994 5282 ὲκαινούργησεν.
1631 5262 1640 5271 .

399 5299 634 5363 Νεανίας
690 5304 838 5371 τρεῖς
889 5303 923 5372 ἡ
977 5301 1209 5373 κάμινος
1254 5303 1353 5355 ούκ
1382 5303 1590 5373 ἕφλεξε,
1644 5304 1896 5374 γέννησιν

330 5386 687 5458 προτυποῦσα
712 5388 809 5461 τὴν
842 5391 972 5461 σήν’
1004 5392 1065 5445 τὸ
1110 5392 1220 5462 γὰρ
1248 5391 1390 5444 θεῖον
1420 5392 1528 5465 πῦρ
1566 5410 1623 5445 σε
1664 5394 1737 5463 μὴ
1773 5393 1899 5461 φλέ-

331 5475 428 5541 ξαν
476 5476 693 5549 ᾤκησεν
723 5480 781 5534 ἐν
828 5481 933 5550 σοι,
980 5485 1073 5535 καὶ
1108 5483 1315 5546 πάντας
1347 5483 1579 5552 ἐφώτισε
1626 5484 1893 5555 βοῶντας·

330 5567 637 5640 Εὐλογητὸς
670 5565 738 5638 εί,
774 5572 802 5625 ό
821 5572 955 5637 Θεὸς
1003 5574 1112 5627 τῶν
1136 5574 1388 5645 πατέρων
1414 5574 1621 5645 ἡμῶν..

414 5757 781 5829 ’Δπειρόγαμε
811 5759 984 5830 Κόρη,
1039 5760 1218 5831 χαῖρε,
1276 5759 1606 5831 πανάμωμε,
1658 5763 1687 5815 ό
1732 5761 1898 5833 λιμὴν

332 5852 445 5908 τῶν
478 5852 535 5906 ἐν
561 5853 715 5928 ζάλῃ,
740 5856 921 5927 χαῖρε,
969 5854 1404 5927 Θεόνυμφε,‹τῶν
1444 5858 1786 5928 ἁμαρτωλῶν
1836 5857 1900 5910 τὸ

1994 4680 2027 4720 o
2059 4666 2332 4729 inviolata,
2363 4676 2472 4721 tota
2520 4682 2657 4736 pura
2695 4674 2749 4720 et
2786 4674 2935 4721 casta
2969 4683 2982 4719 :
3017 4675 3071 4718 tu
3120 4664 3265 4718 enim
3326 4664 3575 4717 muniunt

1994 4755 2164 4811 Deum
2188 4758 2439 4827 genuisti,
2480 4758 2573 4830 qui
2624 4773 2786 4813 cruce
2811 4773 2909 4813 sua
2960 4756 3107 4811 illius
3163 4756 3453 4811 elationem
3487 4742 3569 4809 fa;

1995 4857 2256 4919 stumque
2285 4851 2500 4918 deiecit.

2067 4940 2345 5011 Tanquam
2376 4942 2548 4995 imber
2578 4942 2905 5007 eﬂ'ususrest
2970 4940 3023 4995 in
3052 4948 3205 4995 utero
3259 4946 3352 4991 tuo
3403 4936 3567 4997 Deus.

1995 5044 2215 5103 pr0pter
2241 5032 2565 5087 inelfabilem
2602 5033 2855 5101 pietatem
2881 5042 3145 5096 suam;et
3183 5040 3424 5085 torrente
3472 5031 3567 5081 tle-

1996 5121 2242 5177 liciarum
2270 5123 2473 5191 potavit
2524 5122 2826 5190 universos,
2852 5138 2886 5176 ο
2938 5120 3163 5176 Domina
3184 5160 3199 5185 ,
3233 5128 3569 5174 creaturam-

1998 5232 2102 5286 qne
2132 5227 2442 5283 corruptam
2474 5213 2771 5268 renovavit.

2068 5307 2200 5363 Tres
2224 5307 2451 5376 juvenes
2469 5304 2659 5360 fornax
2686 5321 2792 5359 non
2810 5304 3131 5368 combussit,
3160 5303 3569 5373 conceptionem

1999 5409 2144 5453 tuam
2174 5398 2550 5469 praefigurans.
2611 5398 2823 5452 Etenim
2884 5396 3104 5451 divinus
3176 5395 3317 5463 ignis
3368 5394 3570 5461 absque

2000 5491 2076 5546 tui
2106 5490 2499 5555 eombustione,
2557 5488 2693 5543 inte
2749 5488 3031 5554 habitavit,
3086 5500 3382 5556 omnesque
3444 5484 3565 5538 illu-

1998 5581 2246 5643 minavit,
2275 5580 2369 5651 qui
2393 5579 2630 5635 clamant
2663 5597 2677 5635 :
2708 5576 3031 5635 Benedictus
3066 5593 3148 5645 es,
3184 5577 3329 5632 Deus
3355 5584 3565 5646 patrum

2000 5684 2333 5729 DOSU‘ONHH.

2062 5762 2435 5826 Salvo,Puella
2462 5762 2561 5817 viri
2586 5762 2788 5824 nescia,
2806 5770 2915 5815 tota
2936 5760 3283 5815 immaculata
3308 5777 3320 5814 :
3342 5759 3508 5821 salve,
3529 5776 3561 5810 ο

2002 5871 2197 5926 sponsa
2231 5855 2346 5919 Dei,
2374 5862 2564 5926 portus
2592 5837 2780 5912 eorum
2803 5852 2894 5925 qui
2914 5861 3231 5925 tempestate
3250 5854 3523 5924 jactantur
3549 5895 3557 5915 ,
