3996 6608
308 382 447 451 1209
1091 470 1097 475 α
1686 395 2028 455 meum
3419 396 3557 469 1210

305 504 560 573 κυήσασα
591 501 685 556 τοῦ
735 504 965 575 Πατρδς,
990 506 1254 577 Παρθένε,
1278 507 1368 561 τδν
1395 506 1729 578 συνάναρχον
1776 512 1868 564 καὶ
1897 556 1905 575 Α

2002 511 2206 565 lerbum
2249 510 2421 567 Patris
2451 510 2815 575 enixa,eidem
2854 510 2999 567 Patri
3025 522 3377 581 coaeternum,
3400 516 3555 571 simi-

306 594 599 661 συναῖδιον,
628 589 689 650 οὗ
718 598 833 660 ταῖς
859 600 1258 670 φρυικτωρίαις
1285 602 1330 653 οἱ
1349 600 1578 671 ἀθληταὶ
1601 617 1879 669 καταυγα-

309 685 529 748 «ante;
559 686 747 750 ἀθεῖας
770 688 869 759 τὴν
896 689 1065 742 νύκτα
1097 691 1474 761 παρέδραμον.

378 778 675 843 Συνέλαδες
704 782 762 832 ὲν
786 782 985 850 γαστρὶ⁵
1010 781 1099 835 τὸν
1129 784 1475 853 προαιὼνιον,
1495 783 1757 854 ἄχραντε,
1785 784 1879 837 καὶ

305 868 532 931 τέτοκας
579 870 638 921 ὲν
694 870 864 941 σαρκὶ
892 871 985 923 τὸν
1035 872 1196 941 φύσει
1248 874 1565 943 ἀπρόσιτον,
1616 874 1710 927 καὶ
1736 874 1878 941 γάλα

294 960 570 1024 ηιπότισας
594 960 685 1014 τὸν
711 963 917 1036 τροφέα
946 964 1182 1030 πάντων,
1207 964 1489 1038 Θεομῆτορ
1513 966 1875 1037 ἀπειρόγαμε.

374 1148 641 1204 Κενοῦται
681 1152 737 1204 ὲν
807 1152 990 1223 μήτρᾳ
1047 1169 1141 1205 σου
1209 1152 1485 1224 Πατρῴων
1534 1154 1753 1207 κόλπων
1803 1154 1878 1224 μὴ

304 1241 672 1311 ἀριστάμενος
702 1245 729 1296 6
757 1244 1127 1315 πληρέστατος
1153 1246 1345 1313 Λόγος,
1374 1248 1467 1299 καὶ
1497 1246 1632 1314 σὰρξ
1663 1248 1876 1317 ὁρᾶται,

306 1333 403 1390 καὶ
424 1332 624 1404 βρέῳος
651 1332 916 1400 τίκτεται,
944 1332 989 1405 ᾧ
1016 1336 1388 1408 μελῳδοῦμεν.
1429 1335 1694 1407 Παρθένε,
1717 1336 1881 1407 γηθό-

308 1440 484 1496 μενοιο
528 1425 834 1497 Εὐλογητὸς
860 1429 889 1481 6
910 1428 1044 1492 Θεὸς
1067 1429 1096 1481 6
1118 1428 1228 1482 τῶν
1260 1427 1536 1498 πατέρων.

376 1601 484 1654 Σὺν
536 1600 847 1672 ἀσωμάτων
895 1600 1109 1669 τάξεσι,
1150 1602 1249 1659 σὺν
1289 1600 1587 1674 μαρτύρων
1620 1600 1882 1673 στρατεῦ-

307 1709 461 1763 μασι.
513 1694 612 1748 σὺν
650 1695 763 1757 τοῖς
808 1694 1129 1757 ἀποστόλοις
1156 1695 1251 1748 καὶ
1277 1696 1608 1765 προφήταις,
1640 1695 1880 1760 ἅπαντες

306 1786 405 1855 τὴν
437 1784 655 1838 πάντων
682 1785 1049 1849 δεσπόζουσαν
1070 1787 1179 1841 τῶν
1203 1787 1522 1856 ποιημάτων
1556 1788 1877 1853 Δέσποιναν,

1981 601 2213 671 literque
2282 601 2549 671 principio
2622 617 2878 659 carens:
2946 603 3105 673 cujus
3169 605 3554 673 splendorilms

1980 694 2198 749 athleta:
2222 694 2492 760 irradiati,
2531 695 2868 753 inﬁdelitatis
2898 708 3109 752 noctem
3139 712 3552 766 percurrerunt.

2050 783 2354 853 Concepisti
2394 786 2447 839 in
2500 797 2673 847 utero,
2704 803 2736 839 o
2767 787 3133 854 immaculata,
3172 804 3297 843 eum
3343 792 3435 859 qui
3469 800 3553 845 est

1982 881 2106 929 ante
2136 874 2329 928 szecnla
2357 891 2372 941 ;
2403 874 2659 945 peperisti
2707 878 2761 932 in
2818 891 2984 931 carne
3023 892 3147 931 eum
3197 878 3289 947 qui
3347 887 3553 932 naturae

1978 975 2059 1019 est
2100 965 2511 1031 inaccessibilis,
2546 966 2683 1020 lacte
2716 968 2914 1036 potasti
2952 984 3076 1023 eum
3112 968 3205 1038 qui
3234 969 3402 1023 nutrit
3426 969 3551 1023 uni-

1979 1075 2155 1125 versa,
2183 1074 2215 1113 ο
2251 1058 2339 1113 Dei
2367 1057 2536 1113 Mater
2565 1060 2748 1114 nescia
2788 1059 2911 1113 viri.

2050 1151 2384 1205 Evacuatum
2417 1161 2498 1206 est
2524 1150 2576 1204 in
2603 1160 2757 1204 tttero
2788 1161 2907 1217 tuo,
2960 1166 2993 1204 ο
3024 1151 3209 1221 Virgo,
3261 1168 3368 1207 non
3401 1167 3555 1207 recr~

1978 1241 2112 1298 dens
2144 1257 2174 1295 a
2208 1240 2440 1297 Paterno
2464 1241 2607 1307 sinu,
2645 1240 2884 1302 Verbum
2919 1243 3310 1313 plenissimum,
3344 1251 3396 1296 et
3423 1257 3551 1297 caro

1979 1336 2253 1405 apparuit,
2285 1343 2452 1405 atque
2510 1334 2693 1391 iulans
2745 1344 2933 1393 natum
2973 1345 3104 1391 est:
3154 1335 3240 1392 cui
3308 1336 3552 1392 suaviter

1979 1426 2231 1482 canimus
2282 1425 2573 1480 laetabundi
2608 1442 2625 1481 :
2655 1423 2983 1483 Benedictus
3013 1425 3160 1481 Deus
3194 1433 3406 1495 patrum
3460 1441 3554 1482 tw-

1981 1526 2095 1573 διτο
2102 1532 2162 1569 l'll
2171 1531 2245 1571 m.

2055 1608 2211 1679 193
2241 1607 2373 1661 Cum
2405 1606 2714 1677 agminibus
2742 1605 3215 1677 incorporearum,
3252 1623 3375 1663 cum
3409 1624 3554 1664 mar~

1981 1712 2160 1772 tyrum
2205 1698 2570 1763 exercitibus,
2625 1714 2750 1754 cum
2806 1699 3072 1769 apostolis
3119 1713 3184 1755 ac
3239 1700 3556 1769 prophetis,

1980 1806 2173 1846 omnes
2210 1792 2462 1863 religiose
2495 1791 2687 1861 pieque
2713 1791 3090 1847 collaudemns
3129 1790 3553 1848 Dominatricem

300 1876 377 1939 ὡς
405 1877 516 1930 τῶν
545 1878 829 1949 Χερουῦἰμ
865 1879 1196 1949 ἀγιωτέραν,
1225 1880 1319 1933 καὶ
1355 1880 1522 1949 μόνην
1545 1878 1679 1932 Θεοῦ
1709 1880 1880 1950 ἁγνὴν

2002 1882 2225 1937 nnnium
2250 1922 2266 1947 ,
2298 1882 2541 1952 reginam
2570 1898 2749 1937 rerum
2776 1892 3106 1949 creatarum,
3133 1892 3389 1953 tanquam
3417 1882 3561 1937 Che-

305 1969 535 2040 Μητέρα
556 1968 796 2034 εὐσεϐῶς
822 1970 1451 2043 ἀνυμνοῦμεν,-Χριστὸν
1476 1970 1880 2043 ὑπερυψοῦντες

304 2061 384 2122 εἰς
412 2063 622 2125 πάντας
664 2064 791 2126 τοὺς
815 2064 1040 2127 αἰῶνας.

374 2156 565 2210 Φεῖσαί
612 2175 734 2226 μου,
783 2157 992 2228 Σῶτερ,
1023 2158 1051 2210 6
1082 2156 1316 2228 τεχθεὶς,
1364 2155 1459 2210 καὶ
1503 2155 1742 2225 φυλάξας
1780 2154 1878 2225 τὴν

302 2247 569 2301 τεκοῦσαν
598 2264 656 2300 σε
684 2246 922 2318 ἄφθορον
948 2247 1089 2317 μετά
1114 2248 1213 2318 τὴν
1237 2247 1455 2316 κύησιν,
1494 2250 1623 2300 ὅταν
1649 2247 1878 2318 καθίσῃς

306 2338 490 2404 κρῖναι
522 2337 591 2389 τὰ
616 2336 755 2407 ἔργα
781 2354 910 2407 μου,
936 2339 1035 2400 τὰς
1066 2337 1299 2406 ἀνομίας
1328 2336 1608 2408 παρορῶν,
1653 2338 1747 2388 καὶ
1781 2338 1878 2399 τὰς

302 2428 579 2499 ἁμαρτίας
637 2446 759 2499 μου,
815 2429 891 2493 ὡς
923 2429 1331 2501 ἀναμάρτητος,
1384 2429 1634 2499 ἐλεήμων
1676 2430 1703 2482 ὁ
1747 2427 1880 2492 Θεὸς

303 2521 397 2575 καὶ
419 2519 822 2593 φιλάνθρωπος.

1986 1968 2167 2022 rubim
2217 1970 2572 2033 sanctiorem,
2607 1977 2661 2025 ει
2707 1970 2878 2025 solam
2913 1970 3006 2025 Dei
3048 1981 3277 2025 matrem
3310 1971 3559 2026 castissi-

1984 2075 2150 2123 mam,
2188 2059 2464 2115 Christum
2528 2061 2996 2131 superexaltantes
3028 2062 3083 2116 in
3116 2062 3301 2118 omnia
3330 2063 3551 2117 saecula.

2054 2152 2219 2208 Parce
2246 2152 2397 2219 mihi,
2432 2152 2700 2218 Salvator,
2726 2153 2818 2224 qui
2841 2164 3002 2210 natus
3026 2169 3108 2219 es,
3142 2164 3196 2209 et
3222 2155 3555 2211 conservasti

1980 2243 2353 2316 incorruptam
2397 2255 2520 2317 post
2567 2255 2779 2317 partmn
2825 2247 3144 2316 genitricem
3196 2256 3375 2310 tuam,
3428 2262 3552 2301 eum

1980 2336 2187 2391 sederis
2222 2338 2289 2391 ad
2319 2336 2612 2407 jndieanda
2651 2351 2814 2406 Opera
2850 2352 3002 2400 mea;
3046 2335 3401 2390 dissimulans
3448 2335 3555 2387 ini—

1980 2431 2218 2499 quitates
2250 2438 2304 2484 et
2336 2440 2556 2500 peccata
2604 2444 2745 2491 mea,
2785 2438 3043 2498 tanquam
3080 2427 3467 2497 impeecabilis,
3503 2436 3559 2481 et

1980 2521 2125 2577 Deus
2156 2522 2491 2587 misericors,
2524 2534 2685 2591 atque
2728 2522 3013 2576 hominum
3047 2531 3278 2575 amator.

1174 2631 1259 2686 Ea:
1280 2631 1490 2689 Canone
1510 2635 1565 2687 in
1597 2632 1696 2689 SS.
1731 2635 1987 2704 Carpam,
2011 2647 2059 2689 et
2086 2635 2366 2706 Popylum,
2394 2637 2477 2690 die
2505 2634 2754 2705 15(86‘).

375 2745 419 2800 Ο
446 2754 600 2816 porta
628 2745 783 2813 lucis,
827 2762 947 2817 qua:
975 2762 1041 2801 ex
1073 2746 1402 2817 incorruptis
1432 2746 1732 2802 visceribus
1766 2747 1870 2802 tuis

305 2836 529 2904 eﬂulsit,
570 2838 719 2893 vibra
792 2839 846 2891 in
916 2854 1004 2893 me
1078 2838 1468 2892 illuminativos
1552 2839 1881 2907 pmnitentiae

307 2930 521 2995 radios,
576 2940 630 2984 et
680 2929 882 2999 dissipa
919 2937 1267 2999 peccatorum
1304 2945 1549 2985 meorum
1606 2931 1879 2997 tenebras,

305 3037 341 3075 ο
370 3022 554 3076 divina
587 3022 761 3092 gratia
793 3022 1133 3092 plenissima.
1762 3034 1765 3035 '

376 3116 766 3186 Cognovimus,
835 3115 1095 3181 Domine,
1157 3115 1300 3186 quod
1355 3132 1479 3171 eum
1542 3116 1683 3170 Dens
1734 3131 1885 3171 esses

1980 2750 2148 2803 Deum
2180 2748 2823 2818 incomprehensibilem,
2857 2747 3116 2817 peperisti
3153 2762 3317 2816 supra
3350 2754 3557 2799 natura:

1987 2843 2230 2907 modum,
2254 2843 2636 2912 plasmatorem
2670 2851 2893 2895 naturae.
2924 2839 3175 2909 Magnum
3202 2838 3515 2909 mysterium
3541 2837 3556 2893 Ξ

1986 2933 2381 3003 inintelligibile
2417 2933 2575 3005 194
2607 2933 2964 2998 miraculum,
3008 2946 3041 2987 0
3089 2932 3249 3000 Virgo
3293 2931 3407 2984 sola
3437 2930 3559 2984 sine

1987 3029 2093 3082 ulla
2126 3031 2335 3081 macula
2369 3028 2500 3097 (8T).

2060 3120 2136 3173 Ex
2190 3120 2303 3173 luto
2358 3119 2706 3189 passionum,
2762 3134 2828 3173 ex
2885 3117 3145 3172 barathro
3206 3125 3558 3185 peccatorum

306 3212 576 3282 principio
606 3228 831 3277 carens,
862 3212 1191 3281 principium
1231 3212 1430 3266 habere
1465 3210 1798 3273 sustinuisti,
1829 3220 1883 3263 et
1912 3239 1954 3296 η
1986 3212 2143 3274 edue,
2175 3220 2229 3265 et
2257 3227 2379 3280 rege
2407 3226 2491 3264 me
2523 3212 2738 3264 servum
2773 3219 2923 3265 tuum
2963 3224 3181 3273 semper
3213 3209 3557 3263 coulitentem

283 3320 375 3378 ἐκ
401 3304 619 3374 Virgine
643 3304 847 3373 absque
874 3305 1172 3358 mutatione
1195 3306 1510 3372 procedere,
1534 3320 1693 3374 qnam
1719 3304 1882 3358 etiam

311 3404 435 3464 post
465 3403 679 3463 partum
713 3394 1082 3465 incorruptam
1114 3411 1412 3464 puramque
1437 3396 1793 3450 conservasti.

382 3484 706 3539 Thalamntn
763 3485 855 3540 Dei
897 3487 1410 3552 incontaminatum,
1464 3496 1702 3541 montem
1734 3503 1763 3542 a
1800 3489 1879 3541 la-

308 3578 499 3648 picidas
523 3578 772 3633 manibus
796 3579 1113 3643 immunem,
1145 3593 1325 3633 arcam
1361 3587 1607 3634 sanctam
1638 3594 1701 3633 ac
1731 3596 1883 3633 men-

308 3688 452 3736 sam,
503 3682 559 3726 et
605 3672 859 3727 carbonis
904 3671 1279 3726 immaterialis
1320 3670 1655 3725 thuribulum
1693 3686 1884 3724 omnes

307 3762 496 3818 ﬁdeles
526 3771 577 3818 te
614 3762 999 3833 praedicamus,
1025 3777 1057 3816 o
1087 3771 1237 3819 casta
1290 3762 1473 3833 Virgo,
1523 3771 1636 3818 tota
1684 3765 1882 3818 imma-

314 3857 522 3913 culata.

381 3947 606 4002 Portum
641 3946 934 4003 salutarem
971 3954 1044 4015 te,
1080 3962 1112 4003 ο
1145 3947 1331 4020 Virgo,
1372 3948 1633 4004 habentes
1658 3964 1756 4004 nos
1785 3947 1879 4017 qui

305 4041 530 4097 assidue
565 4041 615 4094 in
652 4041 1103 4111 gravissimorum
1160 4042 1428 4094 malorum
1470 4040 1659 4109 pelago
1706 4041 1881 4108 jacta-

308 4151 456 4199 mur,
506 4134 573 4187 ad
606 4143 657 4188 te
688 4133 1056 4203 confugimus,
1086 4141 1141 4186 et
1184 4132 1240 4187 in
1284 4141 1335 4186 te
1376 4142 1683 4200 sperantes,
1733 4131 1879 4185 mala

310 4228 556 4282 hostium
589 4226 820 4280 consilia
850 4241 955 4278 non
994 4224 1374 4279 formidamus.

380 4320 688 4389 Concepisti
740 4320 949 4388 absque
997 4317 1170 4372 virilis
1209 4316 1467 4373 consortii
1508 4315 1876 4386 experientia,

318 4453 423 4508 Ἐκ
453 4450 557 4503 τοῦ
595 4447 863 4513 Κανόνος
891 4450 976 4513 εις
1005 4446 1145 4512 τοὺς
1170 4448 1377 4515 ἁγίους
1409 4445 1715 4515 μάρτυρας
1763 4449 1881 4499 Να-

377 4520 595 4605 ζὰρξον,
623 4520 987 4605 ΜΓερδάσον,
1051 4518 1389 4585 Προτάσιον
1444 4517 1544 4570 καὶ
1610 4519 1876 4581 Κέλσον,

380 4589 575 4660 ἡμέρᾳ
602 4588 683 4644 ιδ’-

382 4704 496 4776 Τὴν
545 4704 713 4775 μόνην
751 4701 1077 4774 χωρήσασαν
1120 4701 1210 4754 τὸν
1268 4701 1374 4773 πρὸ
1419 4701 1631 4755 αἰώνων
1678 4702 1884 4773 Κύριον

308 4799 369 4850 ὲν
410 4800 592 4868 μήτρᾳ
623 4796 961 4865 πανάμωμον
985 4795 1154 4863 κόρην
1176 4794 1530 4863 ὐμνήσωμεν,
1559 4793 1641 4845 ὃτι
1663 4794 1885 4860 γέγονεν

308 4889 557 4958 οὐρανῶν
600 4888 936 4959 πλατυτέρα,
980 4886 1114 4939 Θεὸν
1152 4884 1535 4955 σωματώσασα
1564 4885 1629 4937 δι’
1676 4885 1882 4953 ἀγαθό-

310 4997 475 5050 τητα.

384 5072 571 5141 Νόμου
605 5073 909 5145 προετύπου
937 5089 995 5126 σε
1028 5072 1061 5143 ἠ
1098 5069 1270 5142 σκηνὴ
1296 5069 1627 5141 γενήσεσθαι
1658 5067 1883 5137 μέλλου-

314 5182 436 5229 σαν,
468 5165 630 5235 am,
670 5165 804 5218 Θεοῦ
849 5166 1005 5233 ἅγιον
1038 5164 1323 5233 σκήνωμα,
1374 5162 1433 5213 ἐν
1487 5155 1533 5229 ᾧ
1582 5164 1611 5214 6
1661 5161 1885 5232 ίλασμὸς

310 5256 474 5327 ἡμῶν
529 5256 799 5327 ἀγιασμδν
851 5255 1199 5327 δωρούμενος
1250 5254 1418 5307 πᾶσιν
1468 5255 1602 5324 ἡμῖν
1660 5254 1887 5308 ἐπελεύ-

312 5368 489 5409 σεται.

386 5442 478 5515 Μὴ
515 5443 757 5507 κενώσας
781 5444 905 5506 τοὺς
959 5443 1253 5512 Πατρῴους
1272 5443 1299 5494 6
1329 5438 1613 5512 ὑπέρϐιος,
1648 5440 1883 5510 ἄχραντι

393 5613 529 5681 (86“)
561 5610 911 5668 Desideratur
944 5611 996 5665 in
1033 5608 1249 5664 Menaeis
1282 5608 1585 5681 impressis.

386 5679 666 5753 (87)'Quia
692 5682 801 5735 sola
833 5683 973 5735 inter
1001 5695 1192 5734 omnes
1217 5680 1344 5753 Adae
1374 5679 1513 5753 illius
1537 5682 1655 5735 sine
1679 5682 1882 5751 peccati

311 5756 595 5823 originalis
645 5753 855 5805 macula
910 5760 1191 5823 concepta.
1225 5752 1359 5823 Cum
1402 5752 1558 5823 enim
1587 5766 1779 5823 omnes
1826 5754 1883 5823 in

314 5819 488 5882 Adam
520 5823 885 5895 peccaverint,
919 5830 979 5877 ut
1008 5820 1185 5891 inquit
1225 5820 1515 5889 Apostolus
1547 5820 1599 5876 in
1632 5819 1871 5893 Epistola

1990 3312 2043 3359 te
2076 3304 2381 3373 Deiparam.
2420 3304 2499 3358 Tn
2529 3304 2673 3359 enim
2711 3318 2925 3373 semper
2978 3315 3168 3355 eorum
3216 3299 3310 3369 qui
3353 3296 3558 3352 cadunt

1986 3415 2045 3454 es
2072 3399 2299 3454 erectio.

2059 3491 2250 3544 Prinne
2311 3492 2504 3547 matris
2564 3500 2763 3545 nostrae
2801 3490 2927 3546 Eva:
2972 3488 3407 3544 maledictionctn
3445 3498 3559 3535 ma-

1987 3582 2201 3644 nili-ste,
2240 3597 2273 3635 o
2308 3580 2496 3651 Virgo,
2536 3582 2768 3638 solvisti.

2060 3673 2227 3730 Sacer
2274 3676 2660 3744 prophetarum
2697 3673 3006 3729 divinorum
3057 3671 3259 3726 chorus
3304 3667 3562 3736 praedicat

1988 3774 2060 3829 te,
2103 3782 2135 3818 o
2170 3767 2482 3834 purissima,
2523 3766 2759 3819 futuram
2814 3766 3036 3817 Matrem
3090 3763 3203 3824 Dei,
3237 3762 3323 3815 cui
3369 3772 3559 3812 omnes

1986 3860 2291 3912 clamamus
2320 3878 2332 3911 :
2367 3858 2697 3922 Benedicite,
2731 3859 2938 3918 omnia,
2970 3865 3055 3909 etc

2055 3949 2189 4003 Fers
2232 3950 2285 4003 in
2336 3949 2500 4012 ulnis,
2542 3964 2575 4001 ο
2618 3948 2965 4009 castissima,
3020 3957 3277 4013 tanquam
3329 3949 3561 3993 tnronus

1984 4039 2343 4102 Cherubicus,
2376 4038 2641 4093 ferentem
2664 4039 2870 4101 omnia,
2901 4038 2993 4107 qui
3028 4044 3248 4106 propter
3278 4048 3377 4087 nos
3400 4046 3562 4085 carne

1984 4140 2168 4184 nostra
2197 4132 2569 4186 circumdatus
2591 4137 2696 4192 est,
2730 4138 2783 4183 et
2814 4144 2936 4181 cum
2971 4137 3115 4181 esset
3155 4126 3410 4194 simplex,
3463 4121 3564 4175 du-

1982 4222 2104 4292 plex
2136 4224 2421 4293 apparuit;
2473 4238 2636 4294 quem
2669 4233 2724 4277 tu
2751 4236 2962 4290 semper
3007 4232 3228 4289 precare
3256 4232 3353 4286 pro
3385 4212 3565 4275 nobis,

1985 4316 2331 4370 laudantibus
2361 4325 2431 4371 te.

1989 4453 2072 4508 Ex-
2111 4454 2322 4510 Canonc
2347 4455 2557 4525 infesto
2591 4453 2692 4507 SS.
2734 4451 2986 4525 Nazari',
3020 4449 3260 4525 (ἔριὐηδί,
3299 4447 3561 4511 Protasii,

2421 4521 2470 4579 et
2503 4524 2642 4580 Celsi
2682 4534 2869 4587 ntart.,
2898 4523 2984 4576 die
3022 4521 3106 4574 l4.

2056 4699 2366 4755 Laudemus
2400 4698 2969 4754 immaculatissimam
2998 4696 3258 4766 puellam,
3287 4709 3407 4763 qua:
3442 4691 3558 4745 sola

1987 4797 2040 4849 in
2075 4805 2229 4848 utero
2273 4792 2586 4855 Dominum,
2638 4794 2730 4862 qui
2768 4800 2851 4845 est
2888 4800 3015 4844 ante
3046 4790 3265 4851 sawula,
3316 4800 3565 4852 compre-

1984 4888 2211 4943 hendit:
2246 4886 2385 4941 facta
2415 4896 2501 4940 est
2535 4887 2679 4939 enim
2723 4886 2882 4938 latior
2909 4883 3085 4947 cmlis,
3120 4881 3289 4934 Deum
3322 4893 3555 4946 corpore

1982 4980 2221 5034 vestiens
2245 4987 2466 5047 propter
2494 4978 2662 5045 ipsius
2692 4976 3015 5030 bonitatem.

2064 5069 2261 5139 Legale
2319 5068 2729 5124 tabernaculum
2783 5064 3165 5136 prmligurabat
3220 5071 3270 5116 te
3326 5059 3563 5114 futuram

1991 5175 2114 5215 esse
2140 5166 2387 5213 sanctum
2427 5158 2514 5212 Dei
2568 5157 3005 5217 tabernaculum,
3058 5169 3090 5206 ο
3129 5160 3301 5212 casta,
3356 5149 3409 5202 in
3456 5162 3567 5215 quo

1994 5251 2365 5322 superveniret
2390 5250 2707 5320 prepitiatio
2732 5258 2941 5311 nostra,
2976 5258 3096 5317 qua:
3124 5243 3283 5298 nobis
3307 5239 3565 5297 omnibus

1992 5346 2476 5400 sanctilioationem
2508 5344 2819 5414 largiretur.
3018 5344 3023 5347 ¹

2066 5434 2183 5491 Non
2234 5438 2548 5506 relinquens
2600 5450 2832 5489 vacuum
2880 5433 3174 5487 Paternum
3230 5428 3415 5485 sinum
3476 5423 3569 5478 ille

1993 5610 2059 5665 ad
2086 5610 2360 5665 Romanos
2387 5626 2505 5679 cap.
2537 5627 2590 5675 v,
2626 5610 2678 5665 in
2727 5611 2827 5664 hac
2854 5607 3091 5680 generali
3127 5606 3311 5675 regula
3345 5618 3454 5680 scu_
3473 5603 3541 5658 de

1992 5690 2142 5755 creto
2166 5673 2494 5755 _de_peccat'o
2533 5673 2781 5755 originali
2806 5673 3570 5755 ‘B:_Virginemcomprehen-

1993 5752 2122 5804 dere
2148 5745 2447 5805 declaravit
2477 5767 2590 5806 sure
2623 5745 2941 5806 intentionis
2977 5745 3086 5803 non
3118 5762 3239 5802 esse
3269 5745 3565 5802 εοιισὶιὶυηι

1981 5820 2359 5876 Tridentinum
2394 5823 2640 5878 sessione
2672 5821 2723 5875 5.
