4000 6498
433 359 567 427 19ἶ11

1570 363 1630 423 S.
1671 361 1980 422 JOSEPHI
2025 360 2587 424 HYMNOGRAPHI

3563 351 3706 418 1212

432 469 842 542 superdivinus,
875 484 908 523 ο
943 469 1173 541 Deipara
1221 470 1572 525 immaculata
1596 513 1610 537 ,
1646 472 2015 526 mundissimo

2154 472 2367 535 ιεοτόκε,
2404 470 2658 533 κόλπους,
2688 467 2913 531 κόλποις
2946 483 3041 522 σου
3068 460 3362 539 ἀκράντοις
3387 465 3704 531 καθέζεται,

432 563 577 619 sinui
625 572 719 618 tuo
772 563 993 627 insedit,
1038 572 1097 617 ut
1150 563 1331 617 sedem
1395 564 1634 618 divinam
1686 574 1739 617 et
1784 565 2011 633 gloriam

435 671 653 725 semper
688 665 999 710 manentem
1038 655 1315 710 universis
1357 669 1422 709 ex
1460 656 1702 710 bonitate
1733 670 1833 711 sua
1873 672 2013 726 pm-

438 755 679 817 pararet.

509 838 830 908 Romphara,
859 853 979 908 qua;
1006 839 1161 909 prius
1192 839 1508 907 paradisum
1547 839 1710 894 Edem
1740 840 2019 896 custodie-

435 929 548 993 bat,
598 945 787 984 aversa
828 941 977 985 est'a
1020 930 1271 985 ﬁdelibus
1320 931 1550 1000 signatis
1597 933 1841 1002 pretioso
1890 946 2019 985 Sane

436 1022 619 1091 guine,
654 1022 747 1091 qui
782 1023 910 1075 olim
947 1022 1152 1077 ellusus
1181 1032 1262 1077 est
1295 1039 1356 1077 ex
1390 1024 1565 1079 latere
1608 1027 1796 1080 lancea
1830 1025 2020 1080 vulne-

435 1124 557 1167 rato
588 1114 732 1167 illius
759 1114 853 1183 qui
880 1129 944 1166 ex
980 1122 1050 1177 te,
1081 1128 1113 1167 o
1144 1124 1318 1180 casta,
1358 1126 1586 1169 exortus
1617 1124 1703 1170 est

511 1206 668 1276 195
714 1205 935 1261 Natura:
980 1208 1133 1276 leges
1173 1208 1483 1274 innovasti,
1519 1226 1553 1263 o
1608 1210 1787 1279 puella
1834 1210 2020 1280 Virgo,

435 1298 596 1352 enixa
632 1298 799 1353 Deum
830 1300 1192 1354 immortalem
1218 1302 1436 1355 mortali
1470 1318 1636 1356 carne
1662 1302 1935 1366 indutum,
1965 1311 2022 1356 ut

439 1391 698 1447 mortales
727 1392 798 1446 ob
826 1408 981 1447 suam
1017 1393 1315 1447 bonitatem
1352 1394 1648 1448 deilicaret.

512 1483 938 1540 Lueidissimum
974 1487 1236 1556 palatium
1275 1488 1560 1543 inveniens
1594 1488 1735 1544 Deus
1772 1497 2019 1544 ventrem

439 1586 617 1643 tuum,
648 1578 700 1632 in
733 1580 827 1633 illo
852 1580 1139 1643 habitavit,
1164 1596 1198 1635 ο
1224 1581 1757 1647 immaculatissima,
1783 1584 2023 1639 ellii-ieus

441 1670 583 1725 ﬁlios
616 1671 753 1726 nucis
781 1688 877 1728 eos
913 1674 1004 1743 qui
1026 1673 1267 1728 clamant
1294 1692 1309 1733 :
1341 1674 1668 1731 Benediclus
1699 1693 1777 1740 es,
1805 1677 1945 1732 Deus
1973 1688 2025 1732 et

442 1763 707 1820 Deminus
744 1777 961 1837 patrum
997 1776 1339 1822 nostmrum.

510 1856 689 1911 Carne
721 1859 909 1913 unitus
935 1857 1030 1912 tibi
1066 1860 1367 1914 secundum
1400 1861 1786 1924 substantiam,
1812 1863 1902 1916 ille
1929 1864 2022 1931 qui

443 1949 631 2003 tribuit
658 1967 780 2005 esse
808 1952 1100 2015 universis,
1135 1961 1309 2007 totum
1352 1969 1440 2008 me
1475 1955 1811 2021 reformavit,
1847 1964 2019 2011 totum

442 2043 741 2106 renovavit,
772 2044 865 2112 qui
921 2052 1144 2114 propter
1177 2046 1637 2116 transgressiones
1688 2059 2024 2103 tnvcterave-

440 2147 556 2185 ram
590 2149 605 2200 ;
654 2145 939 2204 propterea
978 2136 1266 2191 laudamus
1294 2142 1364 2205 ,te
1400 2137 1700 2211 Virginem,
1756 2155 1788 2194 ο
1831 2141 2027 2197 castis-

441 2225 603 2290 sima,
638 2235 692 2281 ct
723 2228 1200 2297 snperexaltamus
1229 2229 1282 2283 in
1312 2232 1497 2286 omnia
1522 2233 1741 2288 saecula.

515 2408 713 2465 Vocem
734 2411 900 2468 divini
924 2414 1194 2471 Gabrielis
1216 2416 1281 2472 ad
1308 2427 1379 2481 te,
1410 2433 1443 2472 ο
1470 2418 1784 2473 castissima
1812 2417 2023 2486 Puella,

442 2502 689 2559 Izetautes
723 2508 1039 2563 extollimus
1083 2528 1096 2564 :
1146 2510 1259 2565 Ave
1302 2511 1473 2581 gratia
1507 2511 1661 2581 plena
1698 2512 1840 2583 (88),
1874 2530 2026 2567 mar-

442 2603 623 2665 tyrum
652 2607 813 2666 atque
857 2600 1229 2669 apostolorum
1261 2601 1532 2672 gloriatio,
1565 2603 1921 2672 omniumque
1957 2604 2025 2658 li-

442 2688 647 2743 dclium
685 2691 855 2757 salus,
882 2706 916 2746 ο
946 2690 1112 2763 Virgo
1146 2692 1318 2749 Mater
1347 2694 1572 2748 thalami
1598 2696 1804 2750 nescia.

441 2798 529 2854 Ea:
559 2801 773 2858 Conone
812 2805 862 2859 in
895 2806 1030 2875 festo
1075 2804 1408 2931 SkLo‘tziqini
1450 2806 1787 2862 Centuriouis
1837 2817 2025 2870 math,

574 2890 577 2893 ‘
1161 2892 1208 2931 te
1314 2916 1327 2931 .

574 2890 577 2893 ’
1122 2890 1208 2931 ωε
1244 2890 1327 2931 ID.

514 2962 606 3019 Dei
635 2963 871 3021 Verbum
906 2967 958 3022 in
993 2977 1150 3025 utero
1179 2980 1275 3024 tuo
1309 2986 1405 3039 per
1438 2969 1665 3025 verbum
1697 2980 2024 3042 conceptum

439 3064 527 3111 est
573 3072 640 3113 ex
669 3075 766 3115 sua
816 3061 1095 3117 voluntate
1142 3077 1205 3118 ac
1256 3063 1534 3131 bonitate,
1596 3072 1656 3117 ut
1703 3079 1734 3117 a
1784 3065 2028 3121 carentia

2118 562 2269 615 θείαν
2299 562 2571 632 καθέδραν
2598 562 2709 622 τοῖς
2736 562 2900 614 πᾶσιν
2927 560 3226 632 ἀγαθότητι
3251 557 3580 629 ἑτοιμάζων,
3606 560 3708 613 καὶ

2117 654 2274 722 δόξαν
2305 654 2392 708 ἀεὶ
2421 655 2509 707 δια
2517 655 2678 725 μένου
2688 671 2808 709 σαν.

2206 831 2476 903 Ῥομφαία
2511 831 2571 884 τὸ
2600 832 2886 902 πρότερον,
2929 832 2963 901 ἡ
2996 830 3095 902 τὴν
3138 830 3305 900 Ἐδὲμ
3335 828 3707 897 φυλάττουσα,

2121 923 2268 977 νῶτα
2302 926 2411 987 τοῖς
2449 927 2657 987 πιστοῖς
2689 925 2827 993 ἁγνὴ
2851 964 2866 985 ,
2904 924 3137 993 παρέχει
3173 921 3590 992 σημειουμένοις
3626 937 3712 973 τι-

2126 1017 2233 1087 μίῳ
2280 1017 2472 1087 αἵματι
2520 1018 2686 1071 πάλαι
2734 1016 3026 1070 κενωθέντι
3080 1018 3145 1069 ἐκ
3201 1016 3465 1086 πλευρᾶς,
3501 1015 3711 1083 λόγχης

2122 1110 2513 1181 ἐκκεντήματι,
2550 1110 2643 1164 τοῦ
2675 1112 2739 1163 ὲκ
2771 1109 2865 1163 σοῦ
2893 1110 3302 1173 ἀνατείλαντος.

2195 1203 2333 1266 Τοὺς
2379 1203 2600 1272 νόμους,
2634 1202 2794 1273 κόρη.
2828 1204 3109 1264 ἐκαίνισας
3141 1202 3244 1271 τῆς
3283 1200 3520 1271 φύσεως,
3559 1202 3713 1269 [Iap-

2124 1297 2266 1360 θένε,
2298 1297 2550 1366 κυήσασα
2580 1294 2712 1348 Θεὸν
2740 1295 3008 1347 ἀθάνατον
3043 1296 3225 1364 σάρκα
3257 1293 3457 1365 θνητὴν
3486 1293 3716 1349 ἐνδυσάη

2128 1406 2310 1461 μενον,
2341 1387 2426 1441 ἵνα
2456 1387 2682 1457 θνητοὺς
2707 1385 2889 1458 θεώσῃ
2910 1385 2979 1439 δι’
3014 1384 3332 1455 ἀγαθότητα

2196 1478 2592 1533 ⁴Ιιιιοτεινότατον
2636 1477 2897 1530 παλάτιον
2947 1476 3253 1546 εὑράμενος
3286 1474 3421 1538 Θεὸς
3452 1474 3555 1545 τὴν
3608 1474 3685 1544 μή

2124 1588 2261 1642 τραν
2313 1585 2430 1632 σου,
2478 1568 2685 1638 ταύτην
2740 1567 3087 1638 κατῴκησεν,
3138 1566 3291 1630 υἱοὺς
3340 1565 3720 1634 ἐργαζόμενος

2126 1662 2327 1731 φωτὸς,
2359 1659 2703 1729 πανάμωμε,
2739 1658 2866 1720 τοὺς
2896 1656 3334 1728 κραυγάζοντας’
3378 1655 3440 1708 ὐ
3467 1655 3578 1707 τῶν
3613 1670 3718 1707 παρ

2125 1755 2301 1824 τέρων
2334 1752 2535 1822 Κύριος
2568 1751 2661 1803 καὶ
2689 1749 2842 1813 Θεὸς,
2875 1747 3168 1817 εὐλογητὸς
3198 1743 3269 1802 ei.

2202 1847 2375 1918 Xapxi
2423 1844 2643 1906 ὲνωθείς
2693 1860 2775 1896 σοι
2806 1843 2927 1896 κατ’
2967 1841 3156 1895 οὐσίαν
3201 1843 3230 1894 ό
3280 1841 3415 1893 πᾶσι
3468 1838 3532 1890 τὸ
3578 1833 3718 1890 εἶναι

2130 1941 2537 2011 παρεχόμενος,
2574 1937 2696 1991 δλον
2746 1954 2815 2008 με
2861 1935 3188 1997 ἀνέπλασεν,
3234 1933 3356 1987 ὅλον
3401 1932 3717 1987 ἀνεκαίνισε

2133 2032 2546 2094 παλαιωθέντα,
2591 2030 2855 2097 πάναγνε,
2912 2030 3034 2092 ταῖς
3088 2027 3462 2098 παραϐάσεσι·
3514 2023 3597 2077 διό
3660 2039 3720 2075 σε

2130 2128 2230 2197 τὴν
2260 2125 2536 2195 Παρθένον
2558 2122 2836 2195 ὑμνοῦμεν
2864 2123 2959 2175 καὶ⁵
2987 2120 3378 2193 ὑπερυψοῦμεν
3401 2119 3483 2182 εις
3507 2118 3721 2180 πάντας

2130 2220 2260 2283 τοὺς
2289 2218 2515 2281 αἰῶνας.

2202 2402 2391 2474 Φωνήν
2428 2419 2509 2455 σοι
2555 2400 2652 2455 τοῦ
2694 2400 2842 2453 θείου
2876 2398 3117 2472 Γαϐριὴλ
3153 2400 3513 2470 προσάγομεν
3544 2415 3723 2468 γεγη-

2135 2501 2309 2563 θότες,
2337 2497 2488 2568 Κόρη
2522 2498 2790 2565 πάναγνεο
2820 2497 2993 2565 Χαῖρε
3028 2497 3061 2565 ἡ
3090 2494 3534 2565 κεχαριτωμένη.
3573 2511 3722 2564 μαρο

2133 2589 2333 2658 τύρων,
2383 2585 2702 2639 ἀποστόλων
2759 2585 2820 2638 τὸ
2872 2584 3156 2654 καύχημα,
3203 2584 3299 2636 καὶ
3350 2583 3568 2636 πάντων
3614 2584 3726 2635 τῶν

2135 2681 2343 2735 πιστῶν
2380 2679 2690 2750 διάσωσμα,
2721 2676 3148 2749 Παρθενομῆτορ
3175 2676 3543 2748 ἀπειρόγαμε.

2147 2797 2249 2851 Ἔχ
2275 2796 2382 2850 τοῦ
2417 2794 2689 2850 Κανόνοο
2717 2795 2804 2858 είς
2833 2792 2944 2845 τὸν
2992 2792 3163 2860 ἅγιον
3201 2792 3479 2860 μάρτιφα
3509 2792 3728 2861 Λογγί-

2371 2882 2482 2920 νον
2512 2867 2617 2920 τὸν
2653 2864 3120 2932 ἑκατόνταρχον,
3154 2862 3345 2931 ἡμέρᾳ
3385 2861 3464 2924 ις’

2222 2978 2281 3032 '0
2314 2977 2486 3047 Λόγος
2513 2979 2540 3032 ό
2572 2977 2666 3031 τοῦ
2695 2975 2835 3030 Θεοῦ
2865 2978 2926 3030 ὲν
2959 2976 3142 3047 μήτρᾳ
3171 2992 3265 3029 σου
3294 2976 3440 3045 λόγῳ
3473 2975 3728 3044 συνείλη-

2139 3088 2294 3136 πται,
2321 3071 2423 3141 τῆς
2453 3071 2677 3139 ἀλογίας
2708 3069 2977 3142 ῥύσασθαι
3011 3066 3234 3140 βροτοὺς
3262 3069 3544 3140 βουληθεὶς
3580 3070 3727 3137 ἀγα-

448 3152 604 3206 verbi
640 3152 892 3211 homines
935 3155 1321 3218 liberarentur,
1359 3171 1393 3211 ο
1444 3157 1607 3227 Virgo
1638 3155 1810 3211 Mater
1845 3157 2026 3214 invio-

2154 3168 2343 3236 ἰότητι,
2386 3165 2810 3237 Παρθενομῆτορ
2861 3164 3135 3237 ἄκραντα,
3188 3163 3556 3235 εὐλογημένη,
3583 3179 3726 3217 παν-

442 3241 575 3309 lata,
602 3245 670 3299 ab
710 3246 862 3301 omni
905 3248 1119 3303 macula
1159 3248 1425 3305 immunis
1458 3250 1596 3320 (89).

517 3336 727 3391 Anima:
757 3354 891 3393 mea:
931 3341 1253 3409 passionum
1302 3342 1674 3411 ingruentium
1726 3344 1918 3398 morbo
1951 3344 2032 3398 Ia-

446 3426 664 3484 boranti
733 3432 972 3497 medere,
1018 3432 1112 3487 Dei
1162 3433 1333 3488 Mater
1377 3435 1713 3496 castissima.
1747 3445 1802 3491 et
1842 3438 1909 3492 ad
1944 3452 2034 3492 sa-

446 3520 615 3575 lutem
648 3521 842 3593 dirige.

530 3610 768 3667 Verbum
805 3614 860 3667 in
898 3624 1056 3671 utero
1083 3623 1178 3671 tuo
1201 3617 1503 3672 secundum
1533 3619 1875 3690 hypostasim
1909 3619 2034 3673 uni-

446 3711 585 3767 tum,
618 3712 672 3758 et
708 3704 916 3762 factum
956 3710 1258 3777 hominem,
1295 3727 1462 3781 supra
1507 3713 1658 3767 verbi
1703 3723 2031 3782 conceptum

449 3796 733 3863 peperisti,
761 3813 794 3851 ο
817 3798 1072 3854 inviolata
1098 3839 1116 3867 ,
1149 3802 1294 3872 quod
1326 3811 1381 3857 et
1406 3804 1784 3860 voluntatibus
1815 3813 1870 3860 et
1898 3820 2032 3875 ope-

448 3886 758 3945 rationibus
792 3890 992 3960 duplex
1023 3907 1147 3948 esse
1178 3895 1599 3964 comprobatur.

527 3977 837 4050 Deiparam,
876 3999 1000 4053 qua:
1043 3986 1158 4040 sola
1192 3987 1312 4041 sine
1351 3987 1453 4041 viri
1488 4004 1652 4058 opera
1691 3990 1859 4045 Deum
1895 4005 2034 4045 con-

446 4073 1009 4141 ecpit,collaudemus
1041 4091 1141 4131 nos
1164 4078 1257 4147 qui
1277 4092 1370 4146 per
1399 4078 1572 4148 ipsam
1597 4079 1792 4134 salvati
1816 4095 2032 4149 sumus,

450 4172 508 4219 et
533 4178 655 4219 cum
689 4165 885 4221 allecto
922 4166 1320 4223 beatiﬁcetnus.

524 4254 751 4310 Exsicca
782 4265 837 4311 et
886 4259 1149 4315 radicitus
1181 4262 1373 4327 evelle,
1418 4278 1450 4317 ο
1494 4263 2029 4329 immaculatissima,

449 4348 704 4418 apinosas
733 4350 893 4422 196
918 4354 1282 4419 cogitationes
1325 4357 1506 4411 cordis
1539 4358 1667 4422 mei,
1702 4369 1864 4427 atque
1898 4359 2030 4413 illud

452 4439 796 4496 lruetil‘eruin
826 4444 976 4501 elItce
1023 4447 1357 4503 mediatioue
1393 4457 1507 4513 tua,
1550 4465 1583 4503 ο
1614 4448 1800 4504 Puella
1842 4451 2031 4520 puris-

451 4548 612 4587 arma.

470 4638 477 4639 ί
524 4625 579 4678 lo
613 4634 664 4680 te
692 4636 950 4695 tanquam
982 4645 1139 4700 pura,
1172 4647 1372 4701 purum
1410 4632 1648 4688 Verbum
1678 4633 2029 4696 inliahitavit,

449 4729 487 4769 o
510 4713 717 4783 Puella,
752 4720 937 4776 volens
968 4724 1270 4780 emundare
1306 4740 1404 4794 per
1430 4734 1480 4779 te
1514 4725 1802 4779 hominum
1842 4726 2027 4797 inqui-

526 4900 635 4975 (8_8)
666 4901 802 4969 Quia
837 4904 1007 4974 gratia
1052 4907 1217 4960 etiam
1268 4905 1320 4960 in
1375 4906 1596 4960 instanti
1653 4905 2029 4975 conceptionis

452 4973 686 5046 minime
712 4973 904 5046 vacua.
946 4976 1099 5030 Unde
1133 4976 1191 5031 S.
1219 4976 1515 5031 Eucherius
1547 4973 1924 5046 Lugdunensis
1963 4976 2029 5029 ad

457 5043 805 5113 Evangelium
866 5045 1012 5100 ferire
1059 5048 1092 5101 4
1149 5046 1441 5101 Dominica:
1472 5047 1503 5099 4
1538 5043 1821 5101 Adventus
1886 5048 1964 5101 ait
2014 5063 2028 5101 :

460 5113 949 5186 g_Qnis__unquam
987 5126 1193 5171 tantam
1247 5119 1475 5186 gratiam
1526 5118 1739 5179 habuit,
1769 5127 2027 5186 quautam

455 5181 621 5256 Virgo
650 5181 857 5239 Maria?
879 5187 1013 5241 Aliis
1034 5190 1177 5242 enim
1196 5181 1598 5242 admensuram
1626 5181 1800 5256 gratia
1843 5188 2028 5251 datur,

458 5255 788 5327 hasc_autem
810 5259 979 5324 gratia
1008 5261 1160 5327 plena
1185 5258 1407 5313 dicitur.
1439 5277 1458 5310 ι
1483 5255 1692 5327 Qnilms
1715 5258 1894 5312 verbis
1931 5274 2029 5311 ne-

456 5332 549 5445 fat
580 5323 882 5381 Eucherius
919 5329 971 5382 in
1003 5323 1333 5383 conferenda
1361 5323 1532 5396 gratia
1563 5325 1769 5397 Virgini
1805 5343 1910 5380 non
1942 5342 2034 5382 so-

480 5410 569 5445 um
622 5398 966 5445 atlantilalis-
1011 5398 1105 5445 Sed
1158 5400 1321 5445 etiam
1376 5402 1637 5445 tmnnnris
1695 5413 2031 5445 mensuram-

480 5410 569 5446 um
622 5398 966 5465 quantitatis.
1011 5398 1106 5453 sed
1158 5400 1321 5453 etiam
1376 5402 1637 5467 temporis
1695 5413 2031 5460 mensuram,

457 5467 612 5533 quasi
651 5482 814 5520 omne
843 5478 1054 5537 tempus
1097 5468 1165 5522 ab
1197 5471 1311 5538 ipsa
1348 5470 1702 5538 conceptione
1733 5485 1855 5530 sua,
1883 5478 2035 5521 tanto

459 5545 701 5607 tempore
745 5549 871 5593 ante
909 5538 1110 5593 Christi
1157 5538 1567 5607 conceptionem
1606 5554 1725 5592 eam
1773 5540 2033 5607 posmle-

457 5604 567 5679 rit;
615 5607 815 5679 ideirco
879 5619 1132 5663 notauter
1182 5604 1413 5664 subdit:
1452 5628 1469 5660 ι
1518 5610 1647 5676 Qua:
1678 5604 1801 5663 cum
1861 5607 2033 5679 gratia

461 5675 617 5743 plena
660 5676 750 5738 sit,
787 5680 1105 5750 priusquam
1157 5690 1210 5735 et
1244 5675 1685 5750 concipiat,post
1718 5675 2035 5747 conceptio-

463 5761 606 5820 oem_
648 5758 852 5820 quanta
912 5749 1003 5803 Dei
1055 5749 1352 5805 abundavit
1397 5749 1588 5819 gratia,
1618 5750 1751 5820 quis
1793 5751 2034 5820 rogitare

460 5815 674 5884 possit?
713 5836 733 5870 ι
783 5817 874 5874 Sic
931 5820 1039 5876 ille.
1062 5820 1241 5889 ,Cujtrs
1306 5815 1489 5886 verba,
1525 5815 1689 5891 quain
1731 5815 1886 5875 facile
1937 5835 2034 5875 ex-

2061 4548 2115 4609 D

2138 3275 2433 3329 αμωμητε.

2207 3351 2490 3405 Νοσοῦσάν
2525 3368 2628 3420 μου
2666 3350 2765 3421 τὴν
2790 3348 2970 3420 ψυχὴν
2994 3351 3117 3413 ταῖς
3145 3348 3255 3403 τῶν
3285 3347 3478 3402 παθῶν
3502 3349 3726 3415 ὲπαγωο

2136 3446 2263 3513 γαίς
2296 3442 2468 3507 ἱασαι,
2506 3443 2681 3513 μῆτερ
2729 3440 2867 3494 Θεοῦ
2918 3440 3184 3509 πάναγνε,
3217 3440 3314 3492 καὶ
3355 3438 3494 3510 πρὸς
3542 3455 3726 3508 σωτη-

2141 3538 2261 3609 ρίαν
2294 3537 2648 3591 κατεύθυνον.

2226 3630 2526 3685 Ἐνωθέντα
2553 3629 2674 3683 καθ’
2709 3629 3009 3683 ὑπόστασιν
3038 3630 3096 3682 ὲν
3116 3626 3317 3699 γαστρί
3351 3644 3471 3693 σου,
3500 3626 3598 3679 καὶ
3630 3643 3695 3692 γε
3715 3654 3731 3666 ο

2136 3725 2331 3791 γονότα
2374 3723 2683 3796 ἄνθρωπον,
2731 3722 2993 3794 ἄκραντα,
3046 3722 3138 3775 τὸν
3181 3720 3344 3788 λόγον
3374 3719 3515 3790 ὑπὲρ
3565 3717 3732 3786 λόγον

2136 3815 2386 3881 τὲτοιιας,
2416 3813 2640 3868 διπλοῦν
2679 3817 2797 3878 ταῖς
2831 3814 3087 3885 Θελήσεσι
3136 3813 3233 3865 καὶ
3261 3813 3381 3873 ταῖς
3417 3809 3731 3880 ἐνεργείαις

2137 3907 2511 3979 δεικνύμενον.

2209 4000 2321 4070 Τὴν
2388 3998 2557 4070 μόνην
2627 3998 2723 4053 τὸν
2792 3997 2927 4051 Θεὸν
2988 3995 3368 4067 ἀπειράνδρως
3438 3994 3733 4062 κυήσασαν

2137 4088 2474 4160 ὑμνήσωμιν
2530 4088 2814 4157 Θεοτόκον,
2865 4089 2933 4143 δι’
2982 4087 3153 4159 αὐτῆς
3198 4087 3251 4139 οἱ
3295 4084 3585 4150 σωθέντες,
3630 4084 3733 4138 καὶ

2137 4179 2288 4251 πόθῳ
2322 4179 2743 4251 μακαρίσωμσν.

2207 4273 2481 4346 Μάρανον,
2512 4275 2608 4328 καὶ
2636 4271 2991 4346 προρρίζους,
3024 4271 3362 4342 πανάμωμε,
3388 4269 3604 4326 ἔκτιλον
3627 4271 3735 4331 τὰς

2136 4366 2468 4429 ἀκανθώδεις
2500 4365 2685 4429 ἀνοίας
2724 4367 2823 4436 τῆς
2873 4365 3013 4435 ὲμῆς
3062 4364 3325 4434 καρδίας,
3365 4368 3463 4415 καὶ
3506 4378 3733 4432 καρποο

2137 4457 2301 4529 φόρον
2330 4456 2536 4528 ταύτην
2565 4456 2736 4522 δεῖξον
2762 4456 3015 4528 μεσιτεία
3041 4472 3157 4519 σου,
3190 4456 3342 4524 Κόρη
3386 4452 3730 4522 πανάμωμε.

2222 4634 2312 4697 Ὠς
2380 4633 2628 4703 καθαράν
2688 4650 2746 4686 σε
2797 4635 2825 4687 ό
2896 4621 3135 4701 καθαρὸς
3182 4624 3356 4698 Λόγος
3406 4646 3731 4702 κατῳκησε,

2139 4728 2315 4798 Κόρη,
2350 4727 2437 4781 διὰ
2473 4727 2565 4781 σοῦ
2603 4726 2841 4797 καθᾶραι
2876 4724 3001 4787 τοὺς
3038 4722 3351 4795 μολυσμοὺς
3375 4721 3485 4775 τῶν
3515 4723 3733 4792 ἀνθρὼ-

2138 4908 2300 4973 penli
2335 4916 2584 4976 possunt,
2625 4915 2778 4961 tanto
2810 4905 2992 4958 minus
3032 4912 3114 4959 est
3160 4905 3212 4976 in
3267 4902 3376 4956 illis
3416 4901 3729 4976 immorari.

2142 4975 2273 5031 Vide
2296 4973 2760 5047 Nieremhergium
2797 4978 2848 5029 in
2886 4975 3302 5045 l-.xceptionibus
3334 4988 3457 5047 cap.
3492 4973 3582 5028 l3.

2209 5048 2333 5171 (ἱξθέ.
2362 5049 2417 5102 Si
2449 5047 2508 5102 Β.
2542 5043 2708 5128 Virgo
2734 5043 3144 5128 immuniszluit
3189 5061 3219 5098 a
3268 5043 3483 5097 macula
3510 5043 3727 5111 peccati

2209 5134 2295 5171 uta
2323 5135 2387 5171 is.
2412 5120 2554 5171 ouod
2582 5133 2818 5171 annnam
2845 5132 3061 5171 [ποθι-ιο
3082 5131 3188 5169 non
3213 5115 3471 5171 maculat.
3510 5123 3727 5171 quanto

2138 5115 2387 5180 venialis,
2412 5120 2554 5188 quod
2582 5115 2818 5188 animam
2845 5118 3061 5188 proprie
3082 5131 3188 5169 non
3213 5115 3484 5188 maculat,
3510 5123 3728 5188 quanto

2142 5192 2317 5259 magis
2352 5184 2614 5243 immunis
2659 5187 2760 5241 fuit
2788 5204 2816 5239 a
2848 5184 3062 5259 macula
3092 5187 3303 5259 peccati
3336 5184 3657 5259 originalis.
3694 5199 3728 5237 a

2142 5205 2317 5259 magis
2352 5205 2614 5243 tmmtmts
2659 5202 2760 5241 tun
2788 5204 2816 5239 a
2851 5202 3303 5311 macutageccau
3350 5202 3657 5254 originalis.
3694 5202 3728 5237 a

2141 5275 2251 5327 quo
2282 5260 2677 5330 animamagis
2712 5256 3059 5330 maculatur}
3130 5256 3295 5330 ptime
3336 5255 3388 5307 in
3434 5255 3575 5330 hanc
3608 5269 3728 5330 rem

2140 5323 2413 5384 Antonius
2440 5323 2719 5383 Navarrus
2765 5327 2973 5380 ordinis
3007 5323 3431 5380 Praedicatorum
3483 5323 3665 5377 Serm.
3698 5324 3726 5377 ι

2140 5402 2207 5455 de
2238 5402 2607 5469 Coueeptioue
2636 5397 2697 5451 Β.
2730 5396 2991 5466 Virginis,
3017 5398 3158 5469 idum
3182 5398 3297 5469 ait:
3337 5413 3358 5446 ι
3392 5394 3452 5448 Si
3494 5394 3733 5447 venialis

2138 5472 2297 5540 culpa
2344 5467 2504 5542 iniB.
2534 5468 2755 5542 Virgine
2787 5483 2816 5521 a
2867 5468 3115 5542 lidelibtts
3164 5467 3733 5542 dettegatuquuanto

2140 5533 2315 5611 magis
2360 5533 2658 5613 originalis
2696 5548 2781 5593 est
2830 5540 2899 5592 ab
2947 5554 3030 5613 ea“
3065 5533 3431 5613 semovenda!
3478 5533 3733 5613 Veniatis

2137 5604 2337 5682 quippe
2377 5604 2473 5666 Dei
2499 5613 2729 5680 gratiam
2775 5626 2883 5662 non
2918 5607 3079 5670 tollit,
3113 5606 3398 5732 originalis
3433 5620 3565 5659 vero
3598 5604 3735 5658 mali

2138 5692 2325 5732 Deitas
2357 5681 2408 5732 in
2441 5690 2704 5732 aeternum
2738 5679 2995 5732 claudit.»
3042 5677 3133 5732 Sic
3162 5679 3272 5732 ille.
3356 5676 3442 5732 ide
3470 5673 3735 5731 Nierem-

2138 5673 2327 5752 punias
2357 5673 2704 5752 ἱιιᾲωιῖεηιυᾼῃι
2729 5679 2995 5752 claudit.»
3042 5673 3272 5752 Sic_il_le.
3306 5673 3442 5732 Vide
3470 5673 3735 5731 Nierem-

2137 5748 2289 5823 berg.
2318 5751 2371 5807 in
2407 5748 2783 5823 Sacrosyllobo
2808 5749 2856 5823 ς.
2890 5749 2944 5816 5,
2978 5764 3105 5821 pag.
3137 5748 3263 5805 25-5.
