3996 6612
308 419 438 481 1217

1699 427 2060 489 MARIALE.

3398 440 3535 509 1218

305 530 455 600 λησε,
487 530 578 585 καὶ
612 532 880 588 ἀπάθειαν
910 540 1019 601 τοῖς
1061 539 1370 612 ἀνθρώποις
1395 542 1575 613 ἐπήγα
1588 560 1693 610 τεν,
1724 545 1753 596 ὁ
1780 543 1848 595 δε-

1969 556 2089 595 sum
2119 541 2473 599 humanitatis
2516 558 2647 611 sum,
2689 547 3040 617 passionibus
3071 554 3534 625 communicavit,

301 619 624 692 EoEaapévo;
664 624 890 698 Κύριος·
929 629 1155 695 ἐνδόξως
1187 633 1295 703 γὰρ
1325 632 1657 699 δεδόξασται.

370 800 719 872 Σεσάρκωται
748 803 1045 875 βουλήματι
1074 808 1132 873 ἐξ
1157 808 1423 877 αἱμάτων,
1456 810 1745 874 Δέσποινα,
1776 811 1870 864 σοῦ

301 896 694 962 παναχράντων
730 897 951 967 Κύριος,
981 899 1263 965 διασώζων
1312 904 1409 973 τὴν
1454 904 1868 975 ἀνθρωπότητα,

300 986 395 1037 καὶ
438 985 733 1057 μαρτύρων
768 990 895 1052 τοὺς
924 990 1132 1061 δήμους
1163 994 1536 1051 ἐπεσπάσατο.

369 1166 642 1233 Παρθένον
675 1184 735 1220 σε
786 1170 922 1238 μετὰ
966 1171 1147 1237 τόκον,
1191 1174 1419 1242 ἀμίαντε
1463 1174 1688 1246 ἄφθορε,
1738 1175 1870 1241 Θεὸς

300 1259 687 1329 συνετήρησεν,
717 1260 745 1311 ὁ
793 1262 1092 1332 εὐδοκήσας
1117 1266 1174 1317 ἐν
1208 1266 1391 1337 μήτρᾳ
1414 1283 1503 1318 σου
1535 1266 1655 1320 ὅλον
1687 1284 1753 1337 με
1780 1268 1870 1321 τὸν

297 1350 584 1422 ἄνθρωπον
618 1353 985 1409 ἀναλαὸἐσθαι
1014 1356 1081 1409 δι’
1115 1357 1293 1427 ἄκραν
1338 1359 1672 1431 ἀγαθότήτα.

366 1534 606 1605 Σταυρὺν
637 1538 727 1590 καὶ
756 1538 933 1609 ταφὴν
962 1542 990 1593 ὁ
1030 1542 1093 1595 ἐκ
1133 1539 1227 1594 σοῦ
1263 1541 1527 1612 θελήματι
1560 1545 1772 1614 τεχθεὶς
1800 1546 1868 1599 δι’

294 1626 444 1694 ἡμᾶς
494 1628 813 1696 ὑπομείνας,
868 1632 1152 1697 Δέσποινα,
1206 1633 1459 1703 μάρτυρα
1508 1637 1868 1709 στερρότατον

307 1715 591 1787 Ἀρτέμιον
628 1719 735 1771 τῶν
765 1721 929 1774 αὑτοῦ
979 1723 1319 1794 παθημάτων
1358 1722 1433 1788 ὡς
1464 1728 1724 1797 κραταιὸς
1751 1730 1865 1800 εἰρ-

293 1807 523 1873 γάσατο.
1296 1870 1297 1873 η
1396 1814 1407 1827 ⁸

361 1897 769 1971 Χειμαξόμενον
801 1903 945 1971 σάλῳ
987 1902 1094 1957 τῶν
1126 1905 1379 1975 θλίψεων,
1412 1908 1506 1961 καὶ
1539 1908 1858 1974 κλυδωνιζόο
1894 1903 1936 1958 Β

297 2006 458 2057 μενον
499 1995 902 2048 ὲπαναστὰσεσι
940 1999 1247 2068 τρικυμιῶν
1290 2001 1575 2067 διάσωσον,
1630 2004 1861 2057 Θεοτόκε

294 2082 561 2151 ιΙαρθὲνε,
592 2087 716 2151 τοὺς
742 2086 960 2151 δούλους
992 2105 1108 2145 σου.

363 2175 595 2246 Νεκροίς
627 2178 717 2230 τὸν
752 2180 1071 2249 πηγάσαντα
1098 2181 1419 2247 ἀθανασίαν,
1453 2185 1693 2255 Παρθένε
1722 2205 1859 2239 παν-

288 2265 513 2335 ἁμωμε,
540 2266 853 2339 θεοπρεπῶς
885 2271 1147 2341 ἐκύησαςο
1182 2274 1346 2327 αὑτὸν
1392 2271 1483 2329 οὖν
1516 2276 1724 2329 ἱκέτευε
1765 2277 1857 2330 τοῦ

285 2354 600 2411 θανατῶσαι
648 2361 804 2430 ήμῶν
846 2362 913 2415 τὰ
946 2364 1094 2436 πάθη
1122 2367 1218 2419 τοῦ
1248 2366 1519 2438 σώματος,
1556 2370 1716 2441 ἁγνὴ,
1761 2372 1856 2425 καὶ

288 2448 510 2501 αἰωνίου
542 2450 874 2515 καταξιῶσαι
901 2452 1071 2525 ζωῆς.

368 2630 696 2699 Ῥεύσαντας
724 2637 872 2706 ήμᾶς
909 2639 1081 2709 πικρᾷ
1128 2638 1223 2691 τοῦ
1273 2639 1430 2705 ξύλου
1485 2640 1719 2713 βρώσει,
1762 2646 1856 2699 καὶ

288 2725 717 2792 συμπτωθέντας
760 2728 1086 2800 ὀλισθήματι
1113 2771 1128 2796 ,
1186 2731 1428 2800 πάναγνε
1454 2771 1469 2796 ,
1517 2734 1851 2801 ἀνέπλασας,

285 2816 666 2887 πλαστουργὸν
705 2821 1087 2894 ἀποκυήσασα,
1131 2825 1223 2878 καὶ
1254 2825 1427 2895 Λόγον
1469 2827 1851 2896 ὲνυπόστατον,

285 2906 545 2977 ἄχραντε,
576 2903 619 2977 ᾧ
649 2910 1090 2986 βοῶμενεΠὰντα
1118 2915 1185 2969 τὰ
1213 2917 1348 2987 ἔργα
1371 2917 1595 2991 Κυρίου,
1619 2921 1710 2974 τὸν
1740 2920 1851 2974 Κύ-

290 3017 406 3068 ριον
434 3001 725 3072 εὐλογεῖτε.

358 3094 500 3147 Φωτί
532 3113 632 3166 μου
669 3098 1010 3167 καταύγασον
1048 3101 1142 3155 τοῦ
1174 3102 1265 3157 σοῦ
1303 3103 1616 3174 προσώπου,
1653 3107 1846 3177 Κύριε,

285 3183 564 3255 ῥᾳθυμίας
614 3188 694 3258 τῷ
726 3191 907 3243 σκότει
954 3192 1484 3263 συγκαλυπτόμενον,
1537 3195 1677 3264 ἔχων
1710 3197 1849 3249 δυσ-

279 3274 540 3329 ωποῦσάν
579 3294 660 3344 σε,
692 3279 854 3347 Λὸγε,
896 3281 992 3349 τὴν
1039 3281 1213 3353 ἀλήθῆ
1253 3283 1423 3353 ἁγνήν
1472 3300 1567 3336 σου
1599 3286 1847 3356 Μητέρα,

283 3368 534 3435 ἀγγέλων
561 3370 973 3443 λαμπρότητας,
1005 3374 1095 3426 καὶ
1124 3374 1215 3427 τὸν
1247 3374 1455 3441 ἔνδοξον
1491 3376 1817 3448 Ἀρτέμωνά

294 3570 393 3625 Ἐκ
440 3572 546 3627 τοῦ
592 3576 857 3647 Κᾳνόνος
900 3579 986 3644 εἷς
1032 3577 1140 3632 τὸν
1182 3578 1351 3647 ἅγιον
1395 3578 1691 3645 Ἀὄέρκιον
1719 3581 1845 3634 ἐπί-

349 3658 593 3717 σκοπον
647 3645 1041 3714 Ἱεραπόλεως,
1093 3650 1185 3701 καὶ
1228 3645 1384 3714 τοὺς
1439 3649 1646 3717 ἁγίους
1699 3652 1849 3706 ἑπτὰ

352 3712 571 3781 παῖδας·
601 3712 739 3782 τοὺς
766 3718 835 3771 ἐν
875 3712 1116 3787 Ἐφέσῳ,
1148 3718 1333 3787 ἡμέρᾳ
1364 3712 1474 3788 κβ.

368 3825 679 3896 Ῥητορικαὶ
729 3830 966 3898 γλῶσσαι
1010 3831 1104 3885 σοῦ
1148 3833 1328 3902 λέγειν
1363 3835 1423 3888 οὐ
1458 3835 1702 3890 σθένουσι
1751 3836 1852 3908 τὴν

276 3917 424 3989 ὑπὲρ
448 3919 605 3987 λόγον
654 3922 934 3993 σύλληψιν
977 3923 1108 3978 Θεὸν
1144 3927 1252 3996 γὰρ
1298 3927 1525 3992 τέτοκας
1574 3931 1632 3981 ἐν
1662 3932 1846 3998 σαρκὶ,

276 4013 546 4082 παναγία,
579 4016 709 4085 ἡμῖν
737 4016 1067 4087 ὁμοιωθέντα
1094 4018 1159 4071 δι’
1191 4019 1531 4089 ἁγαθότήτα.

352 4193 541 4265 Εὐρών
568 4212 628 4249 σε
658 4196 1067 4268 καθαρωτέραν,
1092 4197 1349 4267 πάναγνε,
1378 4199 1560 4269 πάσης
1590 4198 1839 4263 κτίσεως,

275 4288 307 4343 ὁ
354 4286 589 4359 καθαρὸς
625 4287 901 4360 ἐνῴκησεν
936 4291 994 4343 ἐν
1033 4288 1149 4355 σοὶ,
1197 4290 1478 4361 ἐξοικῆσαι
1515 4289 1841 4362 βουλόμενος

352 4442 466 4515 (92)
497 4444 631 4511 Quia
658 4445 1009 4515 pollutionem
1059 4453 1113 4501 et
1167 4444 1581 4516 corruptionem
1629 4444 1838 4516 peccati

1978 639 2031 686 et
2058 630 2549 702 impassibilitatctn
2611 637 2923 695 hominibus
2953 657 3209 698 emanare
3254 644 3381 701 fecit
3422 648 3539 718 glo-

1974 722 2154 779 riosus
2185 724 2444 782 Dominus
2479 744 2494 782 :
2527 729 2759 798 gloriose
2787 731 2930 786 enim
2966 734 3299 803 glorificatus
3329 748 3429 792 est.

2036 814 2111 868 Ex
2155 816 2518 877 immaculatis
2555 821 2911 890 sanguinibus
2948 825 3074 890 tuis,
3113 841 3146 880 ο
3170 825 3433 893 Domina,
3458 830 3539 884 iu—

1973 915 2230 961 carnatus
2260 916 2343 961 est
2370 907 2633 979 Dominus
2660 928 2722 967 ex
2757 914 3032 969 voluntate
3074 933 3194 980 sua,
3239 928 3297 972 ut
3328 920 3537 975 salvum

1971 994 2172 1050 iaceret
2200 1013 2370 1066 genus
2404 1000 2733 1067 humanum;
2767 1012 2821 1059 ct
2881 1016 3181 1077 martyrum
3236 1020 3411 1065 cintus
3466 1011 3534 1066 ad

1970 1099 2029 1139 se
2058 1088 2297 1141 attraxit.

2042 1168 2182 1225 Deus
2226 1173 2487 1243 virginem
2543 1185 2592 1230 te
2639 1188 2763 1247 post
2804 1191 3019 1250 partum
3084 1190 3455 1256 conservavit,
3505 1206 3535 1245 ο

1970 1257 2274 1329 impolluta,
2299 1276 2461 1335 atque
2486 1268 2804 1341 incorrupta
2836 1274 2949 1345 (99.)
2974 1294 2987 1329 :
3017 1278 3105 1331 cui
3130 1281 3457 1348 complacuit
3482 1283 3534 1336 in

1968 1364 2124 1410 utero
2162 1368 2258 1413 tuo
2308 1367 2480 1416 totum
2524 1380 2609 1417 me
2660 1366 2934 1423 hominem
2967 1372 3228 1440 recipere,
3266 1389 3331 1429 ac
3376 1370 3553 1431 recu/

1967 1462 2157 1516 perare
2183 1459 2404 1520 propter
2429 1470 2697 1508 summam
2736 1457 3027 1513 bonitatem
3055 1476 3235 1517 suam.

2036 1538 2131 1593 llle
2161 1543 2250 1609 qui
2283 1559 2346 1596 ex
2398 1552 2469 1609 te,
2505 1561 2538 1599 ο
2582 1547 2832 1614 Domina,
2868 1552 3175 1606 voluntarie
3226 1565 3386 1610 natus
3429 1566 3531 1622 cst,

1965 1644 2087 1684 cum
2114 1646 2329 1686 crucem
2355 1649 2417 1688 ac
2440 1637 2770 1704 sepulturam
2795 1650 3013 1709 prOpter
3036 1659 3134 1697 nos
3157 1648 3533 1715 sustinuisset,

1966 1726 2221 1789 tanquam
2272 1722 2429 1779 fortis
2477 1725 2607 1781 fecit
2661 1730 2966 1786 Artemium
3023 1739 3531 1795 constantissimum

1968 1820 2153 1866 testem
2189 1816 2507 1882 passionum
2548 1836 2793 1877 suarum.

2049 1901 2267 1957 Salvum
2301 1904 2385 1960 fac
2425 1923 2639 1963 servum
2674 1921 2848 1979 tuum,
2875 1929 2907 1968 ο
2941 1916 3105 1985 Virgo
3140 1918 3391 1989 Deipara,
3422 1923 3533 1992 agi—

1964 1998 2132 2046 titum
2163 1997 2280 2049 salo
2316 1999 2753 2069 tribulationum,
2774 2014 2825 2059 et
2852 2009 3209 2076 procellarum
3242 2013 3531 2084 insurgen-

1963 2083 2106 2140 tibus
2136 2086 2390 2145 lluctibus
2418 2092 2705 2160 jactatum.

2027 2177 2196 2242 Illum,
2238 2181 2331 2250 qui
2380 2187 2611 2239 mortuis
2657 2188 3082 2245 immortalitatis
3132 2192 3340 2249 fontem
3374 2211 3528 2252 ema-

1960 2281 2093 2321 nare
2125 2266 2270 2333 iccit,
2306 2273 2584 2340 peperisti,
2617 2290 2650 2329 o
2701 2276 2863 2347 Virgo
2891 2293 3084 2336 carens
3108 2283 3255 2336 omni
3292 2286 3526 2352 macula,

1958 2372 2022 2413 eo
2047 2360 2238 2427 modo,
2272 2378 2382 2432 quo
2421 2363 2586 2419 Deum
2621 2368 2861 2423 decebat.
2900 2371 3078 2440 Ipsum
3127 2374 3310 2445 itaque
3336 2377 3528 2447 depre-

1957 2464 2105 2514 care,
2135 2466 2167 2504 o
2194 2462 2342 2507 casta
2363 2496 2378 2521 ,
2411 2464 2467 2508 ut
2494 2458 2739 2525 corporis
2771 2461 2943 2514 nostri
2972 2463 3253 2530 passiones
3290 2470 3522 2521 mortili-

1957 2551 2065 2608 cet,
2094 2553 2149 2598 et
2183 2545 2304 2599 vita:
2334 2558 2551 2603 aeterna:
2577 2551 2769 2620 dignos
2800 2553 3016 2608 efﬁciat.

2036 2634 2198 2705 199
2227 2634 2358 2705 Nos,
2391 2640 2485 2707 qui
2513 2639 2582 2693 ob
2610 2655 2676 2693 an
2700 2655 2850 2695 aram
2898 2643 3028 2713 ligni
3068 2659 3247 2700 escam
3284 2646 3525 2702 deﬂuxe-

1960 2740 2164 2792 ramus,
2194 2737 2246 2781 et
2270 2728 2323 2782 in
2347 2730 2561 2784 ruinam
2591 2733 2825 2802 prolapsi
2854 2748 3092 2798 eramus,
3128 2736 3458 2804 reformasti,
3488 2757 3520 2791 ο

1956 2819 2267 2874 castissima
2315 2829 2479 2891 atque
2512 2823 2880 2893 integerrima,
2914 2825 3224 2882 Creatorem
3257 2832 3435 2897 enixa,
3469 2839 3522 2885 et

1955 2908 2189 2966 Verbum
2236 2915 2561 2981 subsistens,
2596 2918 2682 2971 cui
2710 2922 3010 2976 clamamus
3051 2939 3064 2975 :
3098 2921 3293 2975 Omnia
3360 2938 3522 2991 opera

1952 3001 2187 3068 Domini,
2212 3005 2426 3061 laudate
2458 3007 2768 3064 Dominum.
3102 3066 3105 3069 η

2023 3094 2165 3149 Luce
2189 3098 2370 3151 vultus
2407 3097 2483 3149 tui
2514 3099 2760 3152 illumina
2806 3116 2908 3164 me,
2949 3101 3208 3166 Domine,
3243 3103 3520 3174 negligen-

1953 3185 2041 3240 tize
2083 3188 2321 3242 tenebris
2372 3189 2714 3251 obvolutum,
2763 3205 2884 3243 cum
2918 3190 3134 3253 habeas,
3182 3206 3214 3244 0
3260 3190 3518 3259 Verbum,

1956 3279 2176 3333 Matrem
2238 3290 2387 3332 tuam
2421 3293 2624 3342 veram,
2662 3280 3059 3344 castissimum,
3089 3298 3209 3350 qua:
3244 3293 3295 3337 te
3325 3283 3517 3353 depre—

1955 3380 2106 3425 catur
2138 3386 2244 3424 una
2274 3386 2395 3425 cum
2427 3372 2807 3442 Spleiidoribus
2828 3375 3168 3442 angelorum,
3200 3386 3253 3431 ct
3276 3378 3521 3435 Artetnio

1954 3461 2214 3533 glorioso.
3376 3484 3381 3493 '

1955 3576 2039 3630 Ea:
2069 3576 2280 3655 Conone
2302 3577 2501 3644 duplici
2527 3579 2575 3631 in
2604 3579 2735 3647 festo
2777 3578 2835 3635 S.
2868 3580 3078 3635 Abercii
3114 3586 3343 3655 episcopi
3389 3584 3518 3640 Hie-

2037 3649 2310 3725 rapolim,
2344 3659 2391 3701 et
2427 3660 2621 3717 septem
2655 3666 2962 3705 sanctorum
2985 3649 3264 3721 puerorum
3288 3649 3515 3725 'Epliesi,

2016 3719 2101 3771 die
2131 3716 2219 3770 22.

2021 3831 2243 3899 Linguae
2278 3831 2559 3901 facundae,
2594 3849 2657 3889 ac
2693 3835 2910 3890 disertae
2956 3853 3062 3891 non
3110 3840 3287 3894 valent
3330 3841 3513 3910 eloqui

1946 3924 2360 3991 conceptionem
2403 3934 2583 3990 tuam,
2634 3942 2756 3995 qua:
2796 3943 3012 3981 omnem
3058 3941 3275 3999 superat
3325 3932 3515 4001 loqueo

1945 4016 2089 4082 lam;
2118 4014 2285 4070 Deum
2318 4016 2463 4070 enim
2497 4016 2551 4070 in
2582 4033 2745 4071 carne
2765 4019 3044 4087 peperisti,
3082 4036 3115 4074 o
3142 4023 3515 4090 sanctissima,

1945 4106 2150 4163 factum
2186 4107 2419 4163 similem
2454 4090 2611 4163 nobis
2643 4118 2866 4179 propter
2899 4110 3197 4166 bonitatem
3226 4129 3404 4168 suam.

2013 4197 2105 4254 llle
2138 4199 2230 4266 qui
2264 4215 2432 4269 purus
2455 4208 2559 4266 est,
2596 4216 2718 4254 cum
2752 4210 2802 4255 te
2829 4200 2977 4255 omni
3020 4218 3078 4257 re
3116 4214 3297 4259 creata
3331 4205 3513 4276 purio-

1948 4306 2061 4345 rem
2088 4290 2405 4358 invenisset,
2449 4306 2481 4346 ο
2504 4292 2827 4358 castissima,
2860 4291 3179 4348 inhabitavit
3218 4295 3270 4349 in
3307 4304 3377 4361 te,
3412 4310 3511 4350 vo-

1944 4442 2146 4499 sistunt
2200 4446 2253 4500 in
2287 4443 2626 4509 indivisibili,
2660 4462 2781 4515 qua:
2825 4447 2991 4500 semel
3020 4445 3236 4501 amissaa
3266 4448 3507 4515 reparari

274 4513 562 4588 originalis
591 4513 866 4588 ex'divina
914 4515 1084 4588 gratia
1132 4514 1508 4588 evasitaUnde
1558 4513 1840 4569 Bernardi-
1872 4527 1918 4583 ι)
1948 4530 2055 4568 non
2089 4523 2339 4588 possunt,
2369 4531 2433 4569 ex
2467 4513 2689 4588 quibus
2718 4518 3138 4588 est_virginitas
3180 4513 3504 4588 corporalis,

277 4601 384 4638 nus
418 4586 484 4640 de
514 4585 680 4655 Busto
718 4586 770 4639 in
802 4584 1009 4640 Mariali
1038 4601 1205 4641 serm.
1237 4588 1266 4641 7
1319 4586 1385 4640 de
1414 4595 1665 4655 concepi.
1691 4594 1843 4654 parte

276 4670 318 4715 ι,
351 4656 426 4707 ait
461 4672 473 4708 :
521 4674 538 4705 ι
573 4653 876 4724 Optabilius
920 4666 1005 4711 est
1045 4657 1280 4710 animam
1318 4670 1422 4708 non
1466 4653 1653 4723 pollui,
1678 4670 1843 4724 quam

274 4739 476 4793 carptas
522 4725 834 4795 iucine_r_ari,
869 4727 994 4795 quia
1044 4727 1223 4780 anima
1268 4728 1558 4795 pretiosior
1604 4733 1687 4779 est
1720 4740 1844 4780 cor-

275 4808 429 4861 pore.
463 4795 567 4848 Sed
599 4795 658 4848 B.
692 4793 854 4865 Virgo
886 4793 1127 4865 obtinuit
1168 4796 1235 4850 de
1262 4793 1489 4865 corpore
1519 4809 1587 4849 ne
1634 4795 1842 4848 iocine-

270 4872 523 4945 Paretur:
557 4879 686 4945 ergo
729 4864 1134 4945 etcredendum
1161 4876 1264 4928 est,
1291 4864 1435 4945 quod
1465 4864 1841 4945 multomagis

272 4933 513 4986 obtinuit
556 4933 751 4988 animae
803 4935 1229 5004 impollutionem
1265 4933 1321 4989 et
1366 4933 1841 4988 incontaminatio-

274 5018 422 5082 netu).
466 5004 665 5082 iidem
702 5004 1043 5082 loco‘citato
1089 5020 1253 5082 serm.
1285 5005 1340 5071 8,
1370 5014 1519 5082 parte
1543 5019 1580 5070 ι,
1612 5004 1788 5071 inquit
1821 5017 1835 5082 ξ

277 5069 467 5145 «Cum
490 5072 645 5145 Deus
668 5074 882 5143 elegerlt
915 5075 1275 5145 integritatem
1296 5069 1348 5127 et
1366 5069 1661 5145 puritatem
1689 5069 1835 5125 nteri

273 5143 575 5221 virginalis,
601 5159 760 5221 quem
789 5143 1063 5221 nunqualii
1090 5145 1258 5198 voluit
1288 5144 1475 5221 pollui,
1501 5143 1594 5221 sed
1615 5155 1837 5221 semper

272 5210 537 5265 intactum
576 5210 644 5266 ab
680 5214 826 5267 omni
861 5210 1157 5282 pollutione
1189 5210 1416 5278 servari,
1451 5220 1509 5265 ut
1537 5213 1601 5275 in
1629 5210 1834 5279 Spiritu

270 5283 405 5362 vidit
451 5282 696 5362 Ezechiel
735 5287 1000 5362 propheta
1023 5354 1033 5362 _
1060 5284 1142 5338 sui
1192 5284 1312 5362 libri
1343 5298 1393 5362 c.
1441 5297 1587 5362 xciv,
1610 5295 1777 5362 "ergo
1804 5296 1834 5335 a

270 5351 485 5405 fortiori
516 5349 856 5406 credendum
891 5363 975 5407 est
1022 5354 1198 5421 ipsum
1230 5354 1457 5421 elegisse
1506 5352 1559 5405 in
1610 5349 1835 5419 Virgine

270 5423 560 5490 puritatem
590 5422 906 5476 internalern
954 5427 1150 5475 animae
1179 5423 1296 5491 ejus
1346 5423 1834 5491 innocentis.__ldeo

266 5489 593 5547 Ambrosius
618 5507 779 5560 super
804 5492 1002 5546 Lucam
1025 5497 1100 5546 ait
1132 5489 1285 5546 de‘B.
1312 5491 1571 5561 Virgine:
1612 5511 1630 5543 ι
1667 5489 1833 5558 Virgo

266 5573 406 5626 erat,
431 5575 542 5629 non
572 5563 746 5615 solum
771 5576 1018 5631 corpore,
1048 5563 1136 5615 sed
1169 5572 1221 5615 ct
1249 5560 1444 5616 meme.
1487 5560 1641 5626 Quod
1670 5576 1832 5614 secus

267 5644 437 5694 esset.
474 5632 521 5685 si
557 5632 736 5702 anima
767 5633 885 5699 ejus
926 5647 1021 5702 per
1047 5643 1326 5702 peccatum
1374 5632 1637 5702 originale
1686 5640 1832 5685 esset

272 5701 694 5757 l‘ornicataaSie
722 5701 830 5763 ille,
854 5699 1144 5770 etquidem
1162 5700 1383 5770 Optime.
1403 5699 1534 5754 Nam
1562 5701 1831 5770 pleraeque

271 5772 460 5826 formae
499 5786 559 5824 ac
589 5772 1050 5842 tlenotninationcs
1095 5772 1290 5842 (inquit
1317 5773 1373 5824 in
1393 5786 1514 5842 cap.
1542 5771 1576 5842 ὃ
1607 5786 1829 5826 suarum

271 5787 460 5826 Iamne
499 5787 559 5824 ac
589 5787 1050 5826 uenomiuauones
1095 5787 1168 5842 (ιιι
1214 5787 1290 5824 un
1317 5787 1373 5824 in
1393 5787 1514 5839 cap.
1542 5787 1576 5825 ο
1607 5787 1829 5826 suarum

246 5842 665 5910 .Exceptionum
697 5841 757 5897 ιι.
796 5840 844 5897 .l.
878 5842 1142 5901 Eusebius
1174 5787 1651 5910 qucrembergius)
1700 5856 1830 5895 con-

1944 4599 2066 4657 que:
2087 4587 2265 4657 semel
2283 4585 2558 4649 deperdita
2582 4585 2835 4657 resarciri
2867 4600 2974 4657 non
2998 4595 3193 4657 potest,
3216 4587 3331 4657 sive
3351 4587 3509 4642 adhio

1942 4652 2056 4709 bito
2086 4656 2306 4725 pr0prio
2340 4670 2611 4725 consensu
2646 4656 2808 4711 fuerit
2842 4652 3060 4717 violata.
3090 4657 3207 4711 sive
3246 4656 3507 4711 violenter

1943 4723 2222 4796 Oppressa.
2251 4723 2371 4777 Pari
2403 4724 2565 4796 etiam
2615 4728 2820 4796 ratione
2867 4728 3095 4794 puritas,
3136 4736 3187 4780 et
3228 4726 3506 4796 virginalis

1943 4795 2150 4848 candor
2195 4795 2493 4862 spiritualis
2521 4795 2857 4850 castimonia:
2879 4797 3045 4851 semel
3085 4795 3329 4851 amissus
3349 4812 3505 4850 recu-

1941 4864 2118 4931 perari
2155 4880 2260 4917 non
2286 4865 2426 4919 valet
2455 4864 2613 4919 ultra.
2646 4864 2754 4919 Sed
2807 4864 2922 4919 haec
2954 4867 3179 4933 puritas,
3208 4874 3303 4919 aut
3336 4867 3502 4933 virgi-

1941 4933 2088 4988 nitas
2135 4934 2436 5002 spiritualis
2478 4936 2727 4989 consistit
2762 4934 2812 4986 iu
2847 4936 3088 4988 carentia
3146 4934 3368 5002 peccati,
3403 4950 3500 5001 po—

1943 5003 2211 5057 tissimum
2274 5003 2536 5066 mortalis,
2592 5003 2763 5073 quoi,
2801 5006 3100 5073 secundum
3161 5003 3496 5070 Scripturam

1939 5086 2176 5134 sacram.
2212 5082 2293 5127 est
2321 5073 2517 5126 animze
2560 5072 2858 5140 spiritualis
2910 5072 3217 5129 fornicatio.
3248 5080 3301 5125 et
3331 5074 3501 5140 Chry-

1938 5151 2215 5197 sostomus
2261 5144 2456 5196 aniime
2504 5142 2986 5211 devirginationem
3042 5140 3294 5211 appellat.
3334 5140 3499 5261 Ιῖξιιιιο

1938 5212 2115 5261 anima
2151 5214 2314 5261 semel
2358 5226 2453 5261 per
2499 5224 2805 5261 peccatum.
2836 5220 3243 5261 nuosenaralnr
3290 5224 3319 5261 a
3406 5225 3494 5261 eo.

1936 5212 2116 5266 anima
2151 5214 2314 5266 semel
2358 5226 2453 5279 per
2499 5224 2805 5280 peccatum,
2836 5220 3243 5281 quoseparatnr
3290 5224 3319 5262 a
3361 5212 3494 5281 Deo,

1937 5290 2211 5351 corrupta,
2244 5285 2359 5336 sive
2384 5281 2511 5334 illud
2544 5296 2573 5334 a
2614 5284 2828 5351 propria
2854 5280 3139 5335 ’voluntate
3181 5280 3493 5351 descendat,

1935 5351 2051 5428 sive
2093 5366 2157 5406 ex
2191 5353 2238 5405 vi
2271 5350 2635 5428 generationis
2670 5350 2978 5428 communis
3009 5366 3072 5405 ac
3104 5351 3399 5428 descensus
3427 5350 3495 5401 ab

1935 5421 2140 5499 A_damo
2177 5419 2383 5499 Ianiime
2419 5422 2740 5499 impressum
2773 5422 2920 5491 (nam
2968 5420 3241 5499 quomodo
3275 5419 3323 5497 id
3359 5432 3492 5499 con-

1933 5491 2107 5560 tingat
2136 5491 2270 5544 nihil
2294 5492 2573 5568 relert,_ut
2606 5488 2931 5568 paulo'ante
2960 5490 3138 5568 notavi
3171 5488 3238 5568 de
3268 5488 3492 5568 virgini-

1932 5559 2041 5615 tate
2073 5561 2385 5631 corporali),
2421 5559 2985 5631 deint-ie’psitnpolluta:
3021 5559 3176 5612 titulo
3205 5559 3372 5610 ltetaii
3400 5574 3496 5608 ni-

1931 5630 2344 5708 quibit._lt_aqu_e
2369 5634 2434 5708 _s_i
2475 5631 2535 5687 Β.
2568 5630 2731 5708 Virgo
2758 5635 2807 5684 in
2851 5631 3230 5708 instantiusua:
3263 5641 3493 5693 concep-

1933 5701 2093 5755 tionis
2126 5699 2230 5777 fuit
2256 5699 2495 5777 :v'iolala.
2524 5709 2577 5777 et
2609 5699 3220 5777 polluta__spiritualiter
3240 5712 3334 5777 per
3364 5712 3491 5777 pec-

1930 5780 2110 5841 catum
2142 5771 2423 5841 originale,
2448 5768 2750 5841 nulto'jure
2789 5768 2895 5827 sibi
2932 5768 3229 5824 vindicabit
3252 5768 3491 5839 ,titulum

1930 5840 2308 5909 impollutteet
2331 5840 2677 5912 incorruptae.
