3996 6598
516 412 652 477 1219

1637 360 1695 469 s.
1738 409 2050 469 105313111
2092 408 2644 469 HYMNOGRAPHI

3617 406 3748 470 1220

511 535 647 593 lens,
680 536 937 596 tanquam
974 526 1255 580 hominum
1289 532 1519 584 amator,
1552 521 1838 575 climinare
1877 522 2074 591 iniqui-

2192 521 2278 593 τὴν
2323 525 2381 577 ἐν
2444 524 2619 594 Ἀδὰμ
2670 524 2991 595 οἰκήσασαν,
3028 522 3377 596 παρανομίαν
3432 520 3507 585 ὡς
3562 521 3751 591 φιλάν-

515 632 697 684 tatem,
720 634 841 690 qua:
872 618 1207 673 habitaverat
1234 616 1285 670 in
1323 614 1511 669 Adam.

583 711 674 765 ille
718 711 810 780 qui
856 711 1007 780 prius
1055 718 1174 763 erat
1225 708 1364 761 Deus
1414 707 1725 772 invisibilis,
1776 708 1952 763 factus
1999 713 2081 760 est

513 802 763 867 visibilis,
797 814 1023 870 corpore
1066 813 1131 853 ex
1180 806 1336 852 utero
1381 807 1475 852 tuo
1520 808 1761 868 accepto,
1812 813 1846 852 o
1891 797 2080 865 Virgo,

513 905 733 964 propter
760 892 1187 948 misericordiam
1213 906 1400 954 suam;
1429 902 1711 960 propterea
1745 903 1797 947 te
1823 907 1945 946 cum
1975 890 2079 943 (ide

514 988 725 1041 beatam
769 986 1126 1056 appellamus.

579 1077 741 1149 200
766 1080 1051 1142 Christus,
1088 1077 1180 1146 qui
1235 1093 1319 1130 me
1366 1092 1429 1130 ex
1484 1078 1687 1132 divinis
1719 1076 2080 1147 sanguinibus

513 1173 621 1224 tuis
654 1180 932 1236 acceptum
958 1179 1213 1236 tanquam
1237 1179 1439 1224 vestem
1460 1171 1605 1235 tulit,
1630 1186 1662 1224 o
1684 1170 1961 1233 inviolata,
1990 1183 2075 1223 me

513 1262 786 1328 eumdem,
824 1262 916 1332 qui
966 1263 1093 1317 olim
1142 1262 1377 1316 nudatus
1424 1260 1656 1327 fueram,
1706 1260 1891 1331 gratim
1941 1259 2081 1314 stola

512 1353 745 1407 vestivit.

580 1445 975 1500 Coutritionem
1027 1455 1081 1502 et
1126 1448 1399 1502 miseriam
1440 1446 1718 1515 antiquam
1780 1445 2080 1514 terrigena-

514 1551 633 1588 rum
672 1535 876 1589 medela
931 1536 1169 1590 adhibita
1206 1536 1405 1589 curasti
1433 1579 1447 1601 ,
1481 1550 1514 1588 0
1543 1544 1653 1589 tota
1691 1534 2077 1595 immaculata,

515 1627 607 1681 Dei
653 1642 877 1697 sponsa,
926 1628 1075 1681 illum
1124 1629 1306 1692 enixa,
1348 1627 1439 1697 qui
1496 1636 1715 1697 propter
1756 1626 2078 1680 ineffabilem

516 1720 943 1773 misericordiam
989 1736 1142 1774 suam
1176 1721 1519 1774 inﬁrmitates
1547 1730 1761 1773 nostras
1794 1719 2048 1789 portavit.

584 1807 794 1864 Novum
828 1808 1087 1864 infantem
1119 1811 1394 1880 peperisti,
1417 1826 1449 1864 ο
1476 1810 1660 1881 Virgo,
1688 1810 1780 1879 qui
1815 1811 2076 1864 mundum

514 1912 637 1963 ante
665 1902 820 1955 senio
859 1901 1191 1965 conlectum,
1236 1903 1436 1958 divinis
1467 1902 1873 1973 cognitionibus
1914 1917 2079 1957 reno-

513 1994 689 2061 vavit;
720 1995 842 2048 ideo
870 2002 922 2049 te
954 1995 1340 2065 gloriﬁcamus.

581 2086 750 2157 Leges
793 2087 849 2141 in
892 2096 942 2142 te
985 2088 1307 2143 mirabiliter
1359 2089 1713 2151 innovantur,
1760 2103 1793 2141 o
1851 2086 2015 2158 Virgo
2065 2104 2080 2142 :

512 2182 713 2234 ctenim
767 2182 886 2234 sine
935 2183 1144 2236 semine
1192 2182 1341 2251 paris
1398 2180 1564 2236 Deum
1614 2180 1973 2243 Salvatorem,
2032 2190 2085 2235 et

512 2271 685 2341 virgo,
722 2273 899 2342 qualis
922 2283 1077 2328 antea
1109 2288 1252 2336 eras,
1291 2288 1628 2343 perseveras.
1660 2270 1705 2327 Ο
1734 2272 2080 2343 peregrinum

514 2369 866 2422 miraculum!
911 2368 1022 2423 Hac
1052 2369 1119 2422 de
1156 2382 1323 2423 causa
1356 2376 1407 2422 te
1438 2365 1662 2421 Matrem
1712 2365 2084 2421 Emmanuelis

512 2460 763 2530 teligiose
788 2477 849 2515 ac
884 2461 967 2528 pie
1005 2462 1444 2531 pronuntiamus.

589 2552 870 2616 Dissolve,
916 2566 955 2604 ο
1009 2559 1181 2613 casta,
1229 2549 1581 2605 durissimum
1632 2547 1829 2603 callum
1889 2547 2083 2601 animae

515 2659 686 2711 meae;
717 2654 769 2697 et
793 2643 1031 2697 concede
1053 2642 1209 2707 mihi,
1239 2651 1298 2696 ut
1332 2640 1478 2695 facili
1510 2649 1871 2710 promptoque
1917 2654 2082 2694 sensu

514 2735 714 2789 divinis
738 2732 855 2788 Filii
879 2734 955 2788 tui
990 2733 1257 2789 mandatis
1291 2732 1589 2788 attendam.

586 2826 686 2882 Per
720 2836 790 2892 te,
819 2848 851 2881 υ
882 2827 1227 2881 sanctissima
1252 2824 1346 2881 Dei
1382 2824 1593 2894 Sponsa
1613 2867 1628 2892 ,
1671 2840 1774 2881 nos
1807 2824 1899 2895 qui
1930 2840 2082 2880 mor-

513 2918 590 2972 tui
624 2932 864 2983 eramus,
896 2918 1004 2972 vita
1047 2918 1195 2989 digni
1251 2917 1377 2972 facti
1411 2932 1636 2983 sumus;
1673 2924 1726 2970 et
1775 2930 1899 2970 cum
1932 2927 2083 2970 esse-

514 3024 639 3063 mus
713 3008 1085 3078 corruptionis
1143 3009 1308 3075 servi,
1377 3005 1809 3078 incorruptionis
1863 3006 2081 3063 divitias

512 3098 799 3154 manifeste
829 3099 1008 3168 adepti
1041 3114 1251 3154 sumus.

2188 608 2424 672 θρωπος.

2257 626 2372 661 ωπο
2411 649 2424 661 .

2226 626 2560 773 ρὙπζάρχων
2592 703 2620 755 ὁ
2671 704 2802 768 Θεὸς
2845 704 2906 758 τὸ
2939 706 3068 777 πρὶν
3100 707 3331 778 ἀόρατος
3362 708 3573 778 ὼράθη,
3606 711 3753 778 Παρ-

2185 790 2325 856 θένε,
2357 792 2422 845 δι’
2456 794 2862 865 εὐσπλαγχνίαν
2897 797 2961 849 ἐκ
2990 799 3227 864 γαστρός
3261 815 3356 850 σου
3391 797 3753 869 σωματούμε-

2182 899 2290 947 νος.
2324 884 2422 937 Διὰ
2447 884 2605 939 τοῦτό
2629 903 2688 939 σε
2721 888 2899 941 πίστει
2936 889 3311 961 μακαρίζομεν

2252 1067 2489 1134 Φορεσας
2513 1084 2581 1137 με
2606 1069 2670 1120 ὲκ
2694 1068 2802 1120 τῶν
2833 1068 2939 1120 σῶν
2974 1069 3132 1122 θείων
3163 1071 3410 1139 αἱμάτων
3440 1073 3468 1124 ὁ
3497 1072 3754 1141 Χριστὸς.

2182 1157 2440 1227 ἅχραντε,
2501 1160 2836 1229 καταστολὴν
2903 1161 3123 1229 χάριτος
3171 1162 3341 1215 πάλαι
3397 1161 3758 1231 γυμνωθέντα

2183 1249 2451 1303 ἐνέδυσεν.

2266 1433 2444 1497 Ἰάσω,
2495 1433 2827 1503 πανάμωμε,
2873 1436 3164 1506 συντριϐὴν
3207 1436 3299 1489 καὶ
3327 1436 3423 1507 τὴν
3456 1437 3627 1491 πάλαι
3664 1456 3758 1491 τα·

2182 1524 2488 1593 λαιπωρίαν
2538 1525 2647 1577 τῶν
2692 1525 2962 1593 γηγενῶν,
3002 1525 3206 1590 τέξασα
3254 1526 3347 1581 τὸν
3401 1525 3754 1595 βαστάσαντα

2181 1616 2281 1679 τὰς
2332 1617 2520 1679 νόσους
2568 1615 2849 1687 sempr
2900 1618 3307 1688 εὐσπλαγχνίαν
3347 1618 3575 1689 ἄφατον,
3628 1618 3757 1671 Θεό-

2181 1725 2378 1780 νυμφε.

2253 1821 2390 1875 Νέον
2420 1819 2618 1892 βρέφος
2645 1818 2967 1891 ἀπεκύησας
3018 1822 3370 1891 τὸν’προόντα
3404 1823 3757 1892 γεγηρακότα

2187 1913 2391 1984 κόσμον
2436 1913 2820 1984 νεουργοῦντα,
2866 1914 3134 1988 Παρθένε,
3180 1914 3352 1979 θείαις
3399 1914 3755 1983 ὲπιγνὼσεσι.

2186 2002 2275 2056 Διό
2304 2020 2361 2055 σε
2387 2002 2703 2073 δοξάζομεν.

2258 2093 2433 2163 Νόμοι
2464 2096 2520 2147 ὲν
2552 2096 2636 2148 σοὶ
2663 2096 3002 2166 παραδόξως,
3050 2098 3317 2170 Παρθένε,
3367 2097 3759 2167 καινοτομοῦν-

2184 2203 2297 2240 ταιο
2326 2187 2531 2252 τίκτεις
2572 2188 2682 2259 γὰρ
2712 2190 2969 2261 ἁσπόρως
3014 2189 3147 2242 Θεὸν
3170 2191 3316 2254 ὄντα,
3362 2191 3455 2243 καὶ
3481 2189 3759 2259 διαμένεις

2186 2278 2595 2351 παρθενεύουσα
2628 2279 2812 2347 πάλιν,
2847 2282 2999 2347 ξένον
3038 2280 3243 2352 θαῦμα·
3280 2282 3403 2335 ὅθεν
3432 2283 3670 2352 Μητέρα
3699 2297 3754 2333 σε

2184 2372 2279 2427 τοῦ
2320 2374 2670 2445 Ἐμμανουήλ
2696 2374 2941 2440 εὐσεϐῶς
2974 2374 3439 2445 καταγγέλλομεν.

2257 2545 2368 2614 Τὴν
2408 2542 2683 2613 πώρωσιν,
2736 2543 2899 2613 ἁγνὴ,
2946 2542 3047 2613 τῆς
3089 2542 3269 2613 ψυχῆς
3324 2560 3428 2613 μου
3480 2542 3757 2606 διάλυσον,

2184 2636 2277 2689 καὶ
2316 2634 2459 2687 δίδου
2500 2650 2591 2703 μοι
2636 2632 2975 2703 εὐαισθήτως
3021 2632 3115 2686 τοῦ
3162 2631 3294 2687 Υἱοῦ
3341 2650 3434 2685 σου
3466 2633 3757 2702 προσέχειν

2182 2730 2294 2792 τοῖς
2325 2726 2485 2789 θείοις
2519 2726 2917 2794 ἐπιτάγμασιν.

2252 2819 2351 2871 Διά
2387 2818 2501 2881 σοῦ,
2527 2818 2768 2886 παναγέα
2787 2817 3091 2889 Θεόνυμφε,
3114 2819 3164 2881 oj
3190 2819 3584 2889 νενεκρωμένοι
3611 2817 3754 2887 ζωῆς

2182 2910 2515 2982 ⁴ῂξιώθημεν,
2560 2912 2653 2964 καὶ
2700 2914 2767 2982 τῇ
2824 2910 3003 2984 φθορᾷ
3041 2910 3388 2976 δουλεύοντες
3443 2912 3757 2984 ἀφθαρσίαν

2186 3004 2372 3073 σαφῶς
2398 3004 2633 3075 ὲπλουτή
2642 3020 2705 3056 σα
2714 3021 2835 3075 μεν.

580 3191 843 3246 Mnrtilica
876 3192 1057 3245 carnis
1093 3206 1224 3245 mese
1268 3190 1634 3261 prudentiam,
1662 3207 1696 3248 o
1734 3192 1922 3267 Virgo,
1956 3210 2074 3265 qua:

2250 3191 2544 3262 Νέκρωσον
2565 3190 2665 3259 τῆς
2691 3188 2891 3260 σαρκός
2922 3206 3046 3259 μου,
3080 3188 3347 3256 Παρθένε,
3376 3188 3438 3242 τὸ
3468 3190 3745 3260 φρόνημα,

510 3284 677 3338 vitam
728 3283 1007 3353 peperisti,
1057 3298 1178 3352 qua:
1229 3283 1391 3336 morti
1441 3293 1671 3338 mortem
1724 3287 1985 3352 abstulit,
2029 3296 2083 3342 et

510 3390 711 3447 pueros
743 3374 1068 3431 admiranda
1099 3374 1424 3430 excitatione
1451 3376 1795 3446 gloriﬁcavit.

579 3558 752 3613 Natus
787 3568 869 3613 est
902 3573 965 3611 ex
1000 3566 1071 3621 te,
1107 3572 1139 3611 o
1172 3556 1380 3623 Puella,
1407 3556 1499 3612 ille
1518 3573 1679 3628 quem
1707 3558 1864 3614 Pater
1893 3561 2079 3630 genuit

507 3660 635 3707 ante
658 3651 880 3717 sarcula,
911 3651 1001 3720 qui
1036 3650 1087 3703 iu
1123 3650 1335 3706 duabus
1384 3652 1708 3708 substantiis
1735 3668 1798 3707 ac
1826 3654 2078 3707 volunta-

506 3745 652 3798 tibus
670 3742 985 3813 agnoscitur
1008 3740 1174 3811 (Deus
1189 3742 1395 3796 scilicet
1421 3752 1474 3796 et
1496 3741 1680 3815 homo)
1707 3743 1774 3796 ab
1796 3744 2074 3808 omnibus,

505 3836 599 3905 qui
631 3851 753 3891 cum
790 3834 892 3890 ﬁde
920 3834 1197 3889 clamant:
1230 3833 1554 3891 Benedictus
1585 3836 1828 3907 cs,[Deus
1858 3844 2077 3906 patrum

503 3941 836 3985 nostrorum.
1158 3926 1161 3931 ’

573 4021 915 4093 Apparuisti,
969 4036 1005 4075 ο
1050 4020 1145 4075 Dei
1199 4021 1472 4092 genitrix,
1533 4023 1741 4093 angelis
1792 4024 2072 4093 superior;

503 4115 802 4186 apparuisti
857 4129 981 4169 vere
1050 4114 1377 4169 athletarum
1426 4115 1622 4179 robur;
1674 4116 1994 4185 apparuisti,
2032 4132 2073 4170 -ο

502 4208 835 4274 rastissima,
888 4208 1037 4261 salus
1067 4222 1258 4261 eorum
1292 4206 1384 4277 qui
1430 4218 1483 4262 te
1538 4207 1878 4262 verissimam
1911 4205 2072 4262 Verbi

502 4300 819 4369 genitricem
855 4308 1278 4368 recognoscuut.

574 4389 713 4445 Ecce
768 4390 1002 4444 lectulus
1044 4387 1376 4453 Salomonis,
1422 4403 1585 4459 quem
1632 4405 1779 4445 nunc
1825 4397 2072 4460 potentes

500 4478 866 4543 circumdant,
890 4478 1452 4547 Scripturaelscilicet,
1485 4480 1745 4534 divinitus
1775 4480 2070 4549 iuspiratm,

2184 3286 2217 3353 ἡ
2258 3283 2356 3354 τὴν
2417 3284 2563 3352 ζωὴν
2620 3282 2893 3345 τετοκυῖα,
2952 3282 3049 3354 τὴν
3090 3282 3302 3352 θανάτῳ
3347 3281 3577 3335 θάνατον
3622 3281 3751 3334 καθ-

2181 3374 2439 3441 ελοῦσαν,
2470 3374 2721 3439 καὶτοὺς
2767 3374 2964 3437 παῖδας
3005 3372 3293 3445 παραδόξῳ
3337 3373 3555 3445 ὲγέρσει
3595 3374 3751 3440 δοξά-

2183 3485 2374 3523 σασαν.

2264 3558 2489 3629 Ἐτέχθη
2525 3560 2587 3612 ὲκ
2617 3556 2711 3611 σοῦ
2748 3557 2808 3611 ὃν
2842 3557 3100 3629 ἐγέννησε
3132 3558 3321 3628 Πατὴρ
3350 3558 3458 3628 πρὸ
3483 3557 3595 3611 τῶν
3621 3557 3749 3611 αἰώ-

2178 3670 2287 3707 νων
2314 3653 2517 3716 διτταῖς
2560 3651 2769 3714 οὐσίαις
2800 3653 2895 3705 καλ⁸
2923 3652 3231 3722 θελήσεσιν,
3270 3647 3358 3705 οἷα
3393 3652 3529 3711 Θεός
3564 3669 3623 3704 τε
3654 3654 3744 3705 καὶ

2178 3743 2485 3813 ἄνθρωπος,
2514 3743 2690 3813 Κόρη,
2717 3742 3122 3815 γνωριζόμενος
3156 3745 3312 3809 πᾶσι,
3338 3746 3450 3805 τοῖς
3476 3745 3535 3795 ὲν
3568 3745 3746 3797 πίστει

2178 3834 2605 3904 κραυγάζουσιν,
2642 3836 2952 3907 Εὐλογητὸς
2974 3830 3053 3900 εἷ,
3083 3839 3113 3889 ὸ
3140 3835 3336 3902 eam
3362 3835 3458 3889 τῶι
3495 3837 3745 3905 πατέρων

2175 3927 2209 3994 ἢ
2219 3924 2355 3995 μῶν.

2252 4018 2461 4091 Ὠφθης
2492 4020 2762 4089 ἀγγέλων,
2795 4019 3126 4090 Θεοκυῆτορ,
3156 4020 3520 4092 ὑπερέχουσα,
3553 4020 3742 4091 ὤφθης

2174 4108 2421 4179 ἀθλητῶν
2447 4110 2775 4181 κραταίωμα
2806 4111 3042 4181 άληθῶς,
3074 4110 3281 4182 ὤφθης,
3320 4115 3581 4181 πάναγνε,
3610 4115 3732 4166 διά-

2177 4218 2372 4272 σωσμα
2402 4202 2510 4256 τῶν
2560 4204 2940 4272 γινωσκόντων
2990 4221 3049 4257 σε
3106 4204 3394 4275 παναληθῆ
3438 4204 3531 4256 τοῦ
3562 4205 3731 4273 Λόγου

2174 4294 2510 4365 λοχεύτριαν.

2256 4386 2385 4440 Ἰδοὺ
2427 4389 2459 4458 ἡ
2502 4387 2658 4457 κλίνη
2687 4388 3051 4458 Σολομῶντος,
3100 4389 3171 4461 ἥν
3198 4388 3458 4441 κυκλοῦσι
3500 4388 3729 4453 δυνατοὶ,

2172 4478 2269 4548 τῆς
2303 4478 2656 4533 θεοπνεύστου
2702 4478 2796 4532 νῦν
2844 4481 3065 4551 Γραφῆς
3104 4484 3159 4534 αἱ
3206 4484 3556 4552 προρρήσεις,
3594 4482 3645 4532 ἐν

503 4570 926 4641 praedictiones;
979 4571 1034 4624 in
1069 4586 1180 4640 quo
1217 4571 1471 4626 Christus
1508 4572 1652 4627 Deus
1699 4588 1795 4642 per
1826 4573 2065 4627 divinam

2192 4570 2406 4638 ἰριστὸς
2430 4572 2459 4622 ὁ
2481 4570 2613 4633 Θεὸς
2650 4571 2925 4643 σαρκώςει
2971 4572 3091 4643 θείᾳ
3120 4573 3488 4638 ἀνεπαύσατο,
3520 4576 3552 4643 ἡ
3582 4572 3728 4625 εὐλο-

500 4664 929 4718 incarnationem
1010 4662 1315 4732 requievit,
1369 4664 1631 4719 nimirum
1686 4664 1969 4721 benedicta
2015 4672 2069 4719 et

500 4754 677 4823 gratia
715 4754 897 4822 plena.

578 4844 953 4916 Egrotantem
977 4844 1216 4900 animam
1239 4860 1414 4901 meam
1437 4846 1647 4902 medica
1673 4863 1833 4900 manu
1857 4862 2009 4913 cura,
2033 4862 2067 4901 o

497 4937 683 5011 Virgo,
719 4939 876 5009 201
903 4947 957 4993 et
980 4938 1304 4994 inhaerentes
1324 4938 1454 4992 mihi
1492 4938 1837 4993 aﬂectionmn
1878 4939 2066 4993 sordes

498 5034 746 5102 absterge
770 5076 787 5099 ,
812 5042 977 5102 atque
1007 5033 1070 5086 ad
1104 5031 1345 5086 tribunal
1375 5031 1767 5101 omnipotentis
1798 5028 1889 5083 Dei
1937 5030 2067 5085 siste

498 5141 583 5179 mc
604 5136 771 5179 totuu.
797 5127 1005 5180 salvum
1036 5124 1263 5191 factum,
1287 5134 1348 5180 ut
1373 5134 1585 5180 cautem
1612 5122 1845 5178 :Onmia
1876 5138 2064 5192 opera,

497 5219 716 5271 laudate
748 5215 1059 5285 Dominum.

568 5307 869 5362 Lucernam
908 5307 1319 5361 illuminativam
1372 5306 1619 5377 praevidit
1666 5315 1719 5363 te
1767 5308 1895 5363 olim
1935 5323 2065 5379 pro-

496 5403 676 5467 pheta,
711 5414 743 5450 o
766 5398 930 5466 Virgo
949 5397 1279 5459 castissima,
1313 5396 1551 5451 divinam
1586 5397 1888 5466 lampadem
1922 5397 1975 5451 in
2008 5411 2066 5452 se

496 5492 610 5557 ipsa
643 5502 767 5540 vero
799 5486 1055 5540 ferentem
1096 5502 1109 5540 :
1142 5486 1318 5539 solum
1346 5486 1551 5540 scilicet
1577 5486 1741 5541 Deum
1770 5486 2066 5556 supersub-

496 5579 824 5641 stantialem,
852 5577 943 5646 qui
977 5586 1194 5646 propter
1215 5577 1420 5633 viscera
1454 5578 1843 5634 misericordiae
1865 5594 1977 5631 sua:
1999 5592 2065 5631 ex

499 5680 549 5723 te
577 5671 738 5724 homo
774 5671 947 5723 iactus
970 5678 1075 5723 est.

565 5760 760 5815 Gestas
790 5762 847 5814 in
888 5761 1032 5814 ulnis
1060 5775 1207 5829 cum,
1239 5761 1337 5832 qui
1365 5761 1542 5832 palma
1573 5777 1671 5817 sua
1704 5763 1887 5818 divina
1932 5777 2066 5818 con-

498 5854 634 5908 tinet
673 5854 965 5919 universa;
1003 5869 1165 5924 quem
1219 5855 1534 5923 suppliciter
1572 5870 1759 5910 exora.
1807 5872 1839 5905 ο
1874 5856 2059 5924 Virgo,

2168 4660 2383 4731 γημένη
2417 4662 2513 4714 καὶ
2549 4664 2969 4733 κεχαριτωμένη
2982 4701 2995 4716 .

2236 4844 2535 4908 Νοσοῦσαν.
2570 4846 2835 4919 Παρθένε,
2866 4847 2963 4917 τὴν
2992 4848 3130 4919 ἐμὴν
3160 4847 3339 4919 ψυχὴν
3375 4849 3717 4919 θεράπευσον,

2166 4939 2375 4993 καὶτὸν
2409 4939 2594 4993 ἐνόντα
2625 4956 2715 5009 μοι
2758 4940 2947 4993 παθῶν
2990 4941 3295 4997 ἀπόπλυνον
3327 4942 3599 5014 βόρϐορον,
3631 4948 3713 4994 καὶ
3768 4938 3783 4949 ³

2165 5031 2242 5101 τῷ
2273 5032 2477 5103 βήματι
2506 5033 2857 5103 παράστησον
2878 5034 2970 5086 τοῦ
3000 5035 3438 5106 παντοκράτορος
3460 5038 3585 5090 Θεοῦ
3609 5038 3714 5088 ὅλον

2168 5123 2496 5193 σωζόμενον,
2537 5124 2622 5177 ἵνα
2655 5125 2864 5194 μέλπω·
2894 5127 3077 5181 Πάντα
3097 5126 3165 5181 τὰ
3187 5127 3347 5198 ἔργα,
3386 5131 3598 5199 ὑμνεῖτε
3626 5129 3706 5180 τὸν

2165 5214 2388 5283 Κύριον.

2234 5304 2573 5374 Φωτιστικήν
2615 5320 2672 5356 σε
2721 5303 2942 5374 λυχνίαν
2990 5306 3018 5358 ὁ
3060 5305 3347 5377 προφήτης
3398 5306 3709 5377 προδλέπει,

2165 5391 2471 5462 λαμπάδιον
2510 5395 2569 5448 τὸ
2612 5394 2755 5447 θεῖον
2803 5395 3019 5465 άληθῶς
3045 5397 3101 5448 ὲν
3143 5397 3311 5464 ἑαυτῇ
3347 5398 3707 5468 ἐπιφέρουσαν,

2169 5483 2413 5548 παναγία
2448 5484 2715 5554 Παρθένε,
2745 5485 2837 5535 τὸν
2889 5485 3048 5552 μόνον
3090 5485 3416 5551 ὑπερούσιον
3467 5487 3592 5540 Θεὸν
3632 5485 3707 5536 διὰ

2168 5576 2452 5647 σπλάγχνα
2492 5576 2677 5641 ἐλέους
2705 5577 2769 5630 ἐκ
2801 5576 2895 5630 σοῦ
2930 5577 3448 5649 ὲνανθρωπήσαντα.

2233 5763 2425 5833 Φέρεις
2466 5764 2526 5815 ὲν
2585 5762 2859 5831 ἀγκάλαις
2898 5763 2993 5817 τὸν
3036 5763 3217 5820 πάντα
3266 5765 3387 5837 θεία
3433 5764 3701 5834 κατέχοντα

2170 5855 2417 5925 παλάμῃ.
2452 5857 2622 5925 ὅνπερ
2663 5856 2989 5926 ὲκδυσώπει,
3020 5857 3286 5928 Παρθένε,
3316 5858 3418 5929 ἐμὲ
3444 5858 3533 5912 τὸν
3560 5855 3697 5927 μόνον
