3996 6610
306 421 439 485 1221-

1708 434 2067 495 MARIALE.

3401 446 3537 510 12.2

299 538 423 589 ὂντα
458 537 787 608 κατάκριτον
820 540 887 593 δι’
916 541 1317 613 εύσπλαγχνίαν
1344 542 1549 612 ἅςατον
1577 543 1865 614 ἐναγκαλί-

1988 556 2033 599 tt
2058 562 2163 613 me,
2197 547 2287 617 qui
2316 548 2472 604 unice
2508 549 2799 605 damnatus
2823 567 2970 618 sum,
3028 562 3246 623 prapter
3292 558 3537 614 incﬁ‘abi-

300 629 521 696 σασθαι,
559 632 653 684 καὶ
680 631 851 686 σῶσαί
878 650 968 705 με.

313 860 407 913 Ἐκ
435 860 542 915 τοῦ
573 862 842 940 Κατ·ρνος
868 864 1124 940 εἱς-τοὺς
1151 865 1358 940 ἁγίους
1379 865 1685 937 μάρτυρας
1714 872 1871 940 Map-

545 934 755 987 κιανὸν
785 935 882 988 καὶ
919 934 1279 1004 Μαρτύριον,
1310 934 1497 1006 ἠμέρζι
1528 934 1624 992 κε’.

369 1059 473 1112 Τὸν
506 1060 742 1131 ἄναρχον
800 1063 928 1116 Υἱον
970 1063 1066 1115 τοῦ
1096 1064 1232 1117 Θεοῦ
1268 1066 1607 1120 συλλαϐοῦσα
1653 1069 1872 1139 ἐσωμά-

297 1167 499 1214 τωσας,
554 1150 716 1222 ἁγνὴ,
759 1154 1051 1224 γενόμενον
1098 1155 1286 1225 βροτὸν
1319 1157 1405 1209 διὰ
1440 1157 1589 1220 ἕλεος
1641 1158 1867 1226 ἄφατον,

299 1242 421 1295 ὅθεν
472 1242 659 1295 τοῦτον
691 1245 1126 1314 προσκυνοῦντες
1171 1248 1411 1312 εὐσεϐῶς
1453 1266 1512 1301 σε
1552 1250 1871 1321 δοξάζομεν,

298 1334 396 1405 τὴν
426 1334 605 1389 αἰτίαν
638 1336 733 1405 τῆς
758 1339 974 1391 πάντων
1006 1338 1275 1404 οεώσεως.

374 1521 779 1592 Πεποεκιλμένη
814 1528 1146 1593 κροσσωτοίς
1191 1527 1249 1578 ὲν
1298 1529 1558 1597 χρυσοῖς,ξ
1587 1530 1663 1593 ὡς
1716 1530 1871 1601 βασί-

303 1611 483 1677 λισσα,
514 1613 610 1668 τοῦ
641 1616 919 1669 Δεσπότου
970 1619 1062 1671 καὶ
1096 1617 1232 1670 Θεοῦ
1277 1620 1341 1671 ἐκ
1371 1620 1559 1685 δεξιῶν
1595 1621 1689 1674 νῦν
1720 1624 1873 1694 περί-

304 1722 517 1770 στασαι,
572 1704 857 1773 Δέσποινα,
892 1709 1265 1780 πρεσϐεύουσα
1308 1710 1449 1783 ὑπὲρ
1505 1714 1613 1766 τῶν
1672 1714 1871 1767 δούλων

303 1813 417 1848 σου.

1972 636 2076 688 lem
2128 636 2381 704 pietatem
2437 652 2593 693 suam
2647 640 2793 696 ulnis
2825 642 3078 712 excipiat,
3111 651 3165 698 et
3209 644 3414 702 salvum
3449 648 3531 704 fa-

1970 726 2099 779 ciat.

1972 853 2057 909 Ex
2089 855 2303 912 Canone
2347 859 2396 912 in
2427 858 2560 928 festo
2592 858 2650 914 S.
2682 859 2947 984 Mézrciani
2978 873 3023 917 et
3056 863 3306 936 Martyrii
3336 878 3538 939 marty-

2562 948 2701 984 rum.
2770 948 2816 984 ιε
2847 933 2937 984 25.

2562 948 2701 994 rum,
2731 935 2816 985 dte
2847 933 2937 986 15.

2042 1057 2238 1113 Filium
2267 1060 2356 1114 Dei
2398 1058 2660 1115 teternntn
2686 1063 3021 1133 concipiens,
3059 1081 3091 1118 o
3127 1076 3299 1134 casta,
3343 1084 3539 1139 corpo-

1973 1152 2103 1204 rasti
2140 1152 2413 1206 hominem
2458 1154 2657 1207 factum
2697 1167 2915 1226 propter
2949 1157 3270 1214 ineﬁabiletn
3322 1163 3540 1216 miseri-

1972 1244 2213 1297 Cordiam
2276 1260 2453 1301 suam.
2505 1244 2659 1300 Unde
2711 1248 2859 1301 illum
2898 1249 3204 1313 adorantes,
3257 1262 3307 1306 te
3352 1255 3541 1308 devote

1971 1333 2361 1401 gloriﬁcamus,
2413 1350 2534 1403 qua:
2586 1352 2751 1390 causa
2817 1337 2967 1393 fuisti
3018 1339 3379 1396 deiﬁeationis
3424 1359 3542 1396 om-

1971 1425 2144 1480 nium.

2041 1518 2387 1573 Circnmdata
2414 1517 2767 1575 varietatibus
2799 1520 2853 1575 in
2907 1520 3136 1579 ﬁmbriis
3182 1525 3385 1589 aureis,
3423 1534 3543 1577 tan-

1972 1626 2135 1679 quam
2169 1610 2371 1681 Regina
2409 1628 2472 1667 ac
2508 1614 2759 1680 Domina,
2797 1631 2825 1669 a
2868 1616 3076 1671 dextris
3109 1616 3198 1671 Dei
3229 1634 3291 1672 ac
3324 1618 3541 1673 Domini

1974 1718 2121 1758 nunc
2153 1714 2324 1771 astas,
2346 1705 2687 1762 intercedens
2716 1724 2814 1777 pro
2838 1709 3010 1764 servis
3043 1709 3172 1763 tuis.

385 1887 550 1955 Ἱερὸς
601 1889 770 1944 πάλαι
817 1891 1103 1961 προφήτης
1147 1890 1271 1961 ὅρος
1324 1909 1384 1945 σε
1429 1891 1569 1945 θεῖον
1616 1893 1872 1948 ἐκάλεσεν

2046 1888 2184 1943 Olim
2217 1904 2374 1944 sacer
2412 1890 2673 1959 propheta
2705 1898 2755 1945 te
2781 1890 3023 1945 divinum
3076 1902 3315 1947 montem
3356 1894 3544 1964 appel-

300 1978 520 2050 ἀρετῆς,
553 1981 793 2051 Παρθένε
826 1984 1092 2051 παναγνε,
1120 1982 1183 2037 δι’
1208 1986 1331 2037 ὅλου
1367 1985 1685 2050 κατάσκιον,
1719 1986 1779 2051 ἐξ
1808 1980 1870 2041 οῦ

304 2072 569 2141 σωτηρίος
592 2075 763 2141 Λόγος
792 2076 1178 2147 πεφανέρωται
1207 2078 1287 2140 εἰς
1314 2077 1621 2130 ἀνάπλασιν
1646 2078 1739 2132 καὶ
1762 2095 1875 2148 φω-

301 2165 495 2234 τισμὸν
526 2165 634 2220 τῶν
664 2166 850 2238 ψυχῶν
884 2168 1063 2240 ήμῶν.

391 2348 617 2419 Αληθῶς
669 2350 807 2404 Θεοῦ
873 2351 1004 2427 Υἱον
1053 2350 1331 2423 ἑκύησας,
1378 2354 1543 2426 ἁγνὴ,
1587 2355 1875 2425 ὁμοούσιον

300 2439 380 2510 τῷ
411 2441 584 2512 llath
638 2442 732 2495 καὶ
773 2442 851 2510 τῷ
882 2442 1013 2515 θείῳ
1040 2443 1340 2515 Πνεύματι,
1368 2445 1788 2517 Θεογεννὴτρια,
1817 2450 1879 2502 ὃν

301 2532 596 2598 ἀπαύστως
631 2535 875 2602 αἷτησαι,
915 2538 1262 2609 οἰκτειρῆσαι
1287 2538 1387 2603 τὰς
1424 2539 1602 2610 ψυχάς
1626 2541 1805 2611 ἡμῶν.

376 2714 613 2785 Στόματι
672 2716 771 2769 καὶ
823 2716 1053 2790 γλώσσῃ
1100 2735 1161 2771 σε
1217 2719 1451 2792 Μητέρα
1506 2722 1831 2792 παναληθῶς
1857 2763 1873 2789 ,

305 2807 572 2879 Παρθένε,
602 2809 697 2862 τυῦ
728 2810 862 2863 Θεοῦ
894 2810 1050 2881 ἡμῶν
1076 2813 1468 2884 ὁμολογοῦμεν·
1493 2815 1681 2879 αὑτὸν,
1713 2816 1877 2888 ἁγνὴ,

304 2900 541 2964 ἐκτενῶς
568 2901 798 2969 ἱκέτευε,
831 2902 926 2957 τοῦ
962 2903 1204 2974 σωθῆναι
1244 2904 1345 2969 τὰς
1372 2905 1549 2976 ψυχὰς
1574 2907 1755 2977 ἡμῶν.

376 2992 788 3064 Δελυτρωμένοι
813 2994 891 3065 τῷ
922 2995 1025 3066 σῷ,
1053 2996 1440 3068 Θεογεννῆτορ,
1467 2998 1610 3069 τόκῳ
1636 3000 1732 3070 τῆς
1747 3001 1880 3054 αἰω-

304 3083 420 3139 νίου
453 3086 856 3157 κατακρίσεως,
886 3088 966 3152 τὸ,
995 3090 1167 3161 Χατρέ
1199 3107 1306 3156 σοι,
1340 3090 1620 3162 κράζομεν
1645 3092 1755 3161 άεὶ,
1785 3093 1878 3147 εύ-

304 3173 580 3245 λογημένη
610 3176 705 3230 καὶ
732 3181 1171 3252 κεχαριτωμένη.

1975 1980 2124 2045 lavit,
2176 1995 2209 2034 o
2239 1981 2401 2051 Virgo
2448 1981 2777 2045 castissima,
2838 1983 3132 2037 virtutibus
3181 1984 3543 2054 undequaque

1974 2073 2292 2126 umbrosum
2318 2089 2333 2137 ;
2365 2087 2429 2126 ex
2464 2087 2579 2141 quo
2606 2072 2848 2127 salutare
2873 2072 3107 2128 Verbum
3138 2076 3541 2131 manifestatum

1972 2177 2057 2219 eat
2091 2162 2143 2219 in
2178 2163 2650 2228 restaurationem,
2686 2172 2740 2216 et
2761 2163 3215 2219 illuminationem
3237 2165 3542 2219 animarum

1974 2266 2310 2311 υοειτατυιιι.

2048 2344 2204 2406 Vere,
2238 2360 2269 2398 ο
2298 2355 2450 2399 casta
2474 2344 2567 2399 Dei
2600 2345 2855 2416 genitrix,
2895 2344 3091 2400 Filium
3144 2346 3233 2400 Dei
3284 2346 3545 2418 genuisti,

1976 2436 2123 2493 Patri
2142 2452 2217 2492 ~ac
2264 2436 2488 2506 Spiritui
2537 2436 2722 2491 divino
2776 2438 3332 2505 consubstantialem;
3381 2454 3549 2509 quem

1978 2529 2322 2585 incessanter
2350 2541 2596 2599 precare,
2641 2541 2700 2583 ut
2736 2529 3064 2585 misereatur
3101 2531 3409 2585 animarum
3440 2546 3546 2586 non

1978 2633 2236 2677 strarum.

2049 2713 2155 2769 Ore
2182 2724 2236 2770 et
2272 2716 2455 2783 lingua
2488 2724 2541 2771 te
2587 2710 2931 2768 verissimam
2976 2709 3071 2766 Dei
3117 2712 3293 2767 nostri
3323 2708 3545 2793 Matrem

1979 2806 2322 2873 conﬁtemur,
2360 2822 2395 2862 ο
2427 2805 2632 2876 Virgo:
2667 2806 2919 2861 eumdem
2954 2805 3200 2873 impense
3229 2800 3546 2871 deprecare.

1979 2912 2013 2953 o
2046 2908 2220 2964 casta,
2259 2914 2357 2969 pro
2389 2898 2567 2953 salute
2597 2898 2908 2953 animarum
2930 2905 3268 2951 nostrarum.

2048 2990 2131 3044 Ab
2150 2999 2352 3045 mterna
2374 2989 2725 3044 damnatione
2750 3002 2845 3059 per
2875 2995 3087 3057 partum
3117 2994 3272 3038 tuum
3311 2984 3549 3051 liberati,

1979 3097 2012 3139 ο
2040 3082 2199 3152 202
2229 3081 2319 3137 Dei
2341 3082 2572 3152 genitrix
2592 3119 2608 3145 ,
2645 3081 2711 3135 ad
2734 3089 2783 3135 te
2804 3094 3019 3150 semper
3044 3078 3345 3134 clamamus
3378 3077 3544 3144 :Ave,

1980 3175 2282 3240 benedicta,
2312 3184 2365 3229 et
2393 3174 2567 3244 gratia
2605 3173 2787 3244 plena.

376 3267 769 3341 Νεκρωθέντας
823 3247 971 3343 ἡμᾶς
1014 3247 1356 3338 ⁷άνιξώωσας
1412 3274 1511 3349 τὴν
1566 3274 1714 3348 ζωὴν
1767 3277 1872 3331 τῶν

2030 3252 2162 3323 Ἢοε
2200 3278 2447 3323 mortuos
2488 3267 2554 3322 ad
2581 3269 2747 3322 vitam
2788 3266 3077 3333 revocasti,
3111 3266 3276 3320 vitam
3302 3265 3547 3318 omnium

312 3358 560 3415 ἀνάντων
600 3364 872 3434 κυήσασα,
906 3366 1213 3436 Θεοκυῆτορ
1263 3352 1530 3421 Δέσποινα
1551 3369 1699 3435 ,,τὼν
1735 3386 1878 3439 μαρ-

302 3448 485 3524 τύρων
506 3452 656 3521 δόξα,
703 3458 798 3511 καὶ
844 3456 955 3513 τῶν
993 3455 1297 3531 ἀνθρώπιον
1346 3460 1406 3515 τὸ
1455 3459 1740 3533 διάςωαμα
1784 3461 1879 3517 καὶ

305 3544 722 3618 περιτείχισμα.
862 3550 866 3554 ’

376 3637 554 3701 Φωτὸς
602 3640 937 3711 οἰκητήριον,
990 3640 1153 3713 ἁγνὴ,
1204 3642 1525 3714 ὑπάρχουσα
1572 3644 1675 3713 τῆς
1701 3645 1879 3716 ψυχῆς

306 3745 411 3797 μου
467 3729 639 3797 κόρας
692 3731 930 3802 φώτισον
988 3735 1414 3807 άμαυρωθείσας
1469 3736 1723 3808 ἀμελείᾳ,
1784 3740 1878 3811 καὶ⁸

306 3821 499 3885 σκότος
533 3824 807 3895 ῥᾳθυμίας
834 3827 1134 3898 βαθύτατον
1174 3830 1261 3883 ἀεὶ
1292 3829 1705 3901 περικειμένας,
1739 3848 1877 3884 παν-

304 3914 529 3986 ἀμωμε,
566 3917 719 3982 ὅπως
756 3920 813 3973 ὲν
853 3921 1037 3976 πίστει
1070 3923 1360 3993 μακαρίζω
1394 3939 1476 3976 σε.

315 4069 417 4126 Ἐκ
452 4074 559 4129 τοῦ
588 4078 857 4145 Κανόνος
897 4080 987 4219 ei;
1017 4080 1145 4202 ἷὴν
1181 4081 1427 4216 ιὲἴήμην
1464 4080 1573 4135 τοῦ
1597 4082 1879 4152 σεισμοῦ,

974 4168 1012 4219 μ
1042 4168 1124 4219 pqr
1161 4170 1192 4202 κ
1260 4190 1275 4205 .

974 4168 1124 4219 μερᾳ
1161 4168 1275 4216 κςν.

386 4298 661 4365 Ἰκετικῶς
718 4319 803 4356 σοι
847 4302 1082 4375 βοῶμεν,
1135 4306 1327 4375 Μῆτερ
1365 4303 1525 4365 Θεοῦ,
1560 4303 1628 4357 τά
1673 4304 1874 4377 συνήθη

302 4390 589 4463 σπλάγχνα
638 4410 734 4449 σου
782 4396 876 4449 ἐπὶ
918 4396 1075 4449 πόλιν
1122 4397 1215 4450 καὶ
1253 4397 1382 4450 λαὸν
1420 4397 1726 4466 συμπαθῶς
1765 4397 1875 4450 δει-

300 4481 558 4548 κνύουσα,
587 4484 816 4555 σεισμοῦ
841 4485 1146 4558 βαρυτάτου
1175 4488 1269 4541 καὶ
1295 4484 1500 4559 φθορᾶς
1532 4489 1679 4559 ἡμᾶς
1707 4487 1878 4541 άπάλ-

300 4570 481 4637 λαξον.

382 4666 448 4719 Ἦ
480 4665 618 4736 μόνη
646 4663 779 4723 οὖσα
812 4669 993 4741 ἀγαθὴ
1042 4670 1133 4724 τὸν
1162 4671 1474 4741 πανάγαθον
1504 4674 1678 4743 Λόγον
1718 4678 1857 4731 ὲκτε·

297 4756 406 4821 νὼς
434 4759 740 4813 εκδυσώπει
782 4762 882 4831 τῆς
925 4762 1171 4835 ἀνάγκης
1216 4764 1311 4817 τοῦ
1343 4766 1569 4835 σεισμοῦ
1606 4768 1874 4839 ρυσθῆναι

300 4850 485 4920 ’πάσης
518 4852 690 4923 ὀργῆς
710 4892 726 4918 ,
759 4852 989 4908 Θεοτόκε
1016 4856 1274 4927 ἄχραντε,
1304 4857 1560 4928 δεόμεθα.

371 5038 518 5121 Ναόν
540 5055 622 5103 σε,
648 5040 937 5109 Δέσποινα,
968 5040 1104 5095 Θεοῦ
1132 5041 1490 5111 γινώσκοντες
1516 5044 1573 5097 ὲν
1600 5045 1743 5117 ἁγίῳ
1761 5046 1873 5118 ναῷ

302 5145 396 5181 σου
428 5130 619 5198 χεῖρας
650 5130 874 5201 οἰκτράς
918 5132 1145 5203 αἴρομεν
1178 5136 1258 5197 εἰς
1297 5133 1501 5203 δέησιν·
1536 5136 1611 5189 ῐδε
1640 5137 1740 5206 τὴν
1773 5138 1876 5191 κά-

300 5238 470 5275 κωσιν
501 5223 677 5293 ἡμῶν,
710 5224 806 5277 καὶ
835 5224 1116 5296 παράσχου
1144 5226 1242 5295 τὴν
1278 5225 1553 5298 βοήθειαν.

372 5399 490 5453 Νῦν
520 5400 770 5471 βοηθείας
799 5397 928 5472 ἦλθε
957 5402 1168 5473 καιρὸς,
1190 5403 1284 5457 νῦν
1316 5405 1663 5477 καταλλαγῆς
1692 5408 1870 5479 χρεία,

301 5493 467 5565 ἁγνὴ,
496 5495 631 5565 πρὸς
667 5495 757 5549 τὸν
784 5496 912 5550 Υίόν
952 5513 1045 5549 σου
1093 5497 1187 5549 καὶ
1222 5497 1445 5567 Κύριον,
1484 5499 1633 5563 ὅπως
1673 5502 1875 5555 οἰκτει-

303 5589 445 5658 ρησῃ
478 5588 990 5657 προσκεκρουκότας
1036 5590 1203 5659 ἡμᾶς,
1238 5588 1332 5641 καὶ
1371 5590 1470 5659 τῆς
1518 5590 1873 5663 ἐπικειμένης

299 5679 474 5750 ὀργῆς
503 5678 864 5751 λυτρώσηται.

382 5770 541 5837 ’Δγία
578 5768 880 5841 Θεόνυμφε,
925 5772 1299 5845 ἀπορούμενον
1333 5774 1450 5827 νυνὶ
1489 5774 1582 5830 τὸν
1614 5775 1703 5828 σὸν
1745 5775 1875 5829 λαὸν

300 5862 667 5934 οἰκτείρησον,
722 5861 817 5918 καὶ
872 5866 1169 5935 μητρικαῖς
1222 5864 1543 5936 πρεσϐείαις
1602 5864 1699 5932 τὴν
1747 5866 1871 5916 καθ’

1980 3360 2160 3425 enixa,
2187 3374 2221 3415 ο
2258 3360 2346 3414 Dei
2377 3359 2611 3430 genitrix
2640 3359 2888 3423 Domina,
2928 3370 3229 3431 martyrum
3270 3358 3460 3427 gloria,
3495 3364 3551 3411 ct.

1979 3452 2264 3509 hominum
2290 3451 2443 3511 salus
2465 3452 2975 3525 ammttimsntum.

2051 3629 2214 3685 Lucis
2236 3629 2606 3686 habitaculum
2636 3645 2759 3684 cum
2794 3628 2894 3694 sis,
2915 3642 2947 3681 ο
2974 3636 3150 3691 casta,
3187 3626 3384 3681 animae
3417 3641 3551 3680 mea:

1979 3726 2212 3795 pupillas
2245 3724 2520 3787 illumina,
2545 3723 2757 3778 incuria
2797 3722 3158 3783 obscuratas,
3202 3729 3255 3773 et
3300 3720 3549 3774 tenebras

1979 3817 2436 3889 profundissimas
2463 3817 2826 3889 negligentiae,
2868 3816 3067 3886 quibus
3106 3812 3551 3884 semperinvoln-

1980 3922 2067 3967 tus
2089 3927 2233 3978 sum,
2298 3919 2357 3967 ut
2388 3918 2440 3966 te
2485 3926 2607 3965 cum
2651 3910 2753 3964 ﬁde
2785 3908 3113 3974 beatiﬁcem,
3151 3923 3184 3961 ο
3234 3906 3548 3977 purissima.

1979 4086 2064 4141 Et
2087 4086 2297 4140 Canens
2315 4085 2369 4139 in
2394 4084 2648 4138 memoria
2669 4081 2945 4153 cujusdam
2964 4091 3116 4136 terra:
3140 4090 3330 4148 motus,
3356 4081 3440 4136 die
3458 4079 3551 4137 26.

2050 4307 2379 4379 Suppliciter
2429 4305 2496 4361 ad
2528 4313 2581 4360 te
2612 4319 2937 4371 etamamus,
2976 4303 3071 4359 Dei
3100 4302 3271 4360 Mater
3293 4347 3308 4370 ,
3332 4315 3392 4360 ut
3416 4320 3548 4361 eon-

1978 4409 2147 4458 suette
2177 4398 2569 4459 misericordiae
2602 4408 2708 4452 tuae
2742 4396 2947 4452 viscera
2992 4411 3157 4465 super
3191 4396 3329 4465 lianc
3358 4396 3551 4451 civita-

1982 4504 2086 4549 tem
2124 4491 2490 4563 populumque
2522 4490 2925 4557 demonstrans,
2953 4502 2982 4541 a
3034 4488 3358 4559 gravissimo
3393 4498 3553 4545 terra:

1906 4587 1960 4647 D
1988 4594 2137 4639 motu
2174 4593 2227 4639 et
2254 4582 2471 4637 interitu
2495 4597 2594 4637 nos
2619 4580 2833 4636 liberes.

2055 4671 2136 4725 Tu
2173 4687 2315 4741 quae,
2352 4671 2468 4726 sola
2502 4670 2644 4725 bona
2675 4686 2756 4735 es,
2806 4669 3074 4739 optimum
3107 4668 3341 4726 Verbum
3391 4671 3556 4727 enixe

1981 4761 2298 4833 deprecare,
2348 4770 2407 4816 ut
2446 4775 2477 4815 a
2531 4758 2972 4824 necessitatibus,
3008 4760 3431 4823 terraemotibus,
3464 4768 3552 4814 at-

1980 4874 2086 4928 que
2115 4857 2184 4913 ab
2214 4857 2471 4914 universa
2507 4856 2587 4911 ira
2642 4854 2957 4921 liberemur,
2993 4864 3303 4921 teoramus,
3358 4869 3393 4910 ο
3423 4852 3550 4908 Dei-

1980 4963 2114 5020 para
2154 4947 2438 5003 inviolata.

1994 5024 2028 5043 ”“
2054 5039 2130 5095 Te
2153 5039 2247 5096 Dei
2293 5039 2553 5109 templum
2586 5047 2965 5107 agnoscentes,
2988 5035 3239 5093 Domina.
3268 5034 3319 5087 in
3352 5035 3556 5104 templo

1982 5140 2172 5188 sancto
2231 5142 2323 5185 tuo
2363 5145 2558 5185 manus
2605 5128 2945 5184 miserandas
3000 5127 3314 5182 extollimus
3343 5125 3555 5193 suppli-

1981 5231 2169 5275 cantes
2202 5239 2228 5293 t:
2262 5222 2385 5275 vide
2411 5219 2756 5275 aﬂlictionem
2789 5228 3055 5283 nostram,
3083 5225 3137 5273 et
3170 5217 3349 5287 przebe
3378 5216 3542 5270 nobis

1980 5311 2265 5367 auxilium.
3308 5368 3311 5371 λ

2050 5403 2207 5458 Nunc
2240 5402 2388 5457 venit
2418 5412 2633 5473 tempus
2659 5411 3023 5473 opportunum
3063 5400 3272 5463 auxilii,
3304 5414 3337 5454 o
3365 5408 3550 5465 casta;

1982 5511 2130 5552 nunc
2160 5511 2295 5564 opus
2320 5504 2403 5552 est
2434 5496 2879 5551 reconciliatione
2902 5510 3026 5551 cum
3054 5492 3192 5548 Filio
3223 5503 3316 5547 tuo
3343 5509 3407 5547 ac
3440 5493 3547 5547 Do-

1981 5590 2151 5652 mino,
2188 5597 2246 5643 ut
2285 5590 2477 5652 nostri,
2510 5590 2600 5660 qui
2639 5599 2844 5643 terrore
2866 5588 3097 5658 perculsi
3137 5602 3349 5653 sumus,
3380 5588 3550 5641 mise-

1980 5687 2184 5743 reatut'.
2222 5691 2276 5737 et
2313 5682 2381 5737 ab
2414 5683 2493 5737 ira
2519 5683 2834 5737 imminente
2858 5683 3050 5737 liberet
3075 5696 3201 5736 nos.

2052 5774 2247 5827 Sancta
2288 5790 2489 5844 sponsa
2516 5775 2629 5840 Dei,
2659 5775 2917 5831 miserere
2945 5790 3090 5829 nunc
3132 5773 3315 5844 populi
3358 5773 3434 5829 tui
3490 5771 3548 5826 in

1981 5868 2231 5934 angustia
2263 5868 2462 5937 positi;
2521 5875 2574 5922 et
2627 5868 2887 5923 maternis
2941 5852 3424 5923 intercessionibus
3457 5865 3548 5920 itu»
