3996 6584
467 422 485 483 1
498 422 603 484 223

1595 428 1655 485 S.
1690 426 2005 489 JOSEPHI
2042 428 2601 488 IIYMNOGRAPHI

3577 437 3717 500 1224

458 533 825 604 dignationem
885 531 977 587 Dei
1028 543 1218 589 contra
1275 548 1375 588 nos
1432 533 1577 601 cito,
1646 545 1699 592 te
1748 554 2020 610 rogamus,

2141 538 2292 609 ἡμῶν
2318 538 2455 592 Θεοῦ
2490 537 2864 609 ἀγανάκτησιν
2915 542 3282 613 μεταποίησον
3310 544 3502 616 τάχος,
3536 548 3717 602 δυσω-

458 637 663 681 averte.

527 720 802 782 Annue,o
853 718 1133 784 inviolata,
1176 720 1336 775 saluti
1393 721 1719 777 famulorum
1782 733 2023 791 tuorum,

456 810 551 880 qui
581 812 750 866 exitio
784 811 1071 880 propinqui
1100 821 1227 866 sunt
1251 814 1320 865 ob
1353 816 1486 867 iram
1528 815 1646 879 Dei,
1701 833 2029 887 gravemque

457 912 619 971 atque
646 903 960 957 horribilem
999 902 1234 958 furorem
1268 907 1539 960 minarum
1578 925 1721 963 nunc
1768 910 2028 978 ingruen-

457 996 611 1060 tium,
638 1004 856 1065 propter
876 996 1279 1052 multitudinem
1332 999 1623 1054 multorum
1681 1010 2025 1069 peccatorum

454 1096 785 1139 nostrorum.

524 1176 683 1246 203
716 1179 755 1230 Ο
784 1177 1009 1233 Domina
1048 1179 1423 1248 compassione
1456 1182 1698 1250 praulita,
1734 1198 1853 1251 qua:
1910 1181 2030 1236 Sal-

453 1276 694 1322 vatorem
772 1284 984 1323 summe
1044 1272 1452 1341 cumpaSsivum
1532 1274 1829 1341 peperisti;
1904 1274 2026 1327 vide

453 1359 799 1415 aﬂlietionem
856 1370 909 1416 et
948 1365 1207 1431 gemitqu
1240 1365 1421 1434 populi
1471 1368 1570 1429 tui,
1602 1376 1654 1420 et
1681 1368 1924 1421 accelera
1958 1367 2025 1422 ad

454 1452 923 1519 intercedendum,
964 1465 1021 1509 ut
1050 1456 1373 1510 misereatur
1413 1458 1607 1512 nostri.

524 1542 605 1599 Tu
640 1562 763 1615 quae
797 1549 1200 1616 corruptionem
1233 1549 1284 1602 iu
1325 1560 1479 1618 partu
1524 1566 1631 1604 non
1690 1551 2022 1616 suStiuuisti,

454 1652 582 1690 erue
608 1651 709 1691 nos
737 1652 949 1703 omnes,
979 1655 1010 1692 ο
1032 1639 1214 1709 Virgo,
1240 1645 1305 1694 ab
1334 1642 1480 1694 omni
1502 1644 1871 1712 corruptione,
1902 1659 2024 1712 gra-

454 1725 789 1793 vissimoque
844 1735 1000 1780 teme
1040 1738 1210 1793 motu,
1253 1743 1314 1782 ac
1376 1730 1745 1793 tribulatione,
1802 1732 2023 1801 placans

454 1812 882 1881 indignationem
919 1815 1129 1869 Domini
1174 1820 1435 1873 maternis
1483 1822 2023 1878 recouclliationibus

452 1906 580 1969 tuis,
611 1920 643 1960 ο
666 1901 775 1960 Deo
802 1906 1144 1964 charissima.

2139 630 2350 699 ποῦμέν
2384 647 2467 684 σε.

2206 723 2435 785 Νεῦσον,
2474 723 2731 793 ᾶχραντε,
2766 725 3002 795 σωθῆναι
3037 728 3161 788 τοὺς
3191 729 3412 793 οἰκέτας
3444 749 3536 785 σου
3570 734 3717 787 ἀπο-

2134 814 2391 884 λεσθῆναι
2426 814 2715 883 μέλλοντας
2739 818 2796 869 ὲν
2826 817 2962 887 ὀργῇ
2985 820 3139 885 Θεοῦ,
3178 822 3267 873 καὶ
3296 823 3452 894 θυμῷ
3488 827 3717 895 μεγάλῳ

2136 906 2232 961 καὶ
2261 907 2477 977 φρικτῷ
2504 908 2604 976 τῆς
2632 908 2726 961 νῦν
2764 910 3099 982 ἐπελθούσης
3130 914 3362 985 ἀπειλῆς
3390 917 3478 971 διὰ
3499 919 3558 971 τὸ
3579 920 3717 991 πλῆ-

2135 999 2226 1063 θος
2246 1000 2355 1052 τῶν
2386 999 2601 1053 πολλῶν
2636 1001 2926 1072 ἁμαρτιῶν
2956 1004 3128 1074 ἡμῶν.

2204 1172 2501 1245 Συμπαθὴς
2531 1175 2782 1240 Θεοιὸκε,
2815 1178 2905 1230 τὸν
2958 1176 3353 1251 ἁσυμπάοητον
3393 1181 3425 1254 ή
3472 1189 3712 1241 τεκοῦσα

2136 1270 2385 1339 Σωτῆρα,
2441 1268 2517 1322 ῐδε
2548 1270 2647 1339 τὴν
2675 1268 2917 1323 κάκωσιν
2953 1273 3047 1323 καὶ
3091 1275 3180 1326 τὸν
3242 1277 3541 1346 στεναγμὸν
3572 1272 3710 1332 λαοῦ

2135 1378 2254 1423 σου,
2279 1362 2373 1413 καὶ
2419 1360 2649 1431 τάχυνον
2692 1362 2788 1415 τοῦ
2824 1363 3201 1434 παρακαλέσαι
3252 1369 3396 1437 ἡμᾶς
3427 1370 3712 1443 οἱκτειρη-

2133 1452 2311 1525 ϐῆναι.

2201 1544 2410 1615 Φθορὰν
2432 1542 2510 1617 τῷ
2539 1544 2743 1599 τίκτειν
2772 1546 2845 1618 μὴ
2872 1548 3232 1618 ὑπομείνασα,
3265 1552 3445 1623 πάσης
3474 1551 3710 1625 φθορᾶς,

2132 1634 2393 1709 Παρθένε,
2435 1636 2618 1701 ἐξελοῦ
2647 1642 2795 1709 ἡμᾶς
2834 1636 3101 1705 ἅπαντας,
3134 1645 3228 1696 καὶ
3276 1647 3501 1715 σεισμοῦ
3532 1646 3705 1719 βαρυ-

2131 1731 2292 1782 τάτου
2338 1730 2431 1783 καὶ
2444 1729 2694 1799 Ολίψεως,
2716 1731 2963 1785 παῦουσα
2991 1734 3085 1786 τοῦ
3118 1737 3386 1791 Δεσπᾶτου
3415 1743 3511 1809 τὴν
3536 1742 3711 1807 ἀγανο

2129 1823 2361 1893 ἀκτησιν
2397 1825 2518 1884 ταῖς
2584 1826 2701 1888 σαῖς
2752 1831 3047 1897 μητρικαῖς
3078 1830 3467 1901 καταλλαγαῖς,
3503 1833 3708 1903 Θεοχαο

2050 1916 2095 1974 Β
2124 1916 2341 1987 ρίτωτε.

1423 2028 1508 2081 Ea:
1536 2028 1749 2085 Cauoue
1782 2032 1834 2084 in
1860 2030 1919 2086 S.
1955 2030 2298 2096 Demetrium,
2344 2032 2430 2086 die
2456 2033 2526 2087 26
2562 2031 2720 2104 (92⁸).

517 2132 781 2188 Assiduas
812 2134 877 2189 ad
914 2135 1308 2211 Deumlpreees
1336 2140 1571 2205 eﬂ‘uude,
1611 2160 1644 2197 ο
1706 2145 1913 2209 Puella,
1961 2155 2022 2199 ut

450 2224 770 2279 misereatur
800 2227 927 2293 mei,
964 2232 1054 2298 qui
1089 2232 1339 2300 plurimis
1374 2235 1535 2304 hujus
1571 2238 1695 2291 vitae
1736 2238 2021 2294 fraudibus

447 2316 713 2382 detineor,
746 2326 800 2370 et
822 2323 1027 2387 peccati
1056 2338 1199 2377 caeca
1231 2336 1391 2380 nocte
1422 2330 1697 2383 involutus
1731 2344 1877 2384 sum.

517 2405 744 2462 Domina
776 2408 885 2461 Deo
915 2412 1246 2481 gratissima,
1279 2424 1355 2479 tu,
1380 2434 1500 2486 quae
1527 2418 1706 2473 Solem
1744 2422 2019 2491 peperisﬁ,

450 2501 739 2554 tenebrosa
775 2502 971 2557 anima:
1012 2519 1146 2558 mea:
1182 2506 1367 2561 nubila
1406 2509 1767 2581 undequaque
1818 2513 2021 2584 dissipa

447 2607 511 2646 ac
531 2594 775 2662 dispelle.

518 2683 688 2737 Mater
720 2683 903 2756 Virgo,
937 2703 1058 2755 quae
1090 2686 1259 2744 Deum
1294 2695 1619 2761 eorporasti,
1676 2711 1705 2749 a
1742 2698 2020 2764 corporeis

446 2774 797 2843 passionibus
846 2776 1014 2832 libera
1046 2794 1156 2847 me,
1189 2791 1244 2835 et
1275 2784 1491 2838 medere
1517 2785 1771 2841 omnibus
1817 2787 2021 2841 contri-

447 2866 687 2922 tionibus
715 2868 911 2925 animae
937 2887 1089 2927 meae.

519 2961 777 3029 Speciosa
832 2961 978 3019 facta
1020 2981 1100 3032 es,
1134 2980 1167 3021 ο
1203 2964 1388 3039 Virgo,
1426 2970 1627 3040 quippe
1658 2986 1778 3041 qua:
1806 2974 2023 3043 specioo

447 3048 725 3103 sissimum
759 3051 991 3107 Verbum
1024 3055 1297 3125 genuisti;
1329 3061 1473 3126 quod
1507 3060 1743 3115 assiduis
1771 3065 2023 3132 precibus

446 3155 635 3207 exora,
668 3152 727 3195 ut
753 3144 1030 3213 peccantis
1061 3147 1242 3215 populi
1276 3150 1619 3215 misereatur,
1650 3161 1703 3205 ct
1734 3156 2019 3220 mundum,

447 3232 535 3299 qui
572 3242 756 3302 sperat
786 3236 838 3287 in
877 3245 946 3301 te,
978 3252 1011 3290 ο
1043 3237 1294 3309 Deipara,
1353 3241 1422 3295 ab
1480 3245 1629 3297 oxuui
1688 3246 2019 3301 dtemouiaca

446 3324 638 3380 fraude
663 3327 872 3381 salvum
901 3329 1085 3385 faciat.

516 3417 981 3487 Supplicationem
1033 3423 1360 3480 miserabilis
1407 3429 1606 3483 anima:
1643 3446 1777 3485 mem
1827 3448 1895 3486 uc
1924 3432 2021 3487 de-

444 3508 666 3578 spicias,
696 3510 858 3581 Virgo
894 3512 1119 3582 Deipara
1164 3534 1178 3570 :
1224 3518 1316 3571 sed
1353 3519 1584 3590 benigna
1631 3523 2025 3581 interventione

446 3609 539 3654 tua
568 3614 655 3655 me
680 3603 924 3657 omnium
950 3603 1060 3659 Deo
1089 3607 1445 3664 domesticum
1481 3612 1666 3679 redde,
1705 3625 1757 3668 et
1791 3629 1819 3667 a
1858 3615 2023 3670 futuri

450 3754 533 3808 Fat
561 3754 775 3833 Canens
803 3758 1005 3833 duplici
1036 3762 1103 3833 _iu
1128 3764 1281 3833 festo
1332 3764 1392 3820 S.
1436 3766 1734 3824 Auuslasia:
1772 3771 2024 3828 Romana:

627 3827 909 3901 Martyris,
952 3842 999 3885 et
1025 3831 1082 3887 S.
1110 3827 1174 3889 Ρ.
1209 3833 1284 3889 Ν.
1320 3838 1652 3905 Abraltautii,
1680 3842 1763 3894 die
1783 3844 1872 3898 29.

515 4002 593 4059 Te
631 4008 832 4063 scalam
860 4010 1029 4076 illam,
1056 4028 1176 4083 quae
1225 4015 1291 4068 ad
1341 4016 1540 4071 coelum
1570 4019 1931 4090 pertingehat,
1964 4035 2020 4075 et

445 4098 499 4151 in
534 4115 635 4167 qua
671 4097 1187 4172 Deusinnitebatur,
1211 4106 1461 4163 homines
1487 4111 1715 4165 reddens
1746 4113 2019 4179 cwlestes,

445 4207 478 4244 υ
502 4190 711 4255 Puella,
747 4208 1093 4250 veneramur.

518 4281 607 4337 Dei
636 4284 816 4340 Patris
846 4278 1085 4342 Verbum
1110 4302 1176 4344 ex
1207 4292 1382 4348 sacris
1429 4296 1794 4364 sanguiuibus
1838 4300 2019 4356 carnis

445 4383 551 4427 tute
606 4390 773 4445 supra
832 4387 1040 4433 natura:
1112 4382 1375 4437 rationem
1433 4385 1773 4443 iucarnatum
1820 4400 1925 4455 est,
1986 4408 2019 4446 ο

446 4461 610 4536 Virgo
641 4466 807 4524 Maria
843 4472 1025 4540 :quod
1067 4476 1381 4542 deprecare,
1415 4485 1474 4531 ut
1502 4482 1686 4536 carnis
1722 4498 1856 4537 mea:
1892 4500 2021 4539 sen-

441 4571 537 4611 sus
561 4560 855 4615 interimat.

514 4647 867 4706 Peecatorum
894 4669 1145 4711 meorum
1181 4657 1383 4729 sylram
1421 4661 1868 4720 intercessionum
1899 4674 2019 4721 tua.

2123 2146 2307 2202 steculi
2342 2146 2676 2201 cruciatibus
2715 2146 2848 2202 mihi
2904 2150 3111 2218 paratis
3143 2150 3310 2206 libera
3359 2169 3469 2218 me,
3506 2167 3542 2208 ο
3598 2153 3709 2209 illi‘

2121 2240 2422 2295 batissima.

2195 2331 2465 2387 Habentes
2496 2340 2566 2399 te,
2597 2348 2630 2388 ο
2656 2332 2820 2402 Virgo
2845 2334 3126 2400 invioiata,
3157 2337 3469 2406 praesidium
3488 2354 3551 2393 ac
3581 2356 3705 2393 mu-

2125 2442 2267 2488 rum,
2298 2435 2352 2480 et
2388 2436 2605 2495 portum
2630 2465 2644 2491 ,
2675 2443 2704 2480 a
2746 2428 2924 2482 noxiis
2978 2431 3371 2486 tentationihus
3428 2434 3704 2502 variisque

2124 2516 2602 2581 tribulationibus,
2647 2519 2904 2588 precibus
2961 2508 3074 2576 tuis
3120 2522 3439 2592 eripiantur,
3473 2524 3605 2578 dum
3655 2537 3706 2579 te

2125 2623 2221 2678 pro
2252 2609 2449 2662 merito
2477 2608 2781 2665 laudamus.

2194 2701 2301 2755 Pro
2327 2702 2393 2756 iis
2414 2702 2507 2771 qui
2543 2712 2593 2757 te
2619 2702 2896 2773 Virginem
2938 2705 3162 2761 Matrem
3198 2716 3523 2776 agnoscunt.
3554 2706 3707 2778 lega-

2124 2794 2271 2847 tione
2294 2793 2457 2865 204
2488 2794 2731 2865 fungere,
2756 2812 2789 2850 ο
2817 2798 3119 2864 benedicta,
3170 2808 3225 2853 ut
3252 2815 3280 2851 a
3309 2800 3705 2855 tentationibus

2124 2884 2521 2953 ingruentibus,
2545 2902 2574 2940 a
2597 2889 2867 2956 serpentis
2891 2888 3111 2957 jaculis,
3139 2898 3303 2959 atque
3342 2905 3374 2945 a
3414 2892 3703 2959 sempitern

2124 2979 2212 3032 nis
2242 2979 2545 3048 suppliciis,
2574 2995 2605 3034 ο
2643 2979 2826 3048 Virgo,
2866 2982 3184 3037 liberentur.

2197 3071 2471 3125 Bonorqu
2497 3073 2673 3128 amica
2708 3072 2895 3144 Virgo,
2919 3089 3039 3144 qua:
3069 3073 3239 3129 Deum
3273 3073 3508 3129 Verbum
3534 3071 3706 3127 unde-

2123 3177 2339 3233 quaque
2376 3166 2578 3217 bonum
2609 3166 2902 3235 peperisti,
2950 3168 3188 3220 animam
3234 3180 3408 3220 meam
3453 3176 3709 3237 peccato.

2125 3270 2245 3309 rum
2283 3256 2610 3324 gravissimo
2661 3259 2899 3327 pondere
2952 3260 3091 3314 male
3131 3260 3404 3324 affectam,
3452 3259 3705 3327 precibus

2127 3348 2234 3403 tuis
2272 3350 2471 3403 bonam
2505 3353 2671 3414 elliee,
2700 3360 2750 3404 ut
2780 3367 2843 3406 ea
2872 3352 3095 3421 exsequi
3135 3352 3305 3421 possit
3347 3367 3469 3421 quae
3498 3350 3703 3406 condno

2130 3449 2262 3494 cunt
2290 3441 2355 3493 ad
2384 3442 2546 3495 vitam
2574 3484 2588 3508 ,
2614 3453 2666 3496 et
2694 3458 2754 3496 ea
2780 3443 2965 3513 fugere
2987 3459 3109 3512 qua:
3131 3444 3196 3497 ad
3230 3444 3453 3498 malitia:
3470 3452 3701 3498 mortem

2129 3533 2379 3588 deferunt
2405 3548 2419 3599 ;
2455 3545 2509 3589 et
2532 3552 2630 3605 ego
2656 3544 2707 3590 te
2736 3552 2858 3591 cum
2886 3535 2990 3592 ﬁde
3027 3537 3238 3591 beatam
3270 3538 3472 3593 dicam.

2138 3779 2239 3853 Ἐκ
2285 3780 2390 3834 τοῦ
2417 3781 2682 3847 Κανόνο(
2727 3781 2813 3846 εις
2845 3782 2959 3850 τὴν
2987 3784 3165 3853 ἁγίαν
3208 3781 3698 3852 μεγαλοιιὰρτυρα

2208 3852 2604 3904 Ἂναστιισίαν
2628 3853 2738 3917 τὴν
2774 3853 3088 3921 Ῥωμαίίιν,
3115 3853 3215 3907 καὶ
3240 3856 3343 3907 uir
3378 3854 3553 3908 ὅσιον
3579 3857 3692 3907 Παο

2198 3921 2337 3989 τέρα
2366 3924 2535 3991 ἡμῶν
2586 3920 2921 3992 'Acpa'ytor‘,
2963 3923 3151 3993 ἡμέρᾳ
3174 3920 3274 3978 κθ’.

2192 4035 2259 4087 Σὲ
2290 4035 2387 4105 τὴν
2416 4036 2764 4107 οὐρανομήκη
2794 4036 3054 4108 κλίμακα,
3084 4040 3141 4091 ἐν
3281 4037 3411 4101 Θεὸς
3468 4037 3689 4107 ὲπεστή·

2125 4142 2279 4196 ρικτο
2324 4128 2450 4191 τοὺς
2486 4127 2711 4199 βροτοὺς
2761 4128 3044 4201 οὐρανίους
3095 4128 3481 4200 ἐργαζόμενος,
3520 4129 3685 4198 Κόρη.

2119 4216 2469 4285 γεραίρομεν.

2192 4307 2398 4376 Σαρκὸς
2432 4308 2488 4374 ἐξ
2511 4302 2757 4378 αἱμάτων
2789 4327 2880 4362 σου
2926 4310 3087 4381 ἱερῶν
3116 4312 3251 4366 Θεοῦ
3277 4313 3492 4382 Πατρδς
3522 4306 3682 4379 Λόγος

2121 4396 2411 4468 ἐσαρκὼοη
2459 4399 2773 4470 ὑπερφυῶς,
2820 4401 3062 4471 Παροὲνε
3106 4402 3312 4474 Μαρία,
3347 4400 3406 4455 ὃν
3459 4401 3685 4457 Gustum:

2119 4489 2190 4542 τὰ
2217 4488 2314 4560 τῆς
2356 4489 2555 4561 σαρκός
2580 4508 2684 4561 μου
2723 4494 2996 4563 νεκρῶσαι
3026 4496 3373 4566 φρονήματα.

2196 4668 2367 4740 Ὕλην
2394 4669 2666 4742 ἁμαρτίας
2694 4688 2797 4742 μου
2817 4674 2922 4726 σῶν
2958 4675 3261 4744 πρεσϐειῶν
3289 4675 3424 4747 πυρὶ
3452 4675 3685 4748 σύμφλε-

440 4756 561 4794 rum
591 4741 715 4810 igne
737 4745 1022 4812 combure,
1053 4765 1086 4801 υ
1117 4746 1211 4803 Del
1241 4749 1429 4817 Mater,
1455 4752 1705 4809 divinum
1746 4758 1877 4811 mihi
1925 4775 2015 4814 re-

2141 4759 2233 4825 Ξον,
2264 4762 2455 4833 Μῆτερ
2487 4741 2644 4829 Θεοῦ,
2670 4741 2858 4834 δρόσον
2889 4782 2981 4835 μοι
3006 4741 3104 4837 σὴν
3150 4768 3301 4823 θείαν
3329 4741 3426 4840 τῆς
3450 4741 3685 4839 ἀφέσεως

443 4832 721 4890 missionis
753 4850 929 4892 rorem
965 4839 1255 4895 aﬂereudo.

511 4922 566 4979 lu
601 4935 672 4990 te,
711 4943 744 4981 ο
776 4930 1147 4997 sanctissima,
1201 4934 1443 4989 universi
1495 4947 1689 4992 auctor
1709 4940 1778 4992 ob
1823 4955 2015 4995 exces-

438 5031 561 5070 sum
596 5018 990 5076 misericordia
1020 5038 1134 5077 suae
1168 5024 1473 5079 voluntarie
1507 5014 1796 5093 habitavit,
1837 5031 2017 5083 homi-

438 5122 681 5178 numque
712 5111 1076 5168 substantiam
1113 5117 1499 5184 sanctilicavit,
1562 5134 1683 5189 quae
1743 5122 1895 5188 prius
1944 5122 2015 5173 ob

439 5203 928 5269 transgressionem
961 5206 1178 5261 ruinam
1207 5208 1471 5262 subierat.

507 5292 637 5348 Post
661 5304 895 5362 partum,
924 5296 1112 5370 Virgo,
1143 5301 1795 5371 inviolala'permausisti,
1818 5322 2010 5376 quem-

435 5382 731 5439 admodum
801 5387 985 5443 fueras
1054 5400 1180 5446 ante
1250 5401 1503 5461 partum;
1564 5409 1766 5449 novum
1815 5399 2016 5468 quippe

440 5476 701 5531 infantem
746 5482 1004 5548 genuisti,
1051 5483 1144 5553 qni
1195 5494 1325 5539 aute
1363 5484 1558 5539 smeula
1600 5485 1769 5542 fuisse
1818 5503 2017 5560 cogno-

436 5568 625 5625 scitur.

506 5658 590 5714 Me
614 5665 864 5719 socordia
897 5680 1244 5742 oppressum,
1272 5682 1327 5727 et
1347 5674 1400 5729 in
1428 5689 1651 5746 peccato
1678 5682 2011 5752 demersum,

512 5836 648 5909 (92‘)
674 5839 1023 5900 Desideratur
1050 5846 1105 5902 in
1145 5848 1363 5907 Menwis
1395 5853 1699 5922 impressis.

2121 4855 2379 4923 φέρουσα.

2208 4947 2331 4999 Ἐπὶ
2362 4948 2466 5013 σοὶ,
2506 4948 2768 5016 παναγία,
2802 4951 2829 5002 ὀ
2859 4948 2952 5002 τοῦ
2992 4952 3189 5017 παντὸς
3214 4954 3388 5014 αἴτιος
3415 4954 3485 5007 δι’
3527 4956 3681 5025 ὑπερ-

2078 5040 2083 5047 ’
2120 5036 2284 5106 ϐολήν
2314 5040 2715 5112 εὐσπλαγχνίας
2741 5042 2909 5097 Θέλων
2934 5046 3229 5115 ἐσκήνωσε,
3266 5047 3362 5099 καὶ
3393 5043 3681 5119 καθηγίασε

2115 5126 2216 5197 τὴν
2271 5128 2381 5181 τῶν
2418 5131 2721 5202 ἀνθρώπων
2780 5136 2990 5203 οὐσίαν,
3053 5133 3365 5207 παραεὰσει
3429 5140 3681 5211 πρότερον

2114 5220 2562 5293 ἐξολισθήσασαν.

2193 5312 2350 5365 Μετὰ
2380 5316 2536 5367 τόκον
2584 5317 2857 5388 διέμεινας
2896 5321 3152 5391 ἄφθορος,
3186 5323 3452 5393 Παρθένε,
3478 5325 3551 5385 ὡς
3586 5323 3679 5391 πρὸ

2120 5406 2469 5475 γεννήσεως⁶
2534 5409 2653 5463 νέον
2705 5411 2903 5482 βρέφος
2957 5412 3066 5485 γὰρ
3131 5417 3370 5487 Extirpa;
3424 5417 3515 5469 τὸν
3584 5415 3677 5482 πρὸ

2121 5493 2333 5549 αἰώνων
2361 5499 2590 5569 γνωριζό
2598 5517 2778 5570 μενον.

2203 5683 2472 5758 Ῥαθυμιᾳ
2511 5690 2879 5761 κρατούμενον
2910 5694 3004 5747 καὶ
3058 5697 3129 5767 τῇ
3162 5688 3406 5766 ἀμαρτοῖᾳ
3436 5711 3502 5765 με
3535 5691 3674 5766 βυθι-
