3996 6616
305 375 438 439 1325

1717 365 2085 428 MARIALE.

3431 368 3567 432 1226

300 494 528 564 ξάμενον
590 498 658 569 τῇ
721 492 988 567 πρεσϐείᾳ
1022 509 1116 547 σου
1178 506 1245 562 με
1282 487 1576 560 λύτρωσαι,
1624 483 1878 551 Θεοτόκε,

2015 481 2381 538 ntercessione
2428 489 2522 536 tua
2573 482 2800 550 redime,
2839 498 2871 537 ο
2901 482 3154 556 Deipara,
3191 483 3360 543 Mater
3399 487 3566 561 Virgo

298 587 494 658 Μι’,τερ
519 587 875 660 ἀειπάρθενε.

383 681 583 750 ’Υμνοῦ
594 682 694 753 μέν
730 699 812 744 σε,
839 679 979 733 πανύ
992 693 1163 749 μνητε
1189 675 1457 729 Δέσποινα
1475 671 1734 738 Θεοτόκε,
1753 669 1888 723 Θεδν

301 771 686 843 ὑπερύμνητον
719 771 888 843 σαρκὶ
919 769 1178 841 ἁσπόρως
1206 769 1510 838 κυήσασαν.

374 945 807 1018 Μητροπᾶρθενε
837 946 997 1018 κάρη,
1031 944 1160 1014 θείῳ
1192 942 1554 1013 φωτιζόμενοι
1584 937 1886 1008 Πνεύματι,

304 1038 571 1106 πάναγνε,
607 1040 742 1110 ἱεροί
770 1040 1052 1110 προφῆται
1077 1039 1250 1109 ἱεραῖς
1270 1038 1328 1090 ἐν
1361 1036 1566 1105 φωναῖς
1598 1051 1659 1086 σε
1693 1032 1892 1102 προήγ-

301 1132 512 1200 γειλαν,
545 1132 604 1196 ἐξ
637 1127 703 1204 ἦς
738 1133 871 1196 Θεὸς
904 1133 1076 1201 Λόγος
1108 1131 1250 1202 ὑπὲρ
1283 1129 1466 1184 αἰτίαν
1500 1145 1560 1181 τε
1592 1127 1686 1181 καὶ
1726 1126 1888 1195 λόγον

305 1223 599 1296 ἑσαρκώθη
628 1223 697 1277 δι’
732 1220 916 1280 οἶκτον
947 1227 1286 1297 ἀμέτρητον.

374 1402 758 1476 Φιλὰνθρωπον
793 1406 1044 1492 κυήσασα
1085 1405 1238 1471 (debv,
1274 1403 1543 1474 φιλάγαθε
1592 1401 1888 1464 Δέσποινα,

301 1496 468 1552 αὐτὸν
493 1495 818 1552 καθικέτευε
858 1497 959 1568 τῆς
990 1497 1216 1571 γεέννης
1249 1495 1343 1550 τοῦ
1387 1495 1560 1568 πυρὸς
1609 1493 1892 1566 λυτρωθῆκ

307 1589 390 1644 ,σαί
422 1607 513 1644 με.

379 1607 728 1756 Βξέούμενον
775 1685 1074 1756 νυσταγμῷ
1108 1683 1388 1756 ῥᾳθυμίας
1424 1682 1784 1750 διανὰστησον
1822 1684 1892 1753 τῇ

1989 585 2275 645 perpetua.

2061 665 2376 722 Laudamus
2404 675 2479 732 te,
2519 682 2552 723 0
2586 667 2734 722 omni
2772 667 2933 723 laude
2973 668 3296 740 dignissima
3336 671 3568 729 Domina

1991 759 2217 830 Deipara
2239 760 2558 832 205,quae
2581 761 2749 817 Deum
2778 762 3117 832 superiorem
3152 766 3299 819 omni
3329 767 3486 823 laude
3513 767 3568 824 in

1989 869 2156 908 carne
2180 855 2299 908 sine
2333 855 2543 910 semine
2577 855 2836 926 genuisti.

2060 943 2231 998 Mater
2255 941 2422 1014 Virgo
2463 945 2640 1013 puella
2685 943 3024 1012 castissima,
3075 947 3358 1017 proplietze
3398 948 3566 1015 sacri,

1991 1037 2160 1092 divini
2199 1037 2440 1108 Spiritus
2490 1038 2702 1094 lumine
2732 1038 3014 1107 illustrati,
3051 1042 3223 1096 sacris
3261 1040 3486 1096 vocibus
3519 1049 3573 1096 te

1991 1130 2520 1200 praenuntiavcruut,
2547 1146 2613 1185 ex
2636 1147 2742 1202 qua
2773 1131 2916 1187 Deus
2957 1131 3214 1199 Verbum,
3251 1147 3415 1202 supra
3437 1148 3573 1188 cau-

1993 1234 2108 1276 sam
2145 1236 2206 1275 ac
2234 1222 2461 1277 verbum
2503 1223 2822 1279 incarnatus
2864 1232 2950 1279 est
2986 1233 3208 1296 propter
3245 1225 3569 1279 immensam

1997 1311 2431 1368 misericordiam
2470 1329 2648 1369 suam.

2061 1401 2110 1459 Ο
2143 1403 2371 1462 Domina
2395 1405 2667 1460 bonorum
2697 1406 2958 1471 amatrix,
2990 1423 3114 1478 qum
3148 1419 3448 1464 amatorem
3482 1408 3578 1462 bo-

1994 1495 2204 1552 minum
2248 1496 2417 1554 Deum
2457 1498 2740 1570 peperisti,
2776 1499 3028 1555 eumdem
3063 1501 3376 1570 deprecare,
3415 1511 3471 1558 ut
3503 1502 3574 1557 li-

1993 1587 2147 1644 beret
2165 1604 2252 1644 me
2284 1604 2312 1645 a
2339 1590 2586 1663 gehenna
2611 1591 2772 1664 ignis.

2065 1679 2150 1736 Me
2175 1681 2560 1738 dormitatione
2585 1685 2930 1754 negligentia:
2952 1693 3262 1757 gravatum,
3291 1690 3574 1744 exsuscita

300 1777 368 1846 σῇ
407 1776 680 1848 μσιτείᾳ,
716 1775 912 1848 Μῆτερ
943 1774 1103 1840 Θεοῦ,
1157 1774 1252 1828 καὶ
1312 1772 1389 1847 μὴ
1441 1770 1584 1844 δῴης
1641 1773 1884 1826 ύπνῶσαι

2015 1771 2324 1827 nediatioue
2353 1781 2468 1839 tua,
2497 1771 2668 1829 Mater
2690 1773 2807 1839 Dei,
2843 1790 3021 1845 neque
3049 1777 3199 1834 sinas
3224 1793 3310 1832 me
3349 1779 3404 1832 in
3431 1794 3576 1832 mor-

299 1844 418 1934 της-
446 1844 744 1936 ἁμαρτίας,
800 1844 1070 1938 VIIa—90b5,
1121 1865 1202 1928 εἰς
1257 1844 1528 1919 θάνατον’
1573 1863 1884 1934 προστάτην

2015 1876 2098 1916 em
2164 1865 2372 1932 peccati
2441 1865 2758 1924 obdormire

299 1959 408 2029 γὰρ
443 1959 538 2012 καὶ
565 1960 757 2030 ὁδηγὸν
789 1961 883 2030 τῆς
914 1959 1055 2030 ὲμῆς
1086 1976 1145 2012 σε
1169 1959 1314 2032 ζωῆς
1341 1960 1742 2030 ὲπιγρὰιρομαι.

374 2049 538 2103 Ὂλον
568 2051 662 2105 τὸν
701 2050 988 2121 ἄνθρωπον
1015 2051 1258 2124 φορέσας
1287 2051 1315 2103 ὁ
1354 2050 1618 2120 ύπέρθεος
1637 2050 1760 2120 δίχα
1788 2051 1886 2121 τῆς

298 2141 576 2211 ἁμαρτίας
601 2142 664 2197 ἐκ
699 2143 933 2214 γαστρός
968 2159 1085 2208 σου,
1114 2143 1279 2213 ἁγνὴ,
1316 2142 1556 2214 προῆλθε
1608 2143 1880 2214 σαρκοφὸ-

302 2249 416 2303 ρος,
451 2232 509 2286 ὃν
572 2232 881 2288 ἐκδυσώπει
928 2233 1113 2288 πίστει
1162 2250 1224 2287 σε
1274 2233 1400 2297 τοὺς
1463 2232 1741 2304 τιμῶντας
1772 2233 1888 2290 δια-

303 2325 500 2380 σῶσαι.

372 2417 527 2482 Μόνη
552 2414 641 2469 τὸν
667 2415 764 2470 ἕνα
787 2417 884 2488 τῆς
915 2417 1145 2490 Τριάδος
1177 2417 1558 2488 ἀπεγέννησας
1589 2419 1646 2471 ἐν
1680 2418 1887 2481 διτταῖς

298 2507 512 2571 οὐσίαις
543 2508 838 2561 ὑποστάσει
897 2510 997 2580 μιᾷ
1044 2509 1346 2580 ὁρώμενον,
1386 2510 1653 2581 ῐΙαροένε,
1686 2503 1729 2578 ᾧ
1755 2511 1888 2579 μελι-

297 2598 566 2672 ῳδοῦμεν,
604 2597 870 2668 πάναγνε,
893 2601 1171 2671 ἀσιγήτως
1194 2602 1274 2664 εἰς
1307 2600 1530 2665 αἰῶνας.

372 2783 440 2836 Σὲ
464 2783 560 2856 τὴν
582 2781 750 2854 ἁγνὴν
777 2781 870 2835 καὶ
897 2781 1126 2854 ἄμωμον
1156 2783 1190 2854 ἡ
1223 2782 1490 2857 παρθένος
1515 2782 1882 2855 (Ἀναστασία)

299 2876 610 2948 ποθήσασα,
641 2878 870 2948 ἄμωμον
897 2877 992 2930 καὶ
1031 2875 1192 2947 σῶμα
1224 2877 1319 2930 καὶ
1368 2875 1550 2946 ψυχὴν
1592 2876 1882 2947 ἐτήρησεν,

302 2967 492 3022 παθῶν
531 2969 940 3040 ὑπεκκαύματα
976 2967 1226 3039 ὑπομονῇ
1279 2966 1636 3038 τεφρώσασα,
1688 2968 1884 3038 πεῖράν

297 3076 362 3113 τε
395 3059 605 3114 πολλῶν
635 3060 1016 3130 ύπενεγκοῦσα
1063 3058 1334 3132 βασάνων,
1386 3059 1481 3114 καὶ
1516 3059 1612 3112 νῦν
1650 3059 1888 3130 ἐπουρα-

2818 1885 2834 1924 :
2896 1876 2949 1924 te
2984 1868 3130 1924 enim
3182 1880 3468 1940 patronam
3510 1886 3578 1928 ac

1991 1953 2184 2008 ducem
2215 1955 2335 2011 vitae
2371 1972 2502 2012 mea:
2542 1958 2677 2012 mihi
2712 1958 2962 2026 vendico,
2998 1974 3030 2015 ο
3060 1957 3247 2032 Virgo.
3459 1961 3462 1964 ’

2064 2043 2466 2114 Superdivinus
2513 2047 2604 2104 ille
2635 2048 2730 2119 qui
2765 2057 2940 2105 totum
2981 2051 3260 2107 hominem
3311 2061 3570 2124 tanquam

1989 2148 2192 2193 vestem
2227 2140 2482 2210 portavit,
2506 2140 2645 2200 citra
2698 2151 3007 2212 peccatum,
3047 2158 3114 2198 ex
3162 2154 3318 2200 utero
3355 2158 3448 2202 tuo
3489 2148 3576 2202 in-

1989 2241 2250 2288 carnatus
2286 2233 2547 2302 prodivit,
2606 2248 2639 2289 o
2691 2248 2878 2304 casta;
2929 2252 3092 2307 quem
3151 2237 3445 2309 deprecare
3476 2256 3574 2312 pro

1990 2323 2166 2378 salute
2196 2340 2409 2390 eorum.
2445 2328 2538 2395 qui
2567 2336 2617 2382 te
2648 2328 2882 2383 ﬁdeliter
2905 2329 3214 2388 .bonorant.

2064 2414 2192 2471 Sola
2239 2434 2408 2474 unum
2455 2407 2744 2476 Trinitatis
2797 2423 3060 2493 peperisti
3101 2423 3154 2477 in
3195 2421 3410 2480 duabus
3446 2427 3576 2482 sub-

1996 2510 2239 2571 stantiis,
2291 2528 2510 2582 unaque
2561 2514 2844 2585 liypostasi
2913 2516 3295 2586 conspicuum,
3327 2534 3362 2574 o
3413 2511 3577 2590 Virgo

1991 2601 2299 2657 castissima
2325 2621 2338 2657 :
2363 2605 2451 2659 cui
2490 2606 2732 2662 suaviter
2764 2607 3114 2662 concinimus
3143 2609 3265 2663 sine
3294 2609 3576 2668 intermis-

1988 2695 2165 2760 sione,
2199 2697 2251 2751 in
2279 2700 2499 2754 saecula.

2063 2787 2139 2842 Te
2187 2799 2396 2846 castam
2455 2800 2510 2846 et
2559 2792 2994 2858 immaculatam,
3028 2795 3188 2866 virgo
3239 2796 3572 2870 (Anastasia)

1989 2897 2175 2937 amore
2206 2899 2566 2954 prosequens,
2602 2901 2802 2955 corpus
2831 2897 2884 2942 et
2924 2888 3164 2942 animam
3217 2890 3337 2947 sine
3363 2895 3575 2949 macula

1988 2975 2725 3044 conservavit;passionum
2769 2976 3021 3032 incendia
3072 2979 3335 3050 patientia
3389 2983 3578 3055 despi-

1987 3063 2160 3128 ciens,
2218 3065 2635 3135 mni-torumque
2686 3076 3091 3123 tormentorum
3139 3074 3574 3141 experimentum

298 3153 434 3219 νίοις
475 3157 532 3208 ὲν
568 3155 836 3226 θαλάμοις
866 3153 1105 3227 χορεύει,
1139 3155 1238 3209 σὺν
1264 3153 1348 3208 σοὶ
1371 3153 1776 3223 εὐφραινομένη
1805 3154 1884 3218 εἰς

2015 3153 2269 3212 rerferens
2301 3165 2395 3210 :et
2416 3173 2560 3212 nunc
2586 3158 2641 3212 in
2677 3159 2999 3214 caelestibus
3023 3161 3284 3219 thalamis
3316 3166 3578 3237 tripudiat

300 3246 514 3311 πάντας
538 3249 663 3312 τοὺς
694 3247 919 3312 αἰῶνας.

385 3340 629 3412 Ῥείθρου
661 3341 864 3407 ζῶντος
888 3341 1079 3413 ὤφθης
1120 3341 1384 3408 πανάγιον
1417 3339 1703 3412 σκήνωμα,
1733 3339 1792 3405 ἐξ
1827 3330 1886 3394 οὗ

299 3431 520 3496 πιόντες
548 3433 599 3484 οἰ
629 3432 1028 3494 θανατωθέντες
1057 3431 1155 3503 τὴν
1188 3431 1334 3499 ζωὴν
1354 3430 1730 3502 κληρούμεθα,
1751 3433 1888 3486 ἀνα-

295 3521 537 3586 εοῶντες
559 3539 574 3554 ο
604 3523 916 3593 Εὑλογείτε,
949 3523 1128 3576 πάντα
1155 3522 1224 3578 τὰ
1248 3522 1406 3594 ἔργα,
1444 3523 1537 3577 τὸν
1569 3525 1794 3594 Κύριον.

373 3700 691 3772 Φορέσαντά
748 3717 808 3754 σε
865 3702 1045 3774 σάρκα
1093 3704 1158 3755 ὲκ
1197 3702 1455 3770 γυναικὸς
1509 3703 1585 3769 ὡς
1613 3703 1889 3776 ἐπέγνωή

299 3796 522 3870 μάρτυς
590 3814 708 3862 σου,
766 3797 963 3868 Κύριε,
1027 3798 1389 3869 παρθενικαῖς
1441 3801 1888 3872 κατηγλαῖσμένη

299 3891 719 3960 μαρμαρυγαῖς,
747 3889 843 3942 καὶ
873 3889 1175 3960 μαρτυρίου
1199 3889 1394 3959 αἵματι
1431 3893 1884 3963 περιηνθισμένη,

300 3982 388 4036 σοὶ
404 3981 482 4052 τῷ
500 3981 721 4053 Χριστῷ
745 3981 922 4036 ὀπίσω
949 3982 1049 4054 τῆς
1066 3983 1321 4054 Μητέρος
1347 3999 1444 4037 σου
1467 3984 1697 4052 ἐνδόξως
1722 4005 1890 4059 προς-

300 4074 530 4145 ηνέχθη,
563 4073 637 4137 ὡς
665 4073 1008 4145 βασιλεύοντι
1036 4074 1136 4145 τῆς
1163 4075 1412 4138 κτίσεως.

371 4260 642 4329 ana-mea
668 4261 934 4332 Παρθένε,
967 4262 1068 4333 τὴν
1099 4261 1501 4332 κεκακωμένην
1537 4263 1604 4330 τῇ
1646 4261 1890 4333 ἁμαρτίᾳ

297 4352 484 4423 ψυχήν
509 4370 613 4424 μου
662 4353 936 4423 ἀγὰθυνον
989 4355 1084 4411 καὶ
1112 4353 1332 4421 ἀγαθῶν
1385 4353 1618 4408 αἰωνίων
1662 4354 1890 4424 μέτοχον

300 4447 550 4516 ποίησον.
717 4467 720 4470 ‘

1991 3253 2170 3301 tecum
2210 3248 2456 3318 gaudens
2487 3248 2542 3303 in
2573 3249 2760 3304 omnia
2783 3250 3004 3304 saecula.

2060 3337 2276 3393 Fluenti
2301 3339 2534 3394 viventis
2559 3340 2968 3396 sanctissimum
2996 3340 3406 3397 tabernaculum
3434 3345 3575 3401 facta

1988 3443 2076 3495 es;
2136 3445 2203 3485 ex
2272 3445 2384 3501 quo
2443 3431 2692 3487 bibentes
2750 3447 2850 3486 nos
2904 3430 2999 3501 qui
3054 3432 3254 3485 mortui
3312 3448 3572 3498 eramus.

1989 3520 2156 3576 vitam
2181 3521 2590 3586 lmreditamus.
2617 3522 2965 3578 clamantes:
3007 3521 3344 3589 Benedicite,
3388 3527 3576 3581 omnia

1989 3627 2178 3684 opera.
2216 3614 2532 3673 Dominum.

2065 3707 2265 3762 Statim
2299 3719 2462 3779 atquc
2493 3719 2702 3781 martyr
2737 3719 2828 3764 tua
2866 3710 3202 3782 (Anastasia)
3225 3713 3477 3783 cognovit
3505 3721 3576 3773 tc.

1991 3800 2241 3866 Domine,
2289 3817 2513 3856 carnem
2555 3817 2619 3858 cx
2677 3804 2907 3859 umliere
2969 3815 3249 3875 acceptam
3308 3815 3575 3876 gustasse,

1992 3894 2351 3964 virginalibus
2384 3895 2552 3948 radiis
2590 3895 2883 3962 illustrata,
2916 3906 2970 3951 et
3001 3899 3254 3969 martyris
3306 3900 3579 3967 sanguine

1993 3998 2252 4056 tanquam
2300 3986 2526 4042 ﬂoribus
2573 3997 2858 4053 exornata,
2914 3989 3009 4044 tibi
3078 3989 3296 4045 Christo
3317 4001 3575 4060 tanquam

1990 4093 2377 4136 creaturarum
2428 4081 2562 4152 regi,
2595 4090 2720 4151 post
2749 4081 2973 4137 Matrem
3001 4091 3149 4137 tuam
3202 4083 3436 4152 gloriose
3478 4085 3580 4138 ad-

1989 4179 2151 4233 ducta
2187 4187 2291 4231 est.

2063 4268 2110 4325 0
2143 4269 2309 4341 Virgo
2343 4269 2612 4324 bonorum
2646 4269 2880 4323 amatrix
2901 4307 2918 4334 ,
2966 4269 3206 4323 animam
3245 4284 3420 4324 meam
3453 4285 3579 4339 per-

1994 4373 2246 4418 catorum
2287 4361 2453 4432 2w
2471 4360 2633 4416 malis
2655 4360 2925 4425 vitiatam,
2953 4359 3150 4414 bonam
3182 4360 3369 4425 redde,
3397 4377 3462 4414 ac
3485 4367 3577 4415 bo-

1999 4472 2195 4511 norum
2227 4466 2562 4511 aeternorum
2587 4454 2906 4525 participem
2937 4452 3110 4509 cnice.

313 4562 418 4643 .Εὲ
444 4560 551 4615 τοῦ
579 4561 956 4643 Καζόνοςῃείς
976 4560 1117 4643 tofm
1144 4561 1682 4643 αἰῶνι-μάρτυρας
1709 4563 1884 4643 Zur-9'.

2015 4562 2082 4618 Ea:
2114 4563 2327 4623 Canale
2353 4566 2410 4620 in
2435 4565 2570 4643 festo
2613 4562 2715 4620 SS.
2742 4563 3048 4643 Zenobiiet
3095 4563 3342 4618 Zenobic
3378 4568 3576 4620 sororis

375 4633 631 4724 ϐιοῖ’καὶ
666 4634 968 4699 Ζηνοόἰαν
1004 4631 1118 4701 τὴν
1154 4633 1431 4702 ἀδελφὴν
1457 4631 1658 4688 αὐτοῦ
1683 4673 1699 4698 ,
1744 4633 1888 4702 ὴμέ-

363 4717 446 4769 ρᾳ
481 4717 543 4755 κ.

375 4811 626 4884 Χαίροις,
663 4813 690 4866 ὁ
739 4813 1005 4881 πανάγιος
1033 4813 1179 4877 ναὸς,
1209 4814 1236 4867 ὁ
1268 4829 1437 4878 ποκος
1492 4813 1519 4867 ὁ
1579 4813 1884 4886 θεόδροσος,

300 4910 720 4983 ὲσφραγισμένη
790 4911 944 4983 πηγὴ
1014 4912 1108 4966 τοῦ
1163 4912 1433 4968 ἀθανάτου
1489 4914 1731 4985 ῥείθρου,
1790 4913 1887 4986 τὴν

301 5005 545 5075 ποίμνην
587 5020 705 5067 σου,
731 5004 1026 5070 Δέσποινα,
1065 5003 1302 5075 φύλαττε
1330 5006 1392 5061 ὲκ
1415 5006 1686 5059 παντοίων
1723 5005 1886 5058 πολε-

301 5094 446 5168 μίων
469 5095 904 5168 ἀπολιορκήτως.

372 5188 604 5258 Τριάδος
632 5189 726 5241 τὸν
764 5189 859 5242 ἕνα
891 5187 1212 5261 ἁπεκύησας
1244 5187 1304 5241 τὸ
1335 5187 1674 5260 ἀνθρώπινον
1726 5190 1888 5262 φορέ-

301 5297 497 5342 σαντα,
523 5279 767 5349 παναγία
793 5280 1247 5353 Μητροπάρθενε,
1295 5280 1354 5334 ὃν
1388 5281 1604 5352 αῖτησαι
1645 5282 1884 5352 σωθῆναι

296 5373 425 5436 τούς
457 5390 516 5425 σε
551 5375 648 5426 ἀνυ
659 5373 939 5444 μνοῦντας.

374 5462 465 5532 Τῷ
513 5463 652 5536 ξένῳ
687 5482 780 5518 σου
811 5465 956 5536 τόκῳ
980 5465 1108 5528 τοὺς
1136 5465 1199 5518 ἐκ
1225 5465 1360 5520 Θεοῦ
1387 5467 1799 5536 ξενιτεύσαντας
1826 5470 1884 5523 ὲν

300 5554 452 5625 αύτῷ
479 5555 769 5617 οἰκειῶσω,
813 5556 1154 5628 πανύμνητε,
1182 5557 1305 5610 ὅθεν
1359 5577 1416 5612 σε
1468 5562 1884 5632 μεγαλοφρόνως

304 5649 488 5700 πίστει
513 5648 832 5719 δοξάζομεν,
863 5650 958 5702 καὶ
988 5648 1378 5720 κραυγάζομεν
1397 5669 1409 5683 ο
1446 5653 1636 5724 Χαῖρε,
1666 5655 1882 5708 πάντων

301 5739 552 5813 γηγενῶν
577 5740 640 5795 τὸ
677 5741 880 5794 διὰσωσ
887 5758 986 5813 μα.

591 5925 865 5990 Pn'nuL.
897 5926 1013 5988 Gn.
1045 5926 1167 5988 CV.

2503 4638 2617 4706 ejus
2655 4646 2842 4701 mam,
2864 4638 2948 4690 die
2978 4637 3066 4690 50.

2065 4818 2246 4887 Salve,
2271 4834 2305 4874 ο
2336 4819 2599 4888 templum
2633 4806 3079 4886 sanctissimum,
3111 4831 3144 4870 ο
3188 4817 3362 4872 vellus
3390 4817 3575 4871 divino

1993 4927 2118 4966 rore
2142 4911 2419 4981 perfusum
2439 4953 2452 4976 ,
2489 4927 2522 4966 ο
2559 4911 2682 4968 fons
2704 4912 2954 4982 signatus
2984 4910 3310 4964 immortalis
3340 4908 3525 4963 ﬂtteuti
3555 4925 3570 4962 :

1992 5004 2234 5070 custodi,
2270 5003 2521 5070 Domina,
2549 5019 2766 5076 gregem
2801 5012 2982 5069 tuum,
3015 5003 3088 5056 ita
3128 5012 3187 5056 ut
3215 5017 3245 5055 a
3272 5000 3439 5055 nullis
3477 5003 3576 5054 bo-

1992 5097 2168 5152 stibus
2189 5107 2551 5167 expugnetur.

2068 5184 2247 5240 Unum
2282 5185 2571 5242 Trinitatis
2618 5183 2896 5257 peperisti,
2954 5201 2988 5241 ο
3025 5184 3372 5241 sanctissima
3409 5183 3577 5238 Mater

1999 5278 2182 5347 Virgo,
2216 5280 2454 5335 humana
2505 5292 2699 5334 natura
2759 5281 3231 5350 indutum;quem
3282 5280 3578 5348 deprecare

1994 5388 2095 5442 pro
2131 5372 2308 5427 salute
2339 5371 2679 5427 laudantium
2715 5381 2786 5427 te.

2061 5464 2229 5520 Partu
2272 5472 2366 5520 tuo
2409 5466 2697 5536 peregrino
2754 5481 2870 5530 eos,
2905 5464 2998 5536 qui
3061 5479 3088 5517 a
3152 5464 3261 5518 Dco
3303 5463 3574 5536 peregrini

1989 5556 2118 5610 facti
2150 5565 2328 5621 erant,
2381 5557 2556 5612 cidem
2603 5559 2930 5614 domesticos
2968 5556 3291 5622 reddidisti,
3337 5573 3371 5609 ο
3428 5559 3576 5614 omni

1990 5649 2152 5704 laude
2196 5647 2539 5720 dignissima.
2607 5648 2761 5706 Unde
2799 5665 2850 5706 te
2894 5666 3090 5721 magna
3129 5667 3264 5706 voce
3301 5665 3425 5705 cum
3474 5650 3577 5703 lide

1989 5739 2390 5812 glorificamus,
2417 5743 2722 5800 clamantes
2753 5762 2766 5798 :
2803 5743 2985 5811 Salve,
3010 5759 3041 5800 ο
3062 5743 3312 5800 omnium
3352 5741 3581 5812 terrige-

1988 5850 2182 5890 narum
2217 5835 2386 5891 salus.

3141 5929 3221 5989 39
