3996 6582
483 303 611 366 1227

474 516 847 580 immaculata,
899 525 955 571 ct
982 516 1050 571 ad
1093 524 1147 571 tc
1185 515 1478 581 vocifcror,
1511 526 1568 570 ut
1597 518 1931 574 mcdiatioue
1962 530 2051 574 tua

474 623 563 662 me
588 606 789 663 abillis
819 607 1056 662 allevare
1098 605 1340 676 digneris
1376 621 1389 658 :
1422 614 1477 657 tu
1528 607 1674 660 enim
1717 624 1777 663 es
1822 608 2057 678 gloriosa

475 709 821 769 peccatorum
876 712 1128 770 patrona,
1178 715 1297 768 quae.
1360 696 1781 768 Rcdeinptorem
1820 716 1884 755 ac
1924 700 2057 756 Sal-

474 803 714 846 vatorem
743 794 1025 863 peperisti.

546 904 861 975 Speciosam
898 906 1062 961 redde
1101 908 1342 965 animam
1389 927 1592 978 meam,
1630 926 1663 965 o
1717 911 1903 981 Virgo,
1932 926 2055 981 pas-

479 998 700 1053 siouum
739 996 988 1053 fteditate
1035 998 1422 1071 deformatam,
1476 1016 1529 1058 et
1556 1005 1704 1059 muni
1737 1020 1835 1077 cor
1873 1021 2053 1060 meum

474 1093 736 1145 miserum
764 1106 907 1146 vera:
938 1094 1271 1162 pmniteutia:
1292 1096 1743 1165 cogitationibus.
1763 1106 1817 1151 et
1841 1097 2053 1152 salvum

480 1199 566 1239 me
595 1186 699 1248 fac,
732 1199 765 1238 o
791 1195 963 1253 casta,
995 1187 1088 1257 qui
1124 1186 1190 1241 ad
1222 1197 1273 1243 te
1312 1200 1632 1246 constanter
1659 1202 1826 1261 atque
1853 1194 2055 1247 immo-

478 1278 660 1332 bilitcr
690 1278 971 1350 confugio.

538 1389 717 1445 Locus
756 1392 1211 1450 sanctificationis
1248 1395 1388 1451 facta
1427 1410 1505 1460 es,
1544 1412 1577 1452 o
1620 1394 1809 1467 Virgo,
1845 1412 1907 1449 ex
1943 1410 2053 1466 quo

470 1484 613 1539 Deus
650 1486 906 1554 apparuit
945 1488 1299 1543 sanctificans
1327 1503 1449 1550 uos,
1486 1490 1579 1559 qui
1613 1505 1736 1544 cum
1773 1490 1874 1542 lide
1918 1504 2053 1544 cou-

467 1578 706 1633 cinimus
743 1596 755 1633 :
798 1578 1147 1648 Benedictus,
1202 1582 1601 1649 oeastissima,
1658 1584 1870 1638 fructus
1927 1598 2054 1635 reu-

469 1671 570 1726 tris
596 1671 697 1725 tui.

540 1763 860 1830 Racemum,
891 1778 1053 1834 quem
1087 1764 1233 1819 nulla
1255 1767 1508 1837 agricola:
1542 1782 1739 1822 manus
1772 1767 2045 1831 excoluit,
2085 1798 2126 1852 Β

467 1864 521 1910 ct
550 1871 613 1909 ex
639 1871 748 1926 quo
782 1856 1133 1927 indulgentia:
1172 1858 1357 1913 vinum
1394 1860 1601 1915 ellluxit
1624 1900 1638 1924 ,
1698 1873 1822 1913 cum
1858 1874 2052 1913 concc-

470 1948 634 2017 peris,
693 1962 725 2001 ο
761 1944 925 2017 Virgo
959 1945 1153 2015 Mater,
1201 1963 1232 2004 a
1281 1951 1632 2021 passionibus
1660 1949 1961 2017 ebrietatis,
2006 1960 2057 2005 te

469 2053 681 2109 precor,
713 2038 881 2092 libera
919 2054 1025 2093 me.

537 2129 818 2193 lllumina,
843 2146 1051 2201 quaeso,
1080 2142 1285 2202 oporta
1310 2132 1470 2200 lucis,
1489 2134 1681 2190 oculos
1713 2135 1897 2190 cordis
1926 2134 2052 2201 mei,

468 2223 626 2292 207
671 2225 860 2292 procul
904 2224 1175 2293 repellens
1216 2225 1684 2295 prolundissimas
1736 2227 1944 2299 peccati
1977 2235 2056 2281 te-

469 2317 675 2369 nebras
699 2332 766 2371 cx
800 2314 1005 2371 infelici
1039 2317 1225 2371 anima
1254 2334 1413 2385 mea;
1466 2328 1525 2373 ut
1583 2329 1634 2375 te
1684 2319 2051 2391 magniﬁcem,

467 2422 630 2478 teque
666 2424 790 2464 cum
832 2409 1029 2466 affectu
1089 2410 1394 2466 collaudem
1443 2412 1595 2468 omni
1645 2412 1807 2469 laude
1844 2411 2055 2483 dignis-

466 2514 684 2555 stmam.

470 2655 792 2731 Eerauone
811 2657 1010 2731 duplici
1030 2658 1084 2710 in
1104 2658 1236 2731 [esto
1264 2657 1371 2731 SS.
1391 2658 1759 2731 Apostolorum
1784 2658 2049 2731 Stachyis,

539 2728 807 2795 Ampliw,
854 2727 1095 2787 Urbani,
1172 2730 1499 2792 Aristoboti,
1567 2741 1613 2783 et
1665 2727 1964 2797 Narcissi,'
2002 2740 2052 2784 et

532 2799 601 2851 Β.
636 2798 909 2867 Epimachi
937 2808 1252 2869 martyrum,
1281 2802 1366 2854 die
1396 2801 1485 2854 51.

538 3017 775 3073 llontcm
833 3019 927 3075 Dei
960 3021 1368 3079 lucidissimum
1394 3067 1411 3092 ,
1457 3041 1643 3080 aream
1680 3036 1953 3092 sanctam,
1986 3043 2052 3083 ac

1613 304 1674 367 S.
1716 304 2032 368 JOSEPHI
2071 308 2600 373 IIYMNOGRAPII
2613 314 2632 372 l

543 421 706 479 Gravi
774 431 1125 493 peccatorum
1170 419 1387 477 sarcina
1432 435 1648 491 semper
1682 425 1987 494 opprimor,
2033 441 2065 478 ο
2094 434 2138 490 Α

3597 318 3740 381 122κῦ

2248 429 2553 500 Ἀμαρτίας
2610 429 2806 503 βαρείᾳ
2854 433 3084 487 πάντοτε
3143 433 3463 508 περίκειμαι
3530 438 3757 510 φορτῐᾳ,

2160 524 2416 595 ἄχραντε,
2442 527 2533 579 καὶ
2558 528 2667 597 βοῶ
2692 545 2797 595 σοι,
2830 528 3037 583 τούτων
3058 532 3307 603 μεσιτείᾳ
3335 550 3403 602 με
3428 533 3751 605 ἐλάψρυνονο

2162 618 2225 669 σὺ
2248 619 2356 688 γὰρ
2390 613 2442 697 εξ
2488 622 2788 691 προστάτις
2820 622 3167 693 ἁμαρτωλῶν
3210 624 3600 697 δεδοξασμένῃ,
3654 628 3759 679 λυ·-

2157 709 2374 781 τρωτὴν
2406 712 2501 764 καὶ
2529 713 2761 784 Σωτῆρα
2796 715 3073 786 κυήσασα.

2239 908 2537 982 Ὠραξωσον
2592 914 2692 985 τὴν
2760 916 2941 987 ψυχήν
2992 935 3118 987 μου,
3174 918 3443 986 Παρθένε,
3499 918 3761 990 ἀμορφία

2156 1002 2263 1053 τῶν
2317 1002 2507 1056 παθῶν
2567 1007 2979 1077 κρατουμένην,
3029 1009 3124 1061 καὶ
3168 1008 3452 1079 λογισμοῖς
3512 1010 3760 1079 ἀληθοῦς

2157 1092 2449 1155 μετανοίας
2481 1087 2579 1157 τὴν
2639 1092 2903 1159 ταπεινήν
2935 1109 3036 1161 μου
3070 1093 3295 1163 καρδίαν
3318 1094 3619 1165 ὀχύρωσον,
3653 1095 3761 1146 καὶ

2158 1182 2331 1234 σῶσόν
2380 1199 2445 1252 με
2484 1182 2575 1235 τὸν
2623 1184 2715 1235 ἐπὶ
2744 1187 2828 1236 σοὶ
2862 1184 3223 1248 ἀδιστάκτως,
3265 1186 3428 1257 ἁγνὴ,
3472 1185 3737 1255 καταφεύ

2155 1290 2337 1341 γοντα.

2226 1387 2423 1453 Τόπος,
2490 1386 2755 1459 Παρθένε,
2815 1389 3132 1461 ἀνεδείχθης
3174 1392 3540 1463 ἀγιάσματος,
3579 1392 3640 1457 ἐξ
3684 1386 3760 1445 οὗ

2154 1479 2287 1543 Θεὸς
2308 1481 2504 1550 ἐφάνη,
2530 1481 2773 1549 ἁγιάζων
2796 1485 2944 1552 ἡμᾶς
2974 1484 3097 1545 τοὺς
3126 1485 3307 1538 πίστει
3338 1484 3714 1555 μελῳδοῦντας
3736 1500 3755 1513 ’

2156 1574 2554 1645 Εὐλογημένος,
2593 1576 2836 1644 πάναγνε
2913 1578 2942 1630 ό
2974 1577 3189 1648 καρπὸς
3222 1579 3320 1648 τῆς
3362 1580 3461 1649 σῆς
3512 1576 3756 1637 κοιλίας.

2228 1762 2334 1813 Τὸν
2373 1761 2729 1834 ἀγεώργητον
2797 1766 2999 1837 βότρυν
3050 1768 3413 1831 συλλαϐοῦσα,
3460 1767 3757 1837 ἀναπηγά-

2159 1849 2319 1916 ζοντα
2345 1847 2510 1918 οῐνον,
2539 1853 2991 1928 Παρθενομῆτορ,
3018 1858 3290 1927 ἀφέσεως,
3316 1856 3428 1910 τῶν
3452 1855 3646 1910 παθῶν
3673 1873 3748 1926 με

2159 1944 2257 2014 τῆς
2299 1943 2469 2014 μέθης
2494 1944 2829 2011 ἀπάλλαξον,
2857 1947 3075 2018 δέομαι.

2226 2129 2483 2196 Φώτισον,
2515 2130 2658 2203 πύλη
2716 2131 2810 2185 τοῦ
2847 2133 3049 2201 φωτὸς,
3097 2133 3196 2203 τῆς
3239 2132 3469 2204 καρδίας
3509 2149 3615 2203 μου
3676 2133 3755 2185 τὰ

2155 2223 2401 2294 ὄμματα,
2446 2222 2665 2295 δέομαι,
2710 2225 2933 2295 μακρὰν
2993 2224 3291 2279 ἐλαύνουσα
3333 2225 3431 2295 τῆς
3470 2223 3757 2294 ἁμαρτιας

2159 2316 2348 2379 σκότος
2382 2314 2683 2386 βαθύτατον
2714 2318 2777 2371 ὲκ
2806 2319 2906 2389 τῆς
2930 2317 3122 2382 ἀθλίας
3156 2336 3257 2391 μου
3290 2318 3490 2389 ψυχῆς,
3526 2318 3619 2372 ἵνα
3650 2334 3756 2387 με·

2155 2408 2373 2478 γαλΰνω
2403 2427 2483 2474 σε,
2510 2410 2597 2463 ἵνα
2636 2409 2790 2481 πόθῳ
2819 2427 2878 2465 σε
2910 2412 3066 2483 ὑμνῶ
3093 2415 3194 2483 τὴν
3220 2411 3598 2481 πανύμνητον.

2169 2661 2271 2715 Ἕκ
2318 2661 2426 2715 τοῦ
2482 2664 2752 2729 Κανόνος
2791 2665 2879 2730 εις
2923 2662 3067 2729 τοὺς
3101 2662 3311 2732 ἁγίους
3359 2661 3754 2727 ἀποστόλους

2226 2732 2488 2803 Σζάχυα,
2567 2734 2875 2803 Ἀμπλίαν,
2926 2734 3255 2803 Οίῳόανὸν,
3309 2732 3751 2799 Ἄριστόὸολον,

2224 2801 2595 2939 Ιῗάἕκισῖον.
2619 2801 2730 2857 ’καὶ
2759 2805 2868 2857 τὸν
2901 2803 3073 2874 ἅγιον
3096 2802 3368 2872 μάρτυρα
3388 2802 3749 2870 Ἐπιμαχον,

2226 2889 2247 2925 τ
2266 2891 2307 2941 μ
2338 2890 2415 2941 ρει
2486 2892 2518 2925 α
2542 2914 2555 2928 .

2224 3028 2299 3081 Τὸ
2315 3029 2609 3101 περιφανὲς
2627 3028 2751 3101 ὅρος
2774 3030 2932 3096 Θεοῦ,
2951 3029 3051 3101 τὴν
3070 3028 3303 3083 κιϐωτὸν
3323 3028 3423 3099 τὴν
3442 3027 3631 3095 ἁγίαν,
3650 3026 3747 3079 καὶ

458 3127 736 3178 mensam,
771 3129 967 3168 urnam
1016 3123 1186 3171 totam
1241 3133 1488 3183 auream,
1524 3120 1787 3174 mundqu
1825 3120 1918 3176 Dei
1954 3136 2048 3191 pa-

2178 3125 2453 3195 ράπεζαν,
2496 3124 2737 3196 στάμνον
2767 3142 2825 3179 τε
2864 3126 3203 3196 πάγχρυσον,
3239 3125 3300 3178 τὸ
3356 3122 3597 3195 καθαρὸν
3644 3120 3741 3175 τοῦ

466 3204 683 3269 latium,
714 3205 1058 3263 benedictam
1095 3208 1237 3265 inter
1259 3210 1521 3267 mulieres
1548 3212 1941 3270 beatiliceruus.

535 3384 780 3438 Cautabo
798 3385 927 3451 tibi,
973 3386 1203 3442 Domine
1238 3386 1380 3443 Deus
1422 3391 1897 3459 meus;quouiam
1929 3392 2049 3447 sine

454 3474 672 3529 semine
706 3492 772 3529 ex
803 3485 959 3530 utero
999 3477 1239 3547 Virginis
1262 3490 1425 3535 natus
1447 3498 1528 3547 es,
1569 3498 1660 3551 per
1693 3498 1859 3552 quam
1883 3487 2049 3541 etiam

465 3568 646 3622 salvas
678 3568 964 3623 universos
1000 3578 1259 3640 tauquam
1314 3574 1485 3627 multa
1518 3576 1788 3644 praeditus
1820 3578 2053 3634 miseri-

456 3658 673 3713 cordia.
1962 3674 1965 3677 ·

538 3749 839 3808 Thalamus
896 3752 1101 3809 Christi
1144 3755 1429 3825 luciferus,
1466 3774 1531 3815 ac
1582 3761 1814 3819 thronus
1846 3765 2051 3820 altissi-

466 3860 588 3900 ums
606 3843 747 3898 facta
779 3860 859 3911 es,
886 3861 918 3899 o
940 3845 1043 3899 .Dei
1075 3848 1311 3918 genitrix
1342 3851 1409 3905 ab
1437 3854 1585 3907 omni
1609 3854 1729 3911 labe
1754 3856 2049 3922 immunis;

465 3938 520 3991 in
558 3946 610 3990 te
630 3936 777 3990 enim
810 3953 934 3991 cum
969 3940 1121 3994 solus
1147 3940 1235 3996 ille
1260 3943 1643 4013 rcquievisset,
1673 3957 1899 4004 nostros
1928 3950 2053 4004 abs-

461 4026 590 4081 tulit
632 4027 874 4095 labores,
912 4037 966 4083 et
1019 4029 1259 4087 futuram
1329 4036 1574 4106 requiem
1615 4038 1796 4109 dignis
1844 4056 2053 4111 praepa-

464 4120 623 4176 ravit.

536 4232 716 4301 Salve,
750 4234 920 4290 Mater
951 4237 1051 4291 viri
1101 4238 1282 4293 nescia
1304 4280 1319 4305 ,
1355 4256 1477 4309 qua:
1528 4240 1695 4296 Deum
1727 4241 1961 4296 Verbum
1996 4242 2051 4297 in

455 4335 617 4381 utero
648 4336 743 4381 tuo
784 4328 1125 4393 continuisti,
1166 4339 1333 4401 atque
1376 4334 1719 4390 iucarnatum
1767 4335 2048 4405 peperisti,

463 4431 723 4491 tanquam
754 4419 927 4476 Deum
953 4422 1119 4476 simul
1146 4432 1201 4478 et
1221 4423 1523 4481 hominem.

527 4534 758 4605 Angelis
781 4534 1112 4590 eminentior
1158 4539 1477 4607 apparuisti,
1516 4555 1550 4594 ο
1599 4540 1868 4607 Domina;
1921 4558 2046 4598 eum

463 4643 705 4699 namque
733 4628 826 4698 qui
874 4630 981 4683 illis
1040 4642 1124 4684 est
1156 4630 1541 4697 formidabilis,
1598 4633 1943 4688 iucll‘abiliter
1990 4634 2047 4687 iu

464 4729 615 4774 utero
658 4720 942 4773 continere
973 4721 1134 4791 digna
1181 4722 1323 4776 facta
1358 4738 1441 4788 es,
1482 4735 1537 4778 ct
1570 4733 1833 4794 tanquam
1866 4724 2047 4779 infan-

464 4821 571 4863 tem
601 4810 655 4862 iu
690 4810 945 4863 manibus
973 4821 1187 4876 gestare
1234 4812 1412 4879 illum,
1445 4814 1539 4883 qui
1597 4814 1715 4869 dies
1742 4830 1933 4869 omnes
1982 4828 2047 4869 ac

452 4910 705 4969 tempora
742 4901 1016 4970 prazccdit.

530 4994 665 5058 Ave,
701 5010 733 5048 o
768 4992 1002 5055 Deipara
1055 4999 1302 5069 innupta,
1331 5016 1454 5070 quae
1483 5000 1809 5059 Cherubicis
1839 5003 2048 5058 ordini-

460 5084 565 5140 bus
605 5086 899 5145 sublimior
938 5089 1117 5155 fuisti,
1154 5099 1205 5145 et
1232 5091 1399 5146 Deum
1447 5092 1792 5147 iucarnatmn
1824 5094 1877 5147 iu
1904 5092 2046 5149 ulnis

456 5186 678 5232 vectum
706 5182 954 5249 gestasti.

535 5293 715 5364 Supra
766 5297 920 5352 verbi
965 5310 1314 5368 conceptum,
1366 5299 1602 5355 Verbum
1650 5301 1952 5372 concepisti
1980 5317 2047 5357 ac

454 5388 739 5457 peperisti,
794 5404 826 5442 ο
881 5390 1140 5445 omnibus
1191 5391 1447 5447 laudibus
1500 5395 1849 5459 celebranda,
1896 5395 2042 5465 quod

454 5482 621 5534 Pater
652 5497 717 5534 ex
759 5492 913 5536 utero
947 5492 1073 5537 aute
1123 5483 1321 5537 szecula
1363 5486 1662 5553 generavit.
1695 5484 1848 5541 Unde
1893 5494 1967 5553 te,
2009 5501 2042 5541 ο

456 5571 743 5637 inviolata,
788 5583 1047 5644 tauquam
1105 5575 1253 5631 illius
1284 5575 1510 5632 Matrem
1548 5593 1651 5648 pro
1682 5580 1864 5634 debito
1908 5580 2041 5635 bea-

452 5672 566 5717 tam
610 5666 966 5734 appellamus.

432 5742 435 5743 ν
526 5754 662 5821 Quis
694 5758 867 5813 valent
890 5758 1184 5829 explicare,
1227 5775 1261 5814 o
1290 5770 1462 5826 casta,
1488 5762 1867 5817 admirabilem
1906 5780 2036 5833 par-

2070 4469 2125 4528 D

2151 3216 2359 3287 Κυρίου
2385 3215 2667 3283 παλάτιον,
2698 3216 2798 3289 τὴν
2832 3216 3209 3288 εὐλογημένην
3249 3217 3307 3271 ὲν
3364 3214 3585 3285 γυναιξὶ
3629 3232 3740 3285 μα·
3783 3199 3793 3215 ’

2152 3327 2224 3362 κα
2231 3308 2495 3381 ρίσωμεν.

2229 3400 2465 3472 ’ᾼσομαι
2515 3419 2618 3467 σοι,
2654 3402 2828 3473 Κύριε
2886 3403 2914 3455 ό
2945 3402 3080 3465 Θεός
3114 3420 3239 3471 μου,
3273 3402 3353 3454 ὅτι
3384 3402 3645 3471 ἀσπόρ;υς
3674 3400 3740 3452 ὲκ

2153 3492 2387 3562 γαστρὸς
2421 3490 2697 3561 Παρθένου
2727 3491 2978 3563 ὲτὲχθης,
3006 3490 3076 3545 δι’
3109 3486 3177 3564 ἧς
3204 3492 3300 3545 καὶ
3332 3490 3525 3555 σώζεις
3568 3492 3738 3546 ἀπαν-

2151 3600 2273 3647 τας,
2310 3584 2382 3645 ὡς
2420 3583 2578 3653 μόνος
2618 3582 2923 3646 πολυέλεος.
3484 3574 3487 3577 λ

2225 3767 2444 3832 Παστάς
2473 3767 2712 3837 Χριστοῦ
2746 3767 3081 3839 φωτοφόρος,
3109 3767 3203 3820 καὶ
3241 3767 3432 3839 θρόνος
3462 3767 3733 3837 ὑψηλότα-

2151 3879 2263 3927 τος,
2295 3860 2682 3930 Θεογεννῆτορ,
2736 3858 2946 3929 ὤφθης,
3003 3860 3350 3930 πανάμωμεο
3402 3860 3463 3912 ὲν
3494 3860 3576 3913 σοὶ
3625 3860 3733 3930 γὰρ

2154 3953 2315 4023 μόνος
2336 3950 2794 4020 ἀναπαυσάμενος
2848 3951 2974 4012 τοὺς
3006 3950 3165 4020 ἡμῶν
3217 3949 3482 4019 ἀφείλατο
3511 3951 3727 4013 κόπους,

2152 4043 2247 4097 καὶ
2267 4042 2365 4113 τὴν
2406 4041 2708 4113 μέλλουσαν
2729 4043 2843 4105 τοῖς
2867 4040 3040 4106 ἀξίοις
3075 4042 3410 4113 ηὑτρέπισεν
3436 4042 3621 4096 ἄνεσιν

2225 4243 2472 4316 Χαίροις.
2530 4244 2724 4315 Μῆτερ
2769 4243 3140 4313 ἀπειρόγαμε,
3194 4244 3227 4313 ἠ
3283 4242 3416 4296 Θεὸν
3464 4244 3630 4312 Λόγον
3668 4243 3722 4294 ἐν

2154 4336 2353 4407 γαστρί
2390 4352 2485 4388 σου
2520 4336 2844 4406 χωρήσασα,
2874 4334 2973 4387 καὶ
3012 4332 3246 4387 τεκοῦσα
3289 4335 3717 4404 σεσαρκωμένον,

2154 4429 2226 4492 ὡς
2255 4428 2386 4482 Θεὸν
2412 4427 2549 4499 ὁμοῦ
2580 4426 2674 4481 καὶ
2703 4426 3019 4498 ἄνθρωπον.

2231 4539 2466 4613 Ὠράθης
2493 4540 2745 4609 ἀγγέλων
2774 4541 3139 4610 ὑπερέχουσα,
3176 4540 3479 4592 Δέσποινα·
3506 4539 3595 4591 τὸν
3621 4538 3714 4605 γὰρ

2151 4634 2382 4697 ἐκεινοις
2413 4633 2645 4705 φοϐερὸν
2693 4632 3117 4704 ἀνερμηνεύτως
3150 4633 3208 4683 ἐν
3239 4630 3444 4701 γαστρὶ
3488 4630 3714 4701 χωρῆσαι

2150 4726 2407 4795 ἠξίωσαι,
2441 4727 2537 4780 καὶ⁸
2570 4727 2629 4779 ὲν
2666 4728 2822 4797 χερσὶ
2855 4725 3125 4797 βαστάσαι
3152 4724 3401 4791 καθάπερ
3420 4725 3609 4794 νήπιον
3637 4724 3715 4775 τὶν

2148 4819 2371 4891 ἡμερῶν
2398 4836 2461 4872 τε
2493 4821 2585 4874 καὶ
2607 4818 2813 4890 χρόνων
2839 4818 3116 4870 ἐπέκεινα.

2217 5004 2411 5076 Χαῖρε,
2448 5002 2678 5056 Θεοτόκε
2701 5000 3037 5073 άνύμφευτε,
3062 5000 3404 5072 χερουὸικῶν
3437 4999 3710 5069 ταγμάτων

2148 5096 2514 5167 ὑπερέχουσα,
2544 5096 2639 5151 καὶ
2659 5095 2793 5150 Θεὸν
2818 5097 2876 5148 ὲν
2904 5094 3174 5164 ἀγκάλαις
3194 5092 3561 5163 ὲποχούμενον
3590 5091 3710 5163 μετά

2148 5188 2347 5259 σαρκὸς
2376 5186 2714 5257 βαστάσασα.

2214 5301 2512 5363 Συνέλαὸες
2537 5302 2677 5371 ὑπὲρ
2696 5297 2863 5369 λόγον
2889 5299 2979 5352 τὸν
2998 5299 3195 5366 Λόγον,
3228 5297 3324 5350 καὶ
3356 5295 3563 5360 ἔτεκες,
3592 5309 3711 5345 παν-

2145 5392 2375 5464 ύμνητε,
2442 5393 2502 5445 ὃν
2560 5392 2748 5463 Πατὴρ
2802 5394 2868 5445 ἐκ
2924 5391 3163 5462 γαστρὸς
3233 5389 3572 5458 ἀπεγέννησε
3621 5384 3711 5452 πρὸ

2143 5486 2377 5551 αἰώνων,
2406 5484 2643 5555 ἄχραντε
2664 5503 2677 5516 ·
2702 5487 2825 5540 ὃθεν
2879 5485 2954 5549 ὡς
2984 5484 3175 5539 τούτου
3201 5500 3260 5535 σε
3290 5484 3519 5554 Μητέρα
3554 5497 3709 5550 χρεω·

2143 5576 2345 5642 στικῶς
2369 5577 2768 5650 μακαρίζομεν.

2215 5764 2307 5828 Τίς
2339 5765 2576 5830 ἐξειπεῖν
2620 5766 2911 5836 δυνήσεται
2956 5762 3049 5819 τοῦ
3083 5764 3244 5817 τόκου
3298 5778 3414 5825 σου,
3450 5759 3604 5828 ἁγνὴ,
3628 5754 3704 5806 τὸν
