3996 6616
346 447 485 512 1229

1744 436 2111 497 MARIALE.

3462 427 3603 495 1230

340 556 483 627 ὑπὲρ
507 553 667 631 λόγον
700 549 1004 621 παράδοξον
1048 547 1291 619 τρόπον;
1322 545 1484 616 φύσει
1526 544 1635 617 γάρ
1672 545 1808 599 Θεὸν
1834 562 1925 599 σε-

2068 561 2118 601 is
2145 544 2218 599 tui
2250 544 2415 614 208
2445 541 2735 607 rationem,
2773 556 2897 614 qua:
2919 541 3071 596 omni
3101 541 3313 598 ratione
3332 548 3415 598 est
3443 556 3608 614 supe—

342 645 697 722 σαρκωμένον
728 645 869 718 ὑπὲρ
898 643 1058 712 λόγον
1088 642 1353 713 ὲκύησας.

428 819 737 892 ’Υμνοῧμέν
773 836 832 873 σε
864 818 932 873 δι’
986 813 1057 890 ἦς
1116 815 1523 886 ὲδικαιώθημεν
1565 815 1615 868 oi
1660 814 1923 886 πρότερον

340 914 687 979 κατάκριτοι,
715 912 811 964 καὶ
844 910 1200 981 συνήφθημεν
1234 910 1421 972 άύλοις
1464 907 1799 978 λειτουργοῖς
1829 908 1924 960 καὶ

340 1005 437 1058 τοῦ
468 1002 800 1075 παραδείσου
832 1001 1169 1073 ἠξιώθημεν,
1219 1003 1277 1054 ὲν
1303 999 1548 1070 γυναιξὶν
1584 998 1921 1070 εὐλογημένη

341 1096 722 1167 θεοχαρίτωτε.

413 1186 751 1257 Δυσώπησον
809 1184 951 1257 ὑπὲρ
1000 1184 1108 1238 τῶν
1170 1182 1401 1237 οἰκετῶν
1449 1200 1566 1248 σου,
1639 1180 1922 1251 Θεόνυμφε

2027 638 2181 692 rior?
2209 637 2344 691 Eum
2382 650 2618 705 namque
2644 634 2739 705 qui
2799 643 2991 705 suapte
3044 644 3240 689 natura
3286 634 3425 691 Deus
3464 644 3605 704 erat,

2026 743 2191 798 supra
2233 726 2381 783 verbi
2411 733 2763 795 conceptum,
2796 725 3140 779 incarnatum
3180 725 3461 795 peperisti.

2095 814 2403 870 Laudamus
2446 824 2516 879 te,
2578 828 2612 869 ο
2655 813 2938 869 benedicta
2988 812 3129 868 inter
3176 814 3453 880 mulieres,
3498 815 3610 870 Deo

2027 909 2368 980 gratissima,
2429 925 2527 980 per
2558 925 2721 979 quam
2753 926 2853 965 nos
2902 919 3062 964 antea
3118 911 3362 966 damnati
3407 911 3611 981 justiﬁ-

2026 1002 2131 1056 cati
2157 1018 2370 1067 sumus,
2401 1008 2455 1056 et
2482 1001 2939 1058 immaterialibus
2966 1003 3236 1059 ministris
3253 1005 3514 1074 cooptati,
3547 1019 3613 1060 ac

2028 1093 2284 1165 paradiso
2315 1094 2463 1164 digni
2492 1093 2618 1149 facti
2655 1110 2868 1151 sumus.

2098 1184 2298 1251 Exora,
2335 1200 2369 1240 o
2403 1185 2496 1241 Dei
2518 1186 2733 1256 Sponsa
2761 1185 3016 1257 Deipara,
3051 1201 3151 1256 pro
3199 1184 3423 1240 famulis
3480 1184 3612 1248 tuis.

342 1280 594 1346 Θεοτόκε,
628 1278 721 1331 τὸν
746 1280 813 1332 ὲκ
844 1276 938 1330 σοῦ
972 1275 1351 1348 σαρκωθέντα,
1384 1273 1515 1327 Θεὸν
1541 1272 1722 1343 ἡμῶν,
1748 1272 1830 1325 ὅτι
1865 1271 1923 1325 σὲ

2072 1292 2195 1331 eum
2233 1286 2504 1343 nostrum,
2538 1279 2634 1348 qui
2679 1294 2744 1333 ex
2786 1287 2835 1333 te
2866 1278 3188 1335 incarnatus
3218 1287 3304 1334 est
3335 1295 3349 1334 :
3384 1287 3436 1333 te
3462 1278 3611 1332 enim

342 1372 438 1425 καὶ
469 1372 640 1442 μόνην
672 1368 1016 1441 προστασίαν
1044 1368 1229 1422 πιστοί⁵
1256 1363 1625 1435 ἐπιστάμεθα.

428 1550 620 1605 Ῥὖσαι
660 1551 809 1622 ἡμᾶς
850 1547 1200 1622 πειρασμῶν,
1241 1548 1336 1601 καὶ
1367 1545 1624 1616 θλίψεων,
1657 1544 1752 1598 καὶ
1791 1560 1930 1614 συμ-

345 1645 531 1716 φορῶν
566 1643 948 1707 παντοδαπῶν,
991 1642 1088 1695 καὶ
1116 1638 1420 1711 Βαρϐάρων
1481 1637 1809 1710 ἐπιδρομῆς,
1837 1635 1934 1689 Δέ-

346 1754 542 1791 σποινα
569 1736 912 1807 πανύμνητε,
957 1736 1108 1799 ὅπως
1150 1751 1209 1787 σε
1237 1731 1572 1801 δοξάζωμεν,
1599 1730 1815 1784 καὶτὸν
1868 1730 1935 1784 ἑκ

347 1827 442 1881 σοῦ
474 1827 756 1898 τεχθέντα,
793 1827 1101 1898 Θεόνυμφε,
1152 1824 1244 1880 τὸν
1284 1824 1496 1878 αἰνετὸν
1539 1822 1650 1878 τῶν
1681 1823 1933 1896 πατέρων

346 1921 480 1975 Θεὸν
503 1922 599 1975 καὶ
634 1919 1014 1991 ὐπερένδοξον.

431 2107 521 2162 Ἐν
549 2109 618 2180 τῇ
657 2106 913 2178 άφλέκτῳ
944 2107 1113 2179 βάτῳ,
1142 2106 1239 2161 καὶ
1280 2103 1585 2178 δροσοσὸλῳ
1627 2100 1844 2173 καμίνῳ
1869 2102 1934 2155 σὺ

346 2201 729 2273 προεγράφης,
774 2200 1236 2273 Μητροπάρθενε,
1309 2199 1608 2271 ἀφράστως
1674 2195 1932 2268 κυήσασα

347 2294 766 2365 σεσαρκωμένον
796 2293 948 2360 Θεὸν,
986 2294 1129 2364 ἁγνὴ
1154 2292 1517 2363 εὐλογημένη.

422 2386 492 2438 Σὲ
525 2385 620 2440 καὶ¹
640 2388 840 2456 τεῖχος,
882 2386 979 2439 καὶ
1009 2383 1352 2455 καταφυγὴν,
1398 2385 1493 2439 καὶ
1528 2383 1773 2455 κλίμακα
1804 2383 1940 2453 πρὸς

355 2477 489 2549 ὕψος
550 2479 897 2550 μετάγουσαν
946 2479 1008 2533 τὸ
1042 2477 1406 2549 ἀνθρώπινον,
1430 2478 1743 2549 πανάμωμε
1773 2476 1937 2549 ἁγνὴ,

350 2570 559 2635 ειδότες
616 2570 1008 2642 κραυγάξομεν
1037 2587 1051 2601 ο
1114 2570 1427 2640 Εὐλογεῖτε,
1468 2570 1648 2625 πάντα
1678 2570 1748 2625 τά
1801 2570 1941 2641 ἔργα

351 2664 585 2736 Κυρίου,
616 2666 707 2718 τὸν
732 2666 956 2734 Κύριον,
985 2665 1273 2735 ὑμνεῖτε...

431 2757 613 2812 Σῶσόν
646 2775 733 2829 με,
770 2758 930 2830 ἁγνὴ,
963 2760 997 2829 ἡ
1023 2759 1115 2811 τὸν
1145 2760 1374 2829 Σωτῆρα
1412 2757 1776 2828 ἀποκυήσασα
1807 2757 1944 2827 Χριο

362 2852 508 2918 στὸν,
534 2854 667 2922 ἡμῖν
692 2851 1050 2922 ὁμοιωθέντα,
1074 2852 1222 2915 ὅπως
1243 2853 1301 2905 ὲν
1328 2852 1533 2905 αἰνέσει
1557 2867 1617 2903 σε
1645 2850 1733 2902 ἀεὶ
1769 2867 1947 2920 μακα-

361 2946 628 3015 ρίζωμεν,
662 2945 1025 3016 εὐλογημένη.

426 3038 616 3109 Φέρεις
644 3038 738 3090 τὸν
767 3038 835 3091 τά
874 3038 1053 3091 πάντα
1094 3038 1355 3108 φέροντα,
1390 3037 1486 3090 καὶ
1534 3036 1827 3107 γαλουχεῖς
1857 3034 1946 3086 τὸν

360 3124 495 3184 πᾶσι
528 3132 734 3203 τροφὴν
764 3131 1099 3202 παρέχοντα,
1131 3131 1275 3202 μέγα
1314 3133 1411 3184 καὶ
1440 3130 1669 3201 φρικτὸν
1712 3128 1773 3182 τὸ
1808 3128 1949 3199 ὑπὲρ

2028 1368 2249 1423 unicum
2307 1368 2668 1439 patrocinium
2722 1380 2973 1427 nostrum
3029 1383 3131 1425 nos
3189 1368 3374 1425 ﬁdeles
3431 1380 3605 1440 agno-

2028 1461 2257 1516 scimus.

2102 1553 2296 1609 Libera
2331 1569 2455 1621 nos,
2478 1569 2511 1611 o
2540 1553 2793 1620 Domina,
2834 1569 3048 1610 summe
3100 1552 3394 1618 laudanda,
3424 1566 3454 1606 a
3497 1562 3618 1607 ten-

2040 1646 2369 1713 tationibus,
2413 1647 2885 1714 tribulationibus,
2941 1647 3251 1718 omnigenis
3292 1646 3621 1703 calamitati-

2033 1739 2159 1804 bus,
2192 1750 2353 1812 atque
2409 1756 2439 1797 a
2470 1740 2835 1796 Barbarorum
2866 1740 3092 1797 incursu
3150 1758 3164 1795 :
3226 1749 3285 1795 ut
3323 1749 3400 1806 te,
3435 1755 3467 1796 o
3523 1738 3621 1795 Dei

2038 1831 2273 1902 Sponsa,
2315 1832 2706 1901 gloriﬁeemus,
2735 1842 2901 1904 atque
2932 1833 3108 1901 illum,
3139 1833 3232 1903 qui
3270 1848 3333 1888 ex
3374 1840 3427 1888 te
3457 1841 3621 1887 natus

1966 1914 2010 1971 Β
2039 1933 2143 1993 est,
2177 1924 2506 1982 laudabilem
2557 1942 2621 1983 ac
2662 1928 3132 1998 supergloriosum
3168 1926 3342 1984 Deum
3400 1936 3617 1998 patrum

2035 2027 2374 2074 nostrorum.

2108 2110 2165 2166 in
2196 2112 2334 2167 rubo
2362 2112 2731 2180 incombusto,
2783 2122 2836 2167 et
2880 2112 2935 2167 in
2972 2112 3191 2168 fornace
3223 2128 3347 2168 rore
3378 2110 3621 2182 perfusa,

2038 2212 2094 2259 tu
2152 2205 2499 2275 praeﬁgurata
2562 2219 2656 2272 es,
2684 2221 2715 2259 ο
2757 2203 2927 2261 Mater
2962 2206 3125 2277 Virgo
3155 2192 3326 2270 casta,
3365 2220 3429 2259 ac
3454 2203 3625 2259 bene-

2039 2295 2206 2360 dicta,
2237 2311 2357 2365 qnae
2385 2297 2556 2351 Deum
2588 2297 2938 2352 incarnatum
2964 2297 3313 2353 ineﬁ‘abiliter
3362 2297 3622 2367 genuisti.

2111 2384 2187 2442 Te
2214 2403 2456 2453 murum,
2496 2386 2792 2458 refugium,
2838 2397 2891 2442 et
2925 2388 3149 2452 scalam,
3201 2402 3323 2457 qua:
3371 2387 3521 2441 ducit
3556 2387 3622 2440 ad

2041 2480 2429 2536 sublimitatem
2453 2480 2757 2535 humanum
2784 2496 2979 2551 genus,
3012 2489 3398 2550 agnoscentes,
3422 2494 3454 2534 o
3474 2489 3623 2533 easta

2040 2572 2111 2627 ab
2122 2573 2270 2628 oumi
2288 2573 2407 2628 labe
2424 2572 2710 2641 immunis,
2728 2573 3029 2629 clamamus
3055 2592 3066 2627 :
3088 2571 3418 2639 Benedicite,
3444 2572 3627 2627 omnia

2042 2680 2207 2736 opera
2242 2665 2478 2733 Domini,
2512 2666 2825 2731 Dominum,
2859 2668 3095 2726 laudate,
3128 2674 3234 2721 etc.

2117 2758 2337 2814 Salvum
2369 2777 2454 2817 me
2480 2762 2585 2825 fac,
2627 2777 2660 2816 ο
2691 2770 2864 2826 easta,
2903 2777 3025 2831 qum
3053 2760 3333 2815 Christum
3381 2759 3630 2814 Salvato-

2046 2866 2182 2913 rem,
2210 2850 2418 2907 factum
2454 2852 2610 2908 nobis
2645 2852 2879 2907 similem
2912 2852 3208 2923 peperisti,
3253 2863 3316 2907 ut
3345 2867 3470 2907 cum
3507 2851 3630 2906 lau-

2046 2942 2208 2995 dibus
2236 2951 2287 2996 te
2308 2957 2521 3012 semper
2552 2943 2946 3007 beatilieemus,
2971 2959 3004 2999 ο
3042 2944 3344 2999 benedicta.

2119 3035 2311 3088 Portas
2338 3050 2458 3089 eum
2494 3037 2586 3107 qui
2619 3047 2804 3107 portat
2855 3037 3133 3104 universa,
3175 3047 3231 3092 et
3265 3037 3406 3092 lacte
3450 3034 3631 3091 nutris

2050 3140 2199 3190 eum,
2231 3126 2326 3198 qui
2351 3127 2442 3181 dat
2472 3129 2729 3185 omnibus
2759 3145 2966 3185 escam.
3034 3128 3288 3200 Magnum
3344 3144 3408 3184 ac
3442 3126 3633 3183 formi-

358 3220 485 3275 νοῦν
512 3240 604 3276 σου
638 3223 955 3295 μυστήριον,
986 3223 1201 3278 Κιόωτὲ
1228 3223 1323 3277 τοῦ
1361 3222 1560 3276 σεπτοῦ
1587 3220 1945 3290 ἁγιάσματος,

2068 3215 2232 3272 labile
2263 3219 2579 3287 mysterium
2604 3230 2778 3287 tuum,
2806 3222 2951 3291 quod
2979 3236 3198 3276 omnem
3222 3230 3454 3275 mentem
3486 3230 3637 3275 trau-

359 3314 608 3388 Παρθένε
644 3315 896 3382 Θεοτόκε,
933 3317 1057 3370 ὅθεν
1094 3316 1304 3381 πιστῶς
1336 3333 1398 3370 σε
1436 3314 1840 3387 μακαρίζομεν.

432 3504 616 3566 Φωτὸς
653 3505 993 3576 οἰκητήριον,
1038 3504 1199 3576 ἁγνὴ,
1257 3504 1585 3576 γεγένησαι·
1640 3504 1730 3558 διὰ
1793 3503 1954 3559 τοῦτο

368 3592 594 3646 ἱκετεύω
628 3611 706 3657 σε,
748 3595 1007 3665 φὼτισον,
1038 3596 1255 3667 δέομαι,
1310 3597 1409 3660 τὰς
1469 3598 1638 3668 κόρας
1666 3599 1766 3668 τῆς
1797 3615 1953 3652 τετα-

366 3688 710 3759 πεινωμένης
738 3689 965 3760 καρδίας
989 3707 1089 3759 μου
1124 3690 1311 3744 παθῶν
1342 3693 1462 3753 ταῖς
1484 3691 1751 3763 χαλεπαῖς
1774 3692 1953 3764 άμαυο

365 3778 609 3851 ρότησιν,
630 3781 780 3846 ὅπως
807 3783 864 3835 έν
888 3781 1066 3836 πίστει
1097 3783 1386 3857 μακαρίζω
1411 3801 1492 3839 σε.

855 3939 1013 3995 MllN
1048 3939 1475 3996 ΝΟΕΜΒΡΙΟΣ.

380 4071 481 4127 Ἐκ
533 4071 641 4127 τοῦ
692 4072 963 4142 Κανόνος
991 4074 1079 4139 είς
1144 4072 1289 4138 τοὺς
1321 4075 1529 4142 ἁγίους
1559 4072 1955 4142 Ἀναρτύρους

633 4141 880 4213 Κοσμᾶν
904 4144 998 4197 καί
1034 4141 1580 4213 Δαμιανὸν,⁷ήμέρᾳ
1609 4150 1677 4197 α’.

447 4296 682 4368 Σωτῆρα
722 4298 819 4352 καὶ
853 4298 986 4353 Θεὸν
1025 4299 1082 4366 ἐξ
1112 4299 1294 4367 ἁγνῶν
1328 4317 1420 4352 σου
1453 4299 1703 4370 αἱμάτων
1734 4300 1954 4370 ἐσωμάο

373 4406 577 4453 τωσας,
606 4391 769 4463 ἁγνὴ,
796 4392 887 4445 τὸν
918 4392 1170 4457 δείξαντα
1201 4394 1337 4465 ἡμῖν
1368 4394 1587 4465 ἰατροὺς
1616 4393 1722 4447 τῶν
1765 4394 1956 4448 παθῶν

370 4482 554 4550 ἡμῶν,
588 4483 847 4553 ἁχραντε,
876 4486 1265 4556 σωτηριώδεις,
1304 4487 1400 4539 καὶ
1455 4486 1691 4557 θερμοὺς
1738 4488 1955 4558 ἀντιλή-

373 4591 585 4645 πτορας
614 4577 742 4641 τοὺς
772 4578 1009 4641 σεπτούς
1038 4579 1404 4652 Ἀναργύρους
1428 4580 1485 4633 ὲν
1516 4582 1811 4652 πνεύματι.

455 4748 811 4833 Ὠραιοτάτην
842 4764 899 4816 ἐν
926 4763 1141 4833 γυναιξί
1172 4781 1230 4817 σε
1262 4764 1394 4828 Θεὸς
1423 4765 1724 4832 ἐξελέξατο,
1763 4767 1858 4821 καὶ
1887 4769 1951 4821 ἐκ

358 4854 471 4941 »σοῦ
516 4856 870 4925 σωματικῶς,
900 4855 1065 4927 ἁγνὴ,
1098 4857 1358 4928 τεχθῆναι
1404 4858 1725 4931 ηὐδόκησεν,
1760 4862 1789 4914 ὁ
1817 4862 1952 4914 ἀνα-ι

372 4947 683 5017 παυόμενος
723 4950 781 5001 ὲν
812 4950 925 5013 τοῖς
960 4949 1136 5018 ἁγίοις
1164 4949 1352 5005 αὐτοῦ.

444 5062 800 5131 Συμπαθείας
858 5081 949 5135 με,
988 5066 1258 5138 Παρθένε,
1294 5070 1395 5140 τῆς
1427 5069 1484 5123 ἐν
1544 5069 1626 5122 σο)⁵
1678 5069 1953 5136 καταξίωο

376 5171 491 5219 σον,
520 5157 553 5227 ή
579 5156 813 5210 τεκοῦσα
842 5158 1016 5228 Λόγον
1040 5160 1201 5230 μόνον
1230 5162 1446 5234 άληθῶς
1480 5163 1952 5234 συμπαθέστατον,

373 5249 466 5303 τὸν
496 5250 801 5320 συμπαθεῖς
826 5255 951 5317 τούς
978 5255 1171 5323 ἁγίους
1212 5256 1569 5319 ἀναδείξαντα
1605 5260 1832 5331 ίατῆρας
1864 5264 1956 5315 καὶ

374 5343 826 5417 θαυματουργούς
856 5349 915 5402 ὲν
947 5352 1061 5411 τοῖς
1086 5351 1324 5422 τέρασιν.

448 5529 652 5599 Σοφίαν
681 5530 923 5603 ἐκύησας
969 5534 1105 5588 Θεοῦ
1160 5536 1260 5606 τὴν
1292 5536 1678 5604 ὲνυπόστατον,
1717 5539 1957 5611 ἄχραντε

377 5621 622 5691 Παρθένε
658 5624 911 5689 Θεοτόκε,
944 5628 1045 5696 τὴν
1074 5628 1200 5689 τοὺς
1227 5628 1414 5695 ἁγίους
1443 5631 1751 5699 πανσόφους
1784 5631 1959 5696 δείξα-

380 5732 513 5780 σαν,
536 5714 604 5768 δι’
640 5708 716 5768 ὧν
751 5716 851 5786 τῆς
883 5719 1079 5781 κακίας
1122 5720 1380 5788 σοφιστοῦ
1410 5720 1667 5775 πέπτωκε
1706 5721 1768 5774 τὸ
1786 5724 1960 5795 φρύα-

378 5822 499 5875 γμα
528 5806 624 5858 καὶ
656 5806 805 5859 δεινὰ
837 5808 1323 5880 πανουργεύματα.

378 5948 381 5949 ν
455 5899 603 5957 Ναόν
626 5916 686 5953 σε
721 5900 959 5971 καθαρὸν
984 5903 1383 5973 ἀπειργάσατο,
1414 5903 1712 5975 Δέσποιναξ
1738 5908 1765 5961 ὁ
1792 5907 1961 5963 καθα-

1982 4622 2032 4681 D

2054 3311 2286 3377 scendit,
2347 3326 2381 3367 ο
2408 3311 2550 3368 Area
2592 3313 2914 3368 veneranda:
2943 3313 3415 3380 sanctiﬁcationis,
3476 3312 3635 3384 Virgo

2055 3401 2283 3473 Deipara
2313 3421 2327 3458 :
2363 3406 2507 3460 unde
2540 3415 2591 3462 te
2620 3406 2856 3462 ﬁdeliter
2879 3406 3280 3462 beatiﬁcamus.

2123 3495 2294 3551 Lucis
2316 3495 2688 3553 habitaculum
2715 3496 2859 3553 facta
2880 3514 2964 3563 es,
3000 3513 3033 3553 ο
3056 3508 3203 3554 easta
3219 3538 3234 3561 .
3275 3497 3633 3569 quamobrem

2054 3596 2107 3644 te
2128 3604 2343 3658 precor,
2381 3589 2651 3657 illumina,
2671 3605 2878 3662 quaeso,
2910 3591 3146 3662 pupillas
3171 3591 3501 3647 miserabilis
3523 3605 3639 3648 coro

2056 3684 2140 3740 dis
2171 3685 2298 3749 mei,
2335 3685 2573 3755 graviter
2624 3699 2654 3739 a
2689 3686 3041 3756 passionibus
3085 3685 3427 3751 obscuratas,
3484 3693 3545 3740 ut
3584 3692 3638 3740 te

2056 3789 2180 3831 cum
2208 3777 2314 3833 ﬁde
2343 3778 2677 3835 beatiﬁcem'

2407 3933 2573 4004 209
2600 3932 2855 3989 MENSIS
2885 3932 3284 3989 NOVEMBER.

2058 4067 2144 4121 Ea:
2175 4067 2391 4125 Canone
2428 4071 2485 4137 in
2524 4071 2658 4141 festo
2691 4070 2795 4126 SS.
2833 4072 3037 4127 Cosmus
3073 4083 3123 4146 et
3162 4072 3606 4146 Damianimarty

2450 4158 2567 4195 rum
2601 4147 3021 4214 Anargyrorum,
3047 4144 3132 4197 die
3163 4144 3214 4198 1.

2130 4299 2477 4357 Salvatorem
2512 4319 2576 4357 ac
2611 4303 2778 4358 Deum
2811 4320 2877 4358 ex
2936 4304 3087 4375 puris
3127 4304 3495 4376 sanguinibus
3531 4304 3641 4359 tuis

2057 4394 2382 4461 corporasti,
2419 4409 2452 4446 ο
2485 4405 2636 4449 casta
2688 4404 2852 4464 atque
2912 4396 3294 4463 immaculata;
3338 4396 3433 4466 qui
3473 4411 3640 4452 vene-

2058 4487 2259 4541 randos
2302 4486 2356 4540 in
2392 4487 2587 4556 Spiritu
2620 4487 2958 4558 Auargyros,
3003 4488 3272 4543 salutares
3319 4489 3640 4558 passionum

2063 4587 2372 4635 nostrarum
2448 4581 2725 4647 medicos,
2816 4593 2881 4635 ac
2963 4578 3242 4633 ferventes
3320 4577 3643 4634 defensores

2060 4672 2257 4730 effecit.

2133 4766 2210 4823 Te
2242 4767 2709 4839 speciosissimam
2743 4770 2886 4826 inter
2911 4771 3171 4826 mulieres
3208 4770 3350 4824 Deus
3382 4766 3569 4838 elegit.
3611 4778 3644 4819 0

2062 4867 2237 4922 casta,
2272 4869 2325 4913 et
2352 4874 2419 4914 ex
2464 4870 2516 4915 te
2556 4863 2913 4932 corporaliter
2946 4862 3095 4917 nasci
3145 4862 3250 4917 sibi
3302 4856 3638 4929 complacuit

2065 4952 2155 5007 ille
2183 4951 2277 5023 qui
2316 4955 2614 5023 requiescit
2649 4955 2705 5007 in
2737 4954 2944 5009 sanctis
2969 4954 3106 5008 suis.

2136 5064 2534 5135 Compassione
2561 5068 2673 5131 illa,
2704 5072 2827 5137 (ιυω
2852 5076 2935 5120 est
2966 5066 3019 5120 in
3048 5078 3119 5129 te,
3155 5066 3379 5136 dignum
3414 5079 3499 5118 me
3532 5063 3638 5130 fac,

2065 5174 2098 5214 ο
2136 5158 2323 5230 Virgo,
2354 5174 2476 5229 quae
2502 5156 2737 5214 Verbum
2760 5157 3041 5230 peperisti,
3066 5158 3244 5212 solum
3274 5169 3400 5211 vere
3427 5169 3645 5210 summa

2066 5254 2454 5325 eompassione
2486 5254 2731 5325 plenum,
2772 5253 2867 5324 qui
2917 5253 3160 5307 medicos
3207 5265 3270 5305 ac
3303 5249 3647 5303 tbaumatnr—

2067 5364 2162 5420 gos
2197 5349 2249 5402 in
2291 5348 2577 5419 prodigiis,
2642 5347 3045 5418 eompassionis
3109 5345 3162 5400 in
3214 5357 3313 5399 nos
3363 5348 3645 5409 compotes

2065 5443 2265 5499 effecit.

2154 5536 2491 5606 Sapientiam
2527 5536 2619 5592 Dei
2674 5536 3063 5592 subsistentem
3095 5532 3352 5604 genuisti,
3387 5547 3420 5588 ο
3467 5532 3648 5588 invio-

2069 5630 2177 5685 lata
2233 5627 2395 5701 Virgo
2452 5630 2708 5700 Deipara,
2771 5645 2894 5699 qua:
2941 5637 3162 5683 sanctos
3207 5627 3648 5696 sapientissimos

2069 5724 2284 5791 effecit;
2333 5740 2429 5795 per
2481 5740 2620 5795 quos
2672 5723 2893 5794 maligni
2947 5720 3206 5790 sophista:
3265 5721 3535 5792 jactantia
3594 5729 3650 5776 et

2070 5816 2300 5873 hostiles
2331 5827 2483 5873 astus
2514 5817 2852 5873 ceciderunt.

2145 5909 2433 5984 Templum
2473 5925 2674 5984 purum
2704 5906 2881 5967 eﬁ‘ecit
2905 5919 2977 5978 te,
3004 5904 3259 5973 Domina,
3288 5904 3648 5978 purissimum
