4038 6602
354 458 488 522 1233

1741 438 2102 500 MARIALE.

3443 427 3580 502 1234

346 563 975 642 ὑπάρχεις,πανάμωμε,
1005 559 1128 614 ὅθεν
1153 557 1247 612 σοῦ
1275 557 1487 625 δέομαι,
1514 552 1911 623 συμπτωθέντα
1945 603 1946 610 η

2050 558 2164 605 lant
2191 544 2534 603 conlirmatio
2569 558 2650 608 es,
2688 557 2720 597 ο
2753 541 3015 597 immunis
3050 540 3119 594 ab
3151 540 3303 595 omni
3331 544 3587 602 macula:

349 681 451 735 μου
499 661 591 714 τὸν
642 654 765 710 νοῦν
819 655 886 724 τῇ
943 649 1191 723 ἁμαρτίᾳ
1243 647 1572 718 ἀνόρθωσον,
1615 645 1912 708 Δέσποινα,

347 759 492 818 ὅπως
515 751 720 819 δοξάζω
755 765 835 802 σε.

430 847 489 898 '0
539 841 952 911 ἀπερίγραπτος
1025 833 1244 895 κόλποις
1272 829 1504 900 Πατρός,
1557 827 1777 888 κόλποις
1815 826 1915 894 τῆς

351 938 570 1008 Μητρὸς
603 931 880 1006 σαρκικῶς
912 927 1310 1000 περιγράφεται
1340 921 1594 992 Χριστὸς,
1630 919 1765 990 μετὰ
1787 917 1914 1008 γέν-

352 1005 506 1095 νησιν
544 1023 748 1092 ταύτην
770 1019 943 1090 ἀληθῆ
999 1016 1268 1088 παρθένον
1300 1013 1440 1081 ὑπὲρ
1493 1010 1616 1064 νοῦν
1653 1005 1914 1078 διαφυλά-

354 1118 470 1182 ξας.
526 1108 569 1182 ᾧ
626 1111 1026 1184 μεγαλοφὼνως
1081 1108 1292 1178 βοῶμεν
1323 1120 1337 1137 ο
1367 1105 1625 1176 ᾊσωμεν
1666 1100 1746 1170 τῷ
1797 1095 1917 1167 Θεῷ

356 1209 531 1278 ήμῶν,
555 1207 636 1260 ὅτι
655 1205 993 1270 δεδόξασται.

436 1299 673 1352 Ῥανίσιν
728 1296 909 1358 ἐλέους
965 1310 1084 1358 σου,
1132 1290 1400 1363 Παρθένε,
1459 1289 1586 1352 τοὺς
1637 1287 1918 1360 ἄνθρακας

356 1389 547 1442 σϐέσον
605 1385 712 1439 τῶν
763 1383 912 1452 ἐμῶν
980 1381 1416 1453 ἁμαρτημάτων,
1485 1379 1766 1446 πάναγνε,
1825 1375 1921 1429 καὶ

357 1478 680 1549 ἐσϐεσμένον
713 1476 1021 1545 ἄναψοντδν
1051 1473 1240 1544 λύχνον
1261 1473 1359 1542 τῆς
1387 1470 1616 1542 καρδίας
1650 1486 1751 1540 μου
1786 1484 1917 1540 χρυο

359 1572 420 1640 σῇ
458 1567 667 1638 λυχνίᾳ,
705 1567 1034 1635 πανόιμιιιμε.
1494 1564 1500 1570 ’

427 1659 570 1722 Νοῦς
605 1659 725 1711 οὐδὲ
772 1657 1024 1727 οὐράνιος
1081 1655 1180 1724 τὴν
1221 1652 1363 1724 ὑπὲρ
1399 1651 1524 1707 νοῦν
1567 1667 1662 1703 σου
1712 1648 1925 1720 λοχείαν

358 1751 724 1821 διερμηνεύει,
766 1751 938 1820 Κόρη·
976 1746 1069 1800 νοῦ
1102 1746 1210 1817 γὰρ
1243 1745 1338 1798 τοῦ
1369 1742 1589 1815 πρώτου
1629 1743 1688 1796 ὲν
1725 1739 1926 1810 γαστρὶ

361 1845 550 1911 Λόγον,
585 1841 744 1912 ἁγνὴ,
773 1839 1065 1903 συνέλαόες
1093 1837 1185 1892 τὸν
1234 1835 1305 1892 τὰ
1340 1835 1517 1890 πάντα
1546 1831 1692 1903 λόγῳ
1722 1847 1923 1901 συστη-

360 1941 428 1992 σά
435 1954 616 2007 μενον.

432 2028 500 2080 Σὲ
525 2025 920 2095 τδίλαστήριον
966 2023 1185 2076 πάντων
1233 2019 1438 2092 βροτῶν
1481 2016 1664 2070 πίστει
1701 2010 1930 2066 ίκετεύω

363 2122 456 2176 καὶ
480 2122 692 2192 δέομαι,
739 2119 1100 2189 εὐλογημένη,
1140 2115 1298 2168 ἴλεών
1334 2129 1425 2183 μοι
1465 2111 1556 2164 τὸν
1599 2107 1792 2180 κριτὴν
1837 2104 1932 2159 τὸν

364 2215 452 2267 σὺν
475 2214 601 2268 Υίδν
621 2212 835 2283 ἁπέργα
847 2227 958 2275 σαι,
985 2210 1134 2269 ὅπως
1160 2202 1479 2276 καταχρέως
1505 2201 1712 2267 δοξάζω
1743 2215 1822 2252 σε.

444 2390 774 2466 ⁶Επ“ιθρόνου
804 2389 1116 2461 ἐπηρμένου
1152 2385 1399 2458 φοϐερῶς
1421 2387 1449 2438 ὁ
1484 2383 1794 2453 καθήμενος
1823 2391 1931 2450 μη-

367 2491 576 2558 τρικαῖς
600 2485 866 2554 ἀγκάλαις
899 2483 1097 2555 βρέφος
1126 2479 1472 2551 χρηματίσας
1490 2471 1801 2538 καθέζεται,
1833 2473 1934 2543 τὴν

368 2581 788 2653 συμπτωθεῖσαν
810 2578 992 2632 εἰκόνα
1025 2571 1441 2643 ἅνορθούμενος,
1482 2569 1575 2624 καὶ
1598 2568 1698 2641 τὴν
1737 2567 1935 2621 θέωσιν

370 2677 476 2737 τοῖς
508 2672 567 2739 ἐξ
611 2673 780 2742 Ἀδὰμ
804 2669 1188 2742 χαριζόμενος.

437 2786 574 2848 Νοός
613 2801 714 2856 μου
741 2783 1076 2854 θεράπευσον
1119 2779 1217 2842 τὰς
1272 2775 1566 2847 ἐκτροπὰς,
1604 2770 1937 2842 πανάμωμε,

373 2879 522 2933 ίασαι
561 2877 630 2932 τὰ
658 2877 804 2946 πάθη
837 2875 934 2945 τῆς
956 2872 1132 2943 ψυχῆς
1159 2889 1282 2941 μου,
1315 2869 1413 2936 τῆς
1443 2865 1719 2938 ῥᾳθυμίας
1748 2863 1939 2925 σκότος

373 2971 664 3036 ἁπέλασον,
712 2970 858 3031 ὅπως
908 2969 965 3019 ὲν
995 2965 1202 3020 αἰνέσει
1233 2979 1293 3016 σε
1337 2962 1490 3032 ὐμνῶ
1522 2961 1622 3029 τήν
1669 2955 1942 3027 ὰειμακόι-

378 3079 578 3134 ριστον,
616 3063 844 3114 Θεοτόκε
875 3059 1013 3112 πανύ
1023 3074 1215 3128 μνητε.

456 3153 518 3206 Ἣ
547 3150 844 3222 τὸνἏμνὺν
874 3151 966 3203 καὶ
989 3149 1189 3220 Κύριον
1208 3147 1460 3217 κυήσασα
1487 3139 1943 3214 σαρκῌῖσρθένε,

2021 642 2161 698 unde
2211 649 2262 696 te
2301 655 2512 710 precor,
2539 653 2573 694 ο
2618 635 2866 699 Domina,
2922 635 3068 706 erige
3114 644 3350 690 mentem
3404 653 3573 692 meat?

2020 743 2240 804 peccato
2274 733 2590 801 collapsam,
2628 738 2687 783 ut
2722 728 3016 798 gloriﬁcent
3056 738 3126 782 te.

2091 823 2600 892 lncircumscriptus
2655 821 2710 874 in
2735 819 2861 876 sinu
2912 820 3113 885 Patris,
3143 821 3196 874 in
3239 819 3426 874 Matris
3450 822 3580 874 sinu

2019 918 2320 973 secundum
2355 927 2574 970 carnem
2615 912 2865 968 Christus
2915 912 3411 976 circumscribitur,
3447 926 3582 967 con-

2021 1022 2246 1062 servans
2276 1007 2421 1060 illam
2470 1019 2636 1073 supra
2672 1002 2872 1057 mentis
2910 1011 3154 1072 captum.
3191 1003 3456 1073 virginem
3491 1019 3583 1057 vc—

2021 1116 2138 1155 ram
2166 1107 2287 1171 post
2313 1107 2561 1168 partum:
2587 1095 2654 1150 ad
2685 1109 2846 1165 quem
2871 1109 3066 1164 magna
3084 1109 3217 1148 voce
3242 1095 3584 1148 clamamus:

2023 1192 2316 1246 Cantemus
2345 1188 2454 1244 Deo
2481 1195 2692 1250 nostro,
2728 1184 2986 1254 quoniam
3016 1185 3357 1255 glorilicatus
3389 1197 3496 1240 est.

2094 1282 2265 1338 Stillis
2324 1275 2711 1335 misericordiae
2745 1284 2873 1337 tum,
2923 1289 2956 1328 0
3015 1275 3183 1346 Virgo
3245 1275 3580 1333 castissima.

2027 1374 2312 1444 exstingue
2383 1370 2654 1427 carbones
2739 1377 3089 1436 peccatorum
3165 1384 3455 1430 meorum;
3541 1377 3595 1420 et

2025 1468 2281 1540 lychnum
2307 1464 2490 1521 cordis
2512 1462 2620 1518 mei
2647 1460 2983 1516 exstinctum
3017 1461 3276 1526 accende,
3305 1477 3338 1516 ο
3371 1461 3590 1515 lucerna

2026 1574 2210 1623 aurea,
2235 1556 2766 1613 immaculatissima.

2087 1649 2165 1707 Ne
2211 1651 2449 1706 cmlestis
2495 1649 2716 1720 quidem
2779 1665 2936 1706 mens
2992 1656 3208 1719 partum
3268 1657 3444 1705 tuum,
3495 1643 3596 1710 qui

2027 1757 2245 1798 omnem
2279 1751 2502 1811 superat
2531 1750 2790 1807 mentem,
2835 1740 3113 1809 explicare
3141 1737 3301 1800 valet,
3335 1751 3368 1789 o
3404 1736 3582 1805 puella

2029 1839 2197 1887 casta.
2255 1830 2450 1884 Primae
2484 1830 2628 1885 enim
2673 1831 2873 1886 mentis
2919 1829 3181 1892 Verbum,
3232 1826 3376 1897 quod
3409 1825 3599 1880 omnia

1956 1893 2001 1952 Β
2032 1923 2196 1978 νει-ϋο
2226 1923 2436 1986 statuit,
2476 1923 2532 1976 in
2570 1932 2724 1977 utero
2755 1931 2848 1977 ttto
2877 1921 3201 1989 concepisti.

2109 2009 2186 2065 Te
2246 2011 2490 2066 omnium
2533 2011 2814 2066 hominum
2851 2010 3290 2082 propitiatorium
3325 2023 3450 2062 cum
3501 2005 3606 2061 ﬁde

2035 2118 2167 2173 rogo
2228 2118 2293 2157 ac
2321 2103 2608 2172 deprecor.
2665 2117 2700 2157 ο
2743 2103 3028 2157 benedicta
3067 2121 3079 2156 :
3118 2101 3410 2172 propitium
3469 2099 3610 2153 mihi

2033 2197 2196 2255 redde
2250 2196 2494 2252 Judicem
2527 2193 2724 2250 Filium
2758 2204 2932 2260 tuum,
2967 2207 3026 2250 ut
3054 2204 3104 2250 te
3133 2209 3231 2266 pro
3266 2193 3451 2248 debito
3484 2191 3600 2263 gloo

2034 2287 2260 2342 riﬁceln.

2101 2379 2204 2445 Qui
2263 2389 2429 2450 Super
2462 2380 2720 2436 thronum
2753 2379 3024 2433 elevatutn
3059 2378 3379 2434 terribiliter
3417 2378 3595 2440 sedet.

2035 2469 2091 2525 in
2122 2463 2282 2540 212
2345 2471 2488 2526 ulnis
2546 2472 2832 2534 maternis,
2893 2473 3072 2526 factus
3129 2471 3334 2536 infans,
3378 2471 3612 2532 residet,

2037 2565 2252 2634 erigens
2277 2565 2564 2634 imaginem
2598 2565 2919 2634 collapsam,
2953 2573 3008 2618 et
3056 2563 3456 2620 deillcationetn
3484 2563 3614 2617 ﬁliis

2039 2654 2166 2710 Adae
2191 2654 2428 2724 gratiose
2453 2655 2789 2725 impertiens.

2113 2766 2310 2823 Mentis
2341 2783 2476 2823 mea:
2493 2769 2841 2837 evagationes
2868 2783 3024 2835 cura,
3058 2783 3090 2822 ο
3125 2767 3455 2839 purissima;
3485 2782 3610 2837 pas-

2043 2858 2291 2914 sionibus
2320 2859 2517 2914 animae
2545 2875 2678 2914 mea:
2706 2858 2952 2924 medere;
2986 2859 3326 2929 negligentiae
3357 2860 3613 2913 tenebras

2015 2951 2281 3019 'expelle;
2309 2958 2368 3004 ut
2393 2958 2446 3004 te
2494 2965 2707 3019 semper
2750 2950 3127 3005 beatissimam
3176 2947 3426 3004 laudibus
3469 2951 3614 3004 cele-

2045 3045 2206 3097 brare
2232 3041 2460 3111 possim,
2495 3057 2528 3097 o
2554 3041 2784 3111 Deipara
2803 3041 2953 3096 omni
2986 3042 3149 3096 laude
3175 3042 3516 3110 dignissima.

2118 3132 2163 3188 Ο
2197 3132 2364 3204 Virgo
2391 3133 2589 3203 puella,
2624 3133 3009 3196 immaculata,
3040 3147 3105 3187 ac
3130 3133 3464 3196 veneranda,
3497 3148 3615 3201 qua:

379 3245 512 3316 μόνη
543 3244 830 3314 ἀμόλυντε,
874 3240 1068 3312 σεμνὴ.
1099 3239 1219 3294 θεία
1260 3236 1483 3304 κιϐωτὲ,
1516 3233 1689 3306 σέπτὴ
1716 3231 1938 3302 λυχνία,

2050 3228 2259 3297 Agnum
2302 3240 2366 3280 ac
2421 3225 2706 3279 Dominum
2753 3225 2809 3278 in
2864 3236 3032 3279 carne
3088 3225 3384 3294 peperisti;
3419 3240 3452 3277 ο
3483 3241 3611 3278 area

376 3334 473 3406 τὴν
501 3335 683 3405 ψυχήν
713 3351 813 3405 μου
841 3331 1212 3400 καταύγασον.

457 3520 526 3574 Ἦ
559 3521 693 3590 μόνη
731 3520 948 3573 πάντων
995 3517 1240 3587 βοήθεια,
1295 3515 1563 3586 βοήθησον
1594 3512 1730 3581 ἡμῖν
1773 3507 1951 3562 κινδυ-

381 3612 614 3672 νεύουσι,
651 3613 744 3664 καὶ
777 3615 933 3683 χεῖρα
983 3609 1194 3679 ὄρεξον,
1245 3607 1340 3660 καὶ
1371 3605 1506 3678 πρὸς
1539 3604 1766 3676 λιμένας
1797 3600 1956 3672 ἐμϐί-

381 3705 544 3757 6ασον
572 3703 672 3773 τῆς
701 3703 992 3772 σωτηρίας,
1027 3701 1179 3772 Κόρη
1218 3698 1598 3768 θεοχαρίτωτε.

469 3889 773 3958 Ἦφάνισας
821 3885 920 3956 τῆς
973 3883 1343 3956 προμήτορος,
1385 3880 1561 3950 Κόρη,
1618 3879 1679 3931 τὸ
1730 3876 1957 3940 ὄνειδοςν

386 3985 660 4051 εὐλογίαις
700 3983 791 4033 τὸν
837 3982 984 4050 ἡμᾶς
1020 3975 1388 4048 στεφανοῦντα
1417 3978 1688 4044 κυήσασα,
1734 3973 1830 4026 καὶ
1860 3971 1958 4044 τὴν

386 4077 562 4148 λύπην
585 4076 786 4145 ταύτης
815 4077 893 4136 είς
924 4072 1119 4144 χαρὰν,
1153 4069 1352 4138 ἀγαθὴ,
1393 4067 1779 4138 μετενήνοχας.

476 4164 1116 4222 Ἀναλλοίωτοντεκοῦσα
1148 4163 1282 4232 μόνη
1313 4160 1536 4230 Κύριον.
1569 4157 1956 4228 θεοχαρίτωτε,

387 4259 455 4333 τῇ
481 4260 630 4330 δεξιᾷ
658 4258 850 4323 αὐτοῦ,
898 4257 1059 4325 ἁγνὴ,
1095 4250 1388 4308 ἁλλοιῶσαί
1422 4269 1522 4320 μου
1566 4250 1658 4300 τὸν
1688 4247 1810 4302 νοῦν
1849 4247 1960 4299 ίκέ-

389 4368 512 4405 τευε
553 4351 688 4421 πρὸς
749 4348 814 4400 τὶ
876 4348 1186 4416 κρείττονα,
1257 4342 1446 4406 δεινῶς
1495 4338 1963 4411 περιτρεπόμενον

389 4447 511 4508 ταῖς
537 4443 630 4497 τοῦ
656 4442 771 4513 βίου
801 4438 1100 4509 ἀσχολίαις.

2038 3317 2252 3382 divina,
2285 3313 3061 3379 ocandelabrumvenerabile,
3107 3313 3356 3367 illumina
3379 3313 3614 3366 animam

2052 3424 2252 3464 meam.

2121 3501 2166 3558 Ο
2196 3502 2393 3572 puella.
2425 3501 2610 3555 divina
2657 3499 2828 3568 gratia
2853 3499 3318 3564 cumulatissima,
3355 3507 3476 3566 quas
3502 3497 3615 3551 sola

2055 3611 2115 3652 es
2142 3596 2385 3650 omnium
2411 3594 2701 3654 auxilium,
2747 3592 3016 3646 auxiliare
3060 3591 3219 3645 nobis
3269 3589 3623 3660 periclitanti-

2057 3690 2177 3749 bus,
2206 3696 2259 3742 et
2288 3701 2509 3741 manum
2542 3685 2700 3740 nobis
2733 3685 3021 3755 porrigens
3053 3683 3118 3737 ad
3169 3692 3390 3753 portum
3427 3680 3638 3736 salutis.

2057 3780 2230 3835 deduc
2261 3794 2381 3833 nos.

2129 3871 2373 3926 Dedecus
2399 3870 2589 3940 prima:
2620 3868 2746 3922 Matt
2765 3869 2810 3924 is
2837 3865 3142 3929 abolevisti,
3169 3881 3201 3919 ο
3228 3865 3430 3935 puclla,
3473 3864 3624 3917 illum

2059 3965 2240 4026 enixa,
2283 3965 2373 4032 qui
2404 3978 2501 4018 uos
2556 3961 3027 4016 benedictionibus
3051 3971 3306 4023 coronat;
3342 3967 3395 4012 et
3430 3973 3632 4011 mer-

2061 4071 2172 4110 rem
2194 4054 2312 4124 ejus
2342 4055 2392 4108 in
2426 4054 2703 4123 gaudium,
2731 4069 2763 4107 ο
2801 4051 3217 4122 benignissima,
3256 4050 3626 4104 commutasti.

2142 4146 2188 4200 0
2232 4156 2405 4210 casta,
2438 4145 2548 4199 Deo
2573 4145 2922 4208 charissima,
2955 4157 3077 4213 qua:
3101 4143 3214 4197 sola
3241 4143 3628 4197 immutabilem

2065 4235 2354 4293 Dominum
2387 4237 2666 4307 peperisti,
2710 4251 2936 4306 precare
2968 4246 3028 4290 ttt
3069 4235 3292 4289 dextera
3324 4251 3423 4289 sua
3454 4243 3640 4288 mutet-

2064 4339 2302 4386 mentem
2325 4344 2499 4384 meam
2525 4329 2590 4382 ad
2625 4329 2871 4392 meliora,
2903 4343 3024 4399 quae
3049 4328 3284 4398 graviter
3317 4328 3440 4380 vita:
3467 4337 3633 4380 occu-

2068 4424 2385 4496 pationibus
2405 4423 2882 4478 circumvolvitur.

467 4553 876 4627 Σωματωϐέντα
906 4551 1080 4619 Λόγον
1111 4545 1534 4619 ἁνερμηνεύτως
1559 4545 1788 4608 τίκτεις,
1816 4541 1946 4610 ἁγνῦ

2129 4537 2371 4594 Verbum
2401 4546 2748 4607 corporat-unt
2775 4532 3140 4604 inexplicabili
3166 4532 3328 4586 modo
3354 4531 3634 4600 peperisti,

396 4651 662 4723 ῐιαρϐένε,
694 4649 819 4711 τοὺς
869 4643 1278 4715 κραυγὰζοντας
1311 4639 1542 4692 Θανάτου
1571 4635 1958 4706 λυτρούμενον·

406 4747 467 4798 '0
492 4743 602 4797 τῶν
632 4740 885 4810 πατέρων
905 4734 1058 4800 Θεὸς,
1086 4732 1373 4803 εὐλογητὸς
1404 4726 1476 4788 εἷ.

478 4834 715 4906 Ὠρὰθης
768 4830 1018 4900 ἀγγέλων
1071 4827 1370 4897 ὐπερτέρα,
1443 4824 1576 4878 Θεὸν
1642 4823 1969 4895 ἀπορρήτως

405 4927 822 5000 σωματώσασαο
865 4923 1053 4975 τοῦτον
1095 4916 1187 4974 οῦν
1227 4918 1461 4985 ἱκέτευε,
1500 4917 1770 4970 Δέσποινα
1833 4931 1972 4969 παν-

405 5027 626 5094 ἀμωμε,
654 5020 764 5072 τῶν
795 5014 1074 5087 σαρκικῶν
1092 5012 1364 5083 ἀνώτερον
1395 5011 1584 5064 παθῶν
1612 5009 1866 5080 γενέσθαι
1905 5025 1972 5074 με

405 5115 528 5177 νοὸς
553 5115 612 5166 ὲν
648 5109 826 5180 ὑψηλῇ
872 5103 1199 5162 ταπεινώσει
1234 5100 1707 5172 ἀνυμνολογοῦντα
1742 5098 1838 5170 τὴν
1874 5098 1974 5170 σήν

409 5222 675 5296 μεγίστην
701 5219 884 5289 χάριν.

477 5317 600 5370 Τῶν
620 5312 805 5367 κακῶν
835 5328 937 5381 μου
958 5309 1020 5362 τὸ
1033 5307 1268 5374 πέλαγος
1289 5304 1542 5376 ξήρανον,
1573 5299 1978 5370 εὐσπλαγχνίας

409 5409 664 5480 κυήσασα
689 5404 922 5470 πέλαγος
951 5400 1044 5452 τὸν
1068 5397 1364 5468 Λυτρωτὴν
1397 5396 1491 5448 καὶ⁵
1515 5393 1739 5463 Κύριον,
1773 5385 1817 5460 ᾧ
1842 5392 1978 5461 βοῶ-

415 5520 538 5568 μεν,
565 5496 810 5569 Παρθένε
843 5510 858 5524 ·
893 5493 1077 5547 Πάντα
1126 5490 1196 5544 τὰ
1241 5489 1402 5561 ἔργα,
1430 5487 1726 5554 εὐλογεῖτε,
1757 5485 1980 5554 ὑμνεῖτε

410 5595 506 5650 τὸν
536 5590 759 5659 Κύριον.

487 5683 750 5745 Φώτισον,
800 5677 960 5746 ἁγνὴ,
997 5673 1175 5744 ψυχῆς
1232 5688 1332 5741 μου
1381 5669 1448 5722 τὰ
1498 5669 1746 5737 ὄμματα,
1801 5665 1982 5734 φῶςή

419 5777 693 5848 κυήσασα,
723 5771 798 5842 μὴ
839 5767 1192 5823 καταλαὸέτω
1228 5781 1293 5833 με
1341 5765 1439 5828 τῆς
1476 5761 1751 5831 ἁμαρτίας
1797 5757 1985 5820 σκότος

424 5868 743 5944 βαθύτατον,
767 5861 841 5934 μὴ
867 5861 922 5915 δὲ
955 5858 1116 5931 βυθὸς
1143 5855 1356 5926 καλύψῃ
1388 5871 1452 5926 με
1473 5856 1569 5925 τῆς
1600 5850 1983 5921 ἀπογνώσεως,

2068 4647 2100 4688 o
2132 4632 2295 4703 Virgo
2323 4642 2490 4693 casta,
2521 4629 2667 4700 quod
2697 4629 2918 4684 redimit
2947 4645 2975 4681 a
3022 4638 3197 4682 morte
3241 4643 3360 4691 eos,
3396 4624 3488 4693 qui
3522 4625 3638 4678 cla-

2071 4734 2218 4779 mant
2253 4742 2266 4778 :
2299 4723 2624 4780 Benedictus
2660 4737 2740 4786 es,
2785 4721 2926 4775 Deus
2953 4730 3165 4791 patrum
3195 4728 3532 4774 nostrorum.

2135 4815 2444 4886 Apparnisti
2475 4815 2680 4883 angelis
2716 4813 3010 4868 sublimior
3060 4829 3185 4868 cum
3226 4814 3392 4866 Deum
3440 4809 3638 4865 ineﬂ’a-

2073 4905 2254 4960 biliter
2283 4906 2609 4974 corporasti.
2657 4903 2920 4958 Eumdem
2961 4919 3090 4972 ergo
3122 4903 3434 4970 deprecare,
3481 4919 3514 4955 ο
3539 4903 3645 4958 Do-

2075 4997 2223 5050 mina
2253 4995 2322 5050 ab
2351 4994 2500 5048 omni
2538 4995 2658 5048 labe
2686 5010 2842 5062 pura,
2867 5004 2928 5048 ut
2963 5008 3049 5047 me
3075 4993 3392 5048 carnalibus
3432 4992 3643 5060 passio-

2076 5089 2236 5143 nibus
2265 5087 2602 5156 superiorem
2638 5086 2930 5150 clliciat,iu
2976 5086 3198 5141 sublimi
3232 5085 3440 5140 mentis
3462 5085 3647 5140 humi-

2078 5184 2230 5238 litate
2283 5181 2498 5252 hymnis
2571 5179 2938 5248 celebrantem
2999 5178 3295 5233 maximam
3375 5178 3631 5248 gratiam.

2145 5295 2408 5350 Malorum
2435 5307 2682 5347 meorum
2730 5291 2981 5362 pelagum
3031 5291 3269 5353 exsicca,
3299 5305 3332 5346 0
3376 5289 3560 5360 Virgo,
3591 5299 3646 5344 tu

2081 5405 2202 5459 quae
2232 5385 2621 5442 misericordiae
2643 5384 2892 5453 pelagum
2920 5383 3340 5451 Redemptoretn
3371 5400 3436 5438 ac
3465 5383 3652 5436 Domi.

2082 5495 2212 5535 num
2238 5477 2514 5550 peperisti,
2550 5477 2637 5532 cui
2663 5475 3064 5531 vociferamur:
3097 5474 3435 5541 Benctlicite,
3466 5477 3650 5530 utttnia

2085 5588 2269 5643 opera,
2308 5579 2362 5626 et
2392 5569 2610 5625 laudate
2634 5569 2944 5623 Dominum.

2156 5664 2429 5727 llluntina,
2483 5680 2516 5714 ο
2571 5672 2745 5728 casta,
2780 5663 2972 5717 oculos
3027 5663 3225 5716 mentis
3255 5678 3408 5727 mere,
3445 5672 3501 5716 tu
3534 5678 3655 5729 quae

2088 5759 2266 5814 lucem
2326 5757 2625 5826 peperisti;
2685 5772 2753 5809 ne
2805 5771 2893 5809 tne
2949 5755 3397 5825 profundissimam:
3449 5763 3654 5823 petzcatt

2092 5849 2322 5906 tenebrae
2344 5847 2771 5918 deprehendant,
2806 5863 2979 5917 neque
3005 5846 3404 5918 desperationis
3423 5845 3661 5920 abyssus
