4038 6608
487 432 624 497 1235

1619 441 1679 501 S.
1713 443 2025 503 JOSEPHI
2063 442 2623 504 IIYMNOGRAPIII

3566 446 3681 513 19.36

484 545 776 603 absorbeat
803 563 890 604 me
922 567 936 604 :
975 547 1068 604 sed
1097 557 1151 605 tu
1183 550 1344 621 213
1384 550 1592 606 salvum
1626 569 1710 609 me
1743 554 1851 621 fac,
1892 567 2057 627 atque

2165 557 2276 612 ἀλλ’
2320 556 2459 628 αὐτή
2496 573 2563 627 με
2616 554 2793 608 σῶσον
2850 554 2942 608 καὶ
2976 552 3310 625 κυϐέρνησω
3360 552 3484 624 πρὸς
3515 554 3681 625 λιμένα

481 640 548 690 a.l
602 647 818 708 portum
871 639 1070 696 divina:
1143 641 1440 696 voluntatis
1510 643 1863 712 gubernatrix
1938 656 2057 701 esto

485 732 642 789 mihi.

553 825 700 880 Luce
730 834 819 880 tua
851 825 1050 880 irradia
1084 840 1205 892 me,
1254 840 1286 880 ο
1315 824 1516 880 munda
1567 826 1636 881 ab
1688 828 1836 882 omni
1884 845 2056 897 nzevo,

480 933 603 988 quae
637 919 813 975 lucem
849 918 1283 974 inaccessibilem
1309 919 1602 989 peperisti;
1636 922 1839 992 dissipa
1874 922 2057 977 nubila

482 1013 681 1069 anima:
712 1002 863 1078 meae,
893 1025 946 1069 et
977 1030 1007 1069 a
1039 1015 1276 1070 tenebris
1306 1016 1454 1086 eripe
1480 1032 1564 1071 me
1583 1058 1596 1081 ,
1628 1018 1857 1074 obsecro
1877 1060 1892 1084 ,
1918 1020 2059 1075 divi-

485 1122 679 1177 naeque
713 1108 909 1163 salutis
947 1107 1172 1178 dignum
1203 1107 1289 1165 fac
1321 1126 1440 1176 me,
1487 1118 1547 1166 ut
1577 1111 1792 1167 laudem
1822 1123 1874 1168 te
1908 1114 2057 1169 onmi

485 1197 645 1254 laude
672 1197 1074 1269 dignissimam.

2164 652 2259 705 τοῦ
2291 650 2436 704 θείου
2470 649 2797 719 θελήματος.

2237 836 2380 891 Φωτί
2413 853 2481 903 με
2511 834 2857 903 καταύγασον
2888 833 2965 904 τῷ
3000 832 3098 903 σῷ,
3131 832 3452 901 πανάμωμε,
3472 833 3503 903 ἠ
3524 834 3685 886 taxati-

2168 947 2235 983 σα
2262 930 2377 997 φῶς
2401 927 2716 998 ἀπρόσιτον,
2744 926 2907 979 λῦσον
2963 923 3032 978 τὰ
3080 923 3217 994 νέφη
3249 923 3346 993 τῆς
3388 923 3548 995 ψυχῆς
3580 942 3683 995 μου,

2162 1021 2254 1074 καὶ
2280 1019 2506 1081 σκότους
2530 1035 2595 1088 με
2627 1016 2955 1088 ἐξάρπασον,
2991 1015 3209 1085 δέομαι,
3241 1013 3335 1069 καὶ
3375 1014 3514 1079 θείας
3539 1033 3688 1088 σωτη-

2166 1113 2287 1185 ρίας
2318 1112 2566 1178 ἀξῖωσον,
2600 1111 2688 1165 ἵνα
2712 1109 2868 1181 ὑμνῶ
2891 1126 2949 1163 σε
2975 1110 3078 1181 τὴν
3114 1108 3480 1179 πανύμνητον.

1210 1312 1294 1367 Ea:
1325 1313 1538 1369 Canone
1566 1316 1621 1370 in
1652 1313 1755 1371 SS.
1800 1315 2134 1374 Galatioucm
2183 1332 2232 1377 et
2274 1320 2571 1392 Epistemen
2609 1322 2786 1394 (92"),
2824 1322 2910 1377 die
2935 1320 2987 1377 5.

556 1422 878 1481 Praesidium
910 1426 1296 1483 tribulatorum
1320 1468 1335 1491 ,
1369 1428 1519 1485 salus
1551 1436 1607 1484 et
1649 1444 1773 1500 spes
1802 1430 2062 1501 despera-

486 1524 703 1583 torum,
746 1518 975 1589 Deipara
1024 1521 1172 1576 omni
1214 1521 1371 1576 laude
1404 1522 1757 1589 celebranda,
1802 1522 2066 1593 impensis

488 1610 744 1677 precibus
781 1626 878 1665 ora
926 1626 1025 1680 pro
1060 1612 1247 1676 nobis,
1282 1621 1343 1667 ut
1381 1627 1410 1666 a
1451 1614 1711 1682 periculis
1747 1615 2063 1670 liberemur.

562 1702 809 1759 Dissolre
869 1705 1021 1759 cordi
1058 1719 1180 1759 meo
1214 1703 1603 1761 circumfusam
1656 1707 1876 1773 nubem,
1913 1724 1946 1763 0
1980 1724 2071 1763 ca-

488 1794 737 1850 stissima
760 1810 776 1861 ;
802 1794 988 1850 evibra
1017 1795 1071 1849 in
1096 1812 1181 1851 me
1209 1796 1421 1852 radium
1457 1812 1597 1852 vera:
1636 1798 2001 1867 poenitentize,
2037 1814 2070 1852 ο

492 1897 649 1956 porta
698 1886 838 1942 lucis
887 1887 1209 1954 benedicta,
1250 1897 1414 1960 atque
1460 1889 1775 1945 omnimoda
1830 1892 2064 1961 puritate

491 1987 773 2045 exornata,
797 1989 852 2035 et
878 1982 1138 2047 conCede,
1172 1990 1233 2037 ut
1254 1982 1397 2039 sicut
1428 1984 1482 2038 in
1505 1983 1593 2039 die
1625 1984 1847 2040 honeste
1874 1984 2065 2039 ambu-

490 2070 597 2126 lem
628 2072 682 2127 in
714 2074 996 2143 praeceptis
1030 2073 1143 2129 Dei.

561 2161 646 2219 Me
676 2164 857 2220 noxiis
885 2165 1271 2223 affectionibus
1305 2178 1645 2239 peremptum
1691 2184 1754 2223 ac
1785 2178 2063 2241 mortuum

488 2256 727 2323 viviﬁca,
759 2274 792 2313 ο
821 2260 1024 2330 puella,
1050 2276 1173 2330 quae
1201 2261 1366 2315 vitam
1400 2262 1543 2315 illam
1581 2262 1862 2332 peperisti,
1896 2278 1925 2316 a
1958 2277 2066 2332 qua

492 2351 752 2407 universa
783 2352 977 2407 mortis
1004 2351 1086 2408 vis
1110 2363 1166 2408 et
1192 2354 1432 2422 potentia
1463 2354 1730 2411 dissoluta
1761 2364 1864 2410 est.

563 2441 772 2513 Lingua
805 2444 1198 2513 terrigenarum
1235 2461 1580 2515 nequaquam
1613 2446 1810 2501 suﬂicit
1844 2445 1910 2500 ad
1947 2446 2066 2500 lau-

491 2534 728 2591 dandam
771 2543 844 2599 te,
880 2551 1001 2604 quae
1031 2535 1123 2589 Dei
1165 2537 1401 2608 genitrix
1444 2537 1585 2591 facta
1622 2553 1716 2600 es,
1750 2553 1783 2591 ο
1824 2537 2068 2591 Domini-

493 2640 650 2695 para,
679 2636 732 2680 et
760 2624 924 2697 Virgo
954 2626 1492 2691 immaculatissima,
1533 2638 1695 2700 atque
1721 2629 2067 2686 Christiano-

495 2733 616 2773 rum
657 2717 995 2789 confugium.

2238 1434 2498 1505 Peperisti
2532 1436 2585 1489 in
2614 1444 2857 1503 tempore
2891 1431 3152 1502 temporis
3202 1437 3492 1499 expertem,
3515 1443 3694 1483 osanc—

2163 1529 2375 1583 tissima
2398 1568 2413 1594 ,
2446 1527 2721 1582 hominem
2758 1524 2959 1581 factum
3010 1535 3231 1595 propter
3270 1522 3493 1577 salutem
3543 1520 3693 1575 homi-

2164 1637 2321 1676 num.

2236 1735 2374 1792 Cum
2406 1734 2677 1791 universis
2707 1731 2965 1804 supernis
2992 1747 3055 1787 ac
3086 1728 3405 1786 coelestibus
3426 1724 3696 1783 ordinibus.

2096 1842 2143 1901 Β
2174 1845 2274 1885 nos
2307 1844 2499 1884 omnes
2532 1827 2818 1898 Deiparam
2855 1827 3086 1898 puellam
3108 1864 3123 1889 ,
3155 1840 3252 1893 per
3281 1821 3514 1877 eamdem
3539 1834 3699 1873 conse-

2166 1922 2278 1977 cuti
2308 1922 2563 1987 salutem,
2598 1935 2795 1991 magna
2826 1934 2957 1974 voce
2993 1914 3389 1972 beatiﬁcemns.

2238 2035 2520 2107 Tanquam
2604 2032 3070 2106 pretiosissimum
3152 2045 3218 2085 ac
3285 2021 3698 2083 sublimissimtnn

2170 2129 2425 2183 thronum
2490 2128 2583 2183 Dei
2634 2126 2899 2194 altissimi]
2931 2123 3241 2187 laudemus,
3279 2134 3313 2174 ο
3342 2115 3555 2188 populi,
3579 2111 3700 2166 illam

2170 2238 2290 2294 qum
2310 2222 2426 2278 sola
2454 2230 2571 2292 post
2602 2228 2819 2292 partum
2852 2226 3025 2273 mater
3055 2214 3159 2270 fuit
3186 2222 3240 2267 et
3276 2212 3448 2280 virgo.

2247 2335 2326 2390 Tu
2371 2350 2451 2397 es.
2485 2348 2519 2388 ο
2565 2333 2830 2403 Deipara,
2862 2346 3017 2386 arma
3074 2335 3263 2383 nostra
3314 2333 3369 2380 et
3412 2338 3588 2379 murus
3619 2329 3702 2376 :tu

2167 2428 2481 2500 praesidium
2509 2434 2563 2481 et
2591 2424 2841 2480 defensio
2870 2418 3271 2477 recurrentium
3302 2416 3365 2470 ad
3398 2426 3446 2469 te
3474 2433 3487 2468 :
3514 2423 3560 2467 et
3584 2426 3704 2466 nunc

2169 2529 2221 2575 te
2247 2518 2539 2574 oratricem
2570 2526 2814 2571 nostram
2846 2511 3263 2575 consumimus,
3296 2515 3354 2562 ut
3396 2505 3461 2560 ab
3489 2503 3706 2560 hostibus

2172 2612 2379 2668 nostris
2406 2610 2723 2666 liberemur.

952 2812 1116 2886 214
1142 2812 1225 2867 Ea:
1246 2812 1460 2869 Canone
1480 2816 1531 2869 in
1563 2812 1663 2871 SS.
1693 2814 1858 2871 Mart.
1897 2816 2145 2887 Auctum,
2178 2818 2516 2886 Taurionem,
2548 2828 2596 2874 et
2623 2816 3075 2882 Thessalonicam,
3107 2815 3192 2869 die
3220 2814 3277 2868 7.

565 2928 922 2985 Altitudinem
954 2929 1219 2986 tremendi
1250 2930 1491 3001 mysterii
1520 2932 1619 2993 tui,
1646 2939 1697 2986 et
1722 2932 2083 3002 profundita-v

496 3032 604 3077 tem
631 3022 780 3078 illius
803 3022 1435 3092 incomprehensibilem,
1459 3024 1583 3094 quis
1607 3024 1805 3087 valeat,
1827 3040 1859 3077 ο
1882 3023 2062 3096 Virgo,

2174 2934 2435 3006 processit
2467 2949 2535 2989 ex
2568 2942 2722 2989 utero
2751 2941 2845 2987 tuo
2865 2974 2879 2998 ,
2907 2940 2961 2987 et
2993 2947 3115 2987 cum
3157 2929 3457 2984 humanam
3491 2934 3705 2977 naturam

2174 3027 2481 3099 speciosam
2515 3026 2862 3091 reddidisset,
2886 3025 3069 3080 divina
3092 3022 3407 3094 cognitione
3434 3013 3725 3073 illustravit,

493 3114 674 3169 verbis
715 3114 1025 3183 explicare?
1067 3112 1236 3170 Deum
1286 3114 1432 3169 enim
1483 3116 1741 3184 peperisti
1790 3116 2065 3170 hominem
2096 3139 2138 3197 ο
2175 3136 2239 3175 ac
2275 3119 2495 3175 malitia:
2522 3117 2925 3175 deformitatem
2970 3115 3234 3182 abstulit,
3281 3132 3315 3168 o
3346 3110 3501 3181 Virgo
3540 3117 3707 3176 sponsa

495 3207 699 3263 factum
734 3209 869 3264 citra
888 3222 1121 3263 .omnem
1143 3222 1365 3263 causam
1407 3217 1463 3263 81.
1499 3209 1788 3264 rationem.

566 3300 649 3355 Ad
697 3310 748 3356 te
797 3315 1013 3366 semper
1044 3299 1329 3370 confugio,
1365 3314 1399 3354 o
1432 3298 1681 3364 Domina.
1720 3300 2071 3357 multitudine

496 3394 862 3450 tentationum
881 3409 975 3464 per
992 3392 1239 3463 singulos
1255 3393 1370 3448 dies
1394 3392 1789 3449 circumdatus.
1814 3394 2072 3452 Miserere

500 3487 604 3543 mei
644 3496 699 3543 et
742 3486 892 3542 salva
938 3502 1062 3549 me,
1097 3502 1129 3542 ο
1168 3486 1284 3541 sola
1333 3486 1480 3540 omni
1523 3486 1682 3542 laude
1714 3488 2069 3559 dignissima,

496 3596 618 3649 qua:
648 3579 989 3635 Salvatorem
1026 3595 1089 3634 ac
1153 3578 1442 3634 Dominum
1488 3580 1873 3636 universorum
1907 3596 2073 3651 pepe-

495 3670 643 3726 risti.

567 3762 927 3818 Peccatorum
963 3771 1282 3834 tempestate
1310 3762 1709 3834 deprehensum
1731 3804 1745 3830 ,
1779 3773 1833 3819 et
1862 3765 1915 3819 iu
1955 3764 2070 3821 dis-

496 3856 726 3913 crimine
758 3858 1142 3923 constitutum,
1172 3873 1296 3928 rege
1320 3873 1426 3924 me,
1452 3872 1485 3913 ο
1519 3857 1767 3928 Deipara,
1811 3867 2070 3930 tanquam

494 3948 872 4017 gubernatrix,
902 3958 956 4005 et
988 3948 1056 4005 ad
1089 3950 1439 4020 tranquillum
1473 3950 1915 4019 eompuuctionis
1944 3966 2072 4023 por-

493 4049 609 4096 tum
643 4041 840 4112 dirige.

572 4132 909 4189 Gravissima
940 4143 1285 4205 peccatorum
1319 4136 1534 4192 sarcina
1558 4138 1925 4210 undequaque
1950 4155 2071 4212 pre-

496 4242 647 4295 mor;
677 4237 731 4285 et
763 4214 944 4284 clamo
974 4228 1041 4291 ad
1091 4238 1160 4295 te,
1195 4244 1230 4284 ο
1275 4230 1616 4298 castissima,
1654 4242 1711 4286 ut
1741 4234 1810 4288 ab
1841 4235 1942 4289 hac
1987 4249 2072 4289 me

495 4320 783 4376 sublevare
821 4321 1094 4393 digneris,
1134 4331 1189 4378 et
1232 4322 1512 4393 imponere
1541 4325 1674 4379 mihi
1714 4325 1905 4397 jugum
1954 4326 2072 4381 leve

497 4412 592 4466 lilii
624 4412 770 4483 quod
822 4414 942 4469 sine
975 4413 1367 4484 impedimento
1399 4415 1567 4471 feram
1596 4457 1611 4482 ,
1657 4417 1843 4473 divina
1898 4419 2071 4473 inter-

491 4504 745 4559 cessione
773 4513 887 4570 tua,
913 4521 946 4560 o
979 4506 1094 4560 sola
1122 4506 1191 4561 ab
1221 4506 1366 4561 onmi
1395 4507 1515 4562 labe
1544 4510 1926 4565 mundissima.

571 4592 828 4659 Verbum,
861 4610 1097 4665 sponsus
1129 4596 1412 4666 speciosus
1443 4606 1702 4667 tanquam
1732 4614 1798 4653 ex
1827 4598 2069 4653 thalamo

2175 3212 2294 3269 Dei.

2244 3305 2498 3359 Animam
2531 3319 2708 3360 meam
2741 3302 2995 3374 pessimis
3029 3299 3234 3371 peccati
3265 3297 3462 3367 iaculis
3491 3292 3711 3347 vulnera-

2176 3412 2284 3456 tam
2315 3399 2581 3454 ntiserare
2627 3416 2641 3452 :
2676 3406 2912 3452 mentem
2954 3409 3128 3448 meam
3162 3392 3405 3463 graviter
3443 3396 3710 3453 transgres-

2173 3493 2420 3552 sionibus
2439 3493 2785 3548 obscuratam
2804 3488 3072 3552 illumina,
3098 3485 3332 3541 Domina
3356 3481 3591 3552 Deipara,
3615 3488 3713 3546 qua

2174 3589 2312 3643 lucis
2342 3589 2586 3643 datorem
2612 3583 2887 3639 Christum
2920 3579 3197 3655 peperisti.

2244 3682 2495 3735 Animam
2527 3694 2699 3734 meam
2731 3675 3096 3748 passionibus,
3122 3669 3486 3742 plurimisque
3513 3659 3712 3736 peccatis

2176 3782 2533 3845 peremptam,
2568 3772 2689 3826 vita:
2726 3769 2985 3831 restitue,
3020 3781 3053 3821 ο
3091 3764 3259 3835 Virgo
3293 3760 3548 3817 inviolata
3570 3797 3584 3821 ,
3612 3765 3712 3823 qua:

2175 3867 2348 3921 Vitam
2372 3865 2630 3936 genuisti,
2655 3880 2775 3934 qua:
2800 3879 2895 3933 per
2910 3872 3135 3916 mortem
3160 3869 3214 3914 et
3235 3857 3544 3928 passionem
3560 3862 3710 3906 suam.

2173 3973 2364 4015 onmes
2398 3956 2591 4011 mortis
2620 3955 2765 4011 vires
2798 3953 3082 4017 dissolvit;
3120 3960 3175 4005 et
3212 3949 3454 4005 concede
3496 3941 3636 4005 mihi,
3666 3945 3713 3991 ut

2174 4061 2329 4122 grato
2372 4050 2539 4106 corde
2587 4048 2874 4104 concinam
2938 4065 2951 4102 :
3008 4044 3053 4101 Ο
3112 4044 3383 4115 populus,
3440 4031 3715 4108 supercxal-

2175 4153 2283 4197 tate
2308 4182 2323 4205 ,
2356 4151 2464 4196 etc.

2244 4233 2405 4304 215
2425 4232 2695 4299 illumina,
2728 4241 2885 4302 porta
2906 4228 3066 4291 lucis,
3094 4226 3337 4281 animam
3363 4236 3556 4285 meam,
3580 4227 3712 4287 quam

2173 4327 2430 4381 inimicus
2475 4334 2820 4395 peccatorum
2875 4310 3475 4377 tenebris‘ohscuravit
3522 4330 3537 4368 :
3585 4304 3714 4363 etab

2176 4418 2433 4474 omnibus
2481 4416 2644 4485 hujus
2681 4416 2805 4471 vitae
2834 4410 3379 4485 perturbationibus,
3415 4422 3478 4461 ac
3510 4396 3715 4459 tenebris

2103 4485 2146 4541 Ι)
2177 4512 2473 4582 perpetuis,
2509 4520 2676 4581 atque
2713 4512 2781 4564 ab
2829 4510 2974 4579 igne,
3004 4516 3059 4561 et
3094 4520 3284 4559 verme
3331 4502 3495 4556 libera
3534 4510 3641 4556 me,
3668 4497 3715 4545 ut

2175 4604 2475 4675 gloriﬁcem
2506 4613 2577 4669 te,
2612 4619 2644 4657 ο
2681 4601 2932 4671 Deipara,
2971 4596 3257 4652 hominum
3291 4590 3581 4650 revocatio.

1396 4712 1480 4766 Ea:
1504 4714 1717 4769 Canone
1743 4716 1797 4769 in
1826 4715 1885 4771 S.
1919 4716 2232 4773 Mitltaelem
2263 4718 2657 4790 archangelum,
2691 4718 2776 4771 die
2797 4717 2829 4771 8

562 4824 732 4895 Virgo
774 4824 925 4879 omni
971 4825 1130 4881 laude
1164 4829 1439 4881 cumulata
1462 4868 1476 4888 ,
1508 4829 1824 4897 angelorum
1859 4830 2066 4897 decus,

491 4920 775 4976 hominum
812 4918 1117 4985 auxilium,
1168 4929 1223 4974 tu
1270 4921 1398 4973 mihi
1431 4920 1564 4975 atl‘er
1609 4938 1767 4993 opem
1812 4924 2068 4979 ﬂuctibus

487 5015 718 5086 jactato,
768 5022 933 5083 atque
974 5015 1181 5084 peccati
1231 5023 1553 5084 tempestate
1590 5031 1807 5085 semper
1857 5016 2068 5087 agitato

490 5122 557 5163 ac
584 5122 721 5177 pene
751 5106 1022 5173 demerso,
1059 5115 1222 5176 atque
1258 5107 1309 5160 in
1342 5122 1561 5162 summu
1591 5109 1911 5163 discrimine
1945 5123 2071 5163 ver-

490 5198 656 5253 santi.

570 5289 674 5356 Qui
707 5289 987 5344 voluntate
1016 5305 1113 5344 sua
1140 5289 1528 5345 immateriales
1560 5292 1803 5347 condidit
1832 5302 2064 5357 mentes,

490 5382 544 5436 in
579 5391 737 5436 utero
765 5391 858 5435 tuo
883 5383 1148 5436 materiali
1182 5382 1485 5437 voluntarie
1512 5383 1795 5447 habitavit,
1823 5399 1855 5439 o
1879 5387 2071 5439 imma-

490 5478 851 5541 culatissima,
880 5486 1045 5547 atque
1074 5480 1127 5533 in
1150 5493 1314 5534 carne
1336 5479 1589 5548 apparuit
1617 5479 1781 5534 homo
1812 5481 2064 5545 visibilis,

493 5570 586 5638 qui
612 5578 731 5623 erat
757 5569 1068 5626 invisibilis.

561 5661 758 5717 Partus
792 5664 868 5716 tui
901 5664 1216 5733 mysterium
1258 5662 1640 5718 admirandum
1684 5663 2066 5719 intellectuali~

494 5764 575 5810 ter
609 5755 909 5811 docebatur
928 5756 1057 5811 olim
1089 5772 1241 5812 sacer
1272 5754 1455 5825 Vates,
1489 5760 1541 5813 in
1572 5758 1773 5828 spiritu
1797 5758 1988 5813 videns
2017 5767 2068 5812 te

559 5893 723 5968 (92“)
756 5894 940 5965 Deest,
974 5906 1030 5953 ut
1057 5907 1345 5969 sequentes
1370 5898 1498 5969 duo,
1530 5899 1585 5955 iu
1620 5898 1840 5957 Menaeis
1867 5900 2167 5971 impressis.

2173 4833 2516 4903 apertissime
2545 4844 2782 4889 montem
2809 4833 3154 4897 umbrosum,
3178 4846 3245 4887 ex
3275 4844 3387 4901 quo
3418 4827 3554 4882 Deus
3582 4836 3715 4878 sanc-

2174 4936 2264 4981 tus
2298 4927 2447 4982 venit
2484 4926 2826 4997 corporatus.

2248 5017 2709 5074 lntellectualibus
2765 5019 2973 5090 angelis
3051 5018 3429 5073 sublimiorem
3497 5022 3544 5067 te
3600 5009 3715 5062 Deus

2173 5110 2412 5167 ostendit
2435 5149 2450 5174 ,
2484 5112 2764 5180 ingressus
2795 5110 2847 5165 in
2892 5118 3105 5165 uterum
3140 5119 3328 5175 tuum;
3361 5122 3520 5178 quem
3553 5104 3715 5172 depre-

2173 5220 2319 5271 care,
2358 5220 2391 5258 o
2424 5212 2535 5258 tota
2569 5218 2705 5273 pura
2751 5214 2806 5258 et
2850 5203 3109 5258 inviolata
3132 5244 3146 5269 ,
3191 5198 3409 5272 semper
3441 5213 3538 5269 pro
3568 5194 3714 5251 salute

2176 5296 2484 5352 animarum
2518 5305 2853 5351 nostrarum.

2249 5389 2447 5444 Beatus
2476 5389 2730 5458 populus,
2755 5388 2848 5459 qui
2872 5403 3086 5457 semper
3116 5386 3394 5442 beatificat
3417 5394 3488 5447 te.
3510 5397 3541 5438 ο
3562 5382 3713 5436 beata.

2176 5499 2298 5552 qua:
2332 5481 2499 5535 Deum
2534 5481 2754 5536 beatum
2803 5481 3080 5551 peperisti,
3112 5480 3206 5549 qui
3245 5476 3502 5534 ineffabili
3542 5471 3716 5528 unione

2178 5573 2603 5629 misericorditer
2624 5573 2875 5628 homines
2903 5572 3197 5628 deiﬁcavit.

2246 5665 2439 5720 Mentis
2485 5680 2695 5735 magna:
2742 5664 2981 5720 Verbum
3022 5675 3281 5719 :eternum
3322 5676 3449 5718 cum
3494 5658 3547 5714 in
3592 5664 3657 5716 te.
3688 5663 3716 5702 0

2175 5759 2377 5829 puclla,
2407 5773 2532 5814 vere
2563 5757 2825 5815 ineffabili
2874 5773 2939 5814 ac
2979 5758 3243 5829 stupenda
3287 5756 3502 5812 ratione
3531 5743 3717 5807 inhabi-
