4038 6606
283 486 412 548 l2}?

1669 486 2032 549 MARIALE.

3394 475 3535 542 1233

270 615 415 657 tassc
434 600 656 657 vidisset
680 602 1042 674 archangelus
1066 602 1650 669 Gabriel,exclamavit
1677 619 1691 657 :
1719 604 1852 668 Ave.
1880 610 1930 666 Α
2027 605 2107 662 Ad
2138 619 2324 661 vocem
2349 599 2527 671 angeli
2559 597 2831 655 Gabrielis
2861 595 3160 666 concepisti
3195 594 3362 650 Deum
3397 594 3454 649 ν.
3475 612 3528 650 r-

269 711 302 749 o
338 694 640 761 benedicta,
663 694 893 752 thronus
916 696 1209 752 Altissimi.

1954 697 2108 762 bum,
2131 711 2174 752 ,o
2209 692 2714 756 intemeratissima,
2745 687 2839 758 qui
2871 686 3037 760 verbo
3067 702 3235 756 super
3262 700 3361 741 nos
3384 702 3534 741 exer-

342 786 633 843 Prouubus
687 787 907 843 divinus
954 787 1317 857 archangelus
1357 797 1548 845 astans
1593 789 1852 845 clamavit
1953 788 2099 844 citus
2119 785 2345 849 creavit,
2372 791 2426 837 et
2452 781 2674 837 verbum
2705 783 2948 849 prastat,
2978 792 3088 847 quo
3116 775 3336 831 laudare
3361 775 3535 845 possi-

274 880 338 932 ad
369 891 419 934 te
453 898 465 933 :
500 881 634 946 Ave,
670 895 868 949 sponsa
904 878 998 934 Dei
1027 880 1276 950 innupta,
1303 881 1622 952 angelorum
1658 882 1848 952 gloria,

273 981 438 1042 atque
470 972 751 1026 hominmn
779 972 942 1043 216
963 972 1112 1028 salus
1135 982 1191 1028 et
1215 973 1635 1029 munimentum.

288 1151 343 1202 Ἐ
349 1168 384 1203 κ
412 1150 520 1203 τοῦ
551 1149 823 1220 Κανόγος
844 1151 930 1214 εἴς
950 1148 1093 1220 τοὺς
1115 1149 1331 1215 ἁγίους
1347 1149 1656 1218 μάρτυρας
1691 1150 1853 1220 Ὀνη-

347 1223 609 1288 σιφόρον
644 1219 753 1272 καί·
807 1219 1167 1286 Πορφύριον,
1200 1220 1299 1273 καὶ
1343 1220 1452 1285 τὰς
1487 1220 1665 1287 ὁσίας
1725 1219 1854 1276 Ma-

346 1290 583 1360 τρώνην
612 1290 710 1346 καὶ
741 1290 1136 1358 Θεοκτίστην,
1161 1289 1353 1359 ἡμέρᾳ
1376 1290 1443 1344 θ’.

351 1444 632 1513 Ἕστησας
672 1441 902 1497 θανάτου
932 1443 1031 1512 τὴν
1071 1440 1382 1513 τυραννίδα,
1430 1442 1731 1498 ἀθανασίαν
1763 1445 1857 1498 καὶ

276 1535 424 1606 ζωὴν
456 1534 534 1605 τῷ
589 1535 782 1605 κόσμῳ
827 1535 1102 1606 κυήσασα,
1162 1532 1397 1604 Χριστὸν
1437 1535 1531 1588 τὸν
1559 1537 1856 1608 Λυτρωτὴν

277 1627 462 1696 ἡμῶν,
489 1626 736 1698 Παρθένε
771 1627 1049 1698 ἀπειρόγα
1057 1643 1148 1698 με.

359 1717 424 1770 Ἦ
449 1719 702 1790 κυήσασα
723 1719 915 1790 κόσμῳ
940 1719 1090 1772 θείαν
1120 1721 1396 1791 σωτηρίαν
1425 1720 1519 1774 καῖ⁸
1537 1719 1856 1791 ἀνάκλησιν,

278 1813 400 1874 ταῖς
426 1810 746 1882 πρεσϐείαις
774 1829 867 1866 σου
893 1812 1033 1878 σῶζε
1067 1814 1195 1878 τοὺς
1237 1813 1451 1878 πιστῶς
1478 1829 1563 1867 σοι
1594 1812 1859 1885 προστρέ-

279 1919 506 1972 χοντας,
525 1905 780 1975 ἄχραντε.

1956 894 2079 934 mus
2111 883 2361 933 sanctam
2394 875 2542 930 illius
2573 869 3098 928 condescensionem
3122 908 3137 934 ,
3169 883 3292 940 qua:
3321 877 3406 923 est
3439 883 3525 922 su-

1958 986 2051 1042 per
2069 985 2231 1027 omne
2259 968 2483 1026 verbum
2515 974 2571 1022 et
2593 963 3010 1037 cogitationem.

1960 1143 2046 1198 Ea:
2075 1142 2288 1199 Conone
2317 1139 2520 1211 duplici
2558 1141 2612 1195 in
2661 1138 2793 1207 festo
2828 1136 2931 1192 SS.
2965 1133 3290 1211 Quesiphort’
3320 1131 3533 1211 et__Por-

2025 1213 2197 1296 pityrii
2229 1201 2517 1338 2.07393].er
2539 1220 2588 1266 et
2622 1201 2928 1264 educturum
2957 1201 3218 1261 Matrona:
3256 1221 3318 1258 ac
3345 1201 3538 1257 Theoc-

2033 1294 2195 1338 ustw.
2271 1300 2318 1338 ιε
2384 1320 2406 1338 .

2033 1287 2195 1348 tistw,
2231 1284 2318 1338 die
2346 1284 2406 1338 9.

2029 1433 2229 1490 Finem
2252 1431 2565 1503 imposuisti
2601 1431 2795 1486 mortis
2831 1427 3142 1502 tyrannidi,
3172 1441 3204 1480 ο
3235 1424 3400 1496 Virgo
3434 1423 3546 1480 viri

1961 1526 2166 1592 nescia,
2207 1525 2409 1580 mundo
2444 1523 2908 1579 immortalitatem
2961 1537 3028 1577 ac
3067 1520 3234 1575 vitam
3277 1517 3538 1589 genuisti,

1959 1619 2236 1675 Christum
2268 1617 2481 1674 scilicet
2504 1617 2920 1687 Redemptorem
2955 1623 3229 1670 nostrum.

2030 1707 2400 1773 O‘inviolata-,
2450 1723 2576 1780 qua
2600 1707 2839 1764 divinam
2875 1709 3106 1763 salutem
3137 1721 3200 1761 ac
3238 1703 3542 1775 reparatio~

1964 1818 2086 1858 nem
2129 1802 2344 1858 intmdo
2377 1802 2672 1872 peperisti,
2719 1799 3389 1857 salvaintercessionibus
3435 1798 3554 1854 tuis

1965 1911 2061 1950 eos
2087 1895 2180 1964 qui
2219 1893 2450 1949 ﬁdeliter
2477 1903 2767 1948 recurrunt
2801 1892 2886 1946 ad-
2909 1904 2978 1947 te.

351 1956 886 2063 Nsddov:.xdvuvvs.
935 1994 1177 2067 σωθῆναί
1209 2012 1301 2067 με·
1332 1997 1424 2051 τὸν
1456 1995 1566 2069 γὰρ
1589 1995 1716 2067 θείῳ
1739 1994 1858 2049 νεύ-

2035 1984 2646 2051 Annue,ocastissima,
2673 1983 2834 2038 saluti
2867 1997 3000 2038 meae
3025 2000 3038 2038 :
3066 1983 3266 2039 etenim
3297 1989 3432 2038 nutu
3456 1980 3555 2036 di».

285 2099 418 2151 ματι
467 2083 527 2137 τὺ
583 2085 692 2138 πᾶν
726 2087 1064 2159 περιάγοντα
1114 2087 1491 2159 ὲσωμάτωσας
1523 2086 1654 2140 Θεὸν
1684 2087 1862 2156 Λόγον

282 2173 424 2246 ὑπὲρ
453 2174 609 2244 λίγον
639 2178 732 2232 καὶ
759 2177 1020 2234 διάνοιαν.

357 2268 600 2323 Ἵινωται
629 2271 687 2322 ὲν
709 2274 894 2344 μήτρᾳ
938 2291 1029 2327 σου
1058 2277 1085 2328 ὁ
1106 2274 1490 2344 Πλαστουργδς
1515 2278 1699 2350 σαρκὶ,
1731 2276 1866 2328 πάν·-

283 2374 436 2426 αγιε.
501 2363 693 2430 μείνας
731 2364 759 2417 ὃ
789 2360 880 2438 ἦν,
919 2367 1067 2432 ὅπως
1098 2369 1158 2422 τὸ
1185 2369 1247 2423 εῦ
1293 2365 1435 2424 εἶναι
1475 2374 1586 2435 τοῖς
1653 2370 1864 2443 ἀνθρώ·-

287 2467 408 2514 ποις
447 2452 782 2527 δωρήσηται.

355 2543 789 2616 Σωματούμενον
840 2548 1082 2620 ἑκύησας
1111 2551 1244 2607 Θεδν
1272 2554 1468 2622 Λόγον,
1498 2554 1860 2628 ὁμοιωθῆναι,

284 2635 464 2706 Κίρή,
494 2636 582 2690 διὰ
609 2641 890 2711 σπλάγχνα
917 2642 1101 2708 ἐλέους
1129 2646 1295 2700 πᾶσιν
1310 2646 1701 2720 εὐδοκήσαντα,
1728 2667 1866 2704 παν-

295 2728 496 2799 άμωμε
521 2732 807 2786 Δέσποινα.

360 2820 434 2872 Οὐ
466 2821 637 2876 λιπὼν
663 2823 731 2877 τά
761 2824 1012 2897 οὐράνια,
1063 2828 1322 2900 ἀχραντε,
1359 2831 1613 2886 κενοῦται
1639 2831 1772 2896 Θεδς
1800 2834 1858 2886 ὲν

291 2912 488 2984 μήτρᾳ
515 2931 628 2982 σου,
661 2917 756 2970 καὶ
787 2922 1063 2990 μετρεῖται
1091 2923 1119 2975 ὁ
1150 2921 1459 2997 ἀμέτρητος
1481 2925 1550 2978 τά
1582 2925 1871 2998 ἀμέτρητά

291 3021 395 3074 μου
422 3005 565 3060 λύων
596 3009 935 3081 πταίσματα.

375 3094 684 3168 Ἐνῴκήσεν
716 3102 776 3154 ὲν
802 3106 886 3155 σοὶ
915 3104 1185 3177 χωρηθεὶς
1206 3107 1235 3162 ὁ
1269 3104 1576 3181 ἀχὼρητος,
1607 3107 1703 3162 καὶ⁵
1727 3107 1867 3161 ἔδει-

289 3186 380 3252 ξεν
402 3190 647 3260 οὐρανῶν
676 3209 736 3246 σε
769 3194 1132 3268 πλατυτέραν,
1171 3198 1414 3270 Παρθένε
1444 3215 1456 3232 ·
1487 3199 1568 3252 διό
1593 3216 1648 3252 σε
1684 3218 1868 3271 μακα-

290 3281 534 3352 ρίζομεν.

359 3375 590 3448 Νεκρῶν
610 3397 666 3433 τε
703 3381 794 3435 καὶ
822 3381 929 3435 τῶν
949 3380 1166 3448 ζώντων
1195 3385 1476 3457 Δεσπότην
1502 3385 1871 3454 ἀποτεκοῦσα,

290 3465 364 3520 τὰ
395 3468 564 3541 πάθη,
593 3473 926 3546 πανάμωμε,
957 3475 1028 3529 τὰ
1049 3479 1148 3548 τῆς
1179 3477 1380 3548 σαρκός
1405 3496 1508 3551 μου
1540 3478 1870 3535 θανάτωσον.

365 3660 636 3733 Νομίμων
668 3662 792 3733 δίχα
835 3663 1075 3734 φύσεως,
1116 3665 1387 3737 Παρθένε,
1436 3670 1530 3722 τδν
1576 3671 1874 3741 νομοδότην

291 3753 524 3820 τίκτεις,
553 3756 964 3812 ἀναπλάττοντα
985 3759 1085 3829 τὴν
1103 3777 1228 3814 συντ
1238 3760 1483 3832 ριὸεῖσαν
1510 3761 1671 3832 φύσιν
1693 3763 1872 3835 ήμῶν,

290 3847 355 3899 ὃν
379 3846 618 3902 δυσώπει
648 3848 817 3904 σῶσαί
851 3867 920 3922 με
956 3850 1252 3923 ἁμαρτίαις
1284 3852 1725 3924 συντριϐόμενον.

366 4023 671 4078 Δεδούλωτο
699 4026 950 4099 ἁμαρτίᾳ.
979 4030 1012 4100 ἡ
1043 4028 1205 4099 φύσις
1226 4031 1335 4083 τῶν
1360 4031 1687 4104 ἀνθρώπων,
1737 4033 1876 4089 ἀλλά

294 4113 502 4186 ταύτην
531 4116 750 4189 ὲρῤύσω
783 4119 881 4188 τῆς
911 4122 1179 4190 πονηρᾶς,
1225 4123 1476 4185 Θεοτόκε,
1506 4124 1753 4188 δουλείας
1780 4125 1875 4178 τὸν

293 4204 409 4258 τῶν
431 4206 682 4260 ἁπάντων
707 4208 984 4276 Δεσπότην
1013 4212 1265 4281 κυήσασα
1297 4211 1387 4265 τὸν
1423 4213 1674 4280 δείξαντα
1711 4215 1877 4268 πᾶσιν

296 4297 434 4366 ἡμῖν
461 4299 558 4366 τῆς
577 4295 724 4367 ζωῆς
750 4299 850 4362 τὰς
892 4299 1158 4364 εἰσόδους,
1183 4299 1518 4370 πανάμωμε.

373 4475 800 4548 Σεσαρκωμένον
842 4477 1014 4546 Λόγον
1073 4478 1182 4532 σῶν
1234 4478 1292 4544 ἐξ
1344 4479 1598 4549 αἱμάτων
1674 4480 1880 4544 τίκτεις

301 4570 532 4642 βροτοὺς
560 4570 761 4625 θεῶσαι
791 4571 1182 4644 εὐδοκήσαντα,
1216 4573 1628 4645 Παρθένε,τούς
1651 4574 1883 4644 μέλπον-

299 4679 420 4726 τας
438 4663 497 4717 Ὀ
522 4662 631 4716 τῶν
664 4663 917 4736 πατέρων
947 4665 1106 4737 ἡμῶν
1133 4665 1287 4731 Θεὸς,
1320 4665 1610 4738 εὐλογητὸς
1638 4663 1710 4721 εί.

374 4849 590 4904 Λύουσα
618 4850 764 4916 Εὐας
793 4852 892 4924 τήν
920 4853 1193 4924 κατάραν,
1223 4852 1626 4925 παναμὼμητε,
1659 4855 1884 4926 ἐγέννη-

307 4960 430 5006 σας,
469 4944 734 5015 Παρθένε,
765 4947 856 4998 τδν
886 4946 994 5001 τῶν
1017 4947 1154 5001 ὂλων
1179 4947 1332 5013 Θεὸν,
1361 4948 1659 5019 ἀφράστως
1690 4949 1885 5004 συλλα-

305 5037 500 5102 ϐοῦσα,
533 5038 627 5092 καὶ
679 5039 817 5112 ὑπὲρ
856 5039 982 5094 νοῦν
1014 5042 1270 5113 κυήσασα
1331 5042 1611 5114 σωτηρίαν
1656 5045 1768 5106 τοῖς
1794 5043 1888 5096 ἀν·-

303 5129 565 5201 θρώποις.

391 5220 575 5275 Ῥόδον
610 5222 871 5277 ἐκλεκτὸν
898 5225 957 5277 ὲν
991 5229 1113 5290 ταῖς
1149 5228 1385 5296 κοιλάσι,
1423 5231 1598 5299 Κόρη,
1635 5229 1732 5284 τοῦ
1768 5229 1885 5300 βίου

305 5313 584 5386 εὐρηκὼς,
614 5315 834 5386 ἠράσθη
879 5332 974 5372 σου
1015 5319 1109 5372 τοῦ
1148 5321 1378 5386 κάλλους
1404 5324 1576 5391 Λόγος
1606 5324 1701 5378 τοῦ
1726 5324 1886 5394 Θεοῦ,

306 5409 402 5461 καὶ
443 5408 752 5479 σαρκωθεὶς
777 5409 1040 5464 εὐωδίασε
1063 5411 1166 5482 τὴν
1197 5413 1548 5483 οἰκουμένην.

393 5584 574 5655 ’ἰδοῦή
608 5585 901 5655 Παρθένος,
925 5585 998 5650 ῶς
1014 5604 1180 5657 φησιν
1194 5588 1252 5641 ἐν
1269 5590 1539 5660 πνεύματι
1569 5593 1598 5645 ό
1637 5592 1889 5658 Ἡσαΐας,

309 5678 472 5750 ἔσχεν
511 5680 572 5731 ἐν
607 5677 787 5748 κοιλίᾳ
830 5678 920 5730 τὸν
972 5681 1120 5748 ἡμᾶς
1152 5680 1458 5750 ῥυσάμενον
1499 5682 1627 5751 ᾃδου
1683 5684 1892 5747 κοιλίας

311 5770 556 5834 εὐσεϐῶς
584 5770 822 5841 βοῶντας
850 5788 866 5802 ⁸
907 5771 1160 5842 Ὑμνεῖτε
1206 5773 1299 5828 τὸν
1351 5774 1552 5846 Κύριον
1594 5776 1686 5828 καὶ
1719 5776 1893 5847 ὑπερ-

314 5863 540 5934 υψοῦτε.
1260 5868 1274 5883 ‘

389 5954 634 6026 Φορέσας
688 5973 754 6027 με
795 5955 918 6010 ὅλον
977 5958 1039 6012 ἐκ
1091 5957 1198 6013 τῶν
1254 5958 1363 6014 σῶν
1426 5959 1586 6013 θείων
1645 5959 1892 6028 αἱμάτων

1965 2073 2094 2128 vino
2126 2075 2876 2146 universaoircntnagentem
2902 2075 3072 2130 Deum
3109 2073 3348 2131 Verbum
3374 2088 3541 2144 supra

1965 2166 2122 2222 verbi
2152 2167 2456 2236 ruentisque
2475 2176 2798 2238 conceptum
2835 2167 3169 2236 corporasti.

2041 2258 2234 2315 Unitus
2261 2269 2345 2316 est
2386 2261 2440 2315 in
2489 2271 2652 2316 utero
2673 2269 2776 2316 tuo—
2812 2260 2964 2316 capiti
2993 2261 3244 2324 Creator,
3284 2257 3548 2314 ocauis—

1969 2353 2129 2419 sima,
2164 2368 2394 2410 manens
2430 2353 2483 2410 id
2515 2355 2662 2426 quod
2689 2366 2842 2422 erat,
2875 2363 2935 2410 ut
2965 2353 3285 2410 hominibus
3315 2351 3550 2409 felicita-

1968 2456 2075 2500 tem
2104 2446 2232 2501 vitte
2266 2447 2578 2517 largiretur.

2043 2538 2211 2594 Deum
2243 2538 2482 2594 Verbum
2517 2548 2865 2610 corporatnm
2902 2537 3182 2609 peperisti,
3213 2553 3246 2593 ο
3276 2535 3456 2608 puella
3487 2549 3550 2591 ac

1970 2631 2198 2686 Domina
2225 2633 2756 2697 immaculatissima,
2776 2632 2862 2688 cui
2886 2632 3142 2702 placitum
3169 2631 3272 2684 fuit
3292 2628 3551 2684 omnibus

1970 2740 2031 2778 as
2067 2724 2265 2778 imilari
2299 2735 2520 2795 propter
2550 2724 2761 2780 viscera
2793 2723 3184 2780 misericordia:
3205 2737 3338 2776 sum.

2041 2815 2159 2868 Non
2203 2815 2522 2886 relinquens
2553 2815 2797 2871 cwlestia
2833 2815 3154 2870 exinanitus
3198 2821 3285 2869 est
3316 2812 3456 2867 Deus
3497 2810 3550 2865 in

1973 2917 2126 2962 utero
2151 2918 2266 2974 tuo,
2311 2924 2344 2963 ο
2370 2908 2648 2974 inviolata,
2678 2917 2733 2964 et
2761 2908 3065 2965 immensus
3092 2913 3442 2962 mensuratus
3468 2912 3552 2958 cst

1973 2996 2246 3053 immensa
2278 3007 2499 3069 peccata
2526 2997 2862 3053 diminuens.

2045 3087 2321 3144 Habitavit
2343 3090 2397 3144 in
2425 3100 2476 3145 te
2498 3091 2932 3160 comprehensus
2953 3086 3550 3160 incomprehensibilis,

1972 3190 2026 3238 et
2061 3182 2237 3238 cti'ecit
2283 3192 2336 3238 te
2393 3182 2547 3237 ccelis
2604 3182 2886 3247 latiorem,
2951 3197 2984 3237 ο
3036 3179 3222 3251 Virgo.
3261 3180 3554 3250 Propterea

1977 3272 2188 3328 beatam
2219 3284 2271 3329 te
2293 3274 2548 3330 dicimus.

2053 3365 2392 3421 Mortuorum
2424 3382 2488 3422 ac
2529 3366 2829 3422 viventium
2873 3364 3164 3422 Dominum
3195 3364 3395 3430 enixa,
3426 3379 3555 3435 pas-

1976 3463 2162 3519 siones
2193 3462 2376 3517 carnis
2412 3477 2545 3518 mea:
2576 3461 2867 3523 mortiﬁeu,
2916 3476 2950 3516 ο
2993 3458 3254 3516 immunis
3290 3457 3360 3514 ab
3405 3457 3554 3513 omni

1976 3555 2216 3610 macula.

2046 3650 2207 3719 217
2241 3647 2446 3705 Przrter
2491 3657 2786 3705 consuetas
2827 3658 3036 3702 naturze
3084 3647 3231 3718 leges
3275 3643 3554 3716 peperisti,

1976 3758 2011 3797 o
2035 3740 2236 3813 Virgo,
2276 3742 2664 3810 legislatorem,
2699 3741 2790 3810 qui
2847 3749 3096 3796 naturam
3147 3747 3390 3793 nostram
3427 3751 3558 3789 con-

1979 3835 2160 3889 tritam
2193 3835 2529 3890 reformavit.
2568 3835 2830 3888 Eumdem
2887 3833 3184 3902 deprecare
3207 3873 3222 3898 ,
3260 3839 3319 3886 ut
3362 3828 3493 3884 mihi
3519 3843 3561 3883 λ

1976 3928 2216 3996 peccatis
2243 3927 2479 3982 contrito
2511 3927 2739 3982 salutem
2770 3927 3056 3981 concedat.

2052 4019 2108 4073 In
2153 4021 2472 4075 servitutem
2517 4020 2721 4087 peccati
2759 4019 2974 4072 redacta
3019 4027 3104 4073 cst
3133 4028 3329 4073 natura
3375 4019 3559 4073 homir-

1981 4125 2145 4175 num;
2179 4123 2339 4175 artu,
2375 4131 2407 4168 o
2452 4113 2700 4182 Deipara,
2741 4113 2886 4166 illam
2956 4127 2984 4164 a
3030 4111 3267 4181 pessima
3300 4112 3562 4166 servitute

1981 4205 2279 4269 redemisti,
2313 4204 2602 4259 DOIttitttltlt
2653 4203 3039 4258 universorum
3079 4203 3272 4267 enixa,
3303 4218 3337 4256 ο
3365 4204 3562 4257 innua-

1981 4298 2341 4362 culatissimu,
2388 4297 2477 4367 qui
2536 4299 2794 4351 omnibus
2832 4297 2993 4351 nobis
3042 4296 3165 4350 vita:
3233 4293 3559 4349 aditusde-

1984 4389 2328 4444 monstravit.

2055 4481 2400 4536 lncarnatum
2437 4479 2672 4535 Verbum
2736 4497 2800 4534 ex
2844 4479 2955 4533 tuis
3001 4477 3361 4546 sanguinibus
3407 4494 3562 4548 pepeo

1984 4575 2128 4636 risti,
2157 4590 2190 4628 ο
2232 4572 2434 4643 Virgo;
2464 4574 2549 4627 cui
2589 4573 2847 4642 placitum
2887 4570 2988 4624 fuit
3016 4571 3273 4624 deiﬁcare
3311 4569 3563 4623 homines

1909 4675 1962 4734 D
1989 4665 2079 4736 qui
2099 4665 2391 4721 concinunt
2427 4685 2440 4720 :
2470 4665 2794 4720 Benedictus
2823 4679 2902 4730 es,
2937 4662 3079 4718 Deus
3104 4674 3318 4732 patrum
3348 4669 3565 4717 nostro-

1987 4775 2130 4817 rum.

2061 4852 2295 4909 Solvens
2325 4851 2449 4906 Eine
2479 4850 3202 4920 malmliotionem,genuisti
3227 4891 3242 4911 ,
3267 4864 3300 4901 ο
3332 4847 3562 4901 inuiola-

1987 4947 2224 5010 tissima,
2271 4947 2516 5000 omnium
2560 4944 2765 5005 Deum;
2805 4958 2967 5012 quem
3003 4941 3354 4997 ineﬂ'uhilitcr
3376 4953 3563 4992 conce~

1987 5039 2136 5108 pisti,
2172 5046 2336 5106 atque
2365 5033 2862 5104 inexcogitahilitcr
2903 5029 3161 5100 peperisti
3188 5029 3239 5081 in
3278 5025 3561 5080 hominum

1989 5130 2245 5186 salutem.

2041 5224 2197 5278 .Cnnt
2225 5229 2297 5284 te,
2337 5235 2370 5275 ο
2403 5218 2601 5290 puella,
2647 5230 2825 5270 rosam
2859 5214 3084 5269 electam
3135 5213 3188 5264 in
3223 5208 3566 5263 convallibus

1990 5315 2114 5369 vitae
2157 5312 2388 5367 Verbum
2448 5309 2542 5364 Dei
2595 5307 2960 5371 invenisset,
2988 5299 3414 5375 pulchritudinis
3462 5309 3570 5351 tua:

1991 5421 2178 5463 amore
2217 5412 2435 5472 captum
2481 5408 2587 5467 est,
2633 5408 2688 5455 et
2716 5399 3061 5473 incarnatum
3085 5437 3100 5462 ,
3132 5393 3303 5449 odore
3343 5390 3579 5461 replevit.

1990 5499 2177 5554 orbem
2206 5505 2498 5550 terrarum.

2063 5590 2204 5643 Ecce
2233 5584 2417 5656 Virgo,
2436 5579 2896 5655 quemadmodum
2922 5578 2975 5632 in
3000 5577 3192 5648 spiritu
3216 5574 3355 5629 dixit
3378 5575 3572 5640 Isaias,

1994 5683 2047 5736 in
2081 5690 2232 5735 utero
2265 5677 2456 5732 habuit
2500 5677 2651 5729 illum
2694 5673 2786 5742 qui
2830 5687 2930 5725 nos
2965 5669 3033 5722 ab
3078 5667 3393 5722 inferorum.
3415 5675 3572 5720 utero

1995 5773 2246 5836 redemit,
2278 5769 2532 5838 religiose
2563 5773 2820 5820 canentes
2851 5781 2863 5816 :
2899 5761 3141 5820 Laudato
3174 5757 3486 5822 Dominum,
3517 5768 3574 5813 et

1996 5863 2396 5934 superexaltate
2420 5903 2435 5928 ,
2469 5868 2574 5915 etc.

2069 5957 2273 6014 Fcrens
2301 5972 2387 6012 me
2419 5964 2592 6012 totum
2626 5962 2884 6022 tanquam
2911 5957 3115 6004 vestem
3146 5960 3212 6000 ex
3242 5942 3351 5997 tuis
3370 5941 3576 5998 divinis
