4038 6650
550 472 686 538 1239

1677 479 1738 540 S.
1778 477 2091 539 JOSEPHI
2129 478 2700 541 HYMNOGRAPHI

3602 479 3713 548 12m

544 589 902 660 sanguinibus
923 629 937 655 ,
984 605 1018 645 ο
1047 590 1525 647 intemeratissima
1549 632 1563 659 ,
1596 599 1853 663 tanquam
1885 608 2110 664 sponsus

2224 595 2553 666 προέρχεται
2579 594 2657 659 ὡς
2694 592 2949 665 νυμφίος,
2986 591 3374 663 παναμῶμητε,
3399 592 3425 646 δ
3467 594 3712 669 Δεσπότης,

550 683 816 737 Dominus
868 684 1171 754 processit;
1206 692 1259 738 et
1290 683 1430 740 lacte
1462 694 1554 739 tuo
1602 686 1839 740 nutritus
1880 696 1999 751 est,
2028 687 2121 756 qui

543 777 774 830 consilio
814 791 913 830 suo
958 775 1130 831 nutrit
1157 791 1347 831 omnes
1392 786 1697 841 creaturas,
1756 792 1790 832 ο
1841 778 2120 834 benedicta

542 881 759 931 semper
783 863 969 937 Virgo.

616 958 658 1010 0
687 958 887 1027 put-lla,
920 974 1037 1027 qum
1062 960 1315 1014 manibus
1345 959 1452 1015 tuis
1476 959 1627 1016 illum
1653 960 1845 1025 tulisti,
1869 959 1959 1029 qui
1984 970 2119 1015 nutu

546 1050 648 1103 fert
679 1052 959 1114 universa,
994 1051 1161 1105 libera
1199 1068 1284 1106 me
1317 1067 1348 1106 a
1382 1067 1545 1106 manu
1588 1052 1751 1106 alieni
1791 1052 2121 1107 mediationc

543 1152 657 1207 tua,
682 1156 734 1197 et
761 1143 879 1197 luce
913 1152 1001 1197 tua
1027 1143 1270 1197 illutnina
1304 1152 1539 1198 mentem
1568 1157 1742 1198 meam
1771 1184 1785 1209 ,
1808 1153 1861 1199 et
1882 1144 2119 1198 alienum

542 1237 628 1290 fac
648 1252 729 1289 me
749 1251 778 1289 a
804 1236 1149 1305 passionibus
1167 1252 1288 1306 quas
1307 1233 1653 1307 impudenter
1674 1244 1989 1308 Oppugnant
2010 1249 2118 1291 me.

542 1436 707 1508 218
730 1436 1052 1510 Exponam
1080 1454 1132 1490 tn
1161 1438 1292 1510 [esto
1318 1438 1417 1493 SS.
1451 1438 1815 1508 apostolorum
1856 1436 2117 1510 Olympaz,

803 1508 1089 1562 Rhodiam}
1112 1548 1126 1573 ,
1160 1507 1431 1579 Sosipatri
1451 1549 1466 1576 ,
1489 1507 1619 1578 etc.,
1649 1510 1733 1563 die
1766 1510 1853 1563 10.

616 1687 801 1743 Genus
824 1689 1121 1743 lmmanum
1152 1698 1306 1757 partu
1343 1698 1435 1745 tuo
1462 1688 1768 1745 reformasti
1792 1730 1805 1752 ,
1838 1703 1871 1742 ο
1902 1686 2069 1758 Virgo
2101 1704 2116 1741 :

541 1781 781 1837 Verbum
845 1799 1079 1851 namque
1140 1784 1318 1839 Patris
1372 1782 1629 1853 genuisti.
1689 1782 1834 1853 quod
1895 1796 2115 1836 carnem

545 1874 832 1927 mortalem
887 1875 1153 1944 gestavit,
1209 1883 1263 1930 et
1325 1874 1439 1929 vias
1482 1872 1912 1928 immortalitatis
1958 1871 2117 1928 nobis

540 1962 799 2016 ostendit.

614 2050 964 2122 Unigenitum
1002 2053 1178 2109 Patris
1219 2053 1439 2120 Filium,
1469 2053 1561 2124 qui
1597 2052 1747 2123 prius
1774 2051 1955 2108 fuerat
1994 2052 2114 2108 sine

470 2211 479 2218 .
539 2154 749 2207 matre,
780 2160 924 2198 nunc
962 2161 1025 2201 ex
1063 2155 1112 2199 te
1145 2147 1265 2201 sine
1314 2157 1469 2216 patre
1512 2154 1698 2199 natum
1730 2155 2109 2217 agnoscentes,

538 2232 632 2287 Dei
670 2245 894 2289 matrem
932 2246 982 2291 te
1014 2237 1361 2303 conﬁtemur,
1409 2252 1531 2307 quae
1572 2238 1689 2292 sine
1726 2236 1914 2291 dolore
1951 2252 2113 2306 pepe-

538 2324 681 2392 risti,
720 2333 778 2381 ct
819 2330 972 2395 virgo
1004 2330 1350 2399 permansisti
1382 2330 1589 2385 ratione
1620 2328 1876 2384 inelfabili
1902 2369 1917 2393 ,
1950 2345 1982 2384 ο
2014 2327 2109 2383 Dei

537 2435 739 2489 sponsa
763 2420 952 2475 Maria.

610 2511 869 2567 Mil-acula
902 2514 1182 2583 superavit
1214 2515 1469 2570 universa
1503 2515 1825 2570 miraculum
1853 2514 1986 2570 illud
2013 2529 2112 2569 no-

534 2618 686 2669 vum,
731 2605 875 2673 quod
914 2607 1076 2669 inte,
1123 2623 1156 2661 ο
1204 2606 1523 2677 purissima,
1564 2607 1853 2662 manifeste
1905 2606 2108 2662 factum

532 2700 651 2747 est:
677 2692 842 2747 Deum
866 2696 1009 2748 enim
1034 2696 1387 2766 corporaliter
1409 2697 1689 2767 peperisti,
1709 2713 1742 2752 ο
1768 2696 1859 2752 Dei
1882 2712 2106 2766 sponsa,

535 2785 853 2841 hominibus
900 2787 1328 2844 misericorditer
1383 2790 1593 2845 unitum
1653 2790 1855 2845 unione
1907 2793 2110 2860 imper-

532 2879 716 2934 mista.

603 2971 915 3043 Concepisti
945 2992 1039 3045 per
1070 2976 1293 3031 verbum
1337 2976 1616 3042 Verbum,
1664 2990 1697 3032 ο
1742 2974 2105 3031 illibatissima

537 3065 784 3136 Deipara,
818 3083 882 3122 ac
923 3084 1087 3139 supra
1128 3070 1385 3135 verbum,
1411 3068 1616 3125 factum
1667 3069 1967 3129 hominem,
2008 3083 2105 3137 ρος

530 3159 743 3228 peristi,
781 3169 1066 3230 propterea
1104 3170 1153 3218 te
1184 3162 1364 3219 verbis
1399 3162 1662 3217 divinitus
1693 3160 1971 3233 inspiratis
2012 3174 2103 3215 as-

531 3251 688 3305 sidue
716 3252 1110 3310 beatiﬁcamus.

602 3341 886 3413 Tanquam
935 3345 1081 3400 aliud
1133 3346 1332 3401 ctelum
1392 3346 1561 3417 priori
1620 3347 1758 3402 coelo
1812 3318 2175 3402 sublimiusC

530 3434 757 3503 factum,
784 3446 856 3502 te,
880 3437 1131 3497 Domina.
1152 3440 1519 3510 gloriﬁcamus
1540 3457 1555 3507 ;
1575 3441 1721 3510 quod
1742 3440 1896 3495 nobis
1922 3440 2103 3494 Solem

527 3528 753 3597 justitire
794 3532 1038 3597 protulit,
1071 3544 1125 3585 et
1170 3531 1467 3601 profundas
1504 3532 1824 3603 ignorantiae
1854 3532 2104 3588 tenebras

530 3620 855 3675 eliminat-it.

612 3707 852 3766 Verbum
885 3712 1061 3768 Patris
1115 3723 1445 3770 coaeternqu
1469 3754 1483 3779 ,
1513 3715 1829 3771 hominibus
1870 3716 2104 3771 manife-

529 3811 755 3868 Statum,
789 3806 1116 3874 corporasti,
1149 3823 1181 3862 ο
1207 3808 1406 3877 puella,
1448 3818 1503 3864 et
1544 3810 1597 3863 in
1645 3823 1807 3863 carne
1849 3809 2102 3878 peperisti

532 3892 809 3948 hominem
844 3896 1043 3951 factum
1075 3910 1297 3970 propter
1328 3901 1567 3955 hominis
1596 3900 1852 3956 salutem.
1891 3899 2105 3955 Lauda-

526 3985 654 4040 bilis
678 3996 730 4041 et
754 3990 1195 4060 supergloriosus
1226 3992 1370 4047 Deus
1393 4003 1632 4064 patrum.

603 4078 749 4135 Urna
771 4098 892 4150 qua
920 4084 1050 4138 olim
1088 4101 1287 4141 manna
1329 4085 1556 4152 ferebat,
1590 4095 1664 4152 te,
1701 4103 1734 4143 ο
1768 4098 1936 4153 casta,
1975 4087 2105 4157 ﬁgu-

528 4172 684 4226 rabat
717 4191 730 4226 :
762 4174 1039 4231 Christum
1081 4180 1247 4245 enim,
1275 4180 1619 4236 dulcedinem
1663 4189 1930 4247 nostram,
1974 4196 2102 4250 por-

529 4265 677 4327 tasti,
710 4280 742 4317 ο
774 4268 1101 4335 veneranda,
1136 4281 1189 4324 et
1228 4271 1280 4325 in
1308 4286 1475 4326 carne
1513 4272 1797 4342 peperisti,
1826 4273 1917 4342 qui
1942 4272 2104 4342 eripit

526 4356 597 4411 ab
624 4359 770 4411 omni
796 4362 1158 4417 amaritudine
1183 4363 1609 4420 {cedissimorum
1638 4376 1980 4435 peccatorum
2007 4378 2101 4420 eos

526 4448 618 4519 qui
650 4454 1059 4521 superexaltant
1089 4455 1265 4527 ipsum
1304 4456 1359 4511 in
1394 4458 1612 4513 saecula.

600 4543 787 4613 Parce,
820 4546 1079 4614 Domine,
1131 4550 1329 4620 p0pulo
1355 4561 1447 4606 tuo
1468 4592 1485 4617 ,
1546 4567 1576 4604 a
1608 4549 1975 4605 Barbarorum
2018 4549 2102 4604 in-

2225 687 2319 737 xa‘:
2356 686 2590 753 γάλακτι
2613 685 2935 757 ὲκτρέφεται
2962 684 3182 738 ἃπασαν
3236 682 3328 752 τὴν
3370 686 3524 739 κτίσιν
3546 687 3717 761 διατρέ-

2226 796 2342 847 φων
2372 778 2693 849 βουλήματι,
2721 776 3063 849 εὐλογημένη
3104 776 3459 846 Ἀειπάρθενε.

2299 955 2569 1027 Φέρουσα,
2598 956 2777 1028 Κόρη,
2813 957 2933 1018 ταῖς
2960 954 3120 1026 χερσὶ
3164 954 3252 1006 τδν
3283 953 3347 1008 τὰ
3383 954 3635 1024 σύμπαντα
3662 962 3721 1031 τῷ

2225 1048 2452 1120 νεύματι
2479 1048 2736 1119 φέροντα,
2765 1048 2951 1118 χειρός
2988 1064 3054 1117 με
3082 1045 3353 1114 λύτρωσαι
3377 1047 3461 1099 τοῦ
3489 1048 3722 1121 ἀλλοτρίου

2222 1143 2287 1211 τῇ
2328 1141 2572 1212 μεσιτεία
2598 1158 2713 1205 σου,
2747 1141 2842 1196 καὶ
2863 1138 2943 1210 τῷ
2969 1138 3109 1208 φωτί
3130 1154 3224 1190 σου
3250 1136 3345 1207 τὴν
3375 1137 3500 1208 ἐμὴν
3529 1140 3722 1196 διάνοιαν

2224 1237 2477 1303 φῶτισον,
2514 1233 2610 1288 καὶ
2638 1232 2999 1303 ἀλλοτρίωσον
3028 1230 3138 1284 τῶν
3178 1229 3362 1284 παθῶν
3401 1230 3500 1283 τῶν
3537 1233 3726 1299 ἀναιδῶς

2222 1326 2606 1399 πολεμούντων
2636 1342 2727 1397 με.

2233 1435 2335 1491 Ἐκ
2387 1435 2495 1489 τοῦ
2533 1437 2803 1501 Κανόνος
2842 1437 2930 1503 εἰς
2974 1435 3117 1501 τοὺς
3158 1434 3363 1503 ἁγίους
3407 1433 3729 1503 ἀποστόλους

2303 1505 2604 1576 Ὀλυμπᾶν
2617 1548 2632 1575 ,
2649 1507 2951 1573 Ῥοδίωνα,
2980 1507 3383 1572 Σωσίπατρον,
3403 1521 3454 1558 κ.
3468 1521 3515 1560 τ.
3528 1509 3601 1570 1.,
3618 1508 3727 1575 ἠμέ-

2283 1594 2364 1646 ρςι
2398 1583 2451 1632 ι’.

2290 1691 2449 1756 Γένος
2476 1690 2538 1744 τὸ
2587 1690 2931 1763 ἀνθρώπινον
2964 1682 3039 1763 ’τῇ
3081 1695 3145 1763 σῇ
3185 1688 3472 1763 κυοφορίᾳ,
3500 1690 3730 1761 Παρθένε,

2219 1782 2547 1849 ἀνέπλασας·
2563 1785 2735 1854 Λόγον
2757 1785 2864 1855 γὰρ
2886 1784 3122 1855 ἐκύησας
3134 1785 3223 1838 τὸν
3245 1782 3336 1837 τοῦ
3354 1783 3568 1850 Πατρδς,
3589 1785 3731 1851 σάρκα

2220 1873 2420 1944 θνητὴν
2453 1874 2761 1945 φορέσαντα
2782 1916 2795 1940 ,
2830 1875 2925 1928 καὶ
2955 1875 3256 1940 ἀθανασίας
3300 1874 3446 1937 ὁδοὺς
3482 1873 3599 1944 ἡμῖν
3632 1873 3732 1926 ὑπο-

2143 1956 2190 2016 Β
2217 1965 2490 2032 δείξαντα.

2287 2059 2415 2113 Υίὸν
2447 2059 2539 2112 τοῦ
2568 2058 2778 2128 Πατρός
2814 2058 3097 2130 μονογενῆ,
3144 2055 3395 2127 ἀμήτορα
3421 2053 3477 2109 τὸ
3500 2053 3735 2125 πρότερον,

2214 2154 2279 2207 ὲκ
2316 2150 2409 2205 σοῦ
2457 2151 2715 2222 τεχθέντα
2773 2150 2993 2221 γνόντες
3044 2151 3334 2221 ἀπάτορα,
3380 2146 3508 2202 Θεοῦ
3554 2145 3737 2215 Μητέρα

2213 2244 2583 2314 ὁμολογοῦμέν
2630 2261 2721 2307 σε,
2766 2243 2994 2308 ἀπαθῶς
3042 2244 3327 2312 κυήσασαν
3381 2241 3469 2295 καὶ
3518 2238 3739 2311 παρθένον

2217 2337 2478 2406 μείνασαν
2509 2335 2648 2406 ὑπὲρ
2677 2334 2853 2404 λόγον,
2884 2334 3073 2407 Μαρία
3107 2336 3413 2404 Θεόνυμφε.

2281 2520 2586 2592 Θαυμάτων
2618 2522 2871 2575 ἐπέκεινα
2905 2520 3161 2575 ἁπάντων
3181 2559 3196 2585 ,
3230 2516 3558 2586 πανάμωμε.
3588 2512 3641 2566 τδ
3672 2508 3744 2566 ἐπὶ

2214 2612 2296 2666 σοὶ
2328 2611 2691 2682 κενουργηθὲν
2724 2608 2907 2681 θαῦμα
2942 2609 3156 2681 ἐδείχθη
3193 2606 3452 2678 ἐμφανῶς
3472 2624 3484 2636 ·
3517 2603 3633 2657 Θεὸν
3658 2603 3743 2670 γὰρ

2211 2704 2450 2775 ὲκύησας
2472 2700 2800 2773 σωματικῶς
2824 2743 2841 2767 ,
2877 2698 3084 2774 βροτοῖς
3110 2700 3178 2755 δι’
3212 2693 3393 2755 οἶκτον
3418 2695 3676 2768 ἑνούμενον
3699 2694 3745 2744 ὲν

2211 2796 2503 2868 ἀσυγχύτῳ
2530 2795 2749 2862 ὲνὼσει,
2781 2794 3088 2866 Θεόνυμφε.

2281 2980 2577 3044 Συνέλαϐες
2614 2979 2703 3034 διὰ
2742 2978 2902 3049 λόγου
2944 2979 3038 3032 τὸν
3065 2977 3258 3047 Λόγον,
3309 2975 3635 3045 πανάμωμε,
3674 2967 3745 3020 καὶ

2208 3074 2393 3137 ἔτεκες
2438 3073 2579 3145 ὑπὲρ
2624 3073 2783 3141 λόγον
2814 3071 3129 3141 γενόμενον,
3165 3066 3432 3132 Θεοτόκε,
3467 3062 3743 3133 ἄνθρωποψ

2207 3164 2286 3219 διό
2325 3182 2383 3218 σε
2422 3163 2600 3233 λόγοις
2640 3159 3021 3223 θεοπνεύστοις
3063 3158 3361 3221 διαπαντὸς
3396 3150 3729 3227 μακαρίζομεν

2294 3352 2382 3414 Ὠς
2411 3353 2568 3408 ἄλλον
2603 3350 2833 3422 ούρανδν
2866 3347 2962 3403 τοῦ
2997 3346 3213 3419 πρώην,
3246 3346 3538 3403 Δέσποινα,
3566 3335 3751 3407 δειχθεῖο

2211 3464 2309 3501 σαν
2358 3444 2686 3516 ύψηλότερόν
2734 3460 2794 3496 σε
2828 3441 3146 3511 δοξάζομεν,
3172 3438 3266 3492 τὸν
3292 3436 3483 3491 ’Ἥλιον
3521 3433 3639 3502 ἡμῖν
3674 3427 3749 3494 τῆς

2208 3537 2555 3606 δικαιοσύνης
2587 3534 2968 3601 ἀνατείλαντα,
3002 3532 3097 3586 καὶ
3123 3531 3184 3584 τὸ
3227 3530 3369 3601 βαθὺ
3398 3527 3496 3597 τῆς
3520 3518 3754 3591 ἀγνωσίας

2210 3630 2398 3691 σκότος
2422 3626 2708 3692 διώξαντα.

2280 3721 2383 3773 Τὸν
2401 3715 2496 3771 τοῦ
2525 3716 2736 3786 Πατρδς
2763 3712 2933 3784 Λόγον
2956 3714 3226 3767 συναῖδιον
3250 3706 3643 3781 ἐμφανισθέντα
3666 3701 3754 3758 τοῖς

2210 3813 2419 3882 βροτοῖς
2455 3807 2848 3879 ὲσωμάτωσας,
2885 3806 2981 3861 καὶ
3015 3804 3216 3876 σαρκὶ,
3252 3802 3410 3871 Κόρη
3431 3841 3445 3865 ,
3474 3791 3754 3882 amatorias;

2208 3880 2495 3976 ἄνθρωπον
2524 3900 2837 3971 γενόμενον,
2866 3896 2955 3952 διὰ
2976 3896 3033 3951 τὸ
3066 3895 3240 3949 σῶσαι
3274 3894 3371 3947 τὸν
3401 3890 3686 3961 ἄνθρωπον.
3702 3880 3749 3931 ’0

2205 3996 2417 4059 αἰνετδς
2448 3994 2558 4047 τῶν
2589 3991 2847 4062 πατέρων
2880 3990 3011 4051 Θεὸς
3036 3988 3131 4041 καὶ
3163 3982 3543 4057 ύπερένδοξος.

2277 4090 2518 4160 Στάμνος
2541 4088 2710 4143 πάλαι
2734 4082 3172 4157 φέρουσα,ἁγνὴ,
3193 4082 3403 4137 ὲτύπου
3429 4097 3487 4133 σε
3512 4077 3569 4131 τὸ
3594 4074 3757 4144 μανναο

2207 4183 2439 4255 Χριστὸν
2452 4177 3014 4253 γὰρ,τὺνγλυκασμδν
3030 4174 3213 4249 ἡμῶν,
3237 4172 3570 4234 ὲὸἀστασας,
3594 4162 3755 4235 σεμνὴ.

2207 4276 2299 4329 καὶ
2334 4278 2497 4347 σαρκὶ
2525 4273 2764 4343 ὲκύησας
2796 4268 3077 4341 ἑξαίροντα
3107 4267 3294 4339 πάσης
3326 4263 3555 4337 πικρίας
3580 4256 3761 4314 ἀτόπων

2205 4366 2566 4436 ἐγκλημάτων
2632 4365 2759 4428 τοὺς
2822 4359 3237 4434 ὑπερυψοῦντας
3304 4356 3473 4414 αὑτὸν
3532 4355 3605 4417 είς
3658 4349 3760 4408 τοὺς

2206 4460 2425 4521 αἰῶνας.

2274 4549 2460 4600 Φεῐσαι
2488 4546 2584 4599 τοῦ
2610 4544 2739 4598 λαοῦ
2771 4561 2886 4606 σου,
2924 4542 3119 4610 Κύριε,
3153 4539 3467 4611 ἐπιδρομῆς
3498 4531 3759 4604 Βαρϐάρων

526 4653 716 4703 cursu,
748 4642 984 4709 peccatis
1005 4682 1019 4707 ,
1054 4627 1479 4707 teutationihus,
1506 4652 1562 4698 et
1584 4655 1790 4698 aeterno
1831 4642 2100 4711 supplicio

2208 4643 2354 4711 ἡμᾶς
2377 4640 2738 4711 λυτρούμενος
2759 4677 2773 4699 ,
2811 4636 2904 4690 καὶ
2946 4632 3263 4706 ἁμαρτιῶν,
3303 4631 3403 4687 καὶ
3436 4625 3761 4700 πειρασμῶν,

526 4730 766 4785 liberans
805 4749 904 4787 nos
940 4750 1033 4803 per
1060 4734 1223 4805 219
1250 4751 1436 4804 preces
1469 4734 1828 4790 sanctissima:
1859 4734 2100 4804 Virginis

2208 4734 2299 4788 καὶ
2354 4734 2626 4795 κολάσεως
2675 4730 2935 4793 αἰωνίου,
2993 4730 3180 4797 εὐχαῖς
3239 4724 3345 4797 τῆς
3401 4723 3658 4789 τεκούσης
3695 4732 3758 4774 σε,

526 4821 821 4881 Genitricis
854 4834 959 4882 ture
985 4837 1037 4881 et
1060 4829 1425 4897 gloriosorum
1453 4829 1823 4899 apostolorum
1853 4838 2094 4883 tuorum.

2204 4823 2448 4896 Παρθένε
2481 4823 2754 4891 παναγία,
2788 4822 2883 4875 καὶ
2910 4821 3017 4873 τῶν
3050 4818 3281 4883 ἐνδόξων
3314 4814 3628 4870 ἀποστόλων
3668 4825 3761 4861 σω.

524 4945 610 5002 Ex
642 4945 854 5002 Cottone
916 4948 969 5001 in
1034 4947 1133 5003 SS.
1189 4946 1448 5015 Orestem,
1506 4947 1740 5015 Menam,
1814 4946 2110 5082 Vicéoreirg,‘

1934 5033 1980 5073 te

2208 4942 2511 5016 intrantium,
2559 4938 2957 5010 Steplram'dem,
2996 4946 3045 4991 et
3101 4934 3445 4989 Theodorum
3498 4930 3757 4987 Studitam,

1934 5033 1980 5073 ιο
2006 5033 2072 5071 ιυ
2100 5033 2193 5073 (212
2263 5033 2299 5073 1ο

591 5132 637 5187 0
674 5132 1097 5189 laudabilissima
1122 5177 1135 5197 ,
1184 5152 1304 5201 qum
1349 5135 1462 5190 sola
1497 5150 1663 5205 supra
1706 5144 1921 5189 naturae
1950 5132 2098 5189 ordi-

521 5240 643 5279 nem
674 5222 1022 5279 Conditorem
1051 5237 1103 5279 et
1143 5222 1425 5280 Factorem
1487 5224 1769 5292 universi,
1803 5223 1900 5295 qui
1954 5223 2009 5278 in
2043 5233 2096 5278 te

520 5328 746 5370 naturas
782 5316 1082 5380 innovavit,
1108 5318 1388 5386 peperisti,
1421 5317 1625 5372 redime
1655 5331 1741 5372 me
1772 5332 1801 5370 ει
1834 5315 2095 5387 peccatis,

517 5414 571 5462 et
594 5421 623 5460 a
658 5407 943 5464 tormentis
965 5410 1113 5477 eripe
1141 5422 1251 5465 me.

588 5498 797 5555 Medica
844 5510 1079 5556 mentem
1125 5516 1299 5558 meam
1352 5503 1530 5570 pravis
1576 5500 1957 5557 aﬂectionibus
2011 5497 2095 5556 vi-

520 5592 703 5647 tiatam
729 5604 809 5657 ,‘o
837 5594 1091 5649 inviolatn
1115 5613 1129 5661 ;
1157 5611 1221 5649 ac
1248 5596 1446 5651 divinae
1468 5596 1659 5666 gratiae
1686 5596 1807 5650 laeta
1836 5596 1958 5650 luce.
1984 5594 2099 5648 ani.

518 5700 660 5739 mam
694 5701 867 5740 meam
915 5684 1197 5755 perfunde.

591 5777 804 5833 Malitia:
836 5779 1050 5834 turbine
1081 5779 1435 5851 exagitatum,
1469 5789 1524 5836 et
1547 5780 1852 5850 procelloso
1881 5779 2097 5853 passio-

586 5931 763 6003 ιονοη)
797 5936 1144 5992 Dcsideratur
1168 5937 1221 5992 in
1251 5938 1472 5994 Meumis
1503 5937 1807 6007 impressis.

2208 5142 2334 5181 num
2367 5127 2557 5198 pelago
2578 5126 2844 5195 jactatum
2871 5122 3019 5179 salva
3046 5138 3264 5179 servum
3302 5132 3466 5177 tuum
3500 5119 3564 5173 ad
3588 5126 3633 5171 te
3654 5126 3761 5167 con-

2204 5218 2520 5290 fugientem,
2550 5234 2583 5269 η
2614 5215 2897 5271 inviolata.

2273 5312 2319 5366 A
2348 5311 2603 5368 violentis
2639 5310 2847 5381 peccati
2883 5309 3158 5375 ﬂuctibus,
3194 5324 3225 5363 a
3260 5306 3593 5378 passionum
3629 5299 3763 5369 igno-

2205 5406 2393 5470 minia,
2419 5415 2583 5476 atque
2610 5404 2680 5461 ab
2709 5404 2884 5465 omni,
2914 5402 3059 5471 quod
3095 5402 3452 5468 circumstat,
3485 5395 3648 5456 malo,
3672 5388 3766 5446 sal-

2204 5514 2302 5556 vos
2326 5498 2411 5555 lac
2436 5512 2622 5555 servos
2654 5508 2797 5563 tuos,
2826 5511 2859 5550 ο
2882 5504 3055 5551 casta.

2277 5590 2539 5647 Mortiﬁca
2596 5590 2781 5647 carnis
2825 5604 2957 5645 mea:
2995 5586 3377 5658 prudentiam,
3421 5583 3589 5651 Virgo
3622 5572 3775 5671 invio-

2206 5684 2337 5751 lata,
2363 5699 2485 5754 qua:
2509 5683 2789 5741 Christum
2815 5679 3137 5751 concepisti,
3170 5678 3262 5750 qui
3301 5677 3500 5732 divina
3554 5673 3763 5742 poleltlll

2207 5791 2475 5835 mortuam
2507 5777 2788 5834 hominum
2820 5784 3074 5833 naturam
3106 5769 3432 5829 viviﬁcavit.
