4038 6612
332 483 467 552 ιῖει

1734 457 2104 523 MARIALE.

3453 437 3592 504 1242

402 584 640 644 Verbum
669 579 782 648 Dei,
810 577 1084 635 innovatis
1113 584 1320 632 natura:
1344 573 1584 646 legibus,
1610 586 1733 625 cum
1756 577 1903 624 esset
1933 565 1980 625 Α
2009 574 2254 634 ereptum
2278 602 2294 628 ,
2331 558 2742 630 incorruptione
2789 555 3034 612 donavit.
3099 553 3470 622 Quamobrem
3539 553 3610 608 te

332 677 453 738 sine
468 675 764 750 principio,
792 689 858 728 ex
877 672 1028 743 puris
1050 668 1412 740 sanguinibus
1439 663 1546 722 tuis
1568 666 1910 720 incarnatum

333 779 440 836 est,
467 749 500 824 o
534 767 724 840 Virgo,
765 781 929 835 supra
961 761 1190 816 rationis
1222 768 1438 829 captum
1461 797 1476 821 ,
1507 766 1560 811 et
1600 754 1801 809 factum
1828 749 1914 804 in-

338 864 482 928 fans,
519 861 798 916 hominem
830 863 1148 924 corruptum
1181 851 1590 918 redintegravit.

2016 654 2252 711 universi
2282 652 2677 713 benedicimus,
2707 664 2740 702 o
2769 647 2862 703 Dei
2894 661 3096 716 sponsa
3119 643 3310 700 Maria.

2087 749 2424 803 Horrescunt
2478 745 2794 815 angelorum
2851 741 3094 806 ordines,
3145 753 3178 794 o
3225 736 3596 798 immaculata,

2019 838 2426 896 considerantes
2455 833 2774 905 mysterium
2797 840 2987 900 partus
3016 829 3115 895 tui,
3139 825 3286 898 quod
3312 836 3397 881 est
3422 840 3586 894 supra

411 952 680 1007 Dominus
710 947 1036 1008 altissimus,
1070 958 1195 998 cum
1231 949 1376 1014 esset
1411 951 1574 992 verus
1607 935 1772 997 Deus,
1821 931 1921 984 hn-
2022 939 2273 984 naturam
2309 947 2323 982 :
2361 927 2523 996 220
2551 926 2717 978 Deum
2761 921 2904 978 enim
2939 919 3216 991 peperisti,
3253 928 3308 974 et
3341 928 3600 987 tanquam

340 1060 560 1103 manam
593 1044 826 1098 formam
851 1053 916 1095 ex
944 1045 999 1093 te
1027 1036 1288 1104 suscepit,
1323 1049 1356 1086 o
1394 1031 1558 1100 Virgo
1580 1026 1915 1087 castissima,

343 1150 511 1210 atque
549 1135 825 1191 hominem
864 1127 1170 1193 deiﬁcavit,
1208 1137 1446 1194 eumque
1489 1135 1520 1175 a
1571 1117 1924 1186 corruptione

359 1319 465 1376 Ἐκ
515 1315 621 1371 τοῦ
671 1313 940 1375 Κανόνος
977 1310 1064 1374 εἰς
1109 1307 1216 1360 τὸν
1256 1296 1774 1376 (inefﬁcacia-mir
1823 1291 1930 1349 τὸν

777 1370 1144 1450 ‘EJsi'uto-ira,
1186 1370 1376 1446 ἡμέρᾳ
1418 1370 1506 1444 ιβ’.

425 1521 548 1576 Ἵνα
575 1521 701 1582 τοὺς
735 1518 886 1572 κάτω
912 1518 1025 1578 τοῖς
1055 1513 1169 1568 ἄνω
1193 1509 1502 1580 συνάψειεν,
1537 1507 1564 1560 ὁ
1601 1505 1761 1578 μόνος
1795 1503 1932 1557 πάν-

359 1631 470 1670 των
497 1613 628 1675 Θεὸς
677 1611 891 1681 μήτραν
944 1605 1321 1675 ἀπειρόγαμον
1370 1600 1562 1664 ὑπέδυ,
1601 1601 1698 1653 καὶ
1733 1596 1936 1665 σαρκὸς

2022 1019 2196 1078 filium
2225 1020 2438 1076 laetasti
2478 1033 2601 1074 eum
2628 1017 2722 1088 qui
2754 1011 2926 1070 nutrit
2953 1014 3236 1068 universa.

2033 1310 2116 1364 Ea:
2137 1309 2348 1366 Canone
2373 1307 2425 1359 in
2451 1306 2582 1375 [esto
2609 1298 2668 1358 S.
2687 1299 2914 1356 Joannis
2941 1294 3383 1368 Elcemosynarii,
3407 1293 3492 1348 die
3521 1292 3604 1348 l2.

2107 1511 2180 1570 lit
2224 1511 2534 1584 superiores
2564 1524 2629 1564 ac
2674 1517 2927 1563 caelestes
2966 1517 3091 1561 cum
3131 1500 3486 1556 inferioribus
3520 1513 3615 1552 co-

2038 1609 2276 1680 pularet,
2323 1603 2474 1658 solus
2509 1600 2754 1655 omnium
2808 1597 2949 1650 Deus
2980 1605 3192 1649 uterum
3225 1587 3494 1646 illibatum
3530 1588 3616 1642 in-

359 1707 545 1778 φανεὶς
569 1707 627 1759 ὲν
655 1704 983 1774 ὁμοιώματι.
1015 1701 1113 1768 τῆς
1137 1698 1345 1770 ἔχθρας
1371 1693 1432 1749 τὸ
1459 1693 1769 1765 μεσότειχον
1803 1689 1939 1744 ἑλὼν

2077 1714 2264 1754 ressus
2295 1706 2400 1761 est,
2429 1705 2482 1749 et
2523 1691 2576 1747 in
2615 1690 2972 1748 similitudine
3002 1687 3187 1744 carnis
3211 1699 3500 1755 apparens,
3529 1682 3618 1735 in-

359 1798 583 1869 εἰρήνην
615 1792 929 1869 ἐμεσίτευσε
953 1831 968 1856 ,
995 1793 1089 1845 καὶ
1130 1785 1276 1860 ζωὴν
1306 1783 1604 1859 ὲὸράόευσε
1624 1825 1640 1853 ,
1672 1783 1766 1838 καὶ
1791 1782 1941 1836 Θείαν

361 1890 765 1959 ἀπολύτριοισιν.

445 1981 570 2036 Ἐπὶ
597 1982 700 2046 σοὶ,
748 1978 1012 2046 παναγία,
1056 1977 1084 2030 ὁ
1117 1974 1210 2029 τοῦ
1248 1971 1448 2036 παντὸς
1476 1971 1645 2034 αἴτιος
1677 1969 1744 2024 δι’
1773 1968 1945 2038 ὑπερ-

2046 1792 2308 1850 tcrmedio
2338 1788 2633 1844 inimicitia:
2658 1786 2864 1856 pariete
2887 1779 3125 1846 sublato,
3158 1794 3345 1850 pacem
3377 1777 3618 1845 interpo-

1971 1909 2016 1964 Β
2046 1885 2175 1950 suit,
2208 1891 2262 1937 et
2292 1882 2456 1936 vitam
2481 1921 2495 1945 ,
2533 1879 2884 1946 divinamque
2913 1873 3338 1942 redemptionem
3379 1866 3621 1922 donavit.

2127 1975 2184 2032 In
2220 1984 2303 2040 te,
2339 1990 2372 2028 o
2415 1970 2760 2028 sanctissima
2787 2009 2803 2033 ,
2850 1964 3090 2020 universi
3141 1971 3351 2026 auctor,
3407 1965 3628 2029 propter

367 2071 528 2142 ϐολὴν
554 2069 956 2141 εὐσπλαγχνίας
995 2066 1163 2120 θέλων
1187 2065 1486 2134 ἐσκήνωσε,
1522 2061 1617 2115 καὶ
1645 2058 1949 2127 καθηγίασε

2073 2081 2339 2124 :xcessum
2371 2062 2758 2120 misericordiae
2785 2075 2898 2115 sua:
2940 2055 3248 2112 voluntarie
3274 2051 3586 2108 inhabitans
3611 2085 3627 2109 ,

366 2165 467 2237 τὴν
485 2139 610 2220 -τῶν
656 2139 961 2235 dviipdinwv
1017 2159 1206 2213 οὐσίαν
1236 2151 1546 2228 παραϐάσει
1573 2151 1836 2222 πρότερον
1866 2139 1951 2212 ὲξο

368 2257 753 2327 ολισθήσασαν.

447 2347 628 2400 "Iacui
661 2364 760 2417 μου
785 2345 853 2400 τὰ
878 2343 1204 2418 τραύματα,
1249 2340 1424 2410 Κόρη,
1459 2338 1556 2408 τῆς
1585 2328 1832 2409 καρδίας,
1863 2334 1958 2389 καὶ

372 2438 743 2494 κατευόδωσον
772 2439 869 2508 τῆς
901 2435 1082 2508 ψυχῆς
1115 2448 1218 2504 μου
1252 2429 1321 2484 τὰ
1365 2431 1642 2503 κινήματα
1671 2429 1751 2492 είς
1781 2425 1917 2481 Θεοῦ
1940 2467 1954 2493 ,

375 2531 619 2602 Παροέ-ιε
642 2573 657 2598 ,
685 2532 754 2584 τὰ
776 2530 1075 2600 θελήματα.

446 2650 559 2722 Τὴν
590 2647 967 2703 σκοτισθεῖσαν
992 2645 1171 2718 ψυχήν
1200 2661 1301 2717 μου
1333 2645 1456 2708 ταῖς
1509 2641 1844 2715 φιληδονίαις
1865 2639 1960 2696 τοῦ

2055 2158 2417 2219 sanctiﬁcavit
2470 2155 2758 2211 hominum
2806 2148 3192 2214 substantiam,
3241 2160 3363 2216 quae
3412 2147 3634 2213 propter

2055 2255 2286 2327 primam
2320 2247 2811 2320 transgressionem
2834 2249 3139 2300 corruerat.

2129 2340 2346 2397 Medere
2377 2336 2697 2394 vulneribus
2727 2332 2907 2390 cordis
2938 2330 3068 2393 mei,
3099 2344 3132 2384 ο
3154 2325 3334 2400 puella
3367 2321 3556 2393 Virgo,
3582 2330 3637 2374 et.

2060 2436 2259 2492 anima:
2281 2448 2415 2488 mea:
2438 2437 2621 2486 motus
2645 2425 2712 2483 ad
2741 2423 2837 2481 Dei
2862 2421 3200 2480 voluntatem
3252 2413 3638 2488 perﬁciendam

2063 2529 2205 2585 felici
2231 2526 2448 2582 tramite
2474 2521 2666 2592 dirige.

2135 2645 2390 2700 Animam
2425 2654 2602 2696 meam
2638 2636 2980 2703 voluptatum
3013 2629 3140 2684 vitae
3175 2640 3364 2682 amore
3414 2623 3643 2678 obtene-

380 2711 529 2816 pio”;
545 2743 682 2813 ἁγνὴ
708 2711 1039 2812 πανάμωμέ.
1174 2711 1314 2808 cra-th
1341 2736 1418 2809 τῷ
1446 2711 1745 2808 σῷ-ταιξτην
1762 2734 1965 2790 καταύ-

2073 2741 2276 2797 bratam
2329 2736 2452 2791 luce
2505 2741 2600 2786 tua
2661 2725 2906 2783 illumina
2932 2763 2947 2788 ,
2983 2737 3017 2776 o
3050 2727 3236 2784 casta,
3269 2733 3334 2772 ac
3368 2715 3534 2768 libera
3574 2711 3644 2765 ab

379 2851 568 2906 τασον,
599 2837 632 2906 ὴ
662 2835 723 2887 τὸ
754 2834 866 2904 φῶς
893 2831 1130 2913 Χριστὸν
1157 2830 1390 2884 τεκοῦσα
1415 2829 1512 2901 τῆς
1542 2828 1816 2898 ἀγνωσίας
1841 2828 1967 2883 σκό-

380 2947 470 2991 τος
502 2943 715 2981 Αυοντα.

456 3040 768 3110 Νοήσαντες
837 3036 1091 3108 Οεηγόροι
1135 3033 1413 3107 προφῆται
1468 3035 1771 3106 μυστηρίου
1830 3052 1966 3102 σου,

387 3131 662 3204 Παρθένε,
717 3131 779 3184 τὸ
833 3129 1018 3200 βάθος,
1078 3125 1439 3200 προφητικῶς
1494 3128 1970 3198 προκατήγγειλαν

2066 2833 2215 2890 omni
2253 2830 2392 2896 labe,
2436 2840 2559 2898 quae
2603 2824 2780 2878 lucem
2814 2817 3093 2874 Christum
3141 2809 3433 2883 peperisti,
3472 2821 3503 2860 a
3536 2820 3646 2874 quo

2069 2923 2390 2997 ignorantia:
2419 2916 2661 2975 tenebrze
2690 2910 3085 2968 dissolvuntur.

2145 3034 2468 3105 Diviniloqui
2503 3029 2777 3100 prophetae
2827 3022 3104 3078 intellectu
3142 3009 3379 3072 assecuti
3415 3007 3648 3080 profun-

2073 3134 2296 3189 ditatem
2359 3097 2621 3198 mysterii
2655 3119 2758 3182 tui.
2819 3133 2852 3173 ο
2893 3113 3089 3184 Virgo,
3147 3105 3463 3179 prophetice
3516 3097 3649 3153 illud

387 3225 564 3286 τοῦτο,
593 3220 1086 3292 φωταγωγούμενοι
1109 3219 1237 3290 θείῳ
1254 3216 1556 3288 Πνεύματι,
1585 3218 1786 3273 καὶ-θῦν
1810 3221 1971 3292 ἡμεῖς
1999 3263 2003 3295 1

2074 3188 2528 3281 enuntiaverunt,
2581 3210 2750 3269 divini
2803 3205 3041 3277 Spiritus
3092 3200 3214 3255 luce
3259 3191 3538 3250 illustrati.
3588 3188 3656 3242 Et

391 3314 706 3386 περιφανῶς
731 3311 830 3376 τὰς
863 3312 1114 3376 ἐκϐάσεις
1145 3311 1379 3383 ὁρῶντες
1405 3311 1755 3382 πιστεύομεν.

467 3499 621 3568 Μόνη
661 3497 753 3553 τὸν
798 3497 895 3551 ἕνα
943 3496 1044 3568 τῆς
1075 3497 1304 3569 Τριάδος
1354 3499 1732 3570 ἀπεγέννησας
1783 3498 1840 3555 ὲν
1882 3499 1976 3556 δύο

394 3592 512 3656 ταῖς
559 3590 766 3654 οὐσίαις
799 3590 1094 3644 ὑποστάσει
1143 3591 1243 3661 μιᾷ
1285 3589 1595 3661 ὁρώμενον,
1631 3591 1872 3664 Παρθένε
1893 3635 1908 3662 ,
1937 3589 1982 3664 ᾧ

399 3683 771 3755 μελῳδοῦμεν·
797 3682 972 3752 Κύριε
1002 3683 1029 3734 ὁ
1053 3681 1208 3745 Θεὸς,
1231 3681 1522 3754 εὐλογητὸς
1553 3678 1621 3736 εἴ.

477 3795 722 3866 Ῥείορου
751 3793 951 3860 ζῶντος
971 3792 1176 3864 ὤφθης,
1219 3794 1482 3864 παναγία,
1516 3797 1804 3866 σκήνωμα,
1833 3797 1891 3864 ἐξ
1921 3791 1983 3853 οὗ

401 3889 616 3952 πιόντες
650 3889 698 3941 oi
734 3887 1134 3950 θανατωθέντες
1165 3887 1263 3956 τὴν
1295 3886 1438 3957 ζωὴν
1472 3888 1826 3957 κληρούμεθα
1850 3891 1982 3943 ἀνα-

401 3980 658 4043 ϐοῶντεςο
693 3979 1004 4046 Εὐλογεῖτε,
1041 3979 1218 4032 πάντα
1245 3980 1309 4030 τὰ
1337 3977 1495 4048 ἔργα,
1514 3978 1606 4031 τὸν
1625 3978 1850 4048 Κύριον,
1888 3979 1983 4032 καὶ

401 4075 747 4148 ὑπερυψοῦτε
779 4075 856 4138 είς
889 4072 1093 4136 πάντας
1115 4073 1242 4136 τοὺς
1269 4066 1490 4134 αἰῶνας.
1749 4069 1754 4073 ’

477 4265 713 4318 Φανεῖσα
765 4256 1076 4328 πλατυτέρα
1125 4253 1406 4326 οὐρανῶν,
1438 4252 1715 4324 Παρῦἐνε,
1767 4253 1859 4308 τὸν
1906 4252 1993 4307 λο-

407 4355 606 4424 γισμόν
640 4368 742 4422 μου
793 4347 1150 4418 στενούμενον
1183 4345 1472 4410 πλάτυνον,
1510 4345 1817 4416 χωρητικὸν
1839 4361 1994 4418 χαρι-

409 4447 634 4519 σμάτων
658 4445 815 4499 θείων
835 4440 1176 4497 δεικνύουσα.

2082 3330 2228 3372 nunc
2261 3327 2362 3368 nos
2391 3310 2605 3364 illorum
2637 3301 2878 3359 vaticinii
2912 3296 3119 3354 exitum
3150 3286 3439 3346 manifeste
3468 3283 3656 3338 viden-

2084 3417 2186 3473 tes,
2223 3403 2518 3461 credimus.

2155 3466 2235 3552 'i'u
2269 3496 2402 3558 sola,
2449 3505 2482 3546 ο
2522 3488 2728 3561 Virgo,
2782 3498 2952 3539 unum
2992 3473 3282 3535 Trinitatis
3337 3470 3393 3526 in
3445 3466 3662 3523 duabus

2086 3587 2409 3649 substantiis
2429 3596 2592 3656 atque
2619 3583 2780 3638 unica
2809 3573 3081 3648 hypostasi
3108 3568 3351 3640 agnitum
3381 3561 3662 3634 peperisti,

2086 3684 2172 3740 cui
2198 3680 2542 3738 concinimus
2569 3695 2583 3732 :
2609 3673 2933 3730 Benedictus
2961 3683 3042 3734 es,
3096 3661 3330 3718 Domine
3360 3657 3524 3722 Deus,
3553 3663 3662 3708 etc.

2156 3795 2333 3852 Fluvii
2367 3789 2598 3847 viventis
2630 3783 3041 3842 tabernaculum
3080 3778 3218 3832 facta
3253 3791 3334 3837 es,
3373 3788 3406 3826 o
3436 3763 3668 3824 sanctis-

2086 3893 2248 3955 sima,
2275 3904 2340 3941 ex
2370 3898 2481 3955 quo
2514 3882 2761 3936 bibentes
2799 3890 2898 3930 nos
2927 3873 3019 3942 qui
3052 3867 3252 3924 mortui
3279 3877 3522 3924 eramus,
3557 3859 3670 3912 hr-

2085 3983 2241 4038 redcs
2269 3979 2392 4032 vitae
2417 3974 2720 4037 evadimus,
2754 3969 3055 4024 clamantes
3078 3979 3092 4017 :
3120 3957 3454 4020 Benedicite,
3481 3951 3670 4007 omnia

2088 4089 2276 4146 opera,
2312 4067 2638 4132 Dominum,
2668 4071 2723 4117 et
2757 4055 3159 4130 superenaltate
3202 4065 3329 4105 eum
3377 4047 3431 4101 in
3484 4042 3673 4099 omnia

2089 4167 2310 4226 saecula.

2168 4259 2271 4322 Tu,
2308 4275 2341 4314 ο
2370 4256 2534 4326 Virgo
2555 4295 2570 4320 ,
2601 4265 2721 4323 quin
2751 4245 2904 4305 caelis
2932 4243 3096 4298 latior
3134 4234 3432 4310 apparuisti
3457 4274 3472 4299 ,
3506 4229 3678 4286 dilata,

2097 4362 2332 4407 mentem
2385 4349 2542 4419 221
2596 4359 2770 4400 meam
2819 4345 3206 4410 angnstatam,
3251 4339 3308 4385 ct
3358 4325 3679 4382 divinorum

2098 4444 2492 4499 charismatum
2522 4450 2776 4507 capacem
2812 4430 2996 4487 redde.

1224 4583 1307 4637 Ex
1333 4581 1545 4638 Conone
1569 4581 1624 4634 in
1656 4579 1714 4635 S.
1750 4547 2051 4648 Philippum
2074 4579 2406 4649 Apostolum,
2432 4577 2519 4631 die
2548 4574 2614 4629 Ν
2637 4567 2863 4643 (92““).

484 4731 915 4792 Osanctissima,
953 4728 1174 4797 Deoque
1195 4722 1529 4795 gratissima,
1555 4731 1674 4776 esto
1705 4721 1842 4775 mihi
1889 4721 1990 4773 ad-
2028 4712 2070 4766 D
2100 4737 2242 4785 mur,
2276 4734 2308 4774 ο
2353 4716 2750 4788 benignissima
2804 4708 2896 4766 Dei
2941 4702 3210 4767 Genitrix,
3261 4698 3329 4754 ab
3357 4694 3506 4752 omni
3541 4689 3690 4748 malo

413 4824 584 4898 intrix
617 4832 672 4879 et
703 4831 928 4893 patrona
963 4818 1106 4890 apud
1156 4816 1460 4877 Christum,
1492 4825 1550 4868 ut
1589 4812 1782 4867 liberet
1810 4826 1894 4865 me
1924 4810 1992 4864 ab

417 4914 872 4986 acternojudicio,
906 4922 960 4968 ct
985 4912 1054 4966 ab
1093 4908 1409 4966 omnimoda
1443 4905 1715 4976 serpentis
1741 4904 1992 4958 laesione.

491 5007 688 5063 Mentis
743 5021 879 5060 meae
938 5003 1275 5075 vagationes,
1364 4998 1617 5069 corporis
1674 4996 1996 5064 passiones,

421 5112 586 5170 atque
615 5100 813 5154 animae
837 5096 1059 5151 morbos
1099 5110 1248 5160 cura,
1279 5109 1313 5149 ο
1351 5091 1541 5163 Virgo,
1572 5099 1628 5145 et
1653 5090 1863 5143 ad.vias
1899 5088 1998 5143 ho-

420 5209 522 5252 nas
552 5193 725 5263 dirige
752 5205 862 5256 me,
890 5199 950 5244 ut
976 5189 1182 5243 faciens
1209 5187 1302 5243 Dei
1333 5185 1690 5250 voluntatem,
1720 5182 1996 5238 inveniam

420 5287 589 5341 vitam
622 5296 901 5339 aeternam.

494 5377 777 5448 Tanquam
803 5376 1102 5431 animatum
1125 5371 1337 5427 Domini
1366 5371 1650 5442 palatium,
1681 5383 1732 5426 et
1754 5369 1992 5424 fidelium

425 5471 659 5542 asylum,
691 5481 1013 5536 eorumque,
1067 5465 1158 5534 qui
1192 5465 1244 5518 in
1297 5463 1745 5517 tribulationibus
1775 5477 2001 5516 versan-

429 5575 536 5624 tur,
570 5561 855 5625 auxilium,
881 5568 935 5614 et
955 5559 1144 5612 ducent
1179 5554 1517 5610 infallibiletn
1572 5553 1744 5626 gratia
1781 5554 1999 5624 plenam

427 5655 732 5709 laudemus.

503 5743 599 5809 Te,
630 5759 750 5814 ipsa:
780 5742 1043 5812 optimum
1092 5737 1372 5793 Dominum
1419 5737 1699 5809 peperisti,
1739 5736 2006 5808 deprecao

504 5922 703 5995 (9‘2"‘2
744 5917 1090 5977 Desideratur
1120 5917 1172 5971 in
1208 5914 1424 5972 Menaeis
1447 5913 1747 5988 impressis.

2105 4817 2254 4886 eripe
2281 4811 2544 4884 p0pulum
2581 4818 2762 4864 tuum.

2177 4949 2544 5008 lntellectuale
2592 4943 2979 5002 candelabrum
3035 4947 3088 4991 te
3139 4931 3405 5002 propheta
3433 4925 3588 4987 vidit,
3643 4937 3683 4976 ο

2107 5041 2386 5103 inviolata,
2424 5046 2550 5092 vere
2587 5035 2793 5089 habens
2841 5031 3141 5084 lucernam,
3200 5016 3682 5076 illuminationem,

2107 5143 2160 5190 et
2202 5132 2645 5204 propitiationem
2677 5125 2984 5180 animarum
3025 5125 3365 5172 nostrarum.

2137 5241 2148 5253 ’
2183 5248 2394 5316 Lingua
2414 5254 2465 5300 et
2496 5241 2656 5298 corde
2681 5250 2730 5294 te
2762 5237 2998 5308 praedico
3036 5231 3345 5301 Deiparam,
3380 5237 3414 5276 ο
3458 5217 3689 5273 inviola-

2110 5342 2359 5404 tissima;
2452 5336 2623 5390 Deum
2711 5331 2856 5384 enim
2936 5322 3302 5381 immortalem
3405 5311 3686 5384 peperisti,

2109 5431 2197 5486 cui
2257 5440 2448 5482 omnes
2500 5421 2841 5478 modulantes
2895 5416 3164 5477 canimus,
3223 5404 3549 5464 Benedictus
3596 5414 3678 5464 es,

2113 5519 2280 5584 Deus,
2311 5525 2418 5572 etc.

2189 5633 2343 5688 illum
2383 5628 2476 5701 qui
2539 5635 2624 5683 est
2659 5633 2787 5680 ante
2841 5621 3065 5684 szrcula,
3100 5629 3300 5671 novum
3334 5612 3594 5666 infantem
3634 5609 3691 5659 in

2119 5737 2265 5784 terra
2293 5697 2576 5799 peperisti,
2609 5735 2642 5775 o
2669 5717 2854 5789 Virgo,
2879 5714 3232 5770 innovantem
3271 5719 3394 5774 nos,
3431 5701 3526 5775 qui
3553 5697 3693 5754 ami-
