4038 6602
274 467 411 536 1215

1620 458 1628 466 ’
1661 466 2030 530 MARIALE.

3398 456 3539 523 1946

339 586 575 640 Φύσεσιν
603 583 882 657 ὁρώμενον
903 585 1105 647 διτταῖς
1132 583 1368 656 Χριστὸν
1395 581 1691 654 ἐγέννησας
1725 581 1857 649 μίαν

2035 578 2246 650 Duplici
2304 576 2589 649 praeditum
2635 584 2855 640 natura,
2888 572 3108 629 unicam
3160 586 3290 628 vero
3337 587 3536 643 geren-

269 684 508 752 φὲροντα
554 680 742 749 σαφῶς
788 679 1088 733 ὑπόστασιν
1142 678 1398 732 σύνθετον
1424 718 1438 739 ,
1477 674 1858 746 ἀνθρωπότητι

268 768 525 842 θεότητος
554 772 1057 843 συνεισδραμούσης
1096 770 1332 840 φυσικὴν
1361 770 1529 832 ὅντως
1567 766 1691 821 καθ’
1723 766 1860 819 ἕνω-

274 881 358 918 σιν
379 881 392 895 ⁸
426 864 551 918 ὅθεν
578 864 781 929 πάντες
810 881 870 917 σε
901 863 1252 935 εὐλογοῦμεν,
1288 861 1476 934 Μαρία
1508 860 1811 931 Θεόνυμφε.

340 1046 514 1117 Σαρκὶ
547 1045 886 1116 ἐπιδημῆσαι
924 1045 1157 1118 θελήσας
1192 1047 1221 1100 6
1258 1045 1635 1117 διακοσμήσας
1684 1044 1862 1098 πάντα

268 1136 443 1205 Λόγος
472 1140 529 1191 ὲν
561 1138 644 1190 σοὶ
674 1137 1081 1209 κατεσκήνωσε,
1104 1137 1274 1209 μόνην
1307 1136 1615 1207 ἁγιωτέραν
1642 1136 1859 1196 πάντων

269 1227 596 1298 εὑράμενος,
628 1229 723 1282 καὶ
758 1229 1024 1284 Θεοτόκον
1055 1228 1257 1298 ἔδειξεν
1286 1230 1373 1284 ἐπ’
1402 1228 1658 1302 ἀληθείας
1680 1270 1697 1294 ,
1735 1228 1857 1297 M11-

267 1318 630 1392 τῳπὰροενε.

282 1434 387 1489 Ἕκ
425 1435 533 1490 τοῦ
585 1436 855 1502 Κανόνος
906 1437 995 1501 εὶς
1038 1437 1147 1490 τὸν
1179 1436 1355 1491 ὅσιον
1396 1436 1726 1506 Γρηγόριον
1758 1435 1867 1490 τὸν

693 1508 1133 1575 Δεκαπολίτην,
1156 1506 1347 1577 ἡμέρᾳ
1373 1513 1444 1563 κ’.

353 1620 421 1675 Ἦ
447 1622 556 1675 ἀπὸ
587 1622 692 1692 γῆς
723 1622 863 1693 πρὸς
894 1622 1127 1694 οὐρανὸν
1167 1624 1433 1694 διήκουσα
1460 1620 1663 1693 κλίμαξ
1696 1620 1863 1692 οὐρά·

270 1730 407 1777 νιος,
437 1713 504 1766 δι’
541 1710 609 1787 ἦς
644 1713 781 1767 Θεοῦ
808 1715 979 1783 Λόγος
1016 1716 1129 1778 τοῖς
1154 1714 1365 1786 βροτοῖς
1407 1713 1683 1785 ὡμίλησε,
1712 1713 1865 1766 εὐλο-

271 1806 497 1877 γημένη
524 1808 793 1875 πάναγνε,
826 1807 1231 1877 ἀνερμήνευτον
1258 1804 1463 1876 θαῦμα,
1495 1803 1866 1874 ἀκατανόητον

269 1898 479 1969 ὅραμα,
514 1898 653 1963 σῶζε
677 1898 804 1962 τοὺς
827 1899 907 1962 εἰς
939 1898 999 1951 σὲ
1023 1896 1498 1967 καταφεύγοντας.

343 2088 540 2158 Χαῖρε,
568 2085 705 2158 μόνη
716 2084 952 2140 τεκοῦσα
971 2084 1062 2137 τὸν
1080 2084 1175 2138 τοῦ
1196 2083 1397 2149 παντὸς
1424 2082 1651 2155 Κύριον·
1679 2084 1860 2155 χαῖρε,

271 2179 374 2249 τὴν
420 2178 567 2250 ζωήν
614 2181 726 2243 τοῖς
778 2177 1089 2250 ἀνθρώποις
1141 2179 1174 2249 ή
1231 2176 1651 2249 προξενήσασαο
1681 2179 1860 2248 χαῖρε,

271 2273 572 2328 κατάσκιον
608 2273 703 2326 καὶ
730 2272 1079 2343 ἀλατόμητον
1103 2271 1251 2342 ὅρος,
1277 2272 1389 2325 τῶν
1417 2269 1626 2324 πιστῶν
1648 2271 1709 2324 τὸ
1732 2271 1863 2338 στή-

274 2379 474 2435 ριγμα·
499 2366 683 2436 χαῖρε,
717 2363 1049 2434 πανὰμωμε.

343 2458 540 2528 Μῆτερ
578 2456 736 2519 Θεοῦ,
772 2455 1112 2525 εὐλογημένη
1133 2495 1149 2519 ,
1184 2453 1496 2523 πανάμωμε
1516 2494 1531 2519 ,
1558 2453 1659 2522 τῆς
1685 2451 1864 2522 ψυχῆς

276 2563 381 2615 μου
426 2546 723 2617 τραύματα
753 2546 1115 2619 Θεραπευσον,
1157 2545 1257 2608 τὰς
1296 2544 1489 2613 ἡδονὰς
1530 2543 1721 2596 σϐέσον
1765 2542 1865 2613 τῆς

275 2639 480 2710 σαρκδς
502 2680 516 2700 ,
549 2640 650 2711 τὴν
680 2640 1076 2710 ὲσκοτισμένην
1110 2637 1340 2711 καρδίαν
1384 2656 1487 2706 μου
1525 2635 1866 2707 φωταγώγη·

277 2749 393 2796 σον,
424 2733 743 2803 εἰρήνευσον
776 2734 867 2788 τὸν
908 2733 1033 2787 νοῦν
1067 2751 1168 2804 μου
1206 2734 1300 2786 καὶ
1331 2730 1594 2796 παντοίας
1634 2731 1698 2785 ὲκ
1728 2711 1867 2801 ⁵βλόι-

280 2823 401 2893 6ης,
430 2824 525 2877 καὶ
552 2823 763 2895 ἐχθρῶν
791 2824 1056 2893 ἐπηρείας
1091 2841 1159 2894 με
1187 2821 1484 2894 λύτρωσαι.

352 2915 670 2984 Προστασία
710 2914 809 2969 τοῦ
849 2916 1091 2986 κόσμου,
1132 2917 1325 2987 Μῆτερ
1363 2913 1714 2983 Ἀειπάρθενε
1739 2954 1754 2977 ,
1800 2912 1864 2965 σὺ

282 3022 352 3075 με
391 3006 750 3079 κυδέρνησον,
786 3008 883 3061 καὶ
928 3007 1195 3080 ὁδήγησόν
1237 3024 1305 3079 με
1339 3009 1418 3070 εὶς
1452 3006 1669 3059 εὐθεῖαν
1708 3005 1862 3070 ὁδὸν,

279 3097 377 3151 καὶ
413 3098 745 3152 κατεύθυνον
774 3102 910 3170 πρδς
942 3098 1288 3170 δικαιοσύνης
1322 3098 1541 3170 τρίδους
1572 3094 1741 3168 ὀρθὰς
1774 3095 1866 3149 τὸν

278 3190 540 3261 λογισμόν
578 3209 703 3260 μου,
737 3194 831 3245 καὶ
855 3191 1034 3263 ψυχῆς
1064 3192 1162 3255 τὰς
1189 3192 1415 3263 πορείας
1440 3189 1759 3244 εὐθύνουσα.

354 3284 548 3355 Μαρία
582 3287 642 3337 τὸ
671 3285 912 3356 καθαρὸν
948 3284 1214 3356 βασιλέως
1250 3282 1533 3348 παλάτιον,
1574 3278 1867 3350 γενόμενόν
1893 3315 1938 3373 c

284 3393 353 3446 με
401 3376 616 3447 λῃστῶν
660 3376 973 3448 ἀκάθαρτον
1017 3376 1285 3447 σπήλαιον
1334 3375 1523 3445 εὐχαῖς
1566 3389 1658 3426 σου
1699 3370 1867 3424 καθά.

281 3484 452 3539 ρασα,
498 3468 593 3521 τοῦ
634 3470 698 3522 ὲκ
743 3468 838 3523 σοῦ
887 3468 1169 3540 τεχθέντος
1206 3467 1335 3523 ναὸν
1374 3466 1530 3536 ἆγιον
1568 3462 1868 3528 ἀνάδειξον.

353 3652 567 3725 Νεκρδν
588 3652 1002 3724 χρηματίσαντα
1020 3654 1086 3724 τῇ
1104 3651 1349 3723 ἁμαρτίᾳ
1369 3650 1461 3704 καὶ
1476 3647 1870 3718 ἀπολλύμενον,

277 3744 383 3815 τὴν
414 3744 561 3816 ζωὴν
589 3746 622 3815 ἡ
653 3743 907 3811 τεκοῦσα,
930 3745 1071 3814 ἁγνὴ
1103 3743 1369 3815 Παρθένε,
1399 3741 1620 3806 ζώωσον
1644 3741 1737 3795 καὶ
1766 3739 1875 3792 σῶ-

282 3840 380 3892 σόν
414 3857 501 3911 με,
533 3840 629 3893 καὶ
657 3840 757 3909 τῆς
786 3839 1013 3908 γεέννης
1047 3840 1358 3910 ἐξάρπασον
1383 3837 1672 3908 ψάλλοντα·
1705 3836 1873 3889 Εὐλο-

282 3932 452 4003 γητὸς
472 3934 500 3986 6
526 3932 683 3998 θεὸς,
713 3935 740 3987 6
769 3932 881 3987 τῶν
913 3931 1167 3999 πατέρων
1199 3933 1377 4003 ήμῶν.

367 4022 431 4077 Ἦ
474 4024 566 4079 τὸν
606 4024 799 4096 κριτὴν
833 4024 927 4077 καὶ
964 4024 1172 4095 Κύριον
1213 4025 1350 4093 ὑπὲρ
1377 4022 1536 4090 λόγον
1574 4020 1829 4091 κυήσασα
1856 4059 1871 4084 ,

282 4114 499 4181 τοῦτον,
537 4114 613 4180 ὡς
640 4116 772 4169 Υἰόν
805 4113 1218 4184 σου,παναγία,
1254 4114 1475 4184 αἴτησαι
1512 4112 1570 4164 ἐν
1612 4110 1731 4182 ὥρᾳ
1772 4109 1874 4179 τῆς

284 4208 563 4280 κρίσεως,
596 4210 694 4279 τῆς
737 4210 1073 4281 καταδίκης,
1112 4209 1206 4261 καὶ
1245 4206 1339 4259 τοῦ
1384 4205 1556 4276 πυρὸς
1580 4247 1594 4271 ,
1651 4203 1875 4265 σκότους

286 4302 589 4371 ἁφεγγοῦς,
613 4304 707 4356 καὶ
730 4302 823 4356 τοῦ
846 4300 1095 4373 βρυγμοῦ
1118 4301 1224 4354 τῶν
1243 4300 1472 4353 ὀδόντων
1496 4294 1874 4367 λυτρώσασθαι

284 4396 418 4457 τοὺς
485 4394 665 4449 πίστει
711 4396 949 4458 εὐσεϐῶς
1007 4393 1376 4466 μελῳδοῦντας
1421 4390 1619 4454 λαούς·
1668 4388 1872 4460 ’Υπερ-

289 4485 499 4556 υψοῦτε
531 4490 611 4550 εἰς
646 4489 772 4552 τοὺς
805 4489 1072 4551 αἰῶνας...
1374 4538 1376 4541 ,

361 4581 547 4651 Φωνήν
581 4596 662 4633 σοι
688 4579 780 4633 τοῦ
807 4580 1048 4653 Γαϐριὴλ
1075 4580 1123 4633 οἱ
1150 4577 1330 4631 πιστοὶ
1356 4558 1669 4648 περιχαρῶς
1704 4591 1876 4646 προσ-

289 4671 644 4741 φθεγγόμεθα
663 4689 677 4703 ο
706 4673 896 4744 Χαῖρε,
940 4673 1256 4743 παράδεισε,
1299 4669 1444 4740 ζωῆς
1468 4669 1530 4721 τὸ
1561 4667 1716 4733 ξύλον
1745 4668 1868 4720 ἀνα-

1983 4663 2304 4720 clamantes,
2353 4653 2659 4710 salutamus
2716 4666 2729 4702 :

1893 1947 1939 2006 Β

1965 683 2070 727 tem
2097 686 2382 743 personam
2412 668 2531 725 sine
2561 666 2726 721 dubio
2757 665 3039 721 Christum
3066 663 3339 735 genuisti;
3372 679 3529 718 com-

1961 765 2223 836 positum,
2255 776 2353 832 per
2376 756 2814 815 concurrentiam
2843 755 3146 811 divinitatis
3176 770 3302 810 cum
3333 755 3534 809 huma-

1962 856 2150 920 nitate,
2180 851 2404 924 physica
2436 864 2662 920 prorsus
2700 862 2765 902 ac
2808 862 2933 903 vera
2966 846 3189 901 unione.
3225 844 3381 901 Unde
3418 846 3539 899 uni-

1962 946 2104 1004 versi
2140 958 2193 1002 te
2220 942 2618 1006 benedicimus,
2657 956 2690 996 o
2723 939 2891 995 Maria
2928 954 3128 1009 sponsa
3176 938 3290 993 Dei.

2043 1040 2180 1097 Cum
2213 1038 2475 1102 Verbum,
2522 1035 2667 1104 quod
2714 1033 2970 1089 universa
3021 1030 3265 1087 condidit
3295 1038 3349 1084 et
3380 1044 3540 1084 exor-

1964 1134 2134 1199 navit,
2158 1132 2227 1187 ad
2252 1144 2473 1187 carnem
2507 1126 2764 1183 accedere
2799 1124 3082 1188 voluisset.
3124 1124 3176 1177 in
3231 1133 3282 1178 te
3312 1122 3534 1177 habita-

1964 1228 2059 1292 vit,
2116 1240 2279 1296 quam
2316 1222 2487 1278 solam
2534 1219 2791 1274 omnibus
2833 1216 3169 1271 sanctiorem
3219 1214 3448 1278 invenit,
3484 1222 3541 1266 et

1965 1320 2250 1389 Deiparam
2286 1325 2338 1371 te
2365 1314 2544 1369 effecit
2578 1326 2791 1376 revera,
2838 1309 3008 1363 Mater
3035 1317 3090 1362 et
3117 1307 3303 1377 Virgo.

1964 1434 2125 1506 223
2157 1432 2242 1487 Ex
2284 1430 2494 1488 Canone
2521 1428 2573 1482 in
2605 1426 2737 1506 festo
2761 1423 2850 1506 A§.
2889 1421 3131 1496 Gregorii
3192 1420 3536 1489 Decapolilar,

2633 1498 2717 1551 die
2760 1494 2850 1549 20.

2035 1618 2081 1676 Ο
2118 1617 2265 1675 scala
2304 1613 2565 1677 caelestis,
2614 1626 2734 1679 quae
2758 1625 2786 1663 a
2814 1618 2958 1663 terra
3008 1606 3075 1661 ad
3108 1605 3307 1661 ccelnm
3338 1605 3543 1673 pertin-

1966 1713 2074 1784 gis,
2098 1725 2194 1780 per
2220 1722 2388 1778 quam
2425 1705 2569 1760 Deus
2599 1702 2839 1758 Verbum
2873 1715 2999 1755 cum
3055 1698 3370 1753 hominibus
3396 1713 3533 1751 con-

1969 1812 2220 1859 versatus
2239 1810 2344 1864 est,
2397 1796 2681 1853 benedicta
2724 1794 2886 1863 Virgo
2921 1791 3255 1849 castissima.
3303 1789 3542 1844 miracu-

1971 1898 2080 1952 lum
2112 1890 2513 1964 inexplicabile,
2532 1887 2904 1959 spectaculum
2930 1880 3349 1954 inintelligibile,
3389 1881 3541 1936 salva

1969 1987 2350 2057 confugientes
2383 1982 2449 2037 ad
2482 1991 2553 2037 te.

2039 2082 2173 2147 Ave,
2203 2095 2236 2135 ο
2264 2086 2322 2133 tu
2357 2090 2479 2148 qua:
2506 2074 2621 2130 sola
2647 2068 2890 2127 universi
2920 2066 3210 2124 Dominum
3242 2063 3501 2136 peperisti
3526 2062 3545 2117 :‘

1969 2173 2137 2238 salve,
2185 2186 2308 2241 quae
2346 2168 2510 2223 vitam
2564 2161 2882 2220 hominibus
2945 2158 3300 2216 conciliasti:
3359 2156 3531 2233 salve,

1895 2258 1902 2269 ’
1969 2282 2131 2322 mons
2155 2264 2434 2330 umbrose,
2466 2269 2521 2316 et
2549 2276 2577 2314 a
2612 2257 2856 2328 lapicidac
2882 2268 3049 2309 manu
3076 2252 3284 2306 intacte
3325 2268 3338 2303 :
3374 2248 3546 2313 salve,

1971 2359 2209 2414 ﬁdelium
2240 2354 2644 2416 fulcimentum,
2677 2366 2709 2404 o
2739 2348 2807 2403 ab
2832 2346 2979 2402 omni
3011 2344 3136 2399 labe
3164 2341 3448 2397 immunis.

2035 2450 2079 2506 Ο
2097 2449 2269 2505 Mater
2291 2447 2407 2510 Dei,
2435 2444 2745 2507 benedicta,
2780 2447 2890 2495 tota
2916 2436 3293 2501 immaculata,
3330 2434 3550 2488 medere

1970 2541 2290 2598 vulneribus
2318 2539 2515 2593 animae
2539 2551 2703 2601 meae;
2733 2532 2915 2587 carnis
2940 2530 3195 2585 libidines
3224 2526 3547 2595 exstingue:

1970 2627 2386 2685 obtenebratum
2416 2640 2513 2679 cor
2544 2638 2725 2678 meum
2757 2619 3008 2676 illumina
3047 2637 3061 2672 :
3094 2628 3330 2671 mentem
3369 2629 3546 2668 meam

1970 2720 2221 2792 paciﬁca,
2258 2727 2311 2774 et
2345 2719 2415 2772 ab
2449 2715 2600 2771 omni
2636 2714 2908 2769 malorum
2958 2720 3126 2782 atque
3182 2708 3423 2763 hostium
3461 2707 3548 2760 in-

1973 2812 2263 2867 fcstatione
2286 2810 2435 2881 eripe
2470 2824 2577 2863 me.

2041 2901 2086 2960 Ο
2136 2902 2328 2958 mundi
2386 2900 2725 2972 praesidium,
2777 2898 2946 2952 Mater
2980 2908 3200 2965 semper
3231 2894 3413 2963 virgo,
3496 2899 3553 2945 tu

1974 3010 2059 3049 me
2085 2993 2347 3064 guberna,
2396 3002 2449 3046 et
2489 2990 2666 3044 deduc
2713 3004 2800 3043 me
2850 2989 2900 3042 in
2942 2987 3081 3041 viam
3127 2994 3369 3047 rectam,
3405 2991 3460 3037 et
3486 2982 3554 3037 ad

1974 3096 2149 3141 rectas
2167 3085 2393 3155 iustitiae
2420 3083 2644 3139 semitas
2678 3081 2855 3150 dirige
2887 3089 3123 3134 mentem
3158 3091 3337 3130 meam
3387 3084 3556 3145 atque

1974 3178 2168 3232 animm
2200 3192 2332 3231 mea:
2366 3176 2566 3230 itinera
2593 3215 2607 3240 ,
2644 3191 2675 3229 υ
2708 3170 3239 3228 immaculatissima.

2039 3271 2084 3325 Ο
2117 3270 2287 3325 Maria
2309 3267 2663 3338 purissimum
2694 3265 2835 3336 regis
2860 3261 3145 3334 palatium,
3177 3274 3286 3322 me,
3313 3258 3559 3328 impuro-

1974 3379 2096 3418 rttm
2138 3362 2417 3416 latronum
2452 3358 2769 3429 speluncam
2825 3355 3102 3420 effectum,
3137 3352 3391 3420 precibus
3446 3347 3557 3403 tuis

1971 3455 2248 3522 emunda,
2281 3462 2337 3509 et
2370 3450 2492 3506 Filii
2534 3452 2611 3506 tui
2656 3449 2918 3519 templum
2970 3458 3222 3502 sanctum
3283 3458 3370 3497 me
3419 3456 3551 3496 con-

1975 3547 2166 3604 stituc.

2043 3644 2149 3708 Me,
2187 3641 2258 3696 ob
2291 3646 2574 3711 peccatum
2632 3643 2911 3690 mortuum
2958 3646 3023 3685 ac
3073 3629 3367 3700 perditum,
3403 3633 3483 3693 tu,
3524 3640 3559 3679 o

1972 3746 2124 3794 casta
2143 3735 2334 3804 Virgo,
2356 3747 2479 3803 qua:
2517 3727 2697 3784 Vitam
2723 3723 3006 3797 peperisti,
3029 3720 3556 3787 viviﬁca,etsalrum

1974 3845 2060 3885 me
2094 3827 2176 3882 fac
2204 3866 2219 3887 .
2248 3834 2304 3880 et
2336 3840 2366 3878 a
2398 3823 2647 3893 gebenna
2677 3819 2827 3888 eripe
2853 3831 2941 3872 me
2974 3814 3294 3886 psallentem
3326 3829 3339 3866 :
3377 3810 3554 3867 Bene-

1973 3921 2152 3977 dictus
2175 3917 2339 3977 Dcus,
2365 3923 2471 3968 etc.

2043 4011 2124 4065 Tu
2155 4005 2535 4079 quaejudicem
2559 4017 2624 4057 ac
2654 3999 2948 4055 Dominum
2980 3995 3216 4066 genuisti
3253 3993 3553 4050 ineffabili-

1977 4114 2084 4169 ter,
2120 4099 2369 4156 eumdem
2404 4106 2662 4165 tanquam
2688 4090 2889 4146 Filium
2934 4100 3161 4153 tuum,o
3190 4085 3560 4151 sanctissima,

1977 4208 2218 4267 precare,
2259 4201 2316 4246 ιιι
2344 4190 2398 4245 ἰιι
2427 4185 2798 4257 horajudicii,
2845 4198 2876 4239 a
2911 4181 3283 4244 damnatione,
3310 4179 3378 4233 ab
3408 4179 3557 4249 igne,

1977 4306 2007 4345 a
2041 4287 2281 4344 tenebris
2340 4279 2776 4344 obscurissimis,
2823 4286 2877 4332 ct
2922 4291 2951 4330 a
3008 4273 3256 4328 dentium
3318 4271 3560 4326 stridore

1980 4383 2279 4437 liberentur
2310 4377 2344 4431 ii
2382 4374 2475 4444 qui
2515 4387 2639 4429 cum
2684 4370 2789 4425 ﬁde
2820 4384 2883 4425 ac
2907 4366 3107 4439 pietate
3136 4365 3440 4422 concinunt
3468 4380 3482 4417 :
3516 4365 3557 4415 0

1980 4475 2186 4549 populi,
2220 4467 2643 4540 superexaltate,
2675 4473 2787 4519 etc.

2045 4568 2194 4624 Voce
2242 4561 2511 4619 Gabrielis
2539 4573 2641 4613 nos
2675 4557 2861 4611 ﬁdeles
2888 4594 2903 4618 ,
2954 4553 3023 4606 ad
3081 4560 3133 4607 te
3187 4564 3313 4605 cum
3358 4546 3557 4618 gaudio

2781 4648 2964 4712 Salve,
3025 4644 3305 4715 paratlise,
3353 4639 3565 4709 uincli-

290 4733 683 4834 ἀλαστήσασα·
718 4733 911 4835 χιῖρε,
947 4766 980 4834 ή
1017 4733 1169 4828 λύσις
1221 4733 1322 4833 τῆς
1368 4733 1538 4833 ἀρᾶς,
1589 4758 1868 4831 μαρτύρωη

1983 4768 2149 4826 gnum
2188 4751 2313 4806 vita:
2372 4742 2650 4818 protulisti
2705 4740 2862 4813 (95):
2927 4740 3099 4805 salve,
3154 4733 3559 4791 maledictionis

290 4941 525 5011 gratiam
558 4939 827 5011 \'idelieet,
846 4949 1128 5011 extenuat,
1158 4955 1266 4994 non
1296 4949 1478 4994 tamen
1517 4934 1819 5011 corrumpit
1850 4948 1865 5011 :_

291 5005 391 5077 per
416 5010 889 5092 quamcbaritatis
934 5011 1131 5092 fervor_
1168 5011 1459 5092 intepescit
1506 5009 1750 5089 quidem,
1775 5005 1869 5086 sed

292 5075 405 5162 non
435 5075 820 5162 exstinguitur
848 5096 1006 5150 τουπ
1046 5075 1415 5162 valetudinem
1447 5075 1722 5162 imminuit
1754 5075 1873 5128 ani-

292 5152 420 5214 mis,
450 5151 544 5205 sed
574 5148 804 5205 mortem
831 5148 937 5205 non
973 5153 1300 5206 consciscit:
1329 5166 1451 5220 quae
1492 5148 1583 5220 Dei
1615 5161 1742 5216 erga
1772 5160 1872 5220 nos

295 5237 544 5301 antorem
577 5220 954 5301 pra-fervidum
987 5220 1223 5301 fortasse
1251 5214 1413 5276 etiam
1448 5214 1733 5274 defervere
1781 5214 1860 5269 fa-

292 5296 389 5355 cit,
422 5293 610 5347 odium
670 5306 797 5345 vero
870 5292 1093 5346 minime
1151 5293 1369 5347 lacessit
1443 5300 1538 5343 aut
1590 5295 1869 5358 provocat.

292 5362 500 5443 Contra
528 5378 657 5417 vero
699 5362 1193 5443 originalis_culpa:
1234 5363 1383 5418 labes
1416 5357 1601 5443 animi
1634 5357 1875 5430 pulchri-

294 5431 553 5513 tudinem
599 5431 1284 5513 corruit}p_it,_charitatem
1339 5432 1603 5513 excludit,
1642 5440 1872 5507 mortem

295 5503 472 5564 aﬁ‘ert,
507 5512 561 5555 et
615 5501 712 5555 Dei
767 5497 891 5570 om.
931 5501 1073 5558 Max.
1128 5505 1310 5558 odium
1358 5502 1562 5557 homini
1620 5497 1871 5555 accersit.

294 5573 701 5627 lmmnnditiam
746 5573 995 5642 legalem,
1025 5574 1169 5628 illam
1203 5573 1431 5637 scilicet,
1466 5586 1630 5641 quam
1662 5570 1877 5623 feminae

296 5653 520 5711 pr0pter
549 5644 762 5708 sordes,
797 5644 996 5712 quibus
1020 5660 1084 5698 cx
1131 5654 1284 5712 partu
1319 5644 1725 5703 imbuebantur,
1752 5653 1878 5712 con-

296 5709 516 5767 trahere
568 5709 834 5776 solebant,
870 5732 898 5768 a
922 5709 1253 5768 nitidissimi)
1286 5714 1474 5768 Matris
1509 5727 1622 5768 suae
1652 5709 1876 5780 speculo

298 5783 441 5866 Deus
468 5784 671 5866 abcs‘se
707 5786 896 5865 voluit,
923 5786 1500 5866 ut_docet__Cyprianus
1530 5783 1582 5866 i'n
1622 5780 1877 5866 seruntle

294 5851 549 5935 Nativin
586 5855 927 5935 Augustinus
972 5856 1112 5935 «levi
1161 5850 1490 5917 lltet'esibus,
1541 5850 1877 5935 Epiphanius

297 5924 352 5979 in
409 5920 748 5995 (ἐυιιιιιοιιιῖιυ
777 5928 959 5994 Dect.,
984 5926 1362 5983 Nazianzenus
1396 5934 1537 5983 orat.
1564 5924 1633 5981 40
1650 5920 1712 5978 ct
1758 5920 1871 5976 alii.

1977 4931 2034 4986 Si
2060 4944 2193 4999 ergo
2218 4926 2368 4999 Dens
2390 4924 2554 4999 hujus
2588 4917 2794 4999 speculi
2823 4916 3146 4999 munditiem
3180 4924 3234 4969 et
3262 4912 3560 4999 candorem

1975 4985 2071 5071 per
2117 4985 2479 5071 umbratilem
2504 4985 2690 5071 legalis
2725 4987 3086 5067 immunditim
3121 4985 3386 5038 maculam
3439 4995 3548 5062 non

1977 5052 2166 5140 parum
2197 5067 2346 5140 laedi
2378 5070 2474 5116 aut
2504 5052 2691 5140 viblari
2744 5060 2976 5140 putavit,
3014 5070 3090 5135 .ae
3126 5064 3408 5124 propterea
3460 5052 3565 5140 im-

1976 5119 2297 5195 munditiam
2334 5137 2493 5187 istam
2525 5130 2592 5183 ab
2637 5119 3072 5196 illo-prohibuit,
3108 5119 3343 5194 quonam
3388 5119 3563 5196 modo

2229 5203 2512 5281 originalis
2562 5191 2874 5280 teterrimas
2917 5191 3196 5281 sordes—et
3246 5191 3558 5281 squalorem

1977 5263 2288 5348 illivaspergi
2317 5263 2375 5330 Et
2406 5274 2683 5348 adhferere
2710 5267 2993 5348 permisit?
3024 5265 3153 5348 Vide
3190 5281 3322 5348 ‘qu'ae
3352 5263 3419 5348 (λθ
3460 5264 3563 5348 ῒξοο

1981 5330 2347 5421 εροοῦῖονῖῖὶκί
2404 5346 2457 5398 in
2510 5330 2890 5395 Vindicationc
2932 5337 3075 5421 sacri
3108 5330 3318 5421 or‘di‘nis
3356 5330 3562 5421 Praedi-

1979 5400 2347 5478 EEfJH'Imm
2388 5434 2426 5476 t.
2470 5422 2620 5483 parte
2679 5428 2714 5474 ι,
2760 5417 3087 5483 argumento
3127 5407 3196 5483 ξ,
3249 5417 3414 5471 super
3449 5400 3561 5483 _illa

1979 5470 2241 5547 Si.
2265 5470 2509 5550 Thorius-3,
2546 5470 2978 5537 lt'ecit'sunvimus
3024 5476 3233 5531 Artifex
3278 5470 3560 5544 speculum

1984 5578 2150 5618 unum
2176 5571 2281 5616 etc.

2060 5609 2462 5704 (iliifDedtoe
2498 5622 2751 5704 paradiso
2802 5618 3228 5704 lo'guensninter
3291 5613 3426 5693 alios

1985 5681 2184 5774 pietate
2212 5681 2539 5774 etiiloctr‘in'a
2582 5695 2815 5772 inclytus
2842 5681 3003 5742 Pater
3028 5684 3427 5774 nlldephonsius
3464 5681 3558 5733 Gi-

1985 5755 2247 5836 Rigore.
2283 5755 2729 5823 Pradicatorutn.
2763 5762 2816 5815 in
2849 5774 2951 5836 suo
3018 5755 3395 5836 Pronrptueri'o
3431 5768 3562 5831 con-

1986 5822 2515 5910 ridebit-[concione
2535 5838 2589 5902 2,
2612 5830 3059 5910 deconcfptionc
3081 5825 3406 5910 B.__Virginis
3450 5822 3525 5874 ait
3548 5838 3561 5873 :

1993 5935 2011 5969 ι
2048 5899 2599 5983 ίὶιιδιόιιὶτὶῑίιιιοιμιο
2622 5904 2793 5960 Filius
2850 5899 2946 5958 Dei
2998 5899 3312 5970 paradisqu
3376 5906 3562 5955 suum,
