4038 6612
278 392 414 457 1949

1643 391 2005 452 MARIALE.

3384 395 3518 463 1250

273 517 462 565 ἔτεκεν
489 513 521 582 ἡ
549 511 825 583 Παρθένος
859 511 979 565 νέον
1007 509 1206 582 βρέφος
1234 507 1329 562 τοῦ
1367 507 1538 581 Ἀδὰμ
1571 507 1852 560 παλαιότε-

1960 521 2086 562 ecce
2123 506 2268 562 enim
2326 505 2489 578 Virgo
2547 507 2756 578 peperit
2809 507 3072 564 infantem
3131 523 3371 579 novum,
3434 514 3531 584 qui

271 620 454 676 τερον,
480 605 573 656 καὶ
596 603 885 674 σύνθρονον
907 603 1002 658 τοῦ
1044 603 1393 672 Γεννήτορος.

348 695 506 758 Γένος
534 695 742 766 βροτῶν
764 694 1031 752 σέσωσται
1051 696 1118 766 τῇ
1137 691 1279 763 ὑπὲρ
1305 691 1427 745 νοῦν
1449 708 1542 745 σου
1566 689 1852 763 κυοφορίᾳ,

276 786 368 840 καὶ
397 787 446 838 οἱ
475 788 532 839 ὲν
562 788 744 840 σκότει
771 788 1000 860 φθορᾶς.
1036 785 1280 852 παναγία
1312 784 1598 846 Δέσποινα,
1629 779 1767 836 εἶδον
1795 782 1856 834 τὸ

276 877 391 944 φῶς
424 878 486 931 τὸ
515 879 801 948 ἐκλάμψαν
843 884 905 932 ἑκ
950 878 1185 949 γαστρός
1227 893 1358 940 σου,
1399 875 1496 946 τῆς
1537 875 1716 938 αἰτίας
1757 874 1856 944 τῆς

277 966 455 1040 ἡμῶν,
471 969 643 1042 Κόρη,
667 971 1042 1034 ἁναπλάσεως.

367 1155 427 1206 '0
460 1153 692 1217 κόλπους
739 1155 836 1208 τοῦ
880 1156 1091 1225 Πατρὸς
1130 1155 1202 1226 μὴ
1242 1153 1487 1216 κενώσας
1520 1153 1576 1203 ὲν
1615 1149 1691 1220 τῷ
1726 1167 1856 1220 σαρ·

276 1247 544 1310 κοῦσθαι,
585 1245 929 1314 πανάμωμε,
973 1243 1068 1298 σοῦ
1117 1247 1175 1297 ὲν
1211 1246 1323 1306 τοῖς
1370 1243 1590 1306 κόλποις
1629 1242 1852 1308 ὁρᾶται,

277 1339 648 1410 κρατούμενος
687 1337 759 1399 ὼς
797 1338 1034 1407 βρέφος,
1059 1337 1118 1390 ὃν
1145 1336 1427 1402 ὲξιλέωσαι
1465 1336 1578 1397 τοῖς
1616 1331 1854 1395 εὐσεϐῶς

279 1448 337 1482 σε
359 1429 613 1498 τιμῶσιν,
644 1429 885 1499 Παρθενε
917 1428 1220 1498 Θεόνυμφε.

343 1611 490 1676 Νοῦς
539 1611 790 1682 ἐννοῆσαι
832 1611 894 1663 τὸ
951 1610 1092 1681 μέγα
1137 1609 1334 1679 ἀπορεῖ
1393 1608 1486 1660 τοῦ
1557 1606 1650 1660 σοῦ
1695 1606 1853 1660 τόκου

278 1706 578 1773 μυστήριον
599 1719 614 1734 ·
645 1702 778 1755 Θεὸν
807 1701 917 1774 γὰρ
949 1701 1187 1770 ἐκύησας
1209 1699 1493 1768 ἄνθρωπον
1526 1695 1816 1766 γενόμενον
1836 1736 1851 1761 ,

284 1792 660 1864 ’Λειπάρθενε,
691 1793 782 1847 τὸν
813 1794 1188 1865 ἁπερινόητον.

284 2040 292 2045 _
345 1969 766 2041 Μητροπρεπῶς
817 1969 910 2020 τὸν
961 1969 1178 2022 πάντων
1217 1967 1536 2038 ἀπεκύησας
1570 1967 1846 2038 κτίστην,

271 2067 370 2115 καὶ
405 2065 462 2116 ὲν
491 2061 680 2132 χερσίν
711 2061 1042 2123 ἐϐάστασας,
1076 2059 1395 2130 χερουϐικὸς
1424 2060 1499 2123 ὡς
1522 2058 1728 2129 θρόνος,
1760 2060 1849 2113 τὸν

273 2157 506 2224 συνοιέα
540 2153 634 2206 τοῦ
667 2154 888 2216 παντὸς,
930 2153 1298 2222 ἁπειρὸγαμε.

355 2247 414 2296 ὐ
451 2244 748 2312 παράδοξος
783 2243 940 2306 τόκος
971 2260 1064 2294 σου
1093 2244 1190 2305 τὰς
1221 2240 1458 2305 διανοίας
1485 2241 1643 2312 ἡμῶν
1675 2257 1848 2293 κατα-

271 2339 520 2405 πλήττει,
559 2338 696 2406 μόνη
733 2335 1097 2405 εὐλογημένη.
1133 2334 1263 2396 Θεὸς
1299 2335 1407 2405 γὰρ
1436 2336 1499 2387 ὲκ
1527 2333 1620 2387 σοῦ
1665 2335 1850 2403 σάρκα

272 2429 683 2502 προ[σ]ἑλα6εν,
721 2430 856 2499 ὅπερ
876 2425 944 2498 ἦν
964 2427 1266 2498 διαμείνας,
1298 2427 1548 2492 Θεοτόκε,
1585 2428 1849 2497 ἄτρεπτος

269 2527 336 2594 τῇ
368 2523 530 2591 φύσει
595 2522 671 2592 ⁵ὃν
701 2520 1090 2595 ὑπερυψοῦμεν
1117 2521 1196 2584 εις
1227 2520 1436 2584 πάντας
1463 2521 1589 2583 τοὺς
1624 2521 1844 2582 αἰῶνας.

341 2703 461 2766 Φῶς
488 2704 520 2774 ἡ
550 2701 781 2755 τεκοῦσα
811 2701 1040 2772 ἄχρονον
1059 2742 1073 2767 ,
1099 2701 1161 2754 τὸ
1190 2701 1478 2771 ἑκλάμψαν
1511 2703 1576 2754 ἐκ
1606 2701 1848 2770 Πατρὶς,

271 2794 506 2864 φώτισόν
541 2813 665 2864 μου,
710 2795 884 2864 Κόρη,
933 2795 1032 2865 τὴν
1065 2793 1262 2864 ψυχὴν,
1301 2795 1396 2846 καὶ
1440 2793 1530 2845 τὸν
1569 2792 1714 2858 νοῦν,
1744 2810 1848 2862 μα-

269 2888 412 2957 κρὰν
445 2888 539 2942 ἀπ’
583 2884 717 2956 ἐμοῦ
763 2885 1098 2939 ὲκδιώκουσα
1131 2886 1192 2938 τὸ
1239 2886 1428 2948 σκότος
1470 2885 1580 2937 τῶν
1629 2884 1848 2946 παθῶν,

270 2980 362 3032 ἵνα
415 2996 474 3031 σε
508 2979 831 3051 μακαρίζω,
877 2979 978 3049 τὴν
1019 2977 1453 3049 ἁειμακάριστον
1490 2976 1601 3030 τῶν
1643 2977 1849 3030 πιστῶν

269 3071 485 3124 ἐλπίδα.

283 3165 380 3218 Ἐκ
412 3165 519 3219 τοῦ
553 3165 824 3231 Κανόνας
859 3165 945 3228 εἰς
979 3163 1088 3217 τὸν
1133 3161 1309 3231 ὅσιον
1339 3157 1657 3230 Ianuar-ta
1714 3157 1850 3212 Ῥώ-

814 3252 962 3304 μης,
993 3235 1184 3302 ἡμέρᾳ
1211 3230 1309 3290 κδ’.

358 3345 639 3414 Ἀγίασον,
673 3344 973 3410 Δέσποινα,
1008 3344 1108 3416 τὴν
1139 3344 1401 3414 ταπεινήν
1435 3359 1536 3411 μου
1569 3339 1809 3394 διάνοιαν
1830 3378 1846 3402 ,

270 3438 304 3508 ἠ
359 3437 450 3490 τὸν
482 3437 807 3508 ὑπερούσιον
853 3436 1028 3504 Λόγον
1075 3435 1346 3504 κυήσασα,
1386 3434 1482 3488 καὶ
1532 3435 1850 3504 ὑπάρχουσα

269 3530 464 3582 πασῶν
489 3530 764 3599 ἁγιωτέρα
787 3529 896 3582 τῶν
917 3529 1030 3582 ἂνω
1050 3527 1356 3598 δυνάμεων,
1385 3525 1768 3598 θεοχαρὶτωτε.

350 3715 653 3786 Κυριοτόκε
675 3755 691 3780 ,
721 3716 754 3784 ἡ
799 3713 930 3768 Θεὸν
962 3713 1290 3786 ἀπορρήτως
1320 3712 1573 3782 κυήσασα
1606 3711 1698 3765 τὸν
1731 3712 1846 3766 Σω-

269 3807 414 3876 τῆρα
451 3805 545 3858 τοῦ
581 3805 804 3870 παντὸς,
846 3803 1006 3857 αὑτὸν
1033 3804 1273 3857 δυσὼπει.
1306 3802 1544 3874 σωθῆναί
1583 3819 1650 3872 με
1679 3803 1850 3857 πάθε-

272 3912 360 3947 σιν
385 3895 646 3948 ἑκάστοτε
676 3894 1188 3965 περιαντλοῦμενον.

363 3989 750 4053 Ἀναπλάττεις
799 3988 1176 4060 συντριϐεῖσαν
1226 3986 1322 4040 καὶ
1353 3987 1526 4057 φθορᾷ
1565 3985 1850 4054 ὑποκύψα-

273 4098 377 4134 σαν
404 4083 504 4152 τὴν
553 4081 800 4156 βροτείαν
842 4081 1038 4151 φύσιν,
1092 4080 1362 4151 ἄχραντε,
1414 4078 1548 4132 Θεὸν
1587 4077 1851 4148 σωματώ-

273 4188 440 4234 σσσα,
471 4173 562 4225 καὶ
589 4173 730 4244 ὑπὲρ
749 4171 910 4241 φύσιν
937 4170 1194 4236 τεκοῦσα,
1218 4169 1560 4240 ἀπειρόγαμε
1581 4184 1595 4198 ο
1620 4161 1665 4237 ᾧ
1682 4185 1852 4239 κραυ-

273 4266 540 4339 γάζομεψ
572 4266 730 4334 Δόξα,
759 4266 985 4338 Χριστὲ,
1017 4267 1084 4339 τῇ
1114 4263 1338 4334 δυνάμει
1369 4279 1486 4318 σου.

353 4458 464 4529 Τὴν
514 4457 684 4530 ἁγνὴν
736 4456 1019 4528 ἁγνιύοντι
1070 4454 1390 4526 τιμήσωμεν
1433 4451 1547 4517 νοτ,
1594 4450 1853 4523 καλλονὴν

1955 599 2168 656 Adamo
2202 610 2284 656 est
2316 602 2615 672 antiquior,
2650 612 2702 656 et
2731 603 2957 672 :equalis
2985 604 3236 660 considet
3265 605 3433 663 Patri.

2027 692 2209 748 Genus
2235 693 2516 748 hominum
2549 694 2818 750 salvatum
2851 703 2935 750 est
2963 711 3057 764 per
3094 705 3307 765 partum
3347 707 3524 768 tuum,

1958 786 2050 856 qni
2087 796 2310 856 superat
2335 801 2552 841 omnem
2595 787 3004 856 cegitationem,
3051 795 3106 847 ει
3161 789 3197 842 ii
3231 789 3322 858 qui
3357 790 3412 844 in
3448 799 3532 844 te-

1957 861 2142 927 nebris
2188 875 2559 943 corruptionis
2614 877 3005 939 versabantur,
3048 877 3301 931 viderunt
3348 879 3530 934 lumen

1956 962 2098 1032 quod
2127 965 2434 1018 coruscat-it
2457 981 2520 1019 ex
2541 974 2695 1020 utero
2723 976 2838 1031 tuo,
2867 982 2900 1021 ο
2937 967 3162 1022 Domina
3185 971 3528 1024 sanctissima

1955 1054 2152 1122 puella,
2189 1070 2352 1108 causa
2385 1058 2746 1124 reparationis
2777 1070 2999 1114 nostrae.

2027 1143 2077 1198 ls
2110 1146 2202 1215 qui
2237 1145 2534 1201 Paternum
2579 1149 2760 1204 sinum
2803 1166 2911 1204 non
2950 1151 3244 1221 reliquerat
3295 1169 3526 1208 vacuum

1957 1235 2010 1289 in
2043 1252 2140 1291 sua
2177 1238 2584 1307 incarnatione,
2622 1239 2673 1295 in
2708 1243 2830 1296 sinu
2863 1253 2956 1298 tuo
2973 1246 3125 1300 visus
3154 1254 3258 1312 est,
3291 1262 3322 1300 0
3347 1247 3530 1317 puris-

1956 1329 2116 1392 sima,
2164 1338 2407 1385 arctatus
2457 1340 2714 1403 tanquam
2756 1333 2970 1398 infans,
3022 1352 3181 1405 quem
3229 1338 3527 1407 prepitinm

1953 1421 2120 1475 redde
2153 1421 2240 1486 iis,
2289 1423 2382 1493 qui
2433 1433 2482 1478 te
2524 1425 2776 1495 religiose
2818 1427 3130 1494 honorant,
3165 1445 3198 1482 ο
3235 1428 3401 1497 Virgo
3431 1428 3525 1484 Dei

1954 1528 2175 1580 sponsa.

2027 1605 2248 1660 Haesitat
2302 1621 2456 1662 mens
2514 1609 2822 1680 recogitans
2886 1626 3144 1680 magnum
3200 1619 3392 1683 partus
3449 1615 3526 1669 tui

1953 1698 2296 1768 mysterium,
2317 1715 2349 1752 ο
2380 1698 2542 1772 Virgo
2570 1701 2769 1758 :Deum
2795 1704 2940 1756 enim
2966 1704 3219 1774 peperisti
3249 1705 3527 1761 hominem

1953 1788 2196 1853 factum,
2254 1806 2414 1861 quem
2477 1794 2625 1848 nulla
2693 1809 2846 1849 mens
2905 1797 3242 1865 cogitatione
3309 1799 3529 1868 assequi

1881 1864 1924 1924 Β
1959 1892 2150 1951 potest.

2021 1975 2273 2029 Omnium
2309 1976 2620 2032 Creatorem
2667 1981 2943 2050 peperisti,
2987 1991 3046 2036 ιιι
3089 1982 3312 2037 Matrem
3368 1983 3528 2038 talem

1949 2061 2204 2129 decebat;
2237 2072 2290 2118 et
2315 2065 2458 2120 velut
2485 2067 2714 2123 thronus
2747 2069 3100 2136 cbernbicus,
3133 2071 3366 2142 portasti
3401 2088 3526 2128 eum

1950 2152 2042 2220 qui
2075 2153 2314 2208 continet
2343 2171 2407 2210 ac
2437 2165 2616 2226 portat
2645 2159 2983 2226 universum,
3017 2175 3050 2217 ο
3082 2160 3335 2230 innupta.

2021 2245 2391 2302 Admirandus
2417 2257 2606 2318 partus
2637 2261 2782 2315 tuus,
2817 2267 2849 2305 ο
2879 2253 2994 2306 sola
3029 2253 3337 2320 benedicta,
3371 2267 3528 2307 men-

1952 2346 2033 2391 tes
2086 2349 2304 2394 nostras
2361 2351 2587 2410 stupore
2638 2342 2882 2411 percellit
2923 2361 2936 2397 :
2971 2343 3112 2400 Deus
3166 2345 3308 2399 enim
3360 2361 3423 2398 ex
3479 2354 3531 2400 te

1950 2442 2172 2482 carnem
2211 2431 2494 2499 suscepit,
2552 2446 2584 2485 ο
2617 2430 2843 2500 Deiparn
2868 2472 2882 2497 ,
2922 2449 3247 2503 permanens
3283 2435 3335 2490 id
3381 2438 3529 2506 quod

1948 2531 2085 2581 erat,
2127 2521 2484 2578 immutabilis
2528 2533 2722 2577 natura
2775 2541 2786 2576 :
2839 2541 2998 2595 quem
3051 2526 3528 2595 superexaltamus

1949 2609 2004 2662 in
2040 2611 2228 2662 omnia
2261 2611 2484 2664 saecula.

2017 2700 2060 2754 0
2094 2702 2270 2771 puella
2300 2719 2422 2773 quae
2447 2703 2620 2758 lucem
2649 2715 2906 2760 aeternam
2948 2721 3011 2761 ex
3045 2706 3202 2760 Patre
3231 2722 3531 2762 coruscan-

1951 2800 2056 2844 tem
2092 2794 2373 2863 peperisti,
2408 2795 2653 2848 illumina
2685 2797 2922 2849 animam
2957 2811 3021 2850 ac
3053 2807 3289 2851 mentem
3325 2813 3530 2859 meam,

1950 2896 1982 2934 ο
2008 2880 2190 2952 Virgo,
2233 2885 2396 2955 226
2428 2885 2586 2955 longe
2623 2885 2891 2954 repellens
2929 2901 2959 2940 a
3001 2902 3084 2939 me
3121 2889 3373 2943 tenebras
3409 2904 3534 2958 pas-

1950 2973 2188 3039 sionum,
2221 2985 2279 3029 nt
2304 2977 2602 3031 beatilicem
2629 2985 2702 3040 te,
2736 2993 2948 3046 semper
2977 2977 3349 3032 beatissimam
3373 2995 3524 3049 spem

1953 3066 2216 3124 ﬁdelium.

2023 3156 2106 3208 Ea:
2131 3173 2329 3211 canone
2350 3159 2400 3210 in
2434 3159 2565 3227 [esto
2587 3156 2645 3212 S.
2675 3157 2956 3213 Clementis
2985 3157 3228 3223 Romani,
3257 3160 3340 3213 die
3359 3159 3452 3214 ει.

2021 3344 2346 3410 Sanctilica,
2405 3343 2632 3399 Domina
2663 3385 2678 3408 ,
2726 3345 2979 3399 miseram
3026 3353 3262 3398 mentem
3319 3359 3535 3409 meam,

1952 3454 2071 3507 quae
2129 3437 2659 3508 supersubstantiale
2712 3436 2950 3492 Verbum
2985 3439 3256 3506 genuisti,
3307 3447 3361 3492 et
3405 3439 3534 3490 uni-

1949 3531 2127 3585 versis
2177 3529 2433 3600 supernis
2493 3530 2856 3600 potestatibus
2903 3532 3141 3584 sanctior
3189 3545 3282 3596 es,
3340 3544 3373 3584 ο
3422 3528 3539 3583 Deo

1951 3623 2298 3678 charissima.

2021 3714 2065 3770 Ο
2105 3713 2472 3783 Dominipara,
2506 3728 2628 3784 qua:
2675 3713 2844 3767 Deum
2894 3711 3241 3765 inen‘abiliter
3271 3711 3530 3781 genuisti.

1952 3808 2191 3863 universi
2231 3807 2591 3871 Salvatorem,
2637 3807 2888 3860 eumdem
2948 3805 3241 3871 deprecare
3275 3814 3332 3856 ut
3364 3802 3536 3856 salvet

1953 3917 2039 3956 me
2065 3900 2284 3955 assidue
2313 3897 2659 3967 passionibus
2689 3897 3108 3951 cireuunlatnm.

2023 3989 2362 4046 Restaurasti
2426 3989 2717 4042 humanam
2781 3997 3032 4039 naturam
3125 3983 3416 4037 emitritam
3480 3989 3535 4034 et

1953 4082 2287 4152 corruptioni
2331 4079 2654 4149 subiectam,
2691 4095 2723 4131 o
2772 4077 3028 4131 inviolata
3066 4088 3227 4144 atque
3263 4075 3488 4142 innupta
3512 4113 3531 4137 ,

1953 4179 2080 4232 dum
2132 4176 2300 4230 Deum
2344 4173 2686 4243 corpurasti,
2745 4186 2808 4225 ac
2848 4185 3012 4239 supra
3056 4180 3262 4221 natura:
3308 4166 3532 4220 modum

1953 4271 2258 4342 peperisti:
2317 4270 2381 4323 ad
2418 4283 2580 4338 quem
2635 4268 2941 4322 clamamus
2989 4281 3001 4318 :
3053 4262 3260 4325 Gloria,
3294 4259 3533 4326 Christe,

1954 4366 2208 4434 potentiae
2233 4375 2359 4416 tua).

2026 4456 2241 4512 Castam
2272 4467 2423 4514 casta
2451 4461 2630 4507 mente
2651 4452 2986 4506 honoremus
3020 4466 3032 4502 :
3061 4446 3529 4519 pulchritudinem

276 4553 376 4608 τοῦ
439 4551 636 4609 Ἰακὼϐ
695 4555 816 4619 ταῖς
881 4550 1086 4613 ἐνθέοις
1146 4547 1376 4619 πράξεσι
1432 4543 1850 4618 καλλυνόμενοι,

1956 4549 2122 4605 Jacob
2167 4547 2366 4602 divinis
2399 4546 2705 4602 actionibus
2748 4543 3074 4597 decorantes
3115 4541 3368 4610 religiose
3412 4537 3536 4592 lau-

276 4644 522 4708 εὐσεϐῶς
552 4645 883 4715 ὑμνήσωμεν
915 4643 990 4710 ῶς
1021 4642 1252 4714 Μητέρα
1279 4640 1373 4694 τοῦ
1404 4639 1538 4691 Θεοῦ
1569 4637 1748 4709 ἡμῶν.

353 4738 652 4809 Μεμύηται
692 4738 922 4801 Ἡσαΐας
952 4737 1014 4789 τὸ
1055 4736 1216 4806 βάθος
1258 4735 1352 4787 τοῦ
1382 4733 1542 4786 τόκου
1588 4748 1718 4796 σου,
1761 4729 1856 4785 καὶ

284 4830 562 4901 παρθένον
611 4832 671 4884 ὲν
713 4829 911 4899 γαστρί
957 4845 1050 4881 σου
1087 4825 1352 4899 ἐκήρυξεν
1397 4825 1623 4896 ἔχουσαν
1661 4824 1753 4876 τὸν
1789 4821 1855 4874 δι’

281 4923 691 4994 εὐσπλαγχνίαν
721 4922 1073 4993 σαρκωθὲντα
1103 4922 1168 4973 ὲκ
1203 4919 1319 4986 σοῦ,
1349 4919 1714 4989 ἀπειρόγαμε.

369 5109 428 5161 '0
474 5110 588 5172 τοῖς
643 5109 777 5162 πᾶσι
827 5105 1200 5176 παρεχόμενος
1241 5102 1538 5174 βουλήματι
1577 5101 1640 5154 τὸ
1682 5097 1857 5166 εἶναι,

285 5202 552 5270 πᾶναγνε,
587 5203 652 5262 ὲκ
696 5200 790 5253 σοῦ
819 5200 994 5270 ἀρχὴν
1032 5197 1292 5269 χρονικὴν
1358 5193 1624 5264 λαμϐάνει
1651 5193 1746 5246 καὶ
1775 5193 1860 5244 τί-

287 5313 496 5362 κτεται,
519 5295 662 5348 λύων
694 5294 762 5347 τὰ
783 5295 974 5364 χρόνια
1008 5291 1430 5362 παραπτώματα
1459 5289 1556 5358 τῆς
1596 5301 1858 5356 συμπτω-

285 5393 496 5460 θεξσης,
533 5393 792 5462 ἄχραντε,
829 5388 940 5440 τῶν
972 5385 1176 5458 βροτῶν
1212 5383 1444 5455 ῥευστῆς
1473 5381 1681 5441 οὐσίας.

359 5485 426 5534 Ὢ
461 5479 692 5552 φρικτοῦ
724 5482 814 5534 καὶ
839 5479 1078 5551 ἀρρήτου
1107 5475 1393 5545 θεάματοςὶ
1425 5475 1484 5525 ὲν
1507 5471 1704 5541 γαστρὶ
1732 5487 1862 5522 κατ-

285 5577 428 5630 οικεῖ
464 5573 493 5624 ὁ
521 5572 828 5643 ἁχώρητος,
863 5571 956 5625 καὶ
990 5569 1127 5641 σὰρξ
1186 5566 1470 5638 ἀτρέπτως
1500 5564 1728 5633 γίνεται,
1767 5562 1862 5613 καὶ

287 5669 404 5723 Deci:
453 5685 518 5737 με
569 5667 636 5720 δι’
669 5662 884 5732 οἶκτον,
932 5664 1028 5720 καὶ
1073 5663 1172 5733 τὴν
1221 5658 1492 5715 τεκοῦσαν
1534 5657 1670 5730 μετὰ
1705 5655 1862 5709 τόκον

287 5764 550 5834 φυλάττει
585 5761 811 5829 ἀγνεύου
820 5775 937 5813 σαν.

1957 4643 2182 4705 demus,
2221 4649 2482 4711 tanquam
2520 4637 2616 4694 Dei
2647 4637 2820 4692 nostri
2859 4634 3110 4690 Matrem.

2030 4733 2278 4788 lnitiatus
2325 4742 2409 4787 est
2460 4731 2626 4787 Isaias
2675 4729 2961 4800 profundis
3014 4726 3288 4799 mysteriis
3345 4731 3538 4794 partus

1960 4827 2063 4892 tui,
2113 4835 2167 4881 et
2195 4824 2508 4896 praedicavit
2534 4832 2587 4880 te
2623 4823 2908 4893 virginem,
2948 4836 3070 4891 quae
3102 4820 3153 4872 in
3183 4826 3340 4872 utero
3379 4816 3536 4869 habi-

1962 4927 2084 4975 tura
2119 4934 2242 4974 cras
2274 4932 2398 4972 eum
2427 4919 2519 4986 qui
2551 4924 2775 4984 pr0pter
2815 4929 2970 4966 suam
3004 4909 3439 4966 misericordiam
3470 4923 3536 4962 ex

1962 5020 2015 5064 te
2049 5009 2365 5064 incarnatus
2393 5015 2498 5072 est,
2532 5022 2565 5059 ο
2595 5003 2775 5058 nescia
2806 5002 2930 5056 viri.

2033 5102 2129 5155 Ille
2169 5099 2260 5168 qui
2288 5097 2545 5152 omnibus
2585 5096 2804 5150 decreto
2848 5108 2944 5147 suo
2969 5091 3172 5161 prabet
3197 5102 3340 5154 esse,
3363 5101 3429 5140 ex
3463 5096 3534 5149 te,

1961 5208 1995 5247 ο
2031 5201 2138 5245 tota
2169 5199 2316 5245 casta
2349 5199 2512 5260 atque
2559 5185 2838 5245 inviolata,
2871 5181 3201 5254 principium
3243 5176 3538 5247 temporale

1963 5283 2204 5352 suscepit
2267 5295 2332 5335 ac
2392 5287 2554 5332 natus
2609 5285 2725 5340 est,
2771 5277 2999 5342 expians
3057 5271 3252 5325 delicta
3329 5277 3536 5321 natoue

1965 5376 2247 5430 hominum
2280 5373 2459 5434 (iuste,
2487 5385 2607 5440 qua:
2636 5375 2938 5422 corruerat.

2036 5465 2080 5521 Ο
2138 5463 2507 5534 spectaculum
2569 5459 2970 5514 formidandum
3016 5466 3180 5523 atque
3236 5448 3538 5505 inell‘abile!

1965 5561 2024 5614 ln
2065 5569 2252 5612 ventre
2286 5555 2495 5610 habitat
2540 5553 2606 5617 is,
2655 5566 2818 5620 quem
2857 5547 2988 5603 nihil
3020 5560 3213 5615 cupere
3244 5548 3456 5612 potest,
3488 5550 3541 5591 ct

1967 5653 2084 5707 sine
2133 5649 2238 5702 ulla
2287 5645 2592 5700 mutatione
2627 5645 2683 5696 lit
2736 5655 2900 5706 caro;
2950 5650 3146 5705 meque
3193 5648 3289 5688 sua
3327 5629 3542 5684 deiﬁeat

1966 5740 2387 5803 Illiset'it;0t'tlia;
2445 5747 2499 5793 et
2560 5733 2890 5792 Genitrieem
2951 5744 3106 5786 suam
3159 5733 3282 5798 post
3327 5731 3542 5794 partum

1973 5842 2177 5890 εαξιιιιιι
2211 5837 2515 5884 ευιιεειίσίιι.
