4038 6596
525 404 655 468 ιῖὓι

1653 404 1715 462 S.
1756 398 2071 461 JOSEl’IlI
2114 396 2673 461 IlYMNOGﬂAPIII

3630 395 3770 460 1252

592 519 721 573 Fers
780 518 835 571 in
894 513 1045 575 ulnis‘
1079 520 1277 585 Deum,
1329 533 1362 573 ο
1406 516 1793 581 sanctissima,
1834 524 2092 585 tanquam

2268 513 2459 583 Φέρεις
2485 514 2544 565 ἐν
2579 511 2845 580 ἀγκάλαις
2889 509 2981 563 τὸν
3009 510 3161 575 Θεὸν,
3199 509 3275 571 ὡς
3338 511 3587 581 πύρινος,
3634 528 3774 564 πιν-

518 620 750 665 turonus
782 611 973 681 igneus
1015 612 1332 676 inviolatus,
1379 611 1471 679 qui
1518 609 1811 664 humanam
1852 608 2093 677 suscepit

516 713 793 769 naturam,
842 713 896 758 ct
924 706 1085 773 227
1128 706 1329 758 unione
1362 702 1622 757 ineffabili
1668 702 1737 756 ob
1769 703 2093 756 immensam

518 795 950 848 misericordiam
982 811 1136 850 suam
1161 795 1337 849 eidem
1376 794 1662 864 copulatus
1687 804 1770 849 est
1790 810 1803 859 ;
1824 793 2094 864 quamob-

518 900 633 959 rem
666 901 858 940 omnes
895 896 947 941 te
974 886 1407 958 magniﬁcamus.
1908 884 1919 885 ί

592 998 672 1053 Ea:
701 1017 896 1055 canone
918 1001 969 1053 in
997 1001 1129 1070 {esto
1158 1001 1219 1057 S.
1247 1000 1499 1054 Mercurii
1528 1001 1800 1069 martyris,
1825 1000 1907 1052 die
1929 999 2019 1053 23.

592 1182 631 1234 Ε
656 1180 864 1250 virgine
904 1181 1082 1250 puella
1112 1181 1428 1235 incarnatus
1452 1180 1602 1235 visus
1626 1190 1731 1246 est,
1759 1179 1850 1249 qui
1877 1188 2097 1249 propter

519 1288 617 1326 nos
649 1272 814 1326 homo
872 1273 1071 1327 similis
1120 1274 1277 1327 nobis
1322 1274 1499 1328 fattus
1529 1282 1641 1337 est,
1676 1280 1728 1327 et
1758 1271 2092 1327 Mercurium

516 1380 742 1418 suarum
778 1366 1098 1434 passionum
1130 1373 1360 1429 testem,
1404 1365 1666 1419 athlctam
1697 1380 1854 1417 suum
1887 1363 2092 1427 eﬂ‘ecit,

516 1459 681 1511 enixe
732 1458 834 1511 sibi
889 1459 1264 1511 (-oncinentem
1303 1476 1316 1512 :
1357 1457 1649 1512 Cantemus
1683 1455 1935 1522 Domino,
1977 1456 2094 1526 glo-

518 1549 662 1601 riose
694 1556 837 1601 enim
881 1549 1275 1605 honoriﬁcatus
1306 1562 1409 1605 est.

589 1635 660 1690 Ut
713 1639 1124 1707 conceptionem
1182 1650 1365 1702 tuam,
1421 1655 1542 1709 quae
1588 1654 1807 1693 omnem
1860 1649 2094 1694 mentem

518 1727 723 1779 exet-dit
751 1769 763 1792 ,
805 1730 974 1781 rubus
1008 1728 1411 1798 praetiguraret,
1442 1746 1473 1781 υ
1512 1740 1684 1792 casta,
1728 1732 1977 1799 apparuit
2005 1746 2095 1783 ar-

519 1820 653 1871 dens
684 1820 734 1870 in
770 1818 913 1887 igne,
948 1834 1046 1874 nec
1077 1830 1256 1875 tamen
1290 1820 1741 1874 comburebatur.

591 1907 646 1960 In
698 1918 747 1961 te
798 1909 1141 1964 salutifer-um
1198 1909 1434 1965 Verbum
1490 1912 1799 1977 descendit,
1844 1926 1877 1964 ο
1927 1909 2092 1982 Virgo

518 1998 777 2065 perennis
798 2038 811 2061 ,
842 2007 1102 2069 tanquam
1140 2002 1337 2067 imber,
1391 2003 1483 2073 qui
1517 2003 1853 2059 inﬁdelitatis
1883 2004 2095 2074 pluvias

516 2093 839 2143 exsiccavit.

592 2182 867 2249 luterimc,
922 2198 953 2237 ο
996 2181 1181 2253 Virgo,
1223 2186 1405 2239 vivum
1449 2194 1734 2256 peccatum
1781 2202 1987 2250 meum,
2040 2196 2097 2241 tu

519 2291 641 2347 qua:
670 2276 836 2329 vitam
866 2277 1147 2346 peperisti,
1181 2294 1303 2347 qua:
1334 2281 1493 2333 morti
1529 2282 1752 2334 tradidit
1781 2293 2033 2336 mortem.

594 2368 928 2435 Concepisti,
974 2384 1007 2422 0
1056 2369 1268 2438 puella,
1306 2387 1401 2441 per
1452 2388 1638 2426 vocem
1675 2373 1885 2443 angeli,
1918 2373 2096 2443 magni

515 2459 737 2512 consilii
780 2459 1069 2527 Angelmn,
1140 2471 1192 2514 et
1222 2477 1285 2515 ex
1326 2464 1433 2517 tuis
1468 2466 1836 2519 sanctissimis
1875 2465 2099 2534 sangui-

522 2551 686 2602 uibus
718 2551 1062 2603 incarnalum
1097 2554 1380 2622 peperisti,
1414 2570 1446 2609 0
1475 2556 1792 2625 purissima,
1830 2557 1979 2610 illum
2004 2557 2097 2625 qui

524 2643 644 2695 vita:
677 2643 857 2695 aditus
906 2644 1180 2698 universis
1226 2648 1464 2700 ostendit
1513 2658 1735 2717 propter
1770 2647 2098 2702 iuell‘abilem

523 2734 956 2787 misericordiam
988 2750 1166 2788 suam.

593 2825 925 2892 Auge-lorum
985 2826 1208 2881 ordines
1268 2837 1490 2897 stupore
1540 2830 1788 2899 percellit
1853 2831 2097 2899 mysterii

519 2917 597 2971 tui
627 2916 997 2986 profunditas,
1027 2932 1060 2970 ο
1096 2915 1325 2987 Deipara
1354 2938 1367 2973 :
1401 2918 1544 2974 Deus
1577 2923 1719 2975 enim
1749 2937 1815 2975 ex
1848 2934 1897 2976 te
1922 2923 2101 2976 incaro

518 3022 683 3064 natus
730 3010 1002 3078 apparuit,
1062 3012 1150 3065 cui
1202 3012 1549 3067 conciuimus
1589 3031 1602 3068 :
1655 3013 1981 3069 Benedictus
2016 3030 2097 3080 es,

518 3103 746 3158 Domine
788 3101 953 3158 Deus.

587 3194 698 3251 Nos
736 3211 928 3251 omnes
965 3196 1152 3252 ﬁdeles
1186 3206 1237 3250 te
1270 3206 1529 3266 tanquam
1595 3198 1960 3268 reparationis
2006 3214 2102 3253 no—
2127 3217 2171 3277 ο

522 3298 649 3345 stra:
701 3305 926 3344 causam
973 3289 1294 3353 laudamus,
1333 3303 1365 3343 ο
1395 3290 1652 3344 inviolata
1697 3313 1711 3343 ι
1762 3289 1923 3344 Deum
1959 3291 2101 3344 enim

519 3382 766 3436 omnium
821 3397 1003 3437 rerum
1043 3397 1264 3437 causam
1316 3397 1483 3452 supra
1536 3397 1757 3438 causam
1811 3381 2099 3453 peperisﬁ,

519 3474 613 3543 qui
653 3474 950 3544 imaginem
980 3488 1136 3527 suam
1166 3473 1369 3527 malitia
1396 3475 1711 3537 contritam,
1746 3474 1968 3545 propria
2000 3474 2103 3528 mi-

520 3559 817 3613 sericordia
854 3559 1281 3630 redintegravit,
1313 3575 1346 3614 ο
1397 3563 1513 3617 sola
1566 3563 2019 3632 superbenedieta
2048 3571 2102 3617 et

526 3652 701 3720 gratia
734 3651 916 3719 plena.

598 3742 872 3808 lllumina,
910 3759 942 3798 ο
986 3754 1140 3815 porta
1185 3746 1344 3811 lucis,
1384 3745 1625 3799 animam
1668 3760 1844 3799 meam
1887 3744 2099 3814 passio-

521 3852 653 3891 num
700 3837 931 3907 caligine
975 3850 1304 3895 excaecalam
1332 3881 1345 3906 ,
1386 3839 1677 3909 pravisque
1749 3837 2099 3906 cogitationi-

520 3930 623 3984 bus
653 3928 1028 3997 obscuratam,
1058 3940 1222 4001 atquc
1259 3933 1310 3986 in
1346 3930 1666 3985 discrimine
1696 3930 1953 3999 positam,
1986 3940 2036 3985 et
2068 3945 2097 3984 a

521 4020 953 4088 tentationibus,
1010 4024 1270 4092 periculis
1329 4023 1495 4093 228
1540 4038 1604 4078 ac
1649 4022 2099 4077 tribulationibus

519 4128 651 4168 erue
683 4129 770 4168 me
790 4152 807 4179 ,
838 4126 897 4168 ut
927 4115 1221 4185 glorilicem
1255 4126 1306 4170 te
1337 4130 1486 4184 spem
1525 4115 1799 4182 roburque
1828 4114 2095 4169 ﬁdelium.

523 4249 606 4304 Ea:
633 4266 834 4305 canone
863 4251 917 4304 in
948 4251 1080 4321 festo
1113 4249 1171 4305 S.
1198 4249 1265 4305 Ρ.
1303 4249 1352 4303 Ν
1364 4291 1377 4305 .
1411 4250 1590 4321 Alypii
1624 4251 1863 4317 Cianitw,
1892 4251 1975 4305 die
2007 4250 2098 4306 26.

595 4453 770 4508 Verba
808 4452 1105 4508 venerandi
1152 4452 1430 4522 propheta:
1450 4440 1625 4507 'ﬁuem
1661 4453 1920 4509 habuere.
1962 4452 2103 4509 Ecce

2194 606 2345 674 αγία,
2379 606 2564 676 ϐρόνος
2584 606 2871 676 ἄχραντος,
2896 604 3057 673 φύσιν
3086 603 3336 674 βροτείαν
3368 603 3649 674 εἰληφότα,
3684 607 3779 657 καὶ

2193 697 2399 767 ταύτης
2454 696 2845 766 συμπλακέντα
2891 696 3015 749 καθ’
3060 696 3257 749 ἕνωσιν
3303 695 3655 767 ἀπόρρητον,
3709 696 3778 748 δι’

2194 786 2375 844 οἶκτον
2399 790 2707 861 ἀμέτρητον
2735 805 2748 819 ·
2778 789 2901 843 ὅθεν
2928 806 2987 842 σε
3020 790 3225 852 πάντες
3254 786 3657 860 μεγαλύνομεν.

2208 1001 2309 1053 Ἐκ
2346 998 2452 1053 τοῦ
2494 1002 2764 1064 [aurorae
2808 999 2896 1063 εἰς
2939 997 3047 1050 τὸν
3078 997 3250 1065 ἅγιον
3272 993 3783 1065 μεγαλομάρτυρα

2616 1070 3002 1137 Μερκούριον,
3030 1067 3217 1136 ἡμέρᾳ
3252 1073 3349 1119 κε’.

2268 1183 2454 1254 Κόρης
2494 1181 2769 1253 παρθένου
2818 1182 3008 1253 ὼράοη
3046 1180 3417 1252 σαρκούμενος
3448 1196 3475 1232 ο
3513 1199 3563 1233 ot
3629 1182 3786 1252 ἡμᾶς

2196 1275 2320 1330 καθ’
2352 1276 2498 1346 ἡμᾶς
2519 1275 2805 1345 ἄνθρωπος
2834 1275 3147 1345 γενόμενος,
3180 1275 3273 1326 καὶ
3309 1273 3561 1343 μάρτυρα
3587 1274 3786 1325 πιστὸν

2197 1366 2387 1420 παθῶν
2452 1367 2676 1420 οἰκείων
2732 1366 2970 1420 δείκνυσι
3029 1366 3374 1438 Μερκούριον
3446 1366 3784 1434 γενόμενον,

2197 1460 2363 1513 αὑτοῦ
2403 1458 2493 1512 τὸν
2534 1459 2796 1530 ἀθλητὴν,
2840 1460 2992 1529 αύτῷ
3035 1459 3315 1529 συντόμως
3348 1457 3653 1528 ψάλλοντα·
3686 1456 3788 1527 Τῷ

2197 1553 2386 1623 Κυρίῳ
2406 1552 2627 1623 ᾄτωμεν
2652 1571 2667 1584 δ
2694 1554 2923 1621 ἐνδόξως
2944 1553 3052 1623 γὰρ
3079 1552 3411 1616 δεδόξασται.

2272 1646 2394 1700 Ἵνα
2419 1644 2757 1717 προτυπώσῃ
2782 1663 2875 1698 σου
2899 1646 2998 1716 τὴν
3026 1645 3166 1716 ὑπὲρ
3188 1644 3333 1705 νοῦν,
3367 1643 3529 1713 ἁγνὴ,
3554 1640 3785 1712 κύησιν,

2199 1738 2359 1809 βάτος
2397 1739 2530 1810 πυρί
2556 1736 2717 1810 ὤφθη
2752 1738 3041 1811 καιομένη,
3076 1738 3328 1808 οὐδαμῶς
3357 1736 3691 1806 φλεγομένη.

2280 1924 2403 1978 Ἐπὶ
2442 1924 2503 1978 σὲ
2532 1926 2559 1979 6
2588 1926 2855 1997 σωτήριος
2884 1924 3055 1992 Λόγος
3089 1924 3490 1994 καταϐέϐηκεν,
3522 1922 3792 1993 ’Δειπάρο

2199 2015 2339 2079 Οενε,
2371 2017 2560 2087 ὥσπερ
2589 2016 2816 2088 ὄμϐρος,
2843 2017 2940 2070 καὶ
2981 2017 3211 2088 ἐξήρανε
3253 2018 3354 2087 τῆς
3390 2016 3684 2079 πώυθεῖας
3712 2015 3793 2067 τὰ

2198 2108 2304 2180 ὀμϐ
2314 2110 2376 2179 ρή
2387 2126 2553 2179 ματα.

2268 2200 2613 2263 Θανάτωσον,
2658 2197 2927 2269 Παρθένε,
2966 2197 3065 2268 τὴν
3116 2197 3297 2262 ζῶσάν
3331 2214 3433 2268 μου
3478 2197 3791 2269 ἁμαρτίαν,

2198 2290 2345 2364 ζωὴν
2374 2293 2406 2362 ἡ
2436 2292 2691 2361 κυήσασα
2721 2292 2823 2360 τὴν
2857 2289 3249 2345 θανατώσασαν
3280 2290 3530 2345 θάνατον.

2268 2380 2569 2445 Συνέλαϐες
2613 2384 2680 2453 τῇ
2716 2385 2869 2452 φωνῇ
2909 2379 3003 2434 τοῦ
3044 2380 3277 2449 ἀγγέλου
3324 2382 3416 2459 τὸν
3445 2380 3643 2451 βουλῆς
3682 2397 3795 2448 με-

2200 2474 2372 2543 γάλης
2407 2473 2692 2543 ΙΙἌγγελον,
2743 2474 2920 2545 Κόρη,
2955 2474 3051 2528 καὶ
3083 2474 3148 2526 ὲκ
3189 2473 3298 2527 τῶν
3348 2474 3456 2526 σῶν
3498 2475 3796 2540 παναγίων

2200 2565 2446 2635 αἱμάτων
2501 2565 2943 2635 σεσαρκωμένον,
3004 2564 3340 2633 πανὰμωμε,
3394 2564 3620 2627 τέτοκας
3694 2564 3797 2616 τὸν

2200 2657 2451 2723 δείξαντα
2475 2659 2608 2711 πᾶσι
2635 2656 2781 2727 ζωῆς
2813 2657 2912 2721 τὰς
2940 2656 3178 2719 εἰσόδους
3200 2655 3269 2709 δι’
3298 2654 3502 2724 ἄφατον
3530 2655 3703 2719 ἕλεος.

2272 2840 2466 2909 Τάξεις
2509 2841 2758 2911 ἀγγέλων
2812 2840 3184 2912 καταπλήττει
3237 2838 3537 2910 μυστηρίου
3572 2856 3671 2892 σου
3715 2839 3791 2891 τὸ

2200 2933 2401 3006 βάθος,
2452 2934 2713 2987 Θεοτόκε⁶
2763 2936 2791 2987 6
2823 2933 2955 2997 Θεὸς
3006 2933 3115 3004 γὰρ
3150 2933 3215 2987 ἐκ
3262 2930 3357 2985 σοῦ
3408 2930 3798 3001 σαρκούμενος

2199 3027 2414 3100 ὡράοη,
2446 3022 2490 3094 ᾧ
2519 3026 2865 3099 μελῳδούμεν
2888 3042 2907 3057 ⁸
2941 3025 3113 3098 Κύριε
3147 3028 3175 3080 6
3198 3026 3348 3092 Θεὸς,
3383 3026 3679 3096 εὐλογητὸς
3712 3023 3795 3083 εἴ.

2288 3212 2375 3275 Ὠς
2416 3211 2515 3281 τῆς
2550 3210 2708 3281 ἡμῶν
2747 3209 3066 3281 ὑπάρχουσα
3098 3209 3475 3273 ἀναπλάσεως,
3522 3210 3793 3284 ἄχραντε,

2205 3302 2446 3367 ἅπαντες
2496 3303 2680 3356 αἰτίαν
2716 3303 2765 3355 οἰ
2815 3302 2999 3356 πιστοί
3041 3300 3319 3372 ὑμνοῦμέν
3370 3318 3449 3355 σε.
3496 3301 3629 3354 Θεὸν
3674 3302 3794 3372 γὰρ

2204 3395 2488 3448 παναίτιον
2512 3395 2653 3465 ὑπὲρ
2680 3396 2857 3447 αἰτίαν
2876 3394 3126 3459 τέτοκας,
3158 3394 3249 3447 τὸν
3280 3394 3378 3464 τὴν
3404 3393 3793 3464 συντριϐεῖσαν

2204 3489 2261 3542 ὲν
2312 3487 2482 3557 κακίᾳ
2516 3487 2702 3541 εἰκόνα
2747 3487 2923 3558 οἰκείᾳ
2968 3486 3341 3558 εὐσπλαγχνίᾳ
3372 3487 3789 3552 ἁναπλάσαντα,

2206 3581 2343 3650 μόνη
2374 3578 2862 3650 ὑπερευλογημένη
2894 3579 2989 3633 καὶ
3019 3581 3455 3651 κεχαριτωμένη.

2270 3764 2539 3828 Φὼτισον,
2598 3762 2741 3835 πύλη
2800 3761 2894 3817 τοῦ
2948 3763 3159 3835 φωτὸς,
3210 3764 3311 3836 τὴν
3363 3765 3792 3836 τυφλώττουσαν

2200 3857 2380 3929 ψυχήν
2433 3874 2535 3927 μου
2590 3858 2702 3919 τοῖς
2754 3855 2987 3922 πάθεσι,
3045 3859 3138 3911 καὶ
3195 3860 3451 3927 πονηροῖς
3506 3859 3795 3930 λογισμςῖς

2200 3947 2621 4017 ἁμαυρωθεῖσαν
2672 3948 2767 4000 καὶ
2822 3946 3274 4013 κινδυνεύουσαν,
3329 3948 3424 4002 καὶ
3485 3949 3673 4013 ἐξελοῦ
3721 3968 3791 4019 με

2203 4039 2549 4111 πειρασμῶν,
2594 4039 2858 4093 κινδύνων
2890 4043 2984 4091 καὶ
3030 4040 3289 4109 θλίψεων,
3327 4040 3415 4094 ἵνα
3457 4041 3670 4106 δοξάζω
3704 4060 3789 4109 σε,

2200 4133 2299 4204 τὴν
2327 4133 2519 4186 ἐλπίδα
2546 4132 2655 4185 τῶν
2689 4132 2897 4186 πιστῶν
2927 4132 3023 4185 καὶ
3050 4132 3401 4203 κραταίωμα.

2216 4274 2315 4326 Ἐκ
2369 4272 2475 4345 τοῦ
2525 4273 2800 4345 Κανόνας
2837 4273 2924 4338 είς
2970 4273 3075 4345 tor
3113 4272 3287 4345 ὅσιον
3316 4272 3572 4345 Πατέρα
3612 4273 3790 4345 ἡμῶν

2437 4344 2715 4397 Ἁλύπιον
2742 4342 2849 4395 τὸν
2879 4344 3181 4412 Κιονίτην,
3213 4343 3401 4412 ἡμέρᾳ
3434 4351 3548 4406 xc".

2288 4454 2472 4525 Ῥῆσις
2525 4454 2725 4507 σεπτοῦ
2781 4455 3061 4525 προφήτου
3118 4454 3293 4525 πέρας
3363 4456 3618 4521 ἐδέξατο·
3676 4459 3786 4512 ἰδοὺ

523 4546 669 4600 enim
717 4544 880 4615 Virgo
930 4546 1097 4600 Deum
1140 4545 1193 4599 in
1242 4562 1407 4600 carne
1441 4547 1672 4616 peperit,
1716 4548 1810 4615 qui
1852 4546 2101 4601 homines

2217 4547 2312 4617 γὰρ
2351 4549 2384 4618 ή
2445 4545 2721 4619 Παρθένος
2764 4546 2929 4617 σαρκὶ
2969 4547 3102 4600 Θεὸν
3145 4546 3345 4616 ἐκύησε
3386 4547 3613 4617 βροτοὺς
3655 4551 3785 4603 ἀνα-

519 4638 735 4692 delictis
761 4652 826 4691 ac
855 4638 1093 4708 peccatis
1120 4647 1246 4692 ante
1281 4638 1551 4692 contritos
1589 4638 2003 4708 redintegravit.

587 4816 631 4871 Ο
661 4816 855 4888 Virgo,
904 4816 1167 4872 mundum
1218 4818 1378 4873 Verbi
1410 4817 1697 4889 palatium,
1734 4818 1820 4875 fac
1855 4820 2093 4875 animam

518 4926 696 4964 meam
732 4911 955 4964 domum
999 4911 1239 4980 Spiritus
1288 4911 1464 4966 sancti
1513 4929 1527 4966 :
1580 4910 1729 4966 fonte
1765 4927 1941 4981 aquae,
1975 4928 2097 4982 quae

515 5018 601 5060 est
632 5006 960 5077 principium
984 5009 1127 5071 vitae,
1152 5017 1279 5077 pota
1305 5023 1411 5072 me,
1446 5010 1656 5077 peccati
1679 5008 1859 5063 calore
1888 5007 2097 5061 inﬂam-

517 5111 747 5164 matum,
782 5108 842 5152 ut
873 5115 971 5170 pro
1002 5100 1187 5154 debito
1221 5112 1270 5153 te
1294 5101 1614 5169 glorilicem.

588 5192 826 5258 llledere,
856 5192 1106 5255 Domina,
1150 5193 1499 5264 passionibus
1540 5192 1736 5245 animae
1764 5207 1916 5251 meae,
1953 5207 2097 5244 meu-

519 5298 737 5353 temque
792 5296 848 5340 et
883 5302 977 5340 cor
1022 5302 1201 5339 meum
1252 5286 1524 5349 illumina,
1560 5295 1613 5338 tu
1662 5301 1785 5355 quin
1828 5285 1964 5339 lucis
2002 5285 2096 5338 da-

520 5390 691 5433 torem
726 5380 1007 5447 peperisti,
1039 5378 1318 5433 Christum
1350 5378 1639 5433 Dominum
1673 5379 1819 5432 omni
1856 5380 2096 5433 bonitate

517 5473 879 5541 superiorem.

588 5564 632 5618 Ο
666 5564 844 5632 puella
882 5572 1106 5631 saneta,
1168 5562 1339 5618 Deum
1391 5570 1643 5620 sanctum
1694 5565 1986 5634 peperisti,
2029 5583 2094 5620 ex

518 5671 617 5709 sua
658 5657 1033 5711 misericordia
1078 5656 1355 5711 hominem
1388 5656 1592 5712 factum
1617 5696 1631 5721 ,
1666 5660 1757 5728 qui
1796 5659 2098 5713 sanctiﬁcat
2146 5652 2158 5659 “

520 5763 712 5802 omnes
744 5752 922 5816 ipsum
952 5764 1073 5802 cum
1109 5749 1211 5802 lide
1242 5764 1306 5802 ac
1340 5748 1532 5804 timore
1563 5750 1986 5806 sanetilicantes.

587 5837 721 5905 Nos,
764 5839 857 5909 qui
898 5840 950 5893 iu
997 5840 1348 5897 tribulatione
1380 5858 1684 5908 versamur,
1719 5841 1913 5897 fortem
1963 5856 2095 5897 cou-

2197 4640 2537 4703 πλάττοντα,
2588 4639 2974 4711 συντριϐέντας
3024 4639 3290 4711 πρότερον
3348 4641 3651 4711 ἁμαρτίαις
3691 4644 3786 4695 καὶ

2198 4734 2307 4803 πλη
2318 4734 2497 4804 μμελή
2506 4749 2693 4803 μασιν.

2270 4826 2533 4897 Παρθένε,
2547 4825 2607 4878 τὸ
2626 4824 2866 4895 καθαρὸν
2878 4824 2971 4879 τοῦ
2994 4826 3167 4896 Λόγου
3188 4827 3472 4889 παλάτιον,
3490 4828 3591 4899 τὴν
3606 4828 3786 4897 ψυχήν

2202 4934 2301 4988 μου
2328 4916 2499 4980 δεῖξον
2529 4912 2677 4969 οἰκον
2700 4916 2794 4968 τοῦ
2837 4915 2994 4983 ἁγίου
3042 4918 3361 4988 Πνεύματος
3384 4934 3399 4949 ⁸
3440 4919 3632 4981 ὕδατος
3664 4938 3785 4987 πη·-

2199 5012 2301 5079 γῆς
2331 5009 2643 5080 ζωαρχικῆς
2683 5008 2902 5060 πότισόν
2930 5027 3001 5080 με
3035 5012 3100 5080 τῇ
3135 5010 3325 5063 καύσει
3368 5011 3469 5081 τῆς
3510 5012 3786 5082 ἁμαρτίας

2202 5101 2612 5172 φλογιζόμενον,
2647 5102 2792 5163 ὅπως
2826 5101 3149 5172 καταχρέως
3171 5102 3384 5166 δοξάζω
3417 5121 3499 5157 σε.

2267 5193 2347 5245 Τὰ
2379 5191 2528 5262 πάθη
2559 5192 2657 5261 τῆς
2699 5191 2880 5261 ψυχῆς
2918 5210 3019 5263 μου
3067 5193 3441 5264 Θεράπευσον,
3490 5197 3583 5248 καὶ
3640 5213 3791 5264 φωτ-

2199 5285 2487 5356 αγώγησον
2541 5284 2635 5335 τὸν
2664 5283 2786 5335 νοῦν
2815 5285 2909 5337 καὶ
2940 5285 3038 5355 τὴν
3073 5286 3302 5357 καρδίαν
3329 5304 3454 5356 μου,
3497 5288 3788 5353 Δέσποινα,

2200 5381 2231 5447 ἡ
2294 5378 2604 5447 φωτοδότην
2678 5376 2913 5431 τεκοῦσα
2977 5380 3211 5449 Χριστὸν
3272 5383 3364 5434 τὸν
3438 5382 3790 5454 ὑπεράγαθον

2200 5470 2427 5542 Κύριον.

2270 5564 2459 5631 ”Αγιον
2487 5561 2728 5633 ὲκύησας
2758 5561 2891 5616 Θεὸν
2931 5566 3223 5638 γενόμενον
3258 5567 3451 5640 βροτὸν
3489 5570 3557 5623 δι’
3580 5566 3786 5637 οἶκτον,

2201 5661 2332 5729 ἁγία
2362 5660 2538 5732 Κόρη,
2589 5660 2681 5712 τὸν
2710 5659 3118 5729 καθαγιὰζοντα
3158 5662 3286 5724 τοὺς
3324 5663 3486 5716 αὐτὸν
3520 5665 3579 5717 ὲν
3599 5664 3787 5716 πίστει

2200 5753 2291 5802 καί
2320 5750 2469 5821 φόϐῳ
2504 5752 2850 5819 ἁγιάζοντας.

2287 5842 2537 5915 ’ἰσχυρὰν
2582 5846 2929 5918 παράκλησιν
2964 5848 3014 5902 οἰ
3042 5848 3101 5905 ὲν
3146 5848 3321 5921 ouem
3362 5848 3580 5923 ἔχομεν,
3613 5849 3783 5922 ἁγνὴ.
