4038 6652
326 417 467 482 1-2ὀὸ

1702 397 2070 461 MARIALE.

3437 392 3576 457 125.4

322 535 416 584 καὶ
463 527 686 599 βεϐαίαν
709 527 911 588 πάντες
950 539 1010 575 σε
1045 519 1354 591 ἀντίληψιν,
1385 517 1579 589 Μῆτερ
1603 514 1763 582 Θεοῦ,
1798 530 1913 566 κιν-

2031 509 2337 567 iolationem
2379 508 2662 572 habemus,
2695 514 2750 560 et
2788 505 3036 560 stabilem
3069 504 3463 574 defensionem,
3502 519 3580 580 te,

323 623 496 674 δύνων
536 619 675 683 σῶζε
704 618 830 680 τοὺς
859 614 1078 678 δούλους
1117 630 1237 667 σου.

429 805 469 854 0
500 801 884 872 ἀπεριόριστος
925 799 1105 869 σάρκα
1151 795 1447 851 ἀνελάϐετο
1492 793 1678 849 ἔννουν
1711 809 1772 845 τε
1813 793 1906 844 καὶ

330 893 573 962 ἔμψυχον
603 892 667 942 ὲκ
695 890 814 956 σοῦ,
860 887 1237 958 Ἀειπάροενε,
1263 884 1356 940 τοῦ
1388 885 1558 938 σῶσαι
1589 883 1708 946 τοὺς
1738 881 1904 952 βοῶν-

333 999 452 1046 τας·
495 983 554 1035 '0
587 982 740 1047 Θεὸς,
771 980 1060 1050 εὐλογητὸς
1093 974 1162 1033 εἴ.

404 1151 507 1204 Σοῦ
533 1153 562 1205 ὁ
587 1151 806 1214 τοκετδς
834 1149 934 1220 τὴν
968 1148 1293 1218 τικτομένην
1328 1146 1532 1218 βλάϐην
1585 1145 1754 1217 κακία
1815 1143 1906 1198 τοῦ

333 1246 511 1314 δφεως
543 1242 638 1296 νῦν
668 1241 1040 1311 ἁπεστείρωσε
1063 1281 1078 1306 ,
1125 1240 1260 1310 μόνη
1311 1239 1554 1308 κατάρας
1601 1236 1908 1306 ἀναίρεσις,

337 1336 582 1407 ΙΙαροὲνε
603 1350 618 1365 ο
654 1335 776 1388 ὅθεν
802 1351 861 1387 σε
890 1333 1140 1404 τιμῶμεν
1176 1335 1255 1396 εἰς
1295 1333 1505 1395 πάντας
1529 1331 1654 1394 τοὺς
1685 1328 1908 1392 αἰῶνας.

411 1527 696 1597 Φωτισμόν
740 1541 834 1596 μοι
887 1523 1132 1596 δώρησαι
1178 1521 1254 1593 τῷ
1304 1522 1362 1573 ἐν
1417 1520 1598 1573 σκότει
1646 1520 1758 1574 ὄντι
1807 1521 1913 1575 τῶν

340 1619 534 1673 παθῶν
556 1659 573 1683 ,
611 1619 704 1670 καὶ
742 1616 904 1689 ῥῦσαί
940 1633 1006 1686 με
1033 1614 1290 1686 πονηρῶν
1327 1613 1540 1682 ἔργων,
1588 1613 1682 1666 καὶ
1721 1612 1915 1682 φλογὸς

338 1707 773 1777 ἑναποκειμένης
803 1721 894 1777 μοι
917 1703 992 1774 τῷ
1013 1703 1179 1774 ἀθλίῳ
1199 1702 1295 1757 καὶ
1317 1701 1648 1774 ἁμαρτωλῷ,
1679 1702 1915 1774 ἄχραντε

337 1799 632 1866 Δέσποινα,
666 1797 971 1869 προστασία
996 1796 1104 1849 τῶν
1140 1793 1457 1866 ὑμνούντων
1488 1810 1569 1848 σε.

347 2005 458 2060 Ἕκ
499 2004 606 2060 τοῦ
648 2003 917 2069 Κανόνος
969 2004 1057 2066 εις
1098 2001 1205 2055 τὸν
1257 2002 1432 2054 ὅσιον
1475 1997 1708 2067 Πατέρα
1749 1997 1920 2068 ἡμῶν

639 2075 950 2143 Στέφανον
977 2076 1084 2126 τὸν
1107 2071 1268 2135 νέον,
1301 2073 1484 2140 ἡμέρᾳ
1509 2075 1615 2138 κη’.

415 2189 527 2262 Τὴν
568 2189 871 2243 ἁδιόδευτον
913 2187 1124 2258 πύλην,
1179 2188 1239 2240 τὸ
1275 2185 1518 2257 καθαρὸν
1563 2185 1662 2255 τῆς
1699 2184 1922 2254 ἁγνείας

346 2284 612 2354 τέμενος,
646 2282 747 2353 τὴν
778 2282 950 2353 καλὴν
979 2283 1037 2334 ὲν
1075 2281 1328 2350 γυναιξὶ,
1373 2281 1470 2347 τὴν
1502 2279 1664 2347 ἁγίαν
1693 2280 1920 2333 Δέσποι-

350 2393 450 2430 ναν
479 2377 684 2444 φωναῖς
715 2377 889 2447 ἱεραῖς
920 2378 947 2428 ὁ
977 2375 1118 2445 ἱερὸς
1144 2374 1272 2438 λαὸς
1295 2374 1630 2442 δοξάσωμεν.

321 2467 324 2470 ”
431 2470 528 2523 Ἐκ
569 2469 662 2522 σοῦ
716 2471 815 2540 τῆς
873 2470 1041 2541 μόνης
1095 2470 1341 2540 καθαρᾶς
1373 2472 1400 2521 ὁ
1443 2467 1707 2538 ύπέροεος
1752 2467 1922 2535 Λόγος

345 2560 662 2631 ἐσαρκὼθη,
707 2560 782 2625 ὡς
811 2559 943 2627 οἶδε,
971 2564 1064 2614 καὶ
1107 2562 1364 2616 διέσωσεν
1393 2563 1559 2633 ἡμᾶς,
1592 2561 1920 2630 τοὺς-προσ-

351 2653 649 2716 κυνοῦντας
696 2654 862 2708 αὑτοῦ
915 2655 1014 2726 τὴν
1090 2655 1164 2709 »δι’
1212 2651 1391 2710 οἶκτον
1444 2655 1594 2709 θείαν
1647 2654 1920 2724 συγκατά-

349 2744 532 2800 ϐασιν.

435 2839 526 2891 Ἐν
558 2837 663 2904 σοὶ,
705 2839 1036 2908 πανάμωμε,
1064 2837 1164 2908 τῆς
1205 2837 1480 2908 σωτηρίας
1511 2855 1612 2908 μου
1645 2839 1743 2902 τὰς
1775 2837 1927 2892 ἐλπί-

349 2929 445 2992 δας
488 2929 730 3000 ὲθὲμην,
767 2930 862 2984 ἐπὶ
903 2932 1002 3000 τὴν
1038 2930 1137 3000 σὴν
1187 2930 1400 3000 σκέπην
1443 2931 1794 2999 κατέφευγαο
1829 2947 1926 2998 γε-

353 3019 447 3073 νοῦ
482 3037 592 3090 μοι,
621 3021 794 3091 Κόρη,
827 3021 1042 3092 βοηθὸς,
1069 3021 1177 3074 τῶν
1209 3021 1397 3074 δεινῶν
1429 3021 1791 3091 ὲξαιρουμένη
1836 3037 1927 3090 με.

437 3115 764 3187 ’Υπεραγία,
796 3119 831 3187 ὴ
868 3117 962 3169 τὸν
1001 3116 1133 3169 Θεὸν
1166 3115 1303 3186 μόνη
1335 3115 1430 3168 ἐπὶ
1468 3115 1574 3185 γῆς
1605 3114 1679 3178 ὡς
1713 3113 1928 3184 ἀληθῶς

2009 603 2254 672 inquam.
2286 616 2317 656 ο
2347 610 2519 654 casta.
2561 597 2778 662 Libera,
2815 611 2848 652 ο
2887 596 3056 652 Mater
3093 597 3212 666 Dei,
3246 614 3276 654 a
3320 603 3580 671 periculis

2008 709 2196 752 ςετνοε
2227 703 2371 749 tuos.

2077 788 2171 843 llle
2202 787 2295 858 qui
2328 796 2410 841 est
2462 783 2965 852 incircumscriptus
3006 792 3170 853 atque
3215 782 3569 852 indeﬁnitus,

2008 896 2226 936 carnem
2262 879 2503 948 suscepit
2531 886 2713 932 mente
2758 885 2921 945 atque
2962 876 3142 929 anima
3170 877 3472 946 praeditam,
3513 894 3581 933 ex

2011 981 2084 1038 te,
2109 987 2142 1026 ο
2172 970 2335 1042 Virgo
2363 979 2642 1042 perpetua,
2688 981 2745 1021 ιιι
2773 982 2868 1023 eos
2897 967 3156 1034 salvaret,
3184 970 3276 1039 qui
3307 970 3579 1027 clamant:

2010 1064 2330 1120 Benedictus
2359 1080 2439 1128 es,
2471 1062 2637 1129 Deus,
2667 1073 2770 1118 etc.

2082 1161 2275 1216 Partus
2306 1168 2432 1213 tuus
2473 1173 2616 1212 nunc
2653 1156 2890 1211 sterilem
2935 1155 3170 1212 reddidit
3198 1170 3418 1220 noxam,
3461 1171 3584 1226 quae

2011 1266 2076 1307 ex
2105 1251 2309 1305 malitia
2338 1249 2606 1319 serpentis
2642 1258 2764 1302 nata
2805 1257 2943 1314 erat,
2980 1263 3012 1302 ο
3045 1247 3236 1318 Virgo,
3268 1248 3427 1303 unica
3466 1263 3585 1302 ma-

2013 1343 2320 1398 ledietionis
2365 1341 2783 1406 exterminatio;
2821 1342 3177 1411 quamobrem
3220 1350 3271 1396 te
3303 1341 3360 1396 in
3404 1341 3586 1396 omnia

2014 1434 2210 1491 saecula
2243 1435 2599 1489 honoramus.

2087 1526 2544 1582 llluminationem
2569 1525 2764 1595 largire
2793 1524 2956 1591 mihi,
2992 1526 3047 1580 in
3079 1525 3389 1595 passionum
3437 1535 3590 1580 tene-

2017 1622 2132 1675 bris
2171 1619 2528 1674 commoranti
2551 1661 2567 1684 ,
2605 1627 2658 1672 et
2707 1617 2874 1671 libera
2907 1631 2994 1671 me
3031 1632 3060 1670 a
3104 1618 3282 1687 pravis
3311 1618 3587 1688 operibus,

2017 1719 2072 1767 et
2124 1727 2154 1766 a
2198 1710 2416 1766 ﬂamma
2465 1726 2584 1781 qua:
2633 1719 2946 1766 reservatur
2991 1710 3125 1764 mihi
3178 1709 3474 1766 miserabili
3526 1725 3592 1764 ac

2018 1803 2312 1874 peccatori,
2341 1817 2374 1858 o
2409 1803 2634 1858 Domina
2677 1803 2966 1868 inviolata,
2994 1817 3184 1858 eorum
3207 1841 3224 1867 ,
3256 1803 3350 1873 qui
3379 1812 3431 1858 te
3471 1803 3592 1856 Iau-

1950 1877 1992 1937 Β
2022 1900 2181 1961 dant,
2215 1896 2602 1966 patrocinium.

2020 2032 2186 2103 229
2249 2031 2334 2086 Ea:
2383 2048 2581 2086 canone
2620 2031 2672 2084 in
2711 2029 2968 2155 $31388.
3025 2029 3306 2099 Stephani
3334 2029 3593 2096 Juniort’s,

2749 2118 2795 2155 te
2900 2139 2915 2155 .

2749 2118 2795 2155 ιε
2824 2118 2915 2155 Ζδο

2093 2212 2315 2268 Portam
2347 2213 2693 2280 imperviam,
2720 2212 2984 2266 mundum
3013 2211 3280 2266 castitatis
3309 2209 3594 2280 templum,

2024 2307 2456 2377 pulcherrimam
2506 2307 2645 2360 inter
2690 2307 2971 2369 mulieres,
3005 2304 3286 2358 Dominam
3325 2313 3596 2368 sanctam,

2026 2401 2200 2455 sacris
2237 2399 2466 2454 vocibus
2501 2413 2658 2453 sacer
2689 2397 2922 2467 populus
2955 2395 3344 2467 gloriﬁcemus.

2097 2492 2177 2545 Ex
2209 2499 2261 2545 te
2294 2491 2409 2544 sola
2441 2505 2579 2558 pura
2619 2486 2850 2541 Verbum
2897 2484 3310 2555 superdivinum
3342 2485 3598 2538 incarna-

2029 2595 2141 2638 tum
2175 2592 2277 2649 est,
2301 2597 2366 2636 eo
2393 2581 2556 2636 modo
2587 2595 2696 2650 quo
2724 2579 2865 2633 idem
2903 2579 3076 2642 novit,
3139 2587 3193 2632 et
3218 2575 3445 2630 salvavit
3471 2589 3596 2640 nos,

2027 2677 2122 2746 qui
2157 2675 2306 2729 illius
2337 2673 2663 2728 descensum
2695 2670 2942 2724 divinum
2989 2668 3060 2723 ob
3100 2681 3255 2722 suam
3289 2665 3602 2720 misericor-

2029 2770 2172 2823 diam
2204 2767 2406 2822 l'actum
2437 2765 2754 2819 adoramus.

2105 2859 2160 2910 ln
2196 2867 2268 2919 te,
2322 2872 2353 2909 ο
2387 2848 2920 2916 immaculatissima,
2959 2850 3153 2906 salutis
3183 2865 3317 2904 mea:
3357 2864 3481 2917 spes
3511 2863 3600 2902 re-

2029 2949 2213 3021 posui,
2247 2949 2350 3004 sub
2381 2957 2528 3001 tuam
2563 2954 2735 3015 protei
2755 2944 2957 2998 tionem
3007 2941 3230 3012 confugi
3259 2960 3273 2996 :
3310 2951 3428 2996 esto
3467 2941 3598 2995 mihi

2033 3042 2292 3110 adiutrix,
2329 3055 2362 3094 ο
2394 3039 2598 3110 puella,
2635 3048 2688 3092 et
2714 3053 2743 3091 a
2776 3037 2940 3092 rebus
2969 3036 3210 3090 molestis
3246 3036 3391 3104 eripe
3425 3049 3508 3088 me
3530 3071 3551 3090 .

2101 3136 2144 3191 Ο
2170 3142 2544 3205 supersancta,
2595 3148 2714 3202 quae
2740 3140 3159 3201 supersanclttm
3203 3129 3368 3184 [leum
3398 3129 3514 3182 sola
3548 3126 3603 3182 in

349 3207 446 3260 τὸν
477 3207 776 3279 ύπεράγιον
802 3209 1026 3274 τὲξασα,
1057 3208 1185 3272 τούς
1222 3226 1281 3261 σε
1325 3209 1584 3262 Θεοτόκον
1611 3210 1698 3260 ἀεὶ
1725 3207 1926 3278 κηρύτ-

2031 3236 2178 3284 terra
2215 3228 2501 3282 verissime
2554 3225 2846 3295 peperisti,
2899 3239 3016 3288 eos,
3069 3222 3162 3292 qtti
3218 3232 3268 3276 te
3317 3221 3603 3291 Dt-iparam

350 3316 546 3365 ’νοντας
581 3303 813 3370 ἁγίασον
843 3301 941 3355 καὶ
971 3302 1143 3355 σῶσον
1170 3304 1237 3373 τῇ
1273 3301 1524 3372 μεσιτεία
1555 3317 1671 3356 σου.

426 3492 539 3562 Τὴν
590 3490 759 3562 μόνην
807 3490 1191 3563 πανύμνητον,
1242 3490 1339 3558 τὴν
1377 3490 1551 3562 καλὴν
1587 3492 1646 3543 ἐν
1678 3491 1944 3559 γυναιξὶ,’

349 3584 456 3655 τὴν
501 3583 598 3638 τοῦ
630 3583 768 3638 Θεοῦ
802 3584 1150 3655 λοχεύτριαν,
1184 3583 1527 3654 Χριστιανῶν
1556 3584 1616 3636 τὸ
1644 3586 1822 3655 τεῖχος
1866 3584 1930 3637 τὸ

352 3676 619 3748 ἀρῥαγὲς,
647 3676 747 3746 τὴν
777 3676 1044 3748 ἄχραντον
1085 3679 1384 3731 Δέσποιναν
1414 3676 1692 3748 ἁδικὰστῳ
1733 3677 1930 3751 καρδίᾳ

356 3769 772 3838 μακαρίσωμεν.

438 3950 743 4022 Ἱερώτατοι
773 3950 1050 4020 προφῆται
1081 3950 1490 4022 προεδήλωσαν,
1529 3951 1692 4021 ἁγνὴ,
1722 3953 1931 4021 ἐκφαν-

352 4044 633 4096 τικώτατα
659 4046 720 4096 τὸ
759 4048 1056 4113 μυστήριον
1081 4047 1178 4112 τῆς
1211 4044 1411 4112 σεπτῆς
1445 4040 1659 4113 λοχείας
1689 4059 1805 4107 σου,
1839 4044 1934 4095 καί⁵

354 4134 456 4190 νῦν
515 4137 676 4206 ἡμεῖς
727 4137 827 4198 τὰς
887 4137 1142 4199 ἐκϐάσεις
1204 4135 1492 4206 τηλαυγῶς
1541 4135 1934 4199 κατανοοῦντες

354 4223 600 4288 εὐσεϐῶς
642 4241 702 4276 σε
741 4224 1142 4295 μακαρίζομεν.

443 4317 756 4388 Ῥαντισμῷ
790 4318 936 4370 θείου
981 4317 1202 4388 λύτρον,
1253 4316 1636 4388 Θεοχαρίτωτε,
1671 4317 1735 4370 ὲκ
1769 4315 1933 4369 πλευο

361 4413 464 4484 ρᾶς
494 4411 822 4474 κενωθέντος
848 4411 943 4464 τοῦ
997 4410 1092 4463 σοῦ
1124 4409 1255 4462 Υίοῦ
1286 4411 1379 4463 καὶ
1411 4407 1570 4472 Θεοῦ,
1601 4408 1692 4460 τὸν
1727 4409 1791 4462 ἐκ
1839 4424 1936 4460 πο-

356 4505 535 4576 νηρᾶς
584 4501 860 4573 ἁμαρτίας
904 4501 1178 4572 προσόντα
1231 4517 1320 4571 μοι
1358 4501 1552 4571 ῥύπον,
1583 4497 1818 4553 δυσωπῶ
1852 4515 1933 4565 σε,

357 4597 694 4664 ἀπόπλυνον,
727 4595 992 4666 Παρθένε.

430 4691 612 4754 Φωτὺς
644 4690 868 4761 δοχεῖον,
901 4687 1282 4761 θεοχαρίτωτε,
1311 4687 1420 4741 τῶν
1451 4686 1612 4758 ίερῶν
1643 4685 1938 4757 μαρτύρων

361 4784 585 4856 ἀληθῶς
617 4784 678 4838 τὸ
703 4782 1032 4854 κραταίωμα
1052 4823 1067 4850 ,
1093 4781 1202 4834 τῶν
1237 4783 1399 4834 ὁσίων
1430 4781 1682 4834 ἁπάντων
1715 4779 1777 4833 τὸ
1807 4778 1940 4833 καύ-

359 4895 541 4948 χημα,
580 4876 753 4929 σῶσον
784 4877 932 4946 ἡμᾶς
961 4874 1247 4938 κινδύνων,
1281 4874 1378 4926 καὶ
1420 4873 1817 4944 περιστάσεων,
1846 4870 1942 4923 καὶ

361 4970 466 5040 τῆς
492 4970 600 5023 τῶν
622 4967 834 5040 ἐχθρῶν
864 4967 1166 5040 ἐπιδρομῆς
1195 4967 1324 5028 τοὺς
1355 4963 1726 5035 ἀνυμνοῦντας
1751 4979 1832 5018 σε.

376 5179 480 5234 Ἐκ
510 5177 616 5232 τοῦ
664 5177 929 5243 Κανόνος
957 5177 1044 5242 είς
1073 5173 1181 5229 τὸν
1228 5175 1400 5242 ἅγιον
1440 5174 1712 5244 μάρτυρα
1751 5171 1943 5240 Παρὰ-

432 5265 625 5318 μονον
662 5249 760 5301 καὶ
787 5249 894 5301 τὸν
925 5246 1096 5317 ἅγιον
1123 5249 1514 5313 Φιλούμενον,
1547 5247 1736 5314 ἡμέρᾳ
1766 5245 1870 5297 κεν.

451 5364 544 5417 Ἐν
581 5364 760 5434 χρόνῳ
789 5363 882 5416 τὸν
928 5362 1033 5429 ἔξω
1078 5363 1270 5433 χρόνου
1303 5362 1530 5424 τέτοκας
1570 5360 1759 5431 βροτὸν
1789 5359 1944 5429 γενό-

369 5474 555 5527 μενον,
588 5457 647 5508 ὃν
694 5457 926 5519 ἐκτενῶς
972 5456 1197 5519 ἱκέτευε,
1243 5456 1403 5523 ἁγνὴ,
1434 5453 1508 5515 ῶς
1545 5453 1668 5506 Υίόν
1717 5470 1809 5506 σου
1850 5450 1946 5506 καὶ

365 5551 596 5623 Κύριον,
635 5549 706 5603 τὰ
747 5552 843 5620 τῆς
880 5550 1056 5620 ψυχῆς
1089 5566 1190 5619 μου
1226 5547 1416 5618 χρόνια
1464 5547 1609 5616 πάθη
1663 5545 1942 5614 ἰάσασθαι,

366 5644 703 5713 πανάμωμε.
985 5671 1017 5712 ι

438 5839 750 5912 Στερέωσόν
799 5856 899 5911 μου
936 5837 1029 5893 τὸν
1057 5854 1194 5910 ,νουν
1230 5836 1692 5907 περιτρεπόμενον
1726 5833 1942 5899 πολλοῖς

2030 3335 2246 3390 semper
2274 3319 2572 3389 praadicant
2611 3317 2896 3372 sanctilica
2948 3331 3013 3368 ac
3073 3303 3221 3368 salva
3274 3311 3604 3366 mediatione

2032 3421 2144 3467 tua.

2103 3502 2284 3555 Solam
2317 3500 2466 3554 illam
2497 3498 2646 3554 omni
2681 3498 2840 3553 laude
2889 3496 3295 3565 dignissimam,
3354 3491 3610 3563 pulcher-

2033 3596 2226 3651 rimam
2265 3595 2410 3649 illam
2450 3595 2590 3648 inter
2620 3591 2899 3654 mulieres,
2936 3589 3030 3642 Dei
3068 3586 3423 3649 Genilriccm,
3455 3583 3610 3639 Chri-

2033 3690 2335 3744 stianorum
2385 3701 2604 3740 murum
2651 3680 3153 3754 inexpugnabilem,
3207 3677 3488 3732 Dominam
3521 3675 3610 3728 in-

2033 3779 2315 3839 violatam.
2340 3777 2572 3832 immoto
2628 3775 2965 3844 minimeque
2994 3771 3261 3828 dubitanti
3293 3770 3457 3825 corde
3483 3769 3614 3824 bea-

2036 3872 2328 3928 tilicemus.

2106 3959 2475 4017 Sacratissimi
2517 3957 2794 4028 praphctae
2835 3953 3281 4011 manifestissime
3309 3959 3468 4005 antea
3509 3949 3609 4003 dc-

2035 4053 2384 4108 elaraverunt
2443 4048 2763 4118 mysterium
2827 4045 3120 4101 venerandi
3170 4054 3361 4114 partus
3417 4040 3516 4104 tui,
3575 4053 3610 4093 ο

2036 4155 2222 4211 casta;
2251 4152 2305 4198 et
2336 4157 2480 4197 nunc
2500 4156 2599 4194 nos
2626 4138 2870 4193 vaticinii
2901 4151 3195 4191 successus
3227 4143 3414 4204 aperte
3444 4145 3616 4202 agno-

2037 4245 2272 4300 scentes,
2306 4244 2356 4290 te
2383 4234 2577 4288 devote
2605 4231 3012 4287 beatiﬁcamus.

2095 4327 2423 4400 Aspersorio
2467 4326 2638 4381 divini
2686 4323 2910 4387 lavacri,
2965 4319 3112 4393 quod
3165 4335 3231 4373 ex
3282 4319 3453 4373 latere
3487 4314 3614 4370 Filii

2038 4424 2246 4494 Deique
2277 4424 2356 4476 tui
2399 4419 2630 4476 cll‘usum
2659 4429 2775 4483 est,
2806 4418 2987 4482 ablue,
3023 4431 3072 4471 te
3125 4428 3338 4484 precor,
3370 4427 3404 4466 o
3449 4409 3616 4479 Virgo

2041 4515 2154 4571 Deo
2187 4512 2536 4574 charissima,
2579 4509 2793 4574 sordes,
2827 4524 2894 4564 ex
2938 4505 3147 4578 peccati
3181 4501 3388 4557 malitia
3437 4499 3613 4554 inhae-

2041 4619 2222 4664 rentes
2250 4607 2408 4662 mihi.

2111 4700 2154 4756 Ο
2189 4700 2298 4755 Deo
2325 4697 2672 4759 charissima,
2726 4692 2860 4748 lucis
2896 4687 3336 4760 receptaculum,
3367 4697 3494 4739 vere
3528 4698 3619 4737 sa-

2039 4809 2260 4848 crorum
2313 4799 2612 4862 martyrum
2651 4786 2838 4849 robur,
2877 4795 2929 4839 et
2962 4780 3340 4838 confessorum
3367 4774 3616 4832 omnium

2042 4883 2316 4955 gloriatio,
2345 4881 2528 4938 salvos
2558 4881 2644 4933 fac
2671 4891 2774 4932 nos
2805 4891 2834 4929 a
2865 4871 3145 4945 periculis,
3175 4877 3230 4923 et
3257 4868 3622 4922 circumstan-

2044 4975 2193 5030 tibus
2217 4971 2643 5036 calamitatibus,
2665 4977 2826 5037 atque
2840 4967 2908 5019 ab
2931 4964 3168 5018 hostium
3188 4956 3619 5024 incursionibus,

2042 5071 2172 5122 dum
2203 5077 2254 5121 te
2269 5065 2535 5119 laudibus
2560 5062 2925 5117 celebramus.

2045 5185 2206 5256 230
2233 5182 2314 5236 Ex
2341 5196 2538 5236 canone
2560 5181 2610 5233 in
2641 5178 2774 5247 {esto
2801 5173 2900 5230 SS.
2915 5168 3221 5256 l’ar‘anmoni
3242 5175 3289 5220 et
3317 5161 3619 5216 Philumeni

2535 5242 2855 5318 martyrum,
2892 5244 2976 5297 die
3021 5242 3112 5296 29.
3239 5265 3241 5267 -

2120 5368 2177 5422 In
2205 5376 2446 5436 tempore
2471 5361 2729 5434 peperisti
2781 5373 2928 5422 eum,
2965 5355 3057 5426 qui
3091 5357 3172 5407 est
3200 5357 3357 5404 extra
3380 5355 3619 5414 tempus,

2046 5461 2326 5517 hominem
2360 5458 2563 5513 factum
2601 5473 2614 5508 :
2652 5468 2813 5524 quem
2869 5451 3027 5505 enixe
3066 5446 3379 5514 deprecare,
3407 5455 3440 5493 ο
3470 5447 3618 5493 casta

2046 5570 2111 5609 ac
2145 5561 2254 5607 tota
2288 5549 2664 5613 immaculata,
2699 5555 2954 5613 tanquam
2990 5538 3186 5592 Filium
3225 5545 3376 5587 tuum
3415 5545 3478 5584 ac
3516 5527 3622 5580 Do-

2050 5649 2283 5710 minum,
2321 5642 2672 5714 temporariis
2702 5638 2897 5693 anima:
2943 5649 3076 5688 mea:
3118 5625 3468 5701 passionibus
3503 5637 3623 5676 me-

2048 5741 2260 5794 deatur.

2116 5824 2514 5900 Conﬁrmaac,
2558 5823 2808 5882 stabilem
2867 5819 3018 5877 elliee
3067 5822 3304 5873 mentem
3358 5823 3556 5874 meam,
3590 5820 3626 5862 ο
