4038 6606
536 383 671 446 1255

1652 376 1711 433 S.
1756 372 2070 433 JOSEPHI
2114 368 2667 431 Hi'h‘lNOiiliAI’lll

3598 370 3711 435 127,0

532 498 701 551 Mater
730 493 821 548 Dei
854 491 1184 555 castissima,
1248 487 1431 542 multis
1476 483 1822 557 passionihus
1859 481 2097 535 circum-
2126 486 2150 542 Α

2220 476 2433 543 πάθεσι,
2484 478 2677 546 Μῆτερ
2732 473 2867 528 Θεοῦ
2926 474 3205 543 πάναγνε,
3262 474 3399 539 ὅπως
3441 482 3714 551 καταχρέως

530 586 811 657 agitatam,
845 594 904 638 ut
935 596 984 637 te
1023 595 1122 651 pro
1156 579 1336 633 debito
1360 576 1675 648 glorilicem.

597 676 859 731 Homines
919 675 987 729 ob
1037 670 1495 740 trangrcssionem
1573 676 1819 721 mortuos
1889 662 2101 717 vivifico

536 781 693 837 partu
731 779 824 821 tuo
869 781 1059 821 omnes
1090 763 1457 825 resuscitasti,
1479 776 1512 815 ο
1544 760 1704 829 Virgo
1727 758 1895 813 Maria
1930 776 1943 812 :
1971 772 2098 828 pro-

533 871 711 929 pterea
750 869 801 915 te
842 856 1234 929 gloriﬁcamus,
1280 864 1334 909 et
1366 854 1564 908 divinis
1593 842 1846 907 laudibus
1889 850 2100 904 beatam

526 954 890 1020 appellamus.

602 1041 704 1107 Qui
730 1040 873 1095 Patri
909 1054 973 1094 ac
1023 1037 1250 1108 Spiritui
1286 1047 1477 1091 sancto
1502 1035 1763 1106 aequalem
1803 1034 1967 1089 habet
2006 1033 2103 1088 ho-

528 1149 720 1189 norem
751 1134 1041 1197 Dominus,
1070 1147 1134 1185 ex
1158 1132 1323 1185 castis
1346 1129 1702 1199 sanguinibus
1726 1126 1852 1193 tuis,
1872 1126 2101 1196 oV'irgo,

531 1226 854 1279 incarnatus
887 1231 973 1277 est
1002 1232 1055 1277 et
1089 1222 1267 1275 lactus
1291 1223 1477 1275 homo.

601 1320 645 1371 A
678 1316 952 1371 scandalis
987 1314 1112 1367 vitae
1160 1314 1327 1365 libera
1366 1327 1488 1375 me,
1525 1326 1557 1361 o
1594 1306 2098 1369 intemeratissima,

531 1423 627 1478 qui
683 1408 737 1461 in
800 1416 961 1459 nocte
1002 1405 1278 1465 cmeitatis,
1338 1401 1660 1455 deformium
1718 1398 2100 1469 cogitationum

533 1502 797 1565 tenebris,
824 1499 897 1553 ob
932 1497 1142 1551 inimici
1198 1495 1497 1557 malitiam,
1534 1505 1749 1559 semper
1806 1498 2105 1559 occupatus

532 1607 676 1648 SUlllo

604 1684 795 1738 Gaude
831 1693 911 1744 tu,
952 1695 1076 1751 quae
1117 1680 1234 1735 sola
1285 1676 1599 1731 hominibus
1644 1673 1902 1741 gaudium
1940 1688 2102 1742 pepe-

534 1778 653 1832 risti
694 1794 707 1829 :
744 1775 941 1845 gaude,
986 1773 1206 1834 cadum,
1234 1779 1287 1824 et
1315 1770 1507 1822 tlirOne
1540 1767 1866 1831 Clteruliiee,
1906 1773 1959 1817 et
1992 1765 2105 1833 εκ)⁹

2203 570 2407 634 δοξάζω
2447 586 2501 620 σε
2514 608 2527 621 .

2272 660 2660 731 Νεκρωθέντας
2694 661 2817 723 τοὺς
2859 658 3181 729 ἀνθρώπους
3212 661 3272 729 τῇ
3317 661 3620 729 παραϐάσει,
3654 667 3717 737 τῷ

2207 753 2478 823 ζυγηφόρῳ
2537 752 2683 807 τόκω
2732 769 2861 816 σου,
2895 751 3141 823 Παρθένε
3179 752 3384 823 Μαρία,
3426 753 3611 817 πάντας
3638 757 3717 809 ἀν-

2205 845 2457 913 έστησας.
2495 844 2585 896 Διό
2620 858 2680 898 σε
2704 844 3026 913 δοξάζομεν,
3061 844 3154 896 καὶ
3186 843 3490 913 θεοπρεπῶς
3516 848 3719 915 μακαρί.

2207 935 2393 1008 ζομεν.

2286 1028 2579 1098 ὀμότιμος
2636 1026 2806 1095 [lupi
2852 1024 3175 1093 ἐνυπάρχων
3234 1024 3327 1076 καὶ
3376 1025 3654 1096 Πνεύματι,
3700 1028 3724 1079 ὁ

2205 1120 2405 1192 Κύριος
2434 1121 2493 1184 ἐξ
2533 1118 2710 1187 ἁγνῶν
2734 1135 2826 1170 σου
2856 1118 3143 1187 ἐσαρκώθη
3170 1118 3431 1186 αἱμάτων,
3456 1118 3598 1186 eam,
3624 1122 3725 1190 βρα-

2204 1216 2293 1278 τὺς
2328 1215 2630 1284 γινόμενος.

2286 1306 2476 1358 Ῥὗσαξ
2512 1322 2577 1374 με
2611 1304 2719 1356 τῶν
2771 1303 3083 1356 σκανδάλων
3112 1302 3205 1355 τοῦ
3236 1302 3370 1371 βίου,
3408 1303 3723 1373 πανάχραντε,

2206 1399 2304 1468 τῆς
2353 1400 2408 1451 ὲν
2440 1402 2593 1451 νυκτὶ
2625 1396 2884 1465 aetatm;
2939 1395 3213 1465 λογισμῶν
3255 1396 3462 1447 ἀτόπων
3494 1412 3725 1467 κεκρατη-

2209 1492 2392 1561 μένον,
2428 1493 2493 1560 cf,
2527 1489 2697 1561 κακία
2737 1488 2830 1541 τοῦ
2862 1488 3161 1558 δυσμενοῦς
3187 1488 3273 1541 ἀεὶ
3306 1486 3669 1557 σκοτιξόμενον.

2276 1680 2468 1750 Χαῖρε,
2500 1678 2533 1746 ἡ
2572 1677 2705 1745 μόνη
2737 1674 2912 1745 χαρὰν
2942 1672 3248 1743 ἀνθρώποις
3276 1673 3538 1757 δινήσασα,
3582 1674 3729 1744 χαῖρε,

2208 1772 2427 1840 οὖρανὲ,
2462 1768 2555 1822 καὶ
2584 1769 2739 1838 θρόνε
2784 1766 3109 1837 Χερουδικὲ,
3156 1765 3251 1817 καὶ
3281 1764 3549 1834 περίδοξον
3588 1766 3731 1819 παλά-

536 1864 901 1916 riosissimum
964 1860 1225 1930 palatium
1293 1857 1619 1927 Regnator-is
1670 1855 2014 1920 saeculorum,
2075 1847 2150 1908 oi

2220 1879 2321 1915 τιον
2359 1860 2453 1913 τοῦ
2495 1858 2865 1929 βασιλεύοντος
2907 1857 3015 1910 τῶν
3062 1854 3293 1919 αἰώνων,
3332 1854 3616 1924 πανάμωμε
3659 1857 3733 1906 Δέ-

537 1958 763 2010 Domiua
795 1954 863 2007 ab
894 1953 1042 2006 omni
1076 1952 1291 2006 macula
1322 1951 1604 2003 immunis.

604 2048 763 2116 Legis
801 2047 1030 2109 umbra',
1060 2054 1115 2098 et
1142 2044 1529 2112 prophetarum
1561 2042 1868 2097 veneranda
1898 2055 2103 2111 prteco—

535 2138 644 2201 uia,
677 2138 1092 2208 praeﬁgurarunt
1123 2146 1173 2189 te
1214 2136 1454 2189 futuram
1509 2136 1850 2189 iuell‘ahiliter
1876 2133 1970 2188 Dei
2003 2151 2103 2189 uo-

536 2232 630 2283 stri
669 2228 1022 2292 Gruilriccm,
1056 2246 1088 2283 o
1142 2238 1312 2289 casta,
1367 2228 1549 2281 divina
1582 2230 1752 2296 gratia
1783 2228 2103 2281 cumulatis-

536 2321 694 2383 sima,
746 2322 832 2373 t-ui
871 2334 1063 2373 omnes
1111 2320 1454 2374 coueinimus
1504 2316 1883 2383 :Beuedieite,
1925 2320 2106 2373 omnia

537 2428 696 2483 opera
737 2413 969 2477 Domini,
1006 2413 1320 2473 Dominum,
1351 2420 1454 2464 etc.

598 2507 849 2560 lllumina
898 2504 1133 2577 pupillas
1185 2504 1327 2558 oculi
1389 2504 1490 2556 mei
1548 2504 1789 2559 czecitatc
1842 2500 2109 2555 mortiferi

538 2600 742 2666 peccati
810 2596 1234 2662 ohtcnebratas,
1295 2594 1448 2649 oDei
1502 2595 1769 2660 Genitrix,
1802 2594 2109 2649 castissima

540 2691 790 2741 Domina.
830 2686 908 2740 Ttt
934 2687 1080 2739 enim
1112 2704 1171 2742 es
1217 2686 1460 2741 ﬁdelium
1492 2687 1758 2741 auxilium
1799 2694 1855 2740 et
1905 2685 2109 2742 illumi-

540 2781 709 2844 natio,
748 2794 780 2834 ο
813 2778 1097 2835 inviolata.

894 2891 1051 2961 23],
1085 2890 1335 2947 MENSIS
1374 2891 1759 2948 DECEMBER.

2212 1972 2425 2009 ςποινα.

2280 2048 2469 2117 Νόμου
2529 2063 2588 2099 σε
2639 2045 2821 2111 σκιαὶ,
2876 2045 2971 2098 καὶ⁵
3009 2042 3305 2113 προφητῶν
3350 2040 3733 2111 πρεδιεχάραξαν

2211 2140 2385 2193 σεπτὰ
2410 2138 2776 2209 κηρύγματα,
2808 2138 3059 2208 ἀρρήτως
3092 2135 3392 2205 μέλλουσαν
3432 2132 3627 2185 ἔσεσθαι
3659 2131 3732 2182 τοῦ

2210 2234 2345 2286 “eo;
2372 2233 2527 2304 ἡμῶν
2549 2232 2887 2302 λοχεύτριαν,
2913 2230 3272 2301 θεοχαρίτωτε
3315 2227 3470 2297 ἁγνὴ,
3508 2222 3549 2294 ᾧ
3574 2225 3735 2287 πάντες

2214 2326 2493 2396 μέλπομεν
2526 2340 2539 2355 ·
2592 2325 2902 2392 Εὐλογεῖτε,
2962 2324 3141 2376 πάντα
3186 2304 3253 2373 τὰ
3278 2319 3417 2391 ἔργα
3440 2318 3641 2386 Κυρίου,
3666 2314 3738 2367 τὸν

2211 2417 2433 2488 Κύριον.

2280 2511 2521 2562 Φώτισον
2579 2508 2756 2579 ψυχῆς
2824 2524 2925 2578 μου
2976 2506 3075 2568 τὰς
3133 2504 3303 2574 κόρας
3367 2498 3739 2572 ἀμαυρωθεὼας

2211 2605 2443 2677 fama“;
2496 2606 2595 2673 τῆς
2648 2602 2975 2676 φθοροποιοῦ
3030 2601 3335 2672 ἁμαρτίας,
3389 2594 3740 2664 Θεογεννῆτορ.

2212 2698 2454 2766 πάναγνε
2505 2698 2808 2750 Δέσποινα’
2871 2696 2936 2749 σὺ
2993 2695 3099 2765 γὰρ
3151 2693 3363 2745 πιστῶν
3413 2689 3616 2761 βοήθεια
3663 2683 3740 2740 καὶ

2212 2790 2491 2859 φωτισμὸς
2527 2790 2815 2858 ὑπάρχεις,
2857 2788 3119 2857 ἆχραντε.

2671 2904 2821 2959 MUN
2861 2900 3325 2957 ΔΕΚΕΜΒΡῘΟΣ.

1415 3011 1496 3064 Ex
1531 3029 1730 3065 canone
1755 3014 1808 3065 in
1837 3011 1897 3067 S.
1923 3010 2246 3082 Sophoniam
2283 3024 2588 3094 prophetam
2613 3022 2782 3094 (96⁸),
2824 3022 2909 3075 die
2932 3020 2984 3075 '5.

610 3126 925 3182 Humanum
973 3143 1144 3197 genus
1176 3143 1272 3197 per
1303 3137 1355 3183 te
1394 3128 1447 3181 in
1500 3136 1702 3182 sortem
1764 3128 1977 3199 accepit
2037 3144 2118 3183 re-
2145 3119 2188 3183 C
2223 3132 2402 3189 Vitam
2424 3134 2705 3205 peperisti,
2738 3146 2906 3203 atque
2930 3132 3149 3187 inviam
3180 3129 3339 3201 pacis
3368 3126 3535 3197 dirige
3561 3122 3743 3179 semitas

537 3221 947 3290 demptionem;
1000 3221 1198 3275 etenim
1248 3221 1666 3291 Redemptorem
1713 3221 1960 3275 omnium
2003 3222 2119 3274 sola

541 3314 844 3382 peperisti;
896 3322 1181 3382 propterea
1229 3314 1446 3366 beatam
1482 3322 1533 3367 te
1577 3312 1830 3377 dicimus,
1886 3329 1919 3367 ο
1954 3311 2120 3382 Virgo

542 3402 797 3473 Deipara,
823 3416 1169 3472 peccatorum
1190 3405 1476 3471 auxilium,
1498 3414 1551 3458 et
1568 3405 1878 3458 cadentium
1895 3405 2117 3458 erectio.

613 3496 932 3563 Conspecta:
958 3506 1085 3550 sunt
1119 3498 1171 3549 in
1209 3507 1262 3550 te
1310 3499 1519 3550 semitae
1567 3496 1863 3549 desiderati
1897 3496 1965 3549 ab
2003 3510 2122 3550 om—

542 3588 727 3642 nibus.
764 3587 855 3641 Ille
885 3590 1031 3642 enim
1071 3590 1161 3658 qui
1215 3588 1365 3642 sedet
1402 3590 1452 3640 iu
1490 3590 1705 3642 sinibus
1766 3588 2034 3650 Patet-uis,
2068 3586 2123 3639 in

548 3679 671 3734 sinu
709 3693 824 3745 tuo,
859 3695 892 3735 o
930 3691 1101 3745 casta,
1139 3681 1189 3733 in
1230 3696 1439 3735 morem
1497 3680 1743 3741 iul’autis,
1808 3680 2033 3742 residet,
2068 3688 2123 3731 et

548 3772 861 3826 voluntarie
892 3772 976 3826 lac
1007 3774 1175 3841 sugit,
1208 3773 1301 3841 qui
1341 3780 1511 3825 nutrit
1545 3773 1819 3825 universa.

619 3864 832 3919 Novum
867 3864 1025 3919 nobis
1070 3865 1219 3918 velut
1251 3865 1538 3934 puerulum
1575 3863 1870 3934 peperisti,
1910 3861 2123 3917 smeulis

544 3956 805 4009 omnibus
856 3955 1244 4024 antiquiorem,
1274 3955 1687 4011 adolescentula
1723 3955 1880 4008 unica
1916 3955 2124 4025 specio-

549 4048 768 4102 sissima
790 4088 805 4112 ,
848 4046 1073 4117 gignens
1106 4046 1451 4102 iueﬂahiliter
1486 4048 1800 4101 Creatorem
1826 4086 1842 4111 ,
1896 4063 1928 4099 ο
1961 4046 2123 4117 Virgo

554 4140 924 4204 sanctissima,
948 4140 1267 4207 angelorum
1292 4140 1820 4212 miraculutn,atque
1845 4139 2122 4193 hominum

552 4232 795 4287 ﬁdelium
830 4232 1000 4287 salus.

621 4325 921 4379 Diuturnas
965 4325 1161 4378 anima:
1190 4340 1326 4379 mea:
1372 4325 1657 4395 passiones
1701 4340 1856 4397 cura,
1884 4341 1917 4380 ο
1951 4324 2110 4379 invio-

2220 3229 2417 3281 anima:
2447 3242 2580 3282 mete
2612 3225 3025 3291 infelicissimae,
3055 3223 3335 3281 deducens
3358 3235 3443 3277 me
3460 3217 3524 3276 ad
3545 3215 3742 3270 divinant

2224 3320 2317 3377 Dei
2351 3319 2681 3374 voluntatem
2718 3316 3048 3372 faciendam.

2292 3412 2430 3467 Ecce
2460 3428 2606 3467 nunc
2632 3411 2853 3480 impleta
2877 3418 2961 3463 est
2982 3406 3262 3477 prophetia
3285 3404 3548 3477 praeconis
3577 3396 3744 3455 divini:

2222 3519 2347 3559 nam
2379 3501 2543 3571 Virgo
2586 3502 2797 3572 peperit
2830 3501 3005 3564 illum,
3036 3500 3129 3569 qui
3157 3498 3357 3554 sazcula
3388 3497 3656 3568 produxit;
3679 3492 3746 3544 cui

2224 3596 2564 3653 modulantes
2588 3596 2809 3651 assidue
2839 3595 3111 3658 canimus,
3132 3592 3384 3647 dicentes
3418 3609 3435 3645 :
3474 3586 3747 3642 Benedictus

2222 3704 2302 3751 es,
2344 3688 2481 3742 Dens
2508 3698 2719 3758 patrum
2746 3695 3088 3741 nostrorum.

2295 3778 2393 3843 Te,
2430 3778 2521 3833 Dei
2553 3780 2798 3832 omnium
2846 3778 3067 3834 Domini
3104 3776 3356 3841 Matrem,
3406 3775 3651 3829 universae
3681 3783 3751 3839 ge-

2225 3869 2539 3923 nerationes
2565 3869 2727 3940 232
2760 3867 3177 3939 generationum
3220 3882 3438 3936 semper
3467 3864 3751 3920 beatiﬁcant.

2225 3974 2258 4013 o
2281 3960 2591 4031 purissima,
2640 3972 2695 4014 et
2749 3960 2922 4015 sacris
2953 3959 3128 4012 modis
3158 3958 3466 4029 gloriﬁcant
3496 3973 3513 4009 ε
3548 3952 3748 4007 euntium

2226 4050 2427 4120 quippe
2455 4050 2694 4104 fidelium
2727 4050 2939 4119 asylum
2972 4048 3111 4102 facta
3144 4062 3225 4113 es,
3253 4048 3347 4116 qui
3379 4063 3499 4100 cum
3528 4044 3622 4097 title
3647 4054 3754 4094 con-

2228 4145 2469 4197 cinunt:
2528 4141 2888 4205 Sacerdotes,
2948 4139 3287 4206 benedieite;
3349 4138 3550 4207 populi,
3596 4144 3751 4199 super-

2226 4238 2465 4295 exaltate
2501 4238 2551 4291 in
2584 4238 2767 4292 omnia
2794 4235 3018 4290 sarcula.

2290 4329 2566 4382 Bonorum
2620 4328 2796 4381 amica
2849 4326 3031 4395 Virgo,
3064 4340 3185 4395 qua:
3214 4322 3455 4377 Verbum
3500 4319 3752 4373 bonumac

549 4416 681 4482 lata,
712 4426 762 4470 te
793 4431 986 4486 precor
1013 4434 1026 4469 :
1049 4428 1211 4486 atque
1233 4417 1474 4471 omnium
1495 4427 1840 4485 peccatorum
1876 4432 2123 4471 meorum
2160 4488 2179 4491 _
2230 4421 2518 4475 Dmninum
2543 4419 2793 4491 peperisti
2814 4459 2830 4482 ,
2860 4418 3099 4472 animam
3119 4432 3317 4481 meam,
3346 4429 3469 4485 qua:
3490 4409 3683 4468 assidue
3702 4404 3755 4459 ob

559 4506 983 4575 chir03t'aphum
1011 4507 1254 4559 discinde
1272 4506 1459 4559 lancea
1491 4504 1611 4560 Filii
1644 4507 1744 4571 tui,
1773 4523 1947 4576 neque
1974 4506 2125 4560 siuas
2159 4488 2203 4543 θ
2233 4512 2503 4579 serpentis
2544 4488 2785 4565 assultus
2832 4520 2995 4579 atque
3032 4510 3175 4563 ictus
3206 4509 3270 4564 ad
3306 4508 3449 4561 mala
3483 4500 3752 4574 prapendet.

555 4600 735 4668 perire
764 4614 849 4651 me
884 4609 1196 4667 sperantem
1236 4599 1287 4651 iu
1316 4610 1391 4663 te,
1432 4614 1465 4653 ο
1493 4599 1807 4667 purissima.

625 4688 823 4743 Carnis
854 4704 986 4743 meae
1013 4690 1285 4758 appetitus
1331 4690 1621 4753 mortiﬁca,
1651 4705 1682 4743 ο
1728 4690 1975 4759 Deipara,
2006 4705 2127 4759 quae

551 4812 638 4867 Ea;
668 4828 865 4866 canone
893 4814 949 4866 in
980 4815 1118 4883 festo
1153 4814 1211 4871 S.
1258 4815 1519 4873 Ambrosii
1552 4815 1779 4885 episcopi
1806 4813 2124 4877 Ecdicium,

1251 4888 1335 4940 die
1364 4886 1416 4943 7.

625 4999 755 5052 Siue
813 4998 1021 5053 semine
1070 4998 1268 5054 Filium
1311 4998 1429 5063 Dei,
1468 5015 1532 5055 ex
1566 5001 1784 5057 decreto
1824 4999 2025 5064 Patris,
2058 4998 2126 5053 de

553 5090 762 5159 Spiritu
799 5091 986 5147 divino
1017 5093 1344 5161 concepisti,
1375 5103 1539 5160 atque
1584 5096 1925 5147 incarnatum
1961 5106 2125 5161 pepe-

554 5184 671 5236 risti
693 5224 708 5247 ,
742 5185 836 5252 qui
862 5200 927 5237 ex
968 5183 1124 5239 Patre
1166 5188 1283 5241 siue
1316 5196 1505 5251 matre,
1545 5196 1601 5241 et
1642 5202 1708 5241 ex
1745 5197 1796 5240 te
1829 5188 1945 5240 sine
1977 5196 2128 5254 patre

554 5287 777 5345 propter
811 5291 912 5331 nes
940 5287 1104 5331 natus
1141 5288 1245 5331 est.

626 5369 812 5425 Genus
859 5370 1138 5423 hominum
1194 5373 1491 5436 reuovasti,
1544 5372 1655 5427 sola
1693 5383 1898 5426 natura:
1934 5379 2130 5425 nostrae

554 5460 910 5515 Conditorem
937 5478 999 5516 ac
1044 5462 1333 5517 Dominum
1367 5466 1558 5530 enixa;
1590 5481 1758 5535 quare
1782 5476 1831 5519 te
1858 5465 2133 5534 gloriﬁca—

558 5570 705 5619 mus,
735 5572 766 5608 o
805 5555 916 5609 Deo
950 5557 1300 5612 charissima.

628 5647 720 5700 llle
754 5647 845 5716 qui
879 5650 1133 5703 universa
1170 5652 1449 5704 voluntate
1479 5666 1576 5703 sua
1631 5650 1908 5717 formavit,
1942 5662 2133 5722 sponte

631 5797 765 5873 (96‘)
794 5798 955 5858 Deest
979 5803 1033 5859 in
1064 5802 1282 5859 Menaeis
1315 5804 1610 5874 impressis.

2232 4603 2502 4657 feStinaus
2552 4603 2751 4656 bonam
2800 4600 2908 4666 lac,
2957 4614 2992 4655 o
3041 4600 3215 4663 bona,
3272 4606 3530 4667 tanquam
3574 4590 3754 4648 unicum

2232 4695 2548 4768 praesidium
2585 4696 2877 4758 lassorum,
2908 4702 2961 4749 et
2990 4692 3141 4745 salus
3168 4689 3504 4743 laudantium
3534 4696 3599 4739 te.

2243 4823 2338 4875 Ἐκ
2378 4820 2482 4875 τοῦ
2518 4820 2785 4885 Κανόνος
2811 4819 2899 4883 εἰς
2936 4815 3041 4869 τὸν
3084 4816 3257 4868 ὅσιον
3296 4813 3636 4885 Ἀρϐρόσιον
3660 4806 3755 4859 ἑπι-

2512 4907 2750 4944 σκοπον
2783 4888 3165 4965 Mediolano?
3186 4926 3201 4951 ,
3238 4885 3428 4955 ἡμέρᾳ
3460 4884 3525 4945 ζ’.

2316 5005 2599 5075 ’Λσπόρως
2656 5002 2732 5071 τῷ
2780 5002 2873 5054 τοῦ
2931 5001 3141 5071 Harpe;
3196 4998 3495 5068 βουλήματι
3542 4995 3601 5044 ὲκ
3643 4989 3756 5042 θεῖον

2237 5100 2556 5169 Πνεῦμα-τος
2585 5098 2677 5149 τὸν
2705 5095 2799 5148 τοῦ
2827 5094 2962 5146 Θεοῦ
2996 5092 3319 5160 συνείληφας
3343 5088 3493 5152 re»,
3526 5084 3611 5137 καὶ
3631 5077 3759 5149 σαρκὶ

2234 5192 2557 5261 ἀπεκύησας
2608 5188 2700 5241 τὸν
2744 5189 2808 5240 ὲκ
2847 5185 3055 5258 Πατρδς
3102 5186 3376 5255 ὰμήτορα,
3408 5182 3501 5233 καὶ
3549 5175 3610 5229 δι’
3640 5170 3760 5243 ἡμᾶς

2230 5287 2293 5341 ὲκ
2324 5283 2416 5336 σοῦ
2450 5281 2719 5350 ἀπάτορα.

2306 5375 2463 5435 Γένος
2511 5370 2814 5441 ἀνθρώπων
2862 5368 3317 5439 ἐκαινούργησας,
3369 5365 3503 5436 μόνη
3552 5359 3764 5427 κυήσασα

2233 5469 2325 5523 τὸν
2371 5468 2470 5535 τῆς
2502 5466 2715 5535 φύσεως
2756 5464 2913 5535 ἡμῶν
2960 5462 3297 5534 Δημιουργόν
3344 5475 3405 5512 τε
3440 5459 3529 5511 καὶ
3560 5452 3766 5521 Κύριον

2230 5558 2353 5613 ὅθεν
2384 5574 2442 5609 σε
2472 5556 2786 5625 δοξάζομεν,
2818 5554 3199 5643 θεοχαρίτωτξ.

2322 5652 2381 5703 'U
2407 5650 2670 5721 θελήματι
2704 5650 2773 5702 τὰ
2803 5648 2981 5702 πάντα
3019 5646 3423 5718 δημιουργήσας
3457 5642 3767 5711 δημιουργεεσ
