4038 6646
279 455 416 523 125'!

1644 435 2011 503 MARIALE.

3371 424 3510 493 1258

271 591 362 627 ται
400 573 571 626 θέλων
609 569 671 634 ἐξ
696 566 876 638 ἁγνῶν
902 581 997 620 σου
1021 565 1291 638 αἱμάτων,
1317 563 1506 628 σώζων
1543 561 1668 625 τοὺς
1695 559 1836 614 είδόο

1951 555 2218 610 l‘ormatur
2249 567 2316 608 ex
2357 551 2528 607 castis
2568 549 2930 621 sanguinihus
2965 553 3098 618 tuis,
3145 549 3368 606 salvan:
3412 565 3511 606 eos

270 681 368 727 τας
394 680 456 716 σε
481 663 652 733 ἁγνὴν
680 661 1021 732 Θεομήτορα.

345 753 658 822 Βουλήματι
687 751 746 805 τὸ
785 752 894 804 πᾶν
941 751 970 802 ὁ
1003 749 1185 817 σοφῶς
1217 744 1608 817 ἐργαζόμενος,
1654 741 1840 815 βουλό-

277 861 437 914 μενος
462 845 772 898 ἀναπλάσαι
801 843 925 906 τοὺς
953 839 1299 912 ἀνθρώπους,
1320 837 1587 910 Παρθένε,
1618 835 1717 906 τὴν
1741 832 1841 903 σὴν

273 937 515 1008 γαστέρα
535 935 771 1007 ᾤκησεν.

349 1024 530 1082 Ἰασαι
577 1027 677 1097 τῆς
727 1025 909 1098 ψυχῆς
945 1041 1071 1095 μου,
1119 1021 1387 1094 Παρθένε,
1432 1017 1501 1075 τὰ
1551 1017 1842 1090 τραύματα

273 1104 584 1172 ἐπισκιάσει
635 1135 731 1172 σου
771 1117 889 1188 θείᾳ
913 1158 928 1184 ,
960 1117 1056 1170 καὶ
1089 1115 1182 1169 τὸν
1227 1113 1351 1168 νοῦν
1382 1129 1484 1183 μου
1527 1110 1844 1180 λάμπρυνον

275 1209 628 1265 σκοτισθέντα
654 1203 888 1281 ἀμελείᾳ
914 1207 1010 1262 καὶ
1035 1207 1205 1278 κακίᾳ
1226 1196 1421 1277 ἐχθροῦ
1448 1202 1839 1273 πολεμήτορος.

356 1394 512 1459 Ἰδοὺ,
560 1392 826 1465 Παρθένε,
869 1393 928 1446 ἐν
955 1393 1023 1464 τῇ
1065 1389 1263 1462 γαστρί
1313 1405 1406 1442 σου
1442 1388 1506 1441 σὺ
1553 1381 1842 1446 συνέλαόες

274 1488 466 1555 Λόγον,
487 1480 583 1539 τοῦ
611 1482 824 1554 Πατρὸς
841 1483 1197 1553 συνάναρχον,
1219 1480 1310 1534 καὶ
1336 1478 1500 1549 σαρκὶ
1525 1476 1843 1546 ἀπεκύησας

274 1577 617 1648 δωρούμενον
672 1577 841 1631 πᾶσιν
895 1573 1217 1644 ἀνάκλησιν,
1261 1569 1372 1634 τοῖς
1417 1571 1476 1623 ἐν
1523 1565 1697 1640 Ἀδὰμ
1747 1583 1844 1620 πεο

277 1664 371 1722 σοῦ
380 1687 454 1732 σι,
484 1667 822 1739 πανάμωμε.

351 1760 564 1832 Ὠφθης
610 1757 889 1832 ὐπερτέρα
919 1751 1195 1828 οὐρανῶν,
1241 1752 1373 1809 Θεὸν
1413 1748 1662 1824 οὐρανίου
1705 1749 1843 1804 ἀπο-

276 1854 532 1922 κυήσασα
551 1850 643 1904 τὸν
675 1851 744 1904 τὰ
770 1849 1011 1919 ἐπίγεια,
1043 1848 1306 1917 πάναγνε,
1343 1845 1612 1918 οὐρανίοις
1629 1845 1846 1896 ἐπισυν-

1943 648 2037 717 qni
2075 655 2127 700 te
2153 659 2337 700 veram
2378 642 2472 699 Dei
2507 642 2736 697 Matrem
2765 652 3088 714 agnoscunt.

2011 737 2115 804 Qui
2151 737 2377 792 consilio
2421 751 2524 791 suo
2553 736 2870 792 universum
2912 736 3157 793 condidit
3197 737 3511 807 sapienter,

1944 828 2136 884 volens
2167 826 2418 883 homines
2450 824 2770 894 reformare,
2803 836 3018 884 uterum
3054 836 3230 894 tuum,
3256 841 3291 883 ο
3320 825 3512 898 Virgo,

1939 918 2283 974 inhabitavit.

2016 1007 2251 1076 ledere,
2304 1002 2495 1081 Virgo,
2550 1002 2867 1066 vulneribus
2916 1011 3113 1068 anima:
3159 1027 3293 1067 mete
3328 1009 3510 1065 divina

1941 1100 2253 1156 visitatione
2291 1110 2414 1166 tua,
2465 1110 2811 1172 mentemque
2857 1119 3032 1158 meam
3073 1103 3396 1175 negligentia
3449 1119 3514 1156 ac

1942 1192 2146 1246 malitia
2173 1185 2456 1249 bellaturis
2499 1193 2673 1250 hostis
2701 1194 3136 1262 obtenebratam,
3177 1195 3298 1250 luce
3317 1211 3508 1251 serena

1941 1279 2222 1354 perfunde.

2009 1373 2173 1440 Ecce,
2207 1389 2241 1432 ο
2288 1367 2452 1447 Virgo
2503 1376 3031 1442 immaculatissima,
3091 1379 3146 1434 in
3206 1386 3362 1434 utero
3417 1388 3513 1433 tuo

1942 1462 2244 1537 concepisti
2269 1465 2507 1524 Verbum
2531 1462 2677 1523 Patri
2705 1480 3062 1536 eomternum,
3084 1479 3138 1526 et
3169 1472 3512 1526 int-ornatum

1943 1557 2226 1626 peperisti,
2257 1573 2288 1613 a
2316 1574 2425 1630 quo
2455 1559 2727 1617 universis
2771 1575 2837 1615 ex
2875 1561 3047 1616 Adam
3089 1562 3234 1616 natis
3259 1561 3372 1632 jam
3402 1562 3516 1617 θυι.

1944 1646 2115 1719 lapsis
2141 1650 2378 1705 donatur
2405 1653 2701 1722 reparatio.

2014 1737 2313 1798 Sublimior
2344 1743 2498 1798 caelis
2521 1743 2634 1799 visa
2661 1758 2747 1808 es,
2778 1735 2949 1798 Deum
2977 1743 3240 1800 caelorum
3268 1745 3449 1812 enixa,
3481 1759 3515 1798 ο

1945 1829 2278 1903 castissima,
2333 1837 2426 1908 qui
2457 1833 2772 1895 caelestibus
2815 1849 3026 1895 terrena
3059 1840 3364 1911 conjunxit,
3399 1840 3514 1894 sui-

275 1921 512 2014 ἁψάντα,
573 1944 668 1998 καὶ
707 1943 808 2014 τὴν
841 1939 1136 2011 ἐπίγνωσιν
1168 1935 1334 1995 αὐτοῦ
1371 1941 1504 1992 πᾶσι
1541 1934 1844 2007 παρέχοντα

1951 1942 2055 1997 que
2079 1925 2444 1999 cognitionem
2492 1929 2652 2004 233
2690 1931 2921 2002 praebuit
2947 1933 3203 1989 omnibus
3231 1933 3517 1988 clamanti-

277 2039 390 2100 τοῖς
415 2035 601 2107 βοῶσιο
635 2035 819 2090 Πάντα
851 2035 920 2090 τὰ
955 2027 1113 2105 ἔργα,
1139 2032 1360 2104 ὑμνεῖτε
1394 2029 1484 2085 τὸν
1512 2027 1736 2100 Κύριον.

347 2129 538 2198 Φωνὴν
594 2144 678 2180 σοι
732 2124 966 2197 βοῶμεν,
1038 2123 1304 2195 Παρθένε,
1373 2119 1688 2192 περιχαρῶς
1750 2114 1843 2171 τοῦ

277 2219 622 2292 ἀρχαγγέλου
645 2235 661 2251 θ
714 2220 906 2289 Χαῖρε,
931 2217 1031 2287 τῆς
1059 2216 1306 2286 κατάρας
1358 2215 1392 2285 ἡ
1429 2211 1583 2276 λύσις
1604 2228 1618 2244 ο
1655 2208 1845 2264 δεινῶν

278 2311 573 2377 παντοίων,
595 2312 823 2382 χαῖρε.ή
845 2309 1136 2381 λύτρωσις,
1151 2309 1186 2380 ἡ
1206 2308 1329 2371 τοὺς
1352 2305 1574 2378 βροτοὺς
1597 2303 1846 2358 θεώσασα

275 2409 344 2476 τῇ
372 2403 516 2476 ὑπὲρ
553 2403 678 2458 νοῦν
707 2403 972 2475 κυοφορία
1002 2419 1119 2457 σου.

289 2528 395 2583 Ἐκ
427 2526 535 2582 τοῦ
576 2527 827 2593 κανόνος
854 2527 942 2594 είς
963 2525 1105 2593 τοὺς
1131 2526 1196 2593 ἀγ
1209 2525 1340 2590 ἰους
1375 2521 1682 2594 μάρτυρας
1713 2520 1844 2586 Μη-

371 2597 510 2663 νᾶν,
557 2591 940 2667 Ἐρμογέἆ-ην,
971 2591 1443 2665 καὶ-Εὖγραερον,
1476 2591 1666 2661 ᾑμέρᾳ
1707 2595 1759 2644 ι’.

361 2742 679 2812 Ῥυσθῆναι,
702 2741 854 2812 Κόρη
896 2740 1230 2812 πανάμωμε,
1267 2737 1455 2794 παθῶν
1493 2735 1844 2808 ἐπικρατείας

275 2836 405 2900 τοὺς
422 2835 643 2900 δούλους
667 2852 784 2900 σου,
801 2834 892 2888 τὸν
911 2834 1003 2888 σὸν
1024 2831 1258 2896 ἐκτενῶς
1286 2831 1495 2885 ἱκέτευε
1518 2829 1724 2900 Κύριον
1751 2828 1846 2882 καὶ

275 2929 576 3000 Δεσπότην,
594 2927 655 2981 ὸν
679 2929 743 2980 ὲκ
772 2926 882 2980 τῶν
907 2925 1037 2992 σῶν,
1067 2925 1328 2994 πάναγνε,
1356 2924 1604 2994 αἱμάτων
1631 2922 1845 2993 ἐσωμά-

275 3036 459 3085 τωσας
491 3021 625 3092 ἡμῖν
662 3019 1164 3092 προσομιλήσαντα.

347 3205 536 3277 Μόνην
564 3203 781 3274 γυναιξί
813 3220 875 3259 σε
907 3201 1008 3275 τὴν
1037 3191 1249 3275 ὡραίαν
1281 3199 1360 3272 τῷ
1395 3199 1580 3256 κάλλει
1605 3201 1841 3273 εὑράμε-

1949 2019 2052 2076 bus
2086 2017 2316 2076 :Otnnia
2347 2037 2534 2092 opera,
2562 2023 2784 2079 laudate
2809 2023 3123 2080 Dominum.

2019 2111 2155 2168 Cum
2185 2128 2321 2169 voce
2358 2115 2670 2186 archangeli
2702 2115 2769 2170 ad
2817 2122 2869 2170 te
2907 2114 3153 2170 laetanter
3186 2114 3512 2183 clamamus,

1949 2220 1983 2261 o
2015 2203 2181 2277 Virgo
2203 2224 2218 2262 :
2241 2206 2376 2276 Ave,
2419 2206 2816 2264 maledictionis
2846 2208 3048 2264 solutio
3074 2222 3232 2271 :ave,
3265 2208 3512 2263 omnium

1951 2300 2216 2354 malorum
2251 2299 2574 2370 redemptio,
2609 2316 2728 2372 qua;
2757 2309 2916 2371 partu
2967 2308 3064 2356 tuo
3107 2301 3516 2372 inexcogitabili

1951 2390 2200 2448 homines
2239 2391 2529 2448 deitieasti.

1951 2517 2036 2572 Ea:
2063 2535 2262 2574 canone
2294 2520 2351 2580 in
2384 2518 2528 2592 festo
2545 2517 2652 2575 SS.
2697 2529 2889 2587 Menas,
2928 2520 3275 2592 Hermogenis
3321 2531 3371 2576 et
3404 2519 3519 2576 Eu-

2346 2590 2530 2660 graplu'
2565 2600 2878 2661 martyrum,
2901 2589 2985 2645 die
3014 2591 3100 2646 10.

2021 2733 2093 2792 Ut
2117 2736 2258 2790 servi
2291 2736 2367 2791 tui
2413 2750 2445 2791 ο
2489 2735 2808 2806 passionum
2856 2737 3145 2808 tyrannide
3195 2737 3514 2808 liberentur,

1949 2844 2137 2894 exora,
2158 2844 2192 2885 o
2219 2829 2704 2885 intetneratissima
2724 2827 2931 2893 Puella,
2954 2830 3200 2902 impense
3227 2831 3516 2887 Dominum

1949 2934 2015 2975 ac
2069 2919 2360 2991 Despotam
2396 2927 2585 2982 tuutn,
2620 2935 2780 2990 quem
2826 2935 2895 2975 οι
2939 2921 3108 2976 castis
3156 2923 3516 2993 sanguinibus

1951 3011 2059 3065 tuis
2111 3010 2456 3079 corporasti,
2507 3025 2542 3066 ο
2575 3012 2920 3078 castissima,
2971 3013 3179 3069 ouioue
3229 3014 3516 3071 nobiscunt

1949 3109 2304 3156 conversatus
2327 3111 2434 3157 BSt.

2021 3193 2202 3248 Solam
2235 3203 2288 3248 te
2318 3193 2464 3250 inter
2501 3194 2757 3251 mulieres
2785 3197 3191 3266 pulchritudine
3215 3200 3518 3269 speciosam

277 3311 398 3362 νος,
425 3294 812 3366 σωματοφόρος
839 3295 904 3348 ἐκ
917 3293 1152 3364 γαστρός
1175 3307 1270 3346 σου
1299 3289 1652 3362 προελήλυθε,
1671 3290 1845 3363 Κόρη,

1953 3285 2234 3341 inveniens
2261 3286 2542 3352 Christus,
2573 3302 2606 3342 o
2630 3287 2838 3354 Puella,
2897 3288 3208 3346 incarnatus
3254 3292 3522 3361 processit

278 3385 537 3457 Χριστὸς,
569 3384 743 3448 θείαις
792 3385 1092 3456 ὡραιότησι
1163 3381 1646 3454 καταφαιδρύνασα
1695 3382 1849 3453 γένος

276 3476 440 3549 ἡμῶν
461 3491 477 3506 ·
506 3475 630 3530 ὅθεν
657 3491 718 3528 σε
746 3474 1098 3546 γεραίρομεν.

363 3567 586 3631 Ῥάὸδος
625 3570 692 3622 ὲκ
717 3567 812 3638 τῆς
849 3565 1004 3638 ῥίζης
1053 3564 1249 3620 Ἰεσσαὶ
1286 3563 1382 3621 καὶ
1403 3564 1584 3630 ἄνθος,
1617 3564 1846 3620 ἀνεϐλά-

190 3653 199 3662 ’
280 3676 487 3731 στησας
514 3659 604 3714 τὸν
625 3657 932 3730 φυτουργὸν
952 3658 1243 3729 πάσηςτῆς
1259 3659 1510 3724 κτίσεως,
1533 3658 1851 3728 μαράναντα

277 3753 351 3806 τά
381 3750 528 3821 φυτά
553 3750 656 3820 τῆς
683 3750 935 3822 ἀκάρπου
969 3750 1244 3819 γνώσεως,
1265 3749 1447 3802 πίστιν
1480 3766 1540 3802 σε
1561 3750 1692 3819 ἡμῖν
1717 3750 1852 3820 άλη-

277 3843 550 3915 θεστάτην
599 3842 945 3914 φυτεύσαντα
991 3840 1253 3907 εὐσεϐῶς,
1311 3841 1550 3912 ἄχραντε
1607 3841 1848 3912 Παρθένε

278 3935 626 4006 πανύμνητε.

363 4029 562 4097 ’Δγίων
617 4027 865 4097 ἀγγέλων
889 4069 905 4093 ,
971 4026 1216 4098 Παρθένε
1271 4026 1446 4098 ἁγνὴ,
1511 4025 1852 4095 ὑπερέχουσα

278 4119 494 4190 ὤφθης,
523 4121 779 4191 κυήσασα
809 4118 1006 4190 βουλῆς
1033 4117 1276 4190 μεγάλης
1305 4117 1535 4186 ἄγγελον
1555 4115 1688 4168 Θεὸν
1723 4115 1852 4185 Ἐμ-

283 4211 555 4282 μανουὴλ,
596 4211 824 4283 βροτοὺς
860 4211 1222 4282 ὲπουρανίους
1252 4208 1417 4264 αὐτοῦ
1457 4210 1525 4280 τῇ
1555 4207 1852 4262 καταϐάσει

278 4302 683 4374 ἐργασάμενον,
707 4302 881 4375 Κόρη,
903 4301 973 4356 δι’
1007 4300 1406 4372 εύσπλαγχνίαν
1434 4300 1745 4370 ἀδιήγητον.

360 4488 536 4559 Ἐστη
574 4489 739 4560 μέχρι
775 4487 895 4554 σοῦ,
926 4487 1193 4559 Παρθένε,
1223 4488 1251 4539 ὁ
1279 4485 1509 4550 θάνατος
1533 4501 1548 4519 ο
1574 4484 1719 4557 ζωὴν
1746 4485 1854 4556 γάρ

1948 3392 2012 3432 ex
2045 3386 2198 3432 utero
2231 3386 2347 3445 tuo,
2393 3378 2578 3433 divina
2616 3377 3025 3450 pulchritudine
3054 3381 3318 3437 decoratis
3344 3397 3518 3453 genus

1953 3478 2234 3537 nostrum;
2265 3471 2627 3542 quamobrem
2668 3482 2720 3527 te
2751 3488 3097 3528 veneramur.

2027 3561 2182 3633 Virga
2215 3578 2284 3619 ex
2308 3563 2492 3619 radice
2517 3564 2689 3630 Iesse,
2724 3564 2915 3622 ﬂorem
2947 3566 3224 3638 protulisti
3256 3567 3524 3625 universa:

1950 3663 2216 3710 creatura
2240 3665 2478 3712 salorcm
2503 3697 2517 3720 ,
2550 3655 2645 3726 qui
2674 3655 3008 3728 infrugiterze
3043 3657 3286 3713 scientia:
3309 3659 3523 3729 plantas

1950 3746 2197 3814 arel'ecit,
2237 3747 2397 3803 tidem
2423 3759 2605 3803 autem
2638 3750 2981 3806 verissimam
3023 3752 3181 3807 nobis
3201 3767 3329 3808 cum
3357 3755 3524 3810 devo-

1952 3839 2102 3894 tione
2132 3840 2416 3909 plantavit,
2453 3855 2485 3894 0
2514 3839 2681 3913 Virgo
2731 3841 3011 3910 inviolata,
3044 3845 3193 3899 omni
3245 3845 3404 3902 laude
3438 3849 3525 3902 di-

1953 3931 2236 4001 gnissima.
2278 3969 2283 3974 ι

2024 4022 2241 4078 Sanctis
2291 4023 2500 4095 angelis
2546 4023 2880 4080 eminentior
2931 4029 3255 4098 apparuisti,
3299 4043 3332 4085 ο
3361 4029 3526 4102 Virgo

1952 4125 2126 4183 casta,
2155 4117 2338 4189 magni
2376 4116 2592 4173 consilii
2634 4119 2927 4190 Angelum,
2972 4119 3142 4176 Deum
3203 4121 3522 4182 Emmanuel

1957 4210 2144 4276 enixa,
2170 4212 2265 4280 qui
2304 4210 2664 4267 descensione
2691 4220 2856 4283 atque
2889 4213 3269 4272 humiliatione
3295 4233 3397 4272 sua
3430 4218 3527 4273 lto-

1957 4303 2132 4359 mines
2165 4301 2294 4359 fecit
2340 4304 2616 4369 ctelcstes,
2656 4320 2690 4358 ο
2729 4304 2939 4373 Puella,
2988 4315 3206 4380 propter
3241 4310 3528 4367 inenarra-

1955 4395 2118 4450 bilem
2151 4395 2579 4452 misericordiam
2609 4412 2788 4453 suam.

2031 4488 2217 4560 Usque
2261 4489 2327 4544 ad
2377 4498 2430 4545 te
2467 4505 2618 4544 mors
2668 4493 2999 4561 perduravit,
3049 4509 3084 4550 ο
3129 4492 3325 4567 Virgo;
3359 4473 3523 4550 vitam

289 4580 532 4654 Χριστὸν
563 4581 935 4652 ὲκυοφόρησας
981 4581 1072 4636 τὸν
1107 4580 1444 4652 δωρούμενον
1474 4579 1728 4652 καθαρῶς
1773 4579 1849 4643 είς

1956 4579 2100 4633 enint
2131 4579 2410 4636 Christum
2459 4578 2718 4649 genuisti,
2749 4583 2845 4651 qui
2903 4599 3038 4653 pure
3067 4585 3120 4639 in
3159 4600 3217 4640 se
3251 4584 3524 4641 credenti-

283 4766 712 4840 é.rto).t5'rpwatv'
747 4766 957 4834 τοῦτον,
1013 4766 1276 4836 παναγία,
1313 4767 1538 4840 αἰτησαι
1570 4765 1854 4838 λυτρωθῆ-

283 4877 376 4915 ναι
425 4858 786 4929 πταισμάτων
817 4859 940 4923 τοὺς
971 4857 1192 4921 δούλους
1231 4875 1344 4912 σου.

353 4951 432 5004 Οὐ
464 4949 668 5020 φλὲξας
704 4966 800 5003 σου
834 4951 933 5021 τὴν
977 4951 1215 5022 μήτραν,
1242 4952 1302 5004 οὐ
1341 4950 1605 5015 σαλεύοας
1653 4949 1855 5022 παρθε-

280 5044 404 5105 νίας
436 5043 727 5115 σήμαντρα
773 5043 802 5094 ὁ
853 5044 1156 5114 σαρκωθεὶς
1193 5044 1364 5111 Λόγος
1398 5047 1462 5098 ὲκ
1497 5045 1591 5098 σοῦ
1625 5045 1856 5117 προελή-

283 5133 439 5199 λυθε,
495 5133 756 5204 παρέχων
800 5133 931 5202 ἡμῖν
979 5133 1294 5204 ἀφθαρσίαν
1332 5135 1426 5188 καὶ
1473 5135 1639 5206 ζωὴν,
1682 5137 1854 5208 Κόρη,

282 5227 397 5288 τοῖς
421 5223 718 5295 μέλπουσιν
737 5241 751 5255 ο
787 5225 848 5278 '0
869 5224 976 5278 τῶν
1005 5225 1258 5294 πατέρων
1288 5226 1440 5291 Θεὸς,
1464 5226 1754 5296 εὐλογητὸς
1784 5224 1853 5281 εἷ.

355 5408 600 5479 Στάμνον
646 5425 704 5461 σε
739 5408 801 5461 τὸ
865 5409 1041 5480 μάννα
1086 5409 1428 5482 κεκτημένην
1475 5412 1574 5483 τῆς
1609 5413 1858 5484 θεότητος

286 5503 556 5573 ἔγνωμεν,
587 5501 761 5571 Κόρη,
790 5501 1044 5566 κιϐωτὸν,
1063 5503 1159 5556 καὶ
1179 5503 1480 5573 τράπεζαν,
1503 5507 1597 5560 καὶ
1612 5505 1857 5578 λυχνίαν,

285 5598 384 5649 καὶ
421 5593 612 5666 θρόνον
652 5593 810 5660 Θεοῦ,
853 5595 947 5648 καὶ⁵
987 5595 1271 5663 παλάτιον,
1320 5599 1414 5650 καὶ
1456 5598 1698 5668 γέφυραν
1735 5617 1861 5670 μετ-

285 5691 530 5758 ἁγουσαν
561 5686 697 5757 πρὸς
715 5687 864 5742 θείαν
898 5687 1042 5759 ζωὴν
1070 5690 1197 5753 τοὺς
1229 5691 1644 5762 άναμέλποντας
1662 5708 1677 5724 ο
1697 5693 1860 5747 Eulo-

159 4674 166 4678 ’
282 4673 451 4729 αὑτὸν
503 4675 632 4738 τοὺς
687 4672 1038 4738 πιστεύοντας
1081 4672 1180 4745 τὴν
1223 4673 1492 4728 ἀθάνατον
1546 4672 1639 4726 καὶ
1703 4671 1849 4725 θείαν

1958 4671 2062 4727 bus
2109 4671 2472 4727 immortalem
2511 4687 2576 4727 ac
2605 4672 2847 4728 divinam
2892 4677 3313 4748 redemptionem
3348 4676 3524 4732 dona-

1957 4766 2055 4822 vit.
2089 4765 2267 4830 llunc,
2301 4779 2334 4820 ο
2365 4766 2736 4832 sanctissima,
2775 4767 3088 4838 deprecare,
3122 4779 3182 4824 ut
3213 4768 3358 4826 servi
3387 4771 3464 4824 tui
3492 4789 3524 4824 ιι

1956 4855 2196 4926 lapsibus
2221 4857 2538 4912 liberentur.

2035 4947 2270 5004 Verbum
2327 4964 2393 5004 ex
2453 4959 2505 5004 te
2559 4951 2924 5017 incarnatum,
2970 4967 3003 5006 ο
3047 4951 3258 5020 Puella,
3314 4966 3525 5008 uterum

1960 5051 2114 5097 tuum
2143 5059 2252 5098 non
2281 5043 2632 5107 comburens,
2672 5043 3003 5115 virginitatis
3044 5046 3197 5114 signa
3239 5061 3348 5100 non
3377 5061 3532 5100 com-

1960 5153 2206 5204 movens,
2287 5139 2595 5206 processit,
2653 5140 2902 5208 praebens
2959 5139 3423 5209 incorruptionem
3473 5151 3530 5195 et

1960 5235 2125 5287 vitam
2157 5232 2315 5286 nobis
2361 5232 2778 5287 concinentibus
2821 5250 2834 5285 :
2880 5231 3043 5305 235
3085 5231 3409 5289 Benedictus
3445 5247 3528 5298 es,

1963 5325 2106 5381 Deus
2137 5337 2350 5396 patrum
2383 5335 2714 5380 nostrorum.

2031 5418 2108 5475 Te
2143 5433 2356 5481 urnam,
2391 5417 2692 5472 divinitatis
2723 5431 2923 5472 manna
2956 5419 3327 5474 continentem
3360 5430 3529 5488 agno-

1960 5512 2165 5574 vimus,
2193 5525 2226 5563 o
2247 5508 2434 5562 Puella
2463 5525 2477 5562 :
2503 5519 2555 5563 te
2584 5523 2766 5563 aream
2792 5517 2846 5564 et
2879 5524 3147 5575 mensam,
3175 5519 3224 5563 te
3250 5510 3528 5562 lucernam

1962 5615 2026 5654 ac
2064 5602 2321 5654 thronum
2355 5597 2448 5652 Dei
2472 5639 2488 5659 ,
2514 5609 2564 5653 te
2593 5597 2852 5669 palatium
2877 5607 2929 5653 et
2953 5607 3168 5667 pontem
3196 5597 3264 5652 ad
3291 5598 3530 5651 divinam

1963 5693 2130 5747 vitam
2165 5689 2609 5746 transd’uccntcm
2632 5704 2727 5745 eos
2752 5689 2846 5760 qui
2876 5689 3175 5745 eoncinunt
3200 5706 3214 5744 :
3241 5686 3535 5744 Benedicat

285 5779 454 5846 γείτω
484 5779 518 5849 ἡ
559 5778 738 5843 κτίσις
773 5781 926 5835 πᾶσα
981 5782 1072 5836 τὸν
1118 5782 1342 5854 Κύριον,
1378 5785 1470 5838 καὶ
1503 5785 1849 5859 ύπερυψούτιι

1962 5783 2141 5840 omnis
2193 5791 2442 5838 creatura
2476 5781 2732 5851 Domino,
2787 5791 2842 5838 et
2890 5783 3257 5852 superexaltet
3301 5797 3427 5838 eum
3479 5781 3531 5835 in

285 5874 368 5938 εἰς
398 5873 610 5935 πάντας
644 5873 769 5936 τοὺς
797 5874 1017 5940 αἰῶνας.

613 5971 880 6032 Ρηνιιοι..
918 5973 1034 6035 Gn.
1070 5975 1192 6036 CV.

1967 5877 2148 5932 omnia
2176 5875 2397 5932 saecula.

3025 5967 3105 6030 1ιο
