4038 6604
614 397 752 464 1259

1752 402 1811 463 S.
1851 402 2162 464 JOSEPHI
2204 400 2757 469 HYMNOGRAPIII

3666 423 3776 491 1200

679 512 1036 586 Splendorem
1069 506 1375 581 fulgureum
1406 519 1593 582 partus
1637 512 1715 568 tui
1761 524 1955 569 natura
1998 525 2174 571 nostr

2212 518 2263 576 Α
2366 524 2572 590 Φέγγος
2588 523 2875 593 ἀστραπῆς
2897 521 2993 576 τοῦ
3012 522 3170 577 τόκου
3202 539 3289 577 σου
3316 526 3347 596 η
3377 518 3626 585 άπωθείσα
3650 537 3780 603 φύσις

609 608 819 677 abiecta
847 605 1002 669 vidit,
1024 621 1058 657 ιι
1090 604 1471 674 purissima,ct
1492 620 1520 658 a
1539 613 1696 659 nocte
1726 607 2051 676 ignorantia:
2073 616 2126 661 et
2147 616 2178 661 a

612 700 903 754 tenebrosa
938 694 1255 766 passionum
1287 695 1611 753 confusione
1643 698 1867 753 liberata
1897 710 1978 754 est
2006 718 2019 755 :
2055 712 2179 771 pro-

611 799 790 859 pterea
813 798 864 842 te
879 800 1135 858 tanquam
1150 788 1344 842 salutis
1361 796 1562 843 nostra:
1580 803 1801 844 causam
1828 806 2179 847 veneramur.

611 900 695 953 Ex
719 916 916 955 canone
946 900 1001 952 in
1029 899 1165 968 festo
1194 897 1252 953 S.
1288 898 1527 955 Danielis
1558 899 1765 971 Stylitw
1790 905 1952 975 conf.,
1975 903 2059 958 die
2090 902 2177 960 11.

676 1081 847 1137 Totus
878 1082 1043 1135 homo
1076 1094 1139 1136 ac
1168 1081 1444 1150 perfectus
1463 1083 1734 1152 apparuit,
1766 1096 2095 1153 permanens
2127 1083 2178 1142 id

608 1175 754 1245 quod
797 1183 915 1229 erat
946 1174 1108 1228 etiam
1142 1180 1263 1243 post
1321 1173 1785 1240 incarnationem,
1823 1174 2182 1233 immutabilis

610 1266 898 1331 Dominus,
928 1266 1020 1335 qui
1046 1281 1112 1319 ex
1139 1274 1187 1320 te
1214 1273 1375 1321 natus
1410 1272 1515 1333 est,
1550 1280 1581 1319 ο
1616 1265 1868 1338 Deipara.

678 1346 874 1411 Libera
926 1373 1035 1422 me,
1070 1356 1321 1425 Domina,
1356 1372 1386 1412 a
1429 1358 1746 1427 passionum
1800 1360 2083 1427 violentia,
2126 1372 2181 1418 et

607 1467 856 1523 expugna
906 1466 1054 1507 nunc
1092 1454 1276 1506 hostes
1307 1452 1692 1523 impugnantes
1743 1469 1828 1508 me
1865 1472 1879 1509 :
1929 1454 2177 1511 stabilem

609 1562 695 1600 me
717 1546 870 1600 ﬁrma
902 1542 953 1599 in
977 1555 1127 1615 petra
1151 1545 1350 1600 divinae
1378 1546 1709 1614 voluntatis;
1732 1549 1972 1603 animam
2001 1560 2178 1606 meam

608 1639 880 1704 illumina,
908 1653 940 1693 ο
970 1638 1286 1708 portalucis
1319 1638 1537 1694 divinae.

675 1731 894 1786 Natura:
935 1732 1079 1802 leges
1107 1728 1161 1785 in
1188 1740 1237 1787 te
1277 1731 1549 1788 innovatae
1575 1743 1737 1800 sunt;
1765 1731 2004 1791 Verbum
2032 1735 2177 1791 enim

2285 616 2461 686 ἡμῶν,
2518 614 2851 683 πανάμωμε,
2910 608 3038 675 εἶδε,
3095 615 3187 668 καὶ
3218 618 3402 683 νυκτὸς
3452 620 3505 687 ἐξ
3553 624 3781 693 ἀγνωσίας

2282 706 2637 777 λελύτρωται,
2670 707 2765 759 καὶ
2797 703 2982 760 παθῶν
3024 706 3122 778 τῆς
3165 710 3454 776 σκοτώδους
3484 718 3776 785 συγχύσεως·

2281 799 2362 853 διό
2397 815 2455 851 σε
2487 798 2562 860 ὡς
2591 796 2771 851 αἰτίαν
2801 796 2899 869 τῆς
2934 799 3208 870 σωτηρίας
3246 801 3396 872 ἡμῶν
3427 803 3653 876 σέϐομεν.

2295 910 2394 962 Ἐκ
2427 908 2535 963 τοῦ
2580 912 2839 976 κανόνος
2863 911 2950 981 εις
2974 910 3082 962 τὸν
3122 909 3292 981 ὅσιον
3322 912 3532 981 Δανιὴλ
3555 915 3647 970 τὸν
3664 917 3783 973 Στυ-

2809 979 3007 1048 λιτην,
3047 980 3241 1049 ἡμέρᾳ
3266 987 3353 1036 ια’.

2354 1090 2515 1153 Ὄλος
2547 1089 2831 1163 ἄνθρωπος
2863 1089 3045 1161 ὤφθη,
3093 1093 3281 1160 μείνας
3305 1092 3435 1164 ὅπερ
3460 1088 3538 1165 ἦν,
3565 1098 3647 1152 καὶ
3676 1100 3784 1170 μετὰ

2284 1184 2581 1254 σάρκωσιν,
2633 1183 2662 1237 ὁ
2709 1186 2774 1237 ἐκ
2822 1182 2915 1237 σοῦ
2978 1182 3109 1249 Θεὸς
3161 1183 3435 1257 γεννηθεὶς
3479 1186 3784 1255 ἀναλλοίωτος

2282 1276 2503 1347 Κύριος.

2368 1365 2561 1421 Ῥὖσαι
2600 1368 2701 1438 τῆς
2729 1366 2838 1421 τῶν
2872 1367 3061 1422 παθῶν
3096 1380 3161 1440 με
3193 1362 3502 1442 ἐπαγωγῆς,
3530 1372 3783 1440 Δέσποινα,

2282 1460 2375 1515 καὶ
2408 1460 2533 1525 τοὺς
2562 1458 2938 1531 πολεμοῦντας
2967 1459 3195 1531 ἐχθρούς
3221 1479 3289 1532 με
3320 1461 3411 1515 νῦν
3446 1464 3781 1537 ἐκπολέμησον·

2283 1551 2540 1623 στήριξον
2594 1548 2772 1623 πέτρᾳ
2804 1570 2872 1623 με
2918 1556 2984 1624 τῇ
3032 1551 3125 1605 τοῦ
3163 1552 3299 1606 Θεοῦ
3354 1553 3664 1625 θελημάτων·
3711 1558 3787 1627 τὴν

2279 1645 2460 1715 ψυχήν
2493 1662 2595 1716 μου
2621 1644 2877 1714 φώτισον,
2912 1646 3055 1717 πύλη
3081 1645 3175 1699 τοῦ
3204 1645 3348 1699 θείου
3376 1646 3559 1715 φωτός.

2351 1734 2526 1803 Νόμοι
2553 1734 2610 1787 ὲν
2641 1733 2723 1786 σοὶ
2752 1733 2969 1803 φύσεως
3000 1735 3509 1806 κεκαινοτόμηνται·
3542 1735 3784 1809 νομοδὸτην

608 1823 999 1894 Iegislatorem,
1044 1839 1077 1879 ο
1114 1823 1446 1890 castissima,
1485 1842 1611 1882 vere
1656 1842 1821 1895 supra
1860 1841 2084 1883 causam
2115 1844 2174 1884 ac

2210 1868 2252 1927 Β
2282 1825 2455 1895 Λόγον
2487 1825 2595 1897 γάρ
2621 1825 2922 1898 ἐγέννησας
2950 1827 3090 1898 ὑπὲρ
3112 1828 3292 1881 αἰτίαν
3326 1826 3400 1891 ὡς
3437 1826 3650 1899 ἀληθῶς,
3681 1830 3785 1882 πάν-

608 1918 906 1981 ratlonem,
965 1916 1224 1988 genuisti,
1258 1918 1401 1988 quod
1427 1920 1496 1973 ab
1538 1919 1951 1978 irrationalitate
1980 1923 2174 1978 libera-

2211 1916 2251 1927 ’
2282 1935 2438 1986 αγνε,
2476 1918 2571 1971 καὶ
2623 1918 2804 1987 λόγον,
2849 1919 2946 1992 τῆς
2983 1918 3206 1989 ἀλογίας
3253 1920 3546 1991 ῥυσάμενον
3590 1918 3785 1990 τὸγένος

609 2008 682 2061 vit
706 2022 878 2085 genus
907 2007 1214 2073 hominum,
1247 2009 1338 2078 qui
1374 2009 1606 2065 ﬁdeliter
1626 2012 1923 2069 concinunt
1952 2031 1965 2068 :
1996 2010 2174 2069 Gloria

2279 2010 2387 2064 τῶν
2418 2010 2745 2080 ἀνθρώπων,
2770 2011 2878 2066 τῶν
2907 2012 3115 2076 πιστῶς
3145 2010 3546 2083 μελῳδούντων·
3568 2012 3639 2084 Τῇ
3666 2015 3785 2067 δυνά-

606 2101 860 2170 potentia:
895 2109 1021 2167 tuae,
1063 2115 1095 2156 ο
1132 2111 1347 2158 amator
1378 2103 1682 2160 hominum.

680 2193 970 2249 Dominum
998 2195 1184 2263 enixa,
1221 2198 1477 2267 supernis
1506 2198 1868 2267 potestatibus
1892 2200 2179 2257 sublimior

607 2286 746 2342 facta
797 2302 879 2351 es,
936 2287 1340 2359 hominumque
1374 2300 1622 2344 naturam
1661 2290 1946 2359 deiﬁcasti,
1978 2308 2011 2349 ο
2062 2294 2178 2349 sola

604 2379 753 2433 omni
786 2379 945 2435 laude
994 2380 1339 2449 dignissima.
1381 2380 1537 2438 Unde
1591 2389 1643 2437 te
1673 2383 2015 2439 verissimam
2052 2383 2179 2440 Dei-

604 2488 820 2543 param,
860 2488 894 2527 ο
934 2470 1122 2544 Virgo,
1164 2489 1266 2529 nos
1315 2474 1499 2530 ﬁdeles
1533 2476 1698 2530 corde
1742 2484 1797 2531 et
1838 2491 1937 2533 ore
1973 2477 2177 2548 gloriﬁ-

603 2580 816 2621 camus.

677 2656 754 2713 Te
779 2657 1143 2728 patrocinium
1174 2673 1239 2715 ac
1273 2660 1741 2731 propugnaculum
1770 2676 1961 2718 omnes
1992 2662 2177 2718 ﬁdeles

604 2750 894 2816 habemus,
949 2752 1043 2822 qui
1083 2752 1136 2806 in
1197 2751 1470 2823 profundo
1505 2753 1800 2820 malorum,
1838 2763 1894 2810 et
1950 2754 2005 2808 in
2060 2754 2178 2811 salo

605 2844 1022 2899 tribulationum
1075 2858 1293 2913 semper
1356 2844 1755 2915 periclitamur,
1815 2859 1849 2900 ο
1912 2845 2175 2916 Deipara,

604 2937 721 2994 sola
754 2936 1033 2993 hominum
1062 2938 1398 3008 praesidium.

675 3028 917 3098 Propitia
953 3039 1072 3083 esto
1114 3028 1270 3091 mihi,
1307 3026 1510 3098 Virgo;
1543 3038 1596 3084 et
1643 3043 1731 3084 me
1756 3029 1963 3099 peccati
1993 3030 2177 3086 rhom-

604 3121 756 3191 pbaea
790 3121 1134 3176 vulneratum
1168 3120 1331 3191 235
1368 3120 1610 3176 fomento
1635 3122 2048 3179 intercessionis
2071 3133 2177 3179 tua:

2283 2120 2373 2173 μει
2407 2119 2501 2156 σου
2530 2102 2679 2170 δόξα,
2714 2104 3063 2177 φιλάνθρωπε

2352 2196 2456 2247 Τὸν
2482 2197 2768 2267 Δεσπότην
2800 2197 3038 2252 τεκοῦσα
3072 2198 3263 2272 ῶφθης
3294 2198 3557 2271 ὓπερτέρα
3586 2196 3677 2249 τῶν
3703 2194 3786 2250 άνω

2278 2284 2593 2358 δυνάμεων,
2614 2289 2709 2343 καὶ
2739 2289 2946 2362 βροτῶν
2979 2291 3077 2369 τὴν
3104 2291 3266 2363 φύσιν
3294 2291 3658 2362 ὲθεούργησας,
3684 2287 3785 2358 μόνη

2279 2379 2635 2451 πανύμνητεο
2688 2383 2953 2437 Θεοτόκον
3024 2380 3150 2437 ὅθεν
3204 2382 3501 2454 παναληθεί
3547 2380 3673 2449 ψυχῇ
3718 2381 3785 2432 καὶ

2278 2471 2503 2545 γλώσσῃ
2530 2474 2579 2527 οἱ
2603 2476 2785 2529 πιστοί
2818 2492 2901 2541 σε,
2938 2477 3204 2548 Παρθένε,
3234 2475 3543 2545 δοξάζομεν.

2348 2659 2415 2711 Σὲ
2456 2658 2793 2729 προστασίαν
2825 2658 3010 2713 πιστοὶ
3041 2660 3134 2714 καὶ
3186 2659 3368 2729 τεῖχος
3406 2658 3593 2723 πάντες
3634 2660 3787 2730 κεκτη·

2280 2751 2443 2821 μεθα,
2478 2753 2526 2804 οἱ
2557 2752 2616 2805 ὲν
2644 2750 2794 2821 βυθῷ
2832 2750 2939 2804 τῶν
2971 2752 3158 2805 κακῶν
3183 2753 3280 2806 καὶ
3311 2751 3455 2823 σάλῳ
3473 2752 3573 2805 τῶν
3604 2751 3786 2820 θλίψεων

2277 2840 2365 2893 ἀεὶ
2412 2840 2836 2905 κινδυνεύοντες,
2873 2840 3105 2895 Θεοτόκε
3162 2841 3327 2914 μόνη,
3376 2841 3480 2895 τῶν
3527 2841 3705 2913 βροτῶν
3742 2840 3786 2892 τὸ

2277 2932 2635 3003 καταφύγιον.
3342 2990 3347 2993 ν

2349 3024 2517 3088 Ἴλεος
2548 3025 2638 3079 ἔσο
2662 3043 2775 3096 μοι,
2812 3026 3075 3098 Παρθένε,
3109 3029 3201 3082 καὶ
3226 3028 3498 3099 πληγέντα
3516 3045 3576 3099 με
3593 3024 3785 3097 ῥομφαίᾳ

2274 3118 2549 3190 ἁμαρτίας
2598 3122 2657 3174 ὲν
2702 3121 2989 3191 μωττὼσει
3047 3122 3147 3191 τῆς
3195 3123 3296 3191 σῆς
3346 3121 3657 3194 θεράπευσον
3685 3133 3784 3187 1:95-

602 3230 735 3268 eura
771 3230 836 3269 ac
864 3229 1020 3281 sana,
1044 3213 1173 3270 dum
1199 3215 1410 3271 clamo:
1447 3213 1773 3271 Benedictus
1806 3215 2015 3272 fructus
2047 3231 2174 3272 ven-

2204 3225 2247 3289 C
2282 3213 2471 3277 σὸείας
2506 3213 2782 3284 κράζοντα
2803 3230 2817 3247 ο
2849 3212 3230 3284 Εὐλογημένος
3278 3214 3308 3267 ὀ
3350 3213 3551 3284 καρπὸς
3589 3211 3672 3282 τῆς
3709 3208 3782 3276 σῆς

604 3304 701 3360 tris
734 3303 835 3358 tui.

673 3397 753 3453 illi
806 3400 896 3468 qui
958 3407 1009 3453 te
1046 3398 1329 3469 Deiparam
1388 3414 1510 3454 esse
1558 3399 1821 3464 sentiunt,
1875 3416 1909 3454 ο
1944 3398 2172 3455 Domina

603 3492 954 3548 sanctiSsima
989 3501 1155 3562 atque
1214 3492 1364 3547 omni
1396 3491 1556 3548 laude
1598 3492 1944 3558 celebranda,
1997 3492 2174 3548 verbis

605 3584 715 3639 tuis
764 3585 1089 3638 inhaerentes
1134 3599 1281 3637 nunc
1325 3584 1539 3638 beatam
1575 3594 1627 3637 te
1661 3584 1872 3649 dicunt,
1913 3586 2171 3655 quoniam

608 3677 826 3729 beatum
876 3673 1046 3729 Deum
1098 3675 1255 3751 nobis
1306 3674 1588 3745 peperisti,
1655 3691 1813 3745 quem
1868 3676 1923 3731 in
1962 3677 2175 3735 duabus

608 3766 819 3820 naturis
855 3774 1019 3834 atque
1052 3765 1209 3819 unica
1235 3780 1466 3835 persona
1500 3764 1791 3821 laudantes
1828 3766 2173 3822 clamamus:

601 3858 646 3915 0
678 3858 851 3929 pueri,
902 3858 1240 3925 benedicite;
1283 3860 1616 3921 sacerdotes,
1673 3858 1930 3926 laudate;
1962 3860 2171 3930 populi,

602 3952 1003 4021 superexaltate
1025 3966 1149 4006 eum
1186 3952 1241 4006 in
1273 3952 1455 4006 omnia
1486 3950 1708 4007 saecula.

672 4041 841 4098 Parce
873 4045 1029 4109 mihi,
1068 4044 1342 4109 Salvator,
1379 4043 1472 4116 qui
1522 4056 1712 4110 natus,
1746 4044 1968 4101 illaesam
2011 4054 2173 4116 atque

606 4146 977 4206 mcorruptam
1047 4134 1382 4191 Genitricem
1433 4146 1581 4190 tuam
1652 4138 1993 4193 conservasti
2050 4147 2175 4207 post

603 4238 843 4297 partum,
897 4242 1023 4281 cum
1057 4227 1293 4292 sedebis,
1319 4227 1607 4295 utjudices
1637 4244 1799 4296 opera
1825 4244 1982 4291 mea;
2008 4228 2171 4284 dissi-

604 4320 819 4376 mulans
850 4320 1168 4388 iniquitates
1214 4335 1362 4373 meas
1403 4331 1455 4373 et
1485 4330 1707 4389 peccata
1736 4330 1877 4385 mea,
1911 4330 2171 4390 tanquam

602 4412 996 4481 impeccabilis,
1026 4419 1289 4482 tanquam
1322 4411 1465 4467 Deus
1491 4414 1785 4468 miseratur
1802 4424 1964 4482 atque
1995 4413 2171 4467 homi-

603 4520 734 4557 num
772 4512 1006 4557 amatur.

601 4594 687 4647 Ea:
712 4612 908 4649 canone
944 4596 997 4647 in
1041 4594 1317 4649 Dominica
1345 4596 1399 4649 in
1435 4613 1537 4665 qua
1582 4596 1874 4651 celebratur
1920 4598 2171 4653 memoria

927 4666 1219 4732 primorum
1250 4679 1457 4733 patrum
1485 4668 1613 4721 Adi:
1635 4678 1680 4720 et
1710 4666 1852 4724 Erar.

670 4768 884 4826 Divinis
920 4771 1164 4825 oraculis
1195 4787 1382 4826 aurem
1422 4774 1785 4842 pra'beamus,
1823 4775 2028 4830 Christi
2071 4792 2170 4847 ap-

601 4864 929 4933 paritionrm
991 4863 1371 4919 reboantibus.
1430 4864 1568 4921 Ecce
1608 4866 1752 4921 enim
1798 4869 1853 4922 in
1912 4870 2171 4938 spelunca

603 4956 871 5021 nascitur,
912 4973 977 5010 ex
1004 4956 1213 5026 virgine
1249 4959 1425 5028 puella
1457 4958 1566 5023 ille,
1616 4960 1775 5030 cujus
1810 4973 2021 5029 partum
2043 4962 2173 5017 hor-

599 5033 723 5103 rore
754 5049 973 5118 plenum
1000 5051 1293 5121 astrologis
1313 5068 1581 5121 apparens
1598 5054 1749 5107 stella
1768 5063 2169 5123 prannomtrat.

672 5142 827 5197 Nunc
857 5144 1191 5213 exspectatio
1221 5146 1463 5213 gentium
1515 5163 1582 5200 ex
1618 5145 1835 5217 Virgine
1880 5148 2122 5213 procedit
2155 5166 2168 5201 :

603 5244 657 5289 ct
688 5235 963 5290 Bethleem
995 5245 1308 5306 opportune
1339 5239 1513 5306 aperit
1545 5240 1858 5307 paradisum
1887 5239 2051 5295 Edent
2078 5242 2169 5310 qui

600 5327 822 5381 clausus
851 5338 989 5390 erat,
1020 5327 1324 5395 suscipiens
1353 5326 1591 5383 Verbum
1625 5342 1999 5399 corporatum,
2031 5341 2085 5385 et
2116 5334 2168 5384 in

599 5418 882 5487 prmsepio,
911 5417 1211 5472 secundum
1246 5435 1486 5484 carnem,
1516 5419 1857 5474 reclinatum.

669 5507 824 5563 Nunc
854 5510 1157 5578 redemptio
1203 5518 1389 5565 nostra
1437 5510 1488 5563 in
1539 5512 1801 5581 praesepio
1853 5512 2167 5579 reclinatur,

598 5612 648 5654 et
680 5613 938 5671 tanquam
969 5602 1149 5657 infans
1179 5603 1361 5658 fasciis
1390 5604 1686 5658 involvitur
1719 5624 1730 5659 :
1765 5616 1815 5659 et
1845 5604 1985 5677 Magi
2016 5622 2170 5676 reges

598 5694 822 5747 \eniunt
868 5696 935 5749 ab
978 5693 1199 5749 Oriente
1252 5697 1319 5750 ad
1370 5698 1663 5752 videndum
1714 5700 1865 5753 illum
1908 5711 2168 5770 tanquam

600 5784 765 5837 Deum
794 5803 855 5839 ac
889 5802 1067 5857 regem
1106 5798 1291 5841 natum
1318 5805 1484 5857 super
1514 5799 1732 5859 terram,
1764 5804 1813 5846 et
1846 5792 1911 5846 ad
1937 5794 2169 5846 aduran-

605 5880 729 5929 duin
774 5878 926 5931 illum
960 5896 1086 5934 cum
1118 5880 1281 5934 donis
1315 5880 1565 5935 ﬁdeliter.

2282 3304 2511 3368 κοιλίας.

2350 3399 2719 3462 ΟίΘεοτόκον,
2757 3398 3026 3453 Δέσποινα
3082 3398 3350 3468 παναγία,
3397 3396 3685 3470 φρονοῦντες
3722 3409 3779 3456 σε.

2285 3492 2530 3562 ῥήμασιν
2562 3490 2822 3562 ἑπόμενοι
2854 3494 2969 3554 τοῖς
2998 3492 3131 3557 σοῖς,
3162 3490 3483 3561 πανύμνητε
3516 3488 3680 3558 σεμνὴ,
3704 3503 3779 3555 μα·

2280 3582 2598 3651 καρίζομεν,
2634 3582 2718 3635 ὃτι
2772 3580 2904 3635 Θεὸν
2942 3581 3211 3651 μακάριον
3269 3581 3451 3645 ἔτεκες
3495 3582 3633 3651 ἡμῖν,
3670 3574 3717 3629 ὃν
3741 3577 3783 3627 ὲν

2279 3671 2401 3725 δυσὶ
2460 3670 2582 3735 ταῖς
2613 3672 2853 3737 οὐσίαις,
2908 3674 3006 3743 μιᾷ
3047 3672 3105 3726 δὲ
3137 3672 3437 3727 ὑποστάσει
3486 3667 3781 3740 άννμνοῦντες

2281 3763 2512 3834 βοῶμεν·
2542 3764 2606 3816 0i
2633 3764 2842 3829 παῖδες,
2857 3763 3151 3832 εὐλογεῖτε,
3171 3765 3362 3835 ἱερεῖς,
3376 3765 3657 3835 άνυμνεῖτε,
3670 3758 3780 3820 λαὸς.

2280 3853 2627 3927 ὑπερυψοῦτε
2656 3856 2737 3918 είς
2770 3854 2977 3919 πάντας
3008 3855 3133 3920 τοὺς
3155 3856 3383 3920 αἰῶνας.

2351 4034 2541 4090 Φείσαί
2570 4052 2699 4104 μου,
2740 4033 2922 4105 Σῶτερ
2950 4036 2979 4087 ὁ
3003 4034 3217 4105 τεχθεὶς
3251 4035 3348 4088 καὶ
3367 4034 3591 4105 φυλάξας
3609 4030 3689 4101 τὴν
3716 4044 3785 4080 τε·

2280 4126 2483 4181 κοῦσάν
2525 4142 2583 4178 σε
2610 4124 2845 4196 ἄφθορον
2879 4125 3020 4195 μετά
3048 4124 3145 4195 τὴν
3184 4127 3405 4197 κύησιν,
3443 4127 3562 4178 ὅταν
3605 4120 3783 4187 καθίσῃς

2279 4222 2465 4292 κρῖναι
2490 4219 2557 4272 τά
2591 4217 2727 4290 ἔργα
2775 4234 2901 4289 μου,
2925 4218 3023 4281 τὰς
3054 4218 3287 4289 ἀνομίας
3327 4216 3590 4290 παρορῶν,
3612 4211 3782 4272 καὶτὰς

2280 4311 2553 4382 ἁμαρτίας
2598 4326 2698 4380 μου
2732 4309 2807 4373 ὼς
2840 4310 3249 4381 ἀναμάρτητος,
3304 4311 3542 4381 ἐλεήμων
3574 4308 3637 4370 ὡς
3664 4304 3782 4365 Θεδέι

2279 4407 2373 4460 καὶ
2401 4404 2801 4475 φιλάνθρωπος.

2204 4569 2252 4630 D
2292 4597 2396 4653 Ἐκ
2428 4596 2534 4651 τοῦ
2562 4598 2823 4662 κανόνος
2866 4597 2953 4662 εἰς
2984 4596 3099 4663 τὴν
3124 4595 3431 4664 Κυριακὴν
3462 4591 3565 4659 τῆς
3593 4586 3776 4659 μνήμη(

2417 4668 2535 4721 τῶν
2550 4667 2735 4736 ἁγίων
2761 4670 3154 4737 προπατόρων
3200 4666 3371 4736 Ἀδὰμ
3403 4664 3495 4719 καὶ
3520 4664 3659 4724 Εὐας

2360 4776 2569 4847 Ῥητῶν
2590 4775 2787 4828 ἐνθέων
2822 4773 3169 4845 ἀκούσωμεν,
3202 4773 3451 4843 βοώντων
3478 4769 3566 4824 τοῦ
3596 4761 3776 4837 Χριστοῦ

2272 4868 2371 4939 τὴν
2410 4862 2713 4932 ἀνάδειξινο
2771 4866 2880 4920 ίδοὺ
2926 4866 3038 4937 γάρ
3093 4864 3344 4935 σπηλαίῳ
3364 4866 3612 4925 τίκτεται,
3642 4859 3775 4925 Κόρης

2275 4961 2335 5026 ἐξ
2364 4961 2765 5032 άπειρογάμου,
2810 4954 2873 5013 οὗ
2916 4959 3007 5011 τὸν
3060 4959 3288 5029 φρικτὸν
3344 4960 3497 5012 τόκον
3537 4948 3778 5026 προμηνύει

2274 5054 2625 5126 ἀστρολόγοις
2660 5054 2687 5104 ὁ
2712 5052 2887 5123 ἀστὴρ
2917 5053 3364 5120 ὲπιςραινόμενος.

2344 5147 2460 5201 Νῦν
2488 5150 2520 5218 ἡ
2552 5145 2846 5217 προσδοκία
2863 5145 2972 5198 τῶν
2999 5146 3169 5199 ἐθνῶν
3194 5148 3255 5197 ἐκ
3288 5143 3557 5215 Παρθένου
3578 5137 3781 5210 προέρχε·

2274 5255 2384 5301 ται,
2424 5239 2518 5289 καὶ
2543 5237 2792 5306 Βηθλεὲμ
2820 5236 2917 5305 τὴν
2946 5234 3341 5305 κεκλεισμένην
3369 5232 3630 5297 ὑπανοίγει
3652 5239 3781 5293 προσ·

2276 5333 2456 5403 φόρως
2489 5330 2602 5383 Ἐδὲ
2612 5348 2673 5401 μ,
2702 5330 2873 5398 Λόγον
2892 5329 3315 5399 σιιιματούμενον
3333 5324 3699 5395 είσδεδετμένη.
3715 5316 3782 5371 καὶ

2275 5426 2450 5495 φάτνῃ
2479 5424 2645 5495 σαρκὶ
2675 5422 3183 5493 ἐπανακλινόμενον.

2345 5517 2457 5569 Νῦν
2489 5518 2519 5587 ἡ
2551 5514 2929 5585 ἀπολύτρωσις
2970 5515 3126 5585 ήμῶν
3160 5517 3217 5567 ὲν
3261 5513 3435 5583 φάτνῃ
3478 5506 3780 5564 άνακλίνετσι,

2275 5610 2365 5662 καὶ
2400 5608 2809 5680 σπαργανοῦται
2838 5606 3027 5678 ῶσπερ
3064 5609 3273 5676 νήπιον,
3322 5608 3417 5656 καὶ
3445 5604 3611 5668 Μάγοι
3635 5598 3782 5650 ἀνατο-

2274 5702 2380 5753 λῶν
2420 5700 2657 5769 βασιλεῖς
2689 5700 2969 5768 άφίκοντο,
2994 5698 3185 5751 τοῦτον
3224 5697 3297 5756 ὡς
3334 5695 3467 5748 Θεὸν
3496 5692 3581 5745 καὶ
3608 5684 3779 5760 βασιλέα

2275 5792 2529 5861 τεχθέντα
2578 5792 2670 5843 ἐπὶ
2724 5792 2821 5863 τῆς
2887 5793 2989 5863 γῆς
3039 5790 3255 5861 βλέψαι,
3316 5785 3663 5859 προσκυνῆσαι
3708 5778 3779 5829 σὺν

2273 5888 2466 5956 δώροις
2502 5884 2728 5948 πιστῶς.
