4038 6642
334 489 469 554 ιειῖι

1702 497 2068 558 MARIALE.

3436 493 3573 559 lflf2

415 604 474 659 Ὀ
514 606 718 677 πλήρης
762 606 1012 661 κενοῦται
1059 610 1222 679 σαρκὶ
1251 610 1317 663 δι’
1345 612 1513 682 ἡμᾶς,
1550 610 1643 665 καὶ
1677 612 1851 682 ἀρχὴν
1884 614 1910 664 ὁ

2083 609 2185 677 Qui
2212 608 2405 680 plenus
2424 620 2560 673 erat,
2586 618 2807 682 promer
2828 609 3253 666 nnscxinanitur
3272 611 3572 664 secundum

334 700 675 769 πρὸάναρχος
692 699 928 769 δέχεται,
950 701 1225 772 πτωχεύει
1243 703 1298 757 δὲ
1316 705 1344 759 ὁ
1356 704 1609 768 πλούσιος
1627 708 1719 757 καὶ
1736 705 1906 773 Λόγος

332 789 411 843 ὢν
443 789 582 843 θεοῦ
629 790 687 843 ὲν
716 792 893 862 φάτνῃ
949 791 1058 844 τῶν
1094 793 1328 861 ἀλόγων,
1386 797 1771 865 προσκλίνεται
1831 797 1908 858 ὡς

334 882 559 954 βρέφος,
596 882 706 938 τῶν
739 883 956 945 πάντων
988 882 1290 940 ἀνάπλασιν
1320 888 1413 942 ἀπ’
1447 886 1641 950 αίῶνος
1670 884 1907 960 ’ἐργαζό-

336 992 513 1045 μενος.

404 1161 543 1216 Νέον
569 1165 661 1217 ἐπὶ
691 1165 796 1236 γῆς
832 1166 1048 1220 παιδίον
1071 1166 1401 1237 γνωρίζεται
1429 1169 1456 1221 ὁ
1487 1167 1564 1221 ὣν
1593 1168 1692 1221 σὺν
1730 1168 1908 1239 Πατρὶ

333 1255 419 1307 ἀεὶ
474 1258 567 1309 καὶ
621 1258 920 1328 Πνεύματι,
992 1258 1410 1329 σπαργανοῦται
1462 1257 1518 1312 δὲ
1571 1258 1599 1312 ὀ
1647 1260 1745 1331 τὴν
1802 1260 1907 1329 γῆν

337 1347 739 1417 σπαργανώσας
789 1350 985 1425 ὁμίχλῃ
1038 1352 1249 1421 σαφῶς,
1295 1351 1389 1405 καὶ
1445 1352 1503 1404 ὲν
1567 1351 1742 1423 φάτνῃ
1798 1351 1908 1404 τῶν

336 1439 551 1506 ἀλόγων
604 1442 1003 1496 ἀνακέκλιταιο
1054 1442 1247 1497 τούτου
1298 1442 1393 1498 νῦν
1446 1444 1908 1516 προεορτὰσωμεν

336 1532 636 1602 γεγηθότες
660 1536 758 1587 τὴν
797 1535 1038 1607 ἄσπορον
1074 1538 1347 1605 γέννησιν.

416 1719 587 1781 Ἰδοὺ,
625 1719 810 1783 καθὼς
857 1722 1121 1792 προεῖπεν
1169 1723 1197 1775 ὁ
1231 1720 1550 1791 προφήτης,
1603 1720 1662 1773 ὲν
1710 1736 1908 1789 γαστρι

336 1810 629 1864 συνέλαϐεν
668 1812 700 1881 ἡ
735 1812 1111 1882 ἀπειρόγαμος
1154 1810 1305 1875 Θεὸν,
1353 1810 1446 1864 καὶ
1488 1811 1668 1863 τεκεῖν
1724 1811 1909 1880 σαφῶς

334 1900 619 1969 ἐπείγεται
637 1904 695 1956 ἐν
722 1903 973 1974 σπηλαίῳ
1003 1903 1271 1975 Βηθλεὲμ,
1301 1897 1345 1973 ᾧ
1369 1902 1573 1967 πάντες
1591 1901 1868 1976 ψάλλομεν
1889 1920 1904 1935 ⁸

346 1991 405 2044 '0
442 1992 552 2046 τῶν
585 1995 841 2066 πατέρων
871 1994 1027 2063 Θεὸς,
1063 1995 1354 2066 εὐλογητὸς
1379 1990 1451 2051 ei.

409 2176 624 2249 11;.qu
654 2178 720 2232 ὲκ
750 2178 1116 2251 παρθενικῶν,
1150 2181 1379 2252 Χριστὲ,
1430 2182 1681 2254 αἱμάτων
1730 2200 1909 2255 σωμαο

333 2270 601 2337 τούμενος
633 2270 862 2343 ἀρρήτῳ
900 2269 1064 2343 λόγῳ,
1102 2274 1198 2327 καὶ
1242 2272 1318 2338 ὡς
1367 2274 1565 2346 βρέφος
1609 2274 1814 2330 τέλειον
1852 2278 1910 2331 ὲν

338 2360 614 2433 σπηλαίῳ,
646 2363 921 2436 ὑπερϐολῇ
940 2362 1361 2435 εὐσπλαγχνίας,
1391 2367 1588 2437 Ἰησοῦ,
1624 2368 1911 2421 ἁποτικτό-

338 2470 501 2523 μενος
520 2471 535 2486 ο
561 2455 735 2527 ἀστὴρ
756 2458 813 2511 δέ
841 2473 901 2511 σε
926 2458 1208 2531 πόρρωθεν
1230 2461 1503 2531 ἐμήνυσεν
1529 2460 1877 2532 ἀστρολόγοις
1893 2479 1908 2494 ο

350 2546 622 2617 Ὑμνεῖτε,
697 2550 880 2603 πίστει
939 2550 1347 2621 κραυγάζουσι,
1419 2552 1515 2605 καὶ
1569 2550 1913 2624 ὑπερυψοῦτε

336 2639 574 2707 Χριστὸν
606 2641 687 2702 εἰς
717 2640 843 2705 τοὺς
872 2640 1094 2706 αἰῶνας.

408 2730 647 2802 ⁴ιὀριέσιας
688 2749 756 2803 με
804 2734 869 2786 ὲκ
917 2734 1018 2805 τῆς
1069 2734 1347 2807 Παρθένου
1405 2735 1764 2807 προέρχεται,
1819 2741 1915 2793 καὶ

340 2821 593 2894 σπηλαίῳ
621 2824 867 2879 τίκτεται
894 2825 1067 2894 Λόγος
1095 2829 1122 2880 ὁ
1166 2827 1258 2881 τοῦ
1299 2829 1510 2899 [ἰατρὸς
1555 2831 1915 2902 ἀσυγχύτως,

280 2952 283 2955 -
337 2914 554 2984 χόρευε,
585 2916 841 2986 ήκτίσις,
877 2920 1084 2988 φωναῖς
1135 2917 1475 2991 εὐχαρίστως
1530 2920 1914 2990 μεγαλύνουσα

339 3008 507 3062 αὐτοῦ
536 3008 635 3079 τὴν
662 3008 729 3063 δι’
754 3005 934 3065 οἶκτον
963 3012 1237 3082 παναγίαν
1270 3013 1701 3083 συγκατάὖασιν.

350 3225 447 3280 Ἐκ
477 3226 582 3282 τοῦ
625 3231 884 3295 κανόνος
897 3231 984 3295 εις
1017 3229 1124 3305 τὸν
1151 3229 1322 3305 {irier
1343 3230 1623 3305 μάρτυρα,
1648 3234 1916 3292 Ἐλευθέ-

858 3317 1018 3370 ριον,
1067 3299 1256 3373 ἡμέρᾳ
1301 3299 1382 3358 te‘.

423 3409 511 3475 Ὠς
541 3410 733 3483 Θρόνος
760 3412 1130 3491 πυρίμορερος,
1172 3414 1264 3468 τὸν
1295 3414 1537 3487 Κτίστην
1597 3415 1802 3488 φέρεις,
1837 3416 1912 3480 ὼς

340 3502 585 3574 ἔμψυχος
610 3503 854 3576 Θάλαμος
878 3505 975 3559 καὶ
1004 3506 1235 3577 τερπνὸν
1265 3506 1547 3576 παλάτιον,
1569 3508 1658 3562 τὸν
1688 3509 1913 3581 βασιλέα

338 3599 541 3667 χωρεῖς
579 3596 870 3668 γενόμενον
907 3599 1045 3669 ὅπερ
1067 3597 1249 3670 ἡμεῖς,
1277 3598 1669 3672 Θεοχαρίτωτε.

432 3800 653 3867 Ῥἁόδος
685 3803 970 3876 δυνάμεως
1001 3805 1342 3877 ἐδλάστησας
1375 3806 1466 3861 τὸν
1504 3806 1759 3877 Χριστὸν,
1788 3809 1847 3862 ὲν
1871 3800 1916 3876 ᾦ

342 3894 751 3965 στηριζόμεθα·
791 3896 850 3950 σὲ
889 3896 999 3968 γὰρ
1046 3895 1247 3950 ἐτύπου
1286 3897 1497 3970 Ἀαρὼν
1544 3897 1740 3967 ῥάϐδος
1781 3898 1914 3953 ποτὲ

344 3985 712 4057 βλαστήσασα,
730 3987 1051 4061 ἀγεώργητε
1076 3990 1239 4061 ἁγνὴ,
1249 3990 1550 4062 περιστερὰ
1566 3989 1913 4060 ἁειπὰροενε.

422 4234 537 4361 (37)
571 4237 646 4294 De
676 4239 778 4294 hac
817 4241 1071 4296 columba
1104 4241 1269 4297 verba
1311 4241 1519 4296 faciens
1549 4239 1921 4297 Bernardinus

485 4319 608 4361 usto
655 4310 708 4361 in
740 4308 943 4361 Mariali
990 4327 1154 4361 serm.
1188 4312 1244 4361 6.
1273 4311 1341 4361 de
1379 4311 1639 4361 Concent.
1675 4320 1826 4361 parte
1854 4326 1917 4361 ιι.

342 4309 415 4382 de
439 4308 608 4382 Busto
655 4310 708 4382 in
740 4308 953 4382 Mariali
990 4327 1154 4366 serm.
1188 4312 1245 4382 6,
1273 4311 1341 4367 de
1379 4311 1639 4382 Coucept.
1675 4320 1826 4382 parte
1854 4326 1917 4374 ιι,

343 4379 422 4433 ait
460 4381 600 4453 inter
640 4380 790 4453 alia:
832 4399 861 4453 «Δ
896 4381 1145 4439 Gloriosa
1174 4381 1340 4453 Virgo
1366 4382 1435 4436 ab
1468 4379 1616 4437 omni
1668 4379 1787 4437 labe
1814 4383 1919 4435 im-

345 4450 646 4522 maculata,
683 4450 789 4505 l'uit
835 4451 1063 4522 ﬁgurata
1124 4469 1221 4522 per
1277 4450 1582 4511 columbam
1641 4455 1816 4509 albam
1865 4459 1920 4506 et

345 4520 790 4593 mundissimam,
824 4520 946 4590 quae
1001 4524 1067 4578 de
1107 4520 1232 4578 area
1272 4522 1387 4579 Noe
1424 4524 1728 4593 egrediens,
1757 4535 1920 4593 atque

346 4589 491 4644 nihil
544 4589 810 4646 lteditatis
842 4589 1110 4664 itangens,
1153 4609 1275 4649 cum
1324 4589 1483 4648 ramo
1506 4592 1734 4651 virentis
1763 4589 1920 4664 oliva:

2009 717 2264 767 carnem;
2295 712 2348 755 et
2376 702 2468 771 qui
2493 712 2615 756 erat
2641 713 2765 755 ante
2804 702 3156 771 principium,
3188 701 3375 771 incipit
3401 717 3522 756 esse
3555 721 3571 755 ε

2009 794 2100 863 qui
2119 795 2271 849 dives
2291 804 2431 858 erat,
2458 794 2515 847 ﬁt
2545 795 2865 858 mendicus;
2893 803 2947 848 et
2970 794 3060 864 qui
3084 804 3167 848 est
3195 794 3429 848 Verbum
3457 794 3574 860 Dei,

2011 885 2062 938 in
2097 886 2362 955 prmsepio
2412 886 2576 957 236
2610 887 2891 941 hrutorum
2925 888 3322 941 irrationalium
3349 885 3577 940 reclina-

2010 988 2118 1042 tur,
2157 988 2213 1032 ut
2238 977 2438 1042 iulans,
2479 979 2723 1033 omnium
2773 981 2865 1049 qui
2897 996 2925 1033 a
2964 981 3164 1035 saeculo
3194 989 3325 1035 sunt
3356 993 3579 1048 repara-

2008 1069 2209 1124 tionem
2240 1068 2466 1123 faciens.

2080 1160 2262 1215 Novus
2297 1161 2348 1214 in
2387 1170 2528 1215 terra
2562 1177 2696 1230 puer
2731 1164 3069 1232 agnoscitur,
3106 1164 3198 1234 qui
3235 1180 3452 1236 seraper
3494 1179 3579 1223 est

2010 1266 2132 1307 cum
2181 1252 2341 1309 Patre
2389 1265 2440 1309 et
2475 1255 2729 1325 Spiritu:
2788 1256 2971 1311 fasciis
3035 1268 3216 1313 autem
3284 1261 3580 1316 involvitur

2011 1344 2099 1398 ille
2129 1343 2221 1414 qui
2257 1352 2514 1415 tanquam
2566 1345 2773 1409 fasciis,
2806 1348 2999 1400 nebula
3032 1358 3232 1403 terram
3294 1353 3581 1406 manifeste

2010 1434 2351 1499 circumdat;
2381 1442 2435 1488 et
2476 1434 2529 1488 in
2564 1436 2781 1489 stabulo
2820 1437 3215 1492 irrationalium
3259 1441 3579 1496 ret-linatur.

2011 1524 2186 1594 llujus
2242 1543 2386 1582 nunc
2444 1526 2741 1582 laetabundi
2812 1529 3184 1601 incorruptam
3236 1533 3579 1589 nativitatem

2012 1619 2165 1674 festis
2203 1621 2424 1675 Vocibus
2455 1621 2878 1690 praeveniamus.

2081 1714 2240 1779 Ecce,
2275 1713 2733 1782 quemadmodum
2792 1716 3041 1786 pra-dixit
3080 1718 3365 1788 propheta,
3414 1717 3583 1789 Virgo

2015 1809 2180 1863 Deum
2208 1808 2458 1879 concepit
2491 1806 2543 1862 in
2579 1817 2755 1871 utero,
2797 1819 2850 1864 et
2894 1811 3140 1877 proxima
3172 1822 3255 1866 est
3308 1811 3378 1866 ad
3430 1812 3580 1867 illum

2013 1901 2304 1955 manifeste
2346 1901 2665 1971 pariendum
2714 1901 2770 1955 in
2814 1902 3074 1973 spelunca
3113 1901 3390 1959 Bethleem
3444 1922 3459 1960 :
3493 1905 3582 1962 cui

2012 2008 2202 2048 onmes
2237 1992 2522 2063 psallimus
2549 2010 2563 2048 :
2594 1993 2916 2050 Benedictus
2946 2009 3027 2061 es,
3061 1992 3204 2050 Deus
3233 2006 3449 2066 patrum
3482 2012 3582 2052 uo-

2009 2092 2270 2139 strorum.

2082 2176 2423 2247 Apparuisti,
2447 2176 2664 2232 Christe
2692 2175 2847 2244 .lesu,
2885 2177 3202 2234 incarnatus
3222 2194 3288 2234 ex
3323 2180 3584 2251 virgineis

2012 2268 2400 2338 sanguiaibus,
2440 2268 2719 2323 ineﬁabili'
2751 2270 2959 2326 verbo:
2993 2283 3047 2326 et
3095 2281 3357 2342 tanquam
3408 2272 3586 2343 perfe-

2012 2366 2133 2413 ctus
2178 2357 2381 2423 infans,
2447 2368 2671 2430 propter
2721 2375 3010 2416 excessum
3062 2360 3451 2419 misericordia:
3529 2366 3584 2420 in

2013 2454 2272 2524 spelunca
2309 2464 2470 2510 natus
2497 2471 2578 2509 es.
2620 2455 2788 2510 Stella
2814 2465 2994 2510 autem
3021 2467 3071 2511 te
3102 2473 3135 2512 a
3173 2458 3329 2529 longe
3355 2459 3582 2515 astrolo-

2016 2547 2103 2617 gis
2149 2548 2541 2611 manifestavit,
2593 2564 2718 2603 cum
2752 2548 2858 2605 ﬁde
2895 2549 3264 2608 clamantibus
3299 2573 3312 2609 :
3344 2551 3587 2609 Laudale

2013 2649 2068 2695 et
2098 2640 2496 2709 superexaltate
2526 2639 2806 2696 Christum
2836 2643 2892 2696 in
2924 2643 3126 2697 saecula

2086 2728 2319 2785 Portaus
2370 2746 2458 2786 me
2505 2738 2764 2801 tanquam
2824 2732 3234 2801 vestimentum,
3264 2749 3332 2789 ex
3364 2732 3587 2804 Virgine

2016 2824 2286 2894 procedit,
2326 2825 2464 2878 etin
2514 2825 2774 2895 spelunca
2821 2828 3067 2882 nascitur
3122 2824 3362 2881 Verbum
3410 2826 3589 2883 Patris

2018 2915 2135 2969 sine
2184 2915 2591 2971 commistione.
2627 2915 2968 2987 Tripudiate,
2997 2928 3287 2983 creaturae,
3333 2927 3386 2973 et
3415 2918 3588 2989 gratis

2017 3007 2243 3063 vocibus
2287 3009 2687 3065 sanctissimam
2736 3010 2883 3064 illius
2933 2999 3342 3079 demissionem,
3373 3027 3496 3081 quae
3519 3027 3587 3065 ex

2019 3099 2397 3155 misericordia
2428 3101 2718 3170 processit,
2751 3101 3117 3171 magniﬁcate.

2051 3230 2137 3287 Ea:
2169 3248 2367 3287 canone
2396 3232 2448 3286 in
2474 3231 2611 3301 festo
2633 3229 2692 3287 S.
2721 3229 3019 3288 Eleutherii
3045 3232 3322 3303 martyris,
3352 3232 3439 3287 die
3464 3233 3553 3288 l5.

2090 3430 2377 3501 Tanquam
2411 3436 2644 3486 thronus
2675 3427 2986 3500 ignil‘ormis
3022 3439 3210 3502 portas
3236 3430 3591 3501 Creatorem;

2020 3534 2282 3596 tanquam
2303 3524 2575 3580 thalamus
2588 3524 2884 3589 animatus,
2903 3524 3313 3596 incenduntque
3331 3528 3587 3596 palatium

2023 3620 2224 3691 Regem
2249 3618 2501 3675 contines
2536 3617 2745 3673 tactum
2779 3616 3016 3673 similem
3054 3616 3235 3684 nobis,
3262 3634 3298 3673 ο
3324 3617 3435 3675 Deo
3458 3620 3591 3676 cha-

2021 3714 2265 3772 rissima.

2095 3805 2257 3873 Virga
2300 3802 2520 3860 virtutis
2541 3802 2856 3875 germinasti
2888 3802 3207 3870 Christum,
3232 3803 3287 3857 in
3326 3819 3439 3875 quo
3476 3814 3597 3860 Sta-

2022 3899 2160 3955 biles
2188 3896 2485 3963 eﬁicimur;
2520 3906 2573 3952 te
2606 3898 2754 3952 enim
2782 3897 2911 3952 olim
2938 3896 3095 3967 virga
3146 3897 3381 3953 Aaronis
3408 3898 3594 3969 pullu-

2022 3990 2143 4047 lans
2191 3989 2464 4060 ﬁguravit,
2505 4004 2539 4044 ο
2571 3997 2749 4055 casta,
2794 3987 3029 4044 cultura:
3081 3991 3287 4046 nescia.
3339 3989 3591 4046 columba

2025 4098 2239 4153 semper
2264 4082 2415 4153 virgo
2440 4080 2576 4152 (97).

2017 4254 2147 4311 ergo
2206 4239 2430 4311 Matrem
2492 4240 2715 4309 eligeret
2757 4254 2974 4311 semper
3017 4256 3333 4296 mansuram
3399 4256 3590 4297 novem

2020 4310 2287 4365 mensium
2325 4310 2645 4365 claustrum.
2677 4326 2799 4378 qure
2837 4310 3132 4378 aliquando
3168 4313 3269 4365 sub
3319 4311 3458 4372 felle.
3487 4315 3591 4369 sub

2017 4381 2161 4441 labe.
2192 4391 2246 4435 et
2271 4380 2499 4434 dedititii
2527 4378 2722 4435 luisset
2746 4380 2963 4450 generis
3001 4383 3264 4436 consors?
3282 4382 3462 4449 Quid?
3486 4383 3594 4439 Ve-

2019 4455 2106 4525 nis
2128 4450 2506 4525 adultominem
2561 4452 2615 4505 in
2662 4460 2913 4525 _se_rpente
2937 4450 3370 4525 callidushostis
3393 4454 3595 4525 (inquit

2019 4521 2173 4595 ilugo
2197 4521 2507 4595 Victorinus
2535 4522 2676 4595 apud
2707 4520 3015 4595 Tilmanum
3045 4522 3098 4575 in
3122 4520 3465 4595 ⁸Αιιοςοι-ἱίιὲ),
3493 4520 3592 4592 qui

2019 4591 2280 4658 fortasse,
2312 4592 2354 4645 si
2401 4592 2701 4660 permissus
2746 4591 2962 4654 luisset,
3004 4592 3057 4645 in
3115 4591 3288 4649 forma
3328 4595 3595 4652 columba:

344 4671 435 4735 est
467 4676 709 4735 reversa,
743 4673 800 4735 ut
840 4662 1068 4735 habetur
1092 4665 1292 4720 Cenes.
1320 4679 1416 4718 vm
1474 4679 1619 4733 rap,
1647 4667 1789 4735 quod
1813 4663 1917 4718 luit
1949 4666 1993 4721 D
2024 4665 2208 4717 venire
2235 4662 2534 4735 maluisset,
2560 4663 2653 4735 sed
2679 4663 2810 4735 {hoc
2839 4678 2933 4717 vas
2956 4662 3057 4717 sibi
3089 4662 3325 4733 Spiritus
3370 4677 3597 4724 sanctus

346 4730 405 4784 in
454 4732 669 4801 signum
723 4734 981 4788 victorite.
1017 4735 1139 4789 Ideo
1173 4751 1278 4789 non
1314 4736 1472 4789 debet
1501 4730 1694 4791 corvus
1720 4746 1917 4790 contra

346 4816 484 4875 earn
524 4802 813 4875 crocitare.
848 4804 970 4858 licet
1009 4820 1075 4860 eo
1122 4816 1459 4859 mortuorum
1489 4820 1779 4875 corporum
1820 4821 1919 4875 pu-

349 4872 561 4945 tredine
598 4874 821 4945 lmdato,
864 4875 978 4943 ipsa
1032 4875 1322 4945 purissima
1375 4872 1623 4930 columba
1670 4879 1722 4930 in
1773 4872 1920 4930 nullo

350 4943 573 5009 penitus
615 4944 779 4998 fuerit
829 4943 1119 4999 maculata.
1155 4965 1174 4997 i
1204 4948 1296 5001 Sic
1355 4947 1462 5001 ille.
1506 4945 1671 5000 Favet
1724 4946 1781 5002 S.
1810 4947 1921 4999 An—

348 5012 517 5088 dreas
547 5016 825 5088 Cretensis
860 5015 912 5088 in
961 5031 1169 5088 canone
1202 5018 1277 5072 De
1311 5018 1664 5088 conceptione
1708 5017 1768 5071 Β.
1797 5017 1921 5073 Vtr-

350 5083 498 5148 ginis
524 5088 625 5138 ode
653 5085 708 5150 6,
735 5085 864 5138 dum
895 5087 1073 5156 inquit.
1105 5105 1118 5140 :

352 5192 507 5267 Anna
558 5190 869 5267 Columbam
901 5196 1301 5250 immaculatum
1343 5198 1640 5267 concipiens
1680 5197 1735 5251 in
1772 5206 1921 5251 utero

427 5262 653 5331 Impleta
711 5265 815 5333 fuit
867 5269 1134 5321 verissimo
1186 5268 1459 5337 spirituali
1492 5262 1743 5339 'gaudio.

353 5368 567 5444 Quibus
610 5370 791 5444 verbis
826 5386 951 5444 cum
1000 5371 1275 5444 Virginem
1306 5374 1485 5441 primo
1530 5375 1714 5430 statim
1767 5376 1926 5429 initio

354 5453 460 5515 suo
491 5440 691 5494 dixerit
716 5443 1025 5497 columbam
1055 5440 1484 5511 imrnaculatam,
1511 5445 1723 5515 negarit
1758 5445 1926 5500 fuisse

356 5510 532 5585 primo
570 5526 636 5564 ex
683 5522 908 5585 peccato
936 5516 1189 5585 originali
1220 5510 1475 5569 corvum.
1502 5510 1765 5584 Apparuit
1806 5516 1927 5585 Spi-

355 5581 511 5655 ritus
555 5593 779 5655 sanctus
824 5584 897 5655 in
937 5581 1204 5639 columbae
1255 5588 1454 5655 specie,
1496 5581 1615 5639 cum
1672 5581 1926 5642 Christus

354 5649 637 5731 Dominus
666 5653 728 5731 iu_
753 5654 995 5731 lluniinis
1021 5654 1243 5731 .lordani
1280 5649 1441 5731 undis
1475 5656 1703 5731 elligiem
1718 5675 1927 5731 pecca-

357 5721 495 5774 toris
552 5722 829 5777 abluebat.
860 5725 989 5779 Post
1036 5727 1279 5782 lustralis
1332 5727 1489 5780 undae
1536 5721 1750 5781 ιιῖιχιιιιῖ
1801 5748 1928 5784 eva-

354 5791 473 5843 nuit
499 5793 774 5866 columba,
795 5797 970 5849 soluat
1003 5798 1281 5851 eﬂ'ormata
1315 5796 1381 5848 ad
1413 5797 1650 5866 signum,
1674 5810 1727 5854 et
1751 5813 1927 5854 tamen

357 5870 468 5937 tam
500 5863 609 5918 cito
645 5866 968 5937 transitura,
1011 5869 1200 5922 sedulo
1237 5868 1447 5921 delectu
1467 5863 1744 5937 'scligitur
1790 5873 1930 5925 inter

359 5932 518 5990 alites
578 5934 878 6003 candidior,
908 5939 1174 5994 sincerior
1228 5940 1432 6008 absque
1496 5932 1930 5999 l'ell€.'l)ominus

2021 4732 2340 4806 reservavit,
2354 4735 2481 4802 quia
2500 4730 2744 4806 profecto
2762 4733 2986 4806 dignum
3008 4730 3262 4800 nouerat,
3282 4746 3339 4791 ut
3369 4737 3594 4806 Spiritus

2022 4804 2293 4879 malignus
2315 4802 2545 4879 formam
2579 4802 2785 4879 homini
2815 4802 3061 4860 odiosam
3116 4806 3339 4871 laceret,
3376 4802 3429 4861 in
3486 4826 3594 4879 qua

2022 4875 2371 4947 postmodum
2412 4873 2846 4947 idem_Spirnus
2908 4884 3134 4947 sanctus
3179 4893 3443 4947 apparere
3497 4873 3594 4934 de-

2023 4945 2290 4998 buisset.)
2322 4944 2412 4999 Sic
2437 4945 2544 4998 ille.
2568 4943 2635 4997 Et
2657 4943 2915 5013 Magister
2940 4943 3343 5002 Sententiarum
3378 4948 3498 5005 libr.
3536 4966 3596 5011 ιι,

2022 5016 2149 5069 dist.
2166 5014 2229 5066 2i
2243 5032 2288 5087 ιι
2302 5014 2577 5068 Voluisset
2595 5016 2814 5087 quidem
2836 5018 3045 5087 dmmon
3061 5020 3110 5070 in
3133 5018 3313 5087 specie
3328 5020 3597 5073 columba:

2024 5087 2229 5158 venire;
2251 5085 2366 5158 haec
2379 5095 2655 5158 nem_pe,ut
2672 5084 2871 5138 animal
2890 5084 3236 5142 ἱιιιιοιίιιιιιέι
3252 5088 3504 5158 simplex,
3526 5090 3595 5144 ad

2024 5156 2302 5210 mulierem
2337 5154 2719 5223 decipiendum
2778 5158 3336 5224 congruentissinmm
3362 5154 3594 5214 'diabolo

2025 5226 2218 5281 fuisset
2236 5225 2657 5280 instrumentum
2682 5241 2696 5288 ;
2716 5227 2810 5279 sed
2829 5242 2936 5279 non
2964 5239 3079 5282 erat
3094 5238 3521 5285 consentanemu
3540 5240 3595 5285 et

2026 5294 2376 5369 conveniens,
2414 5304 2472 5348 ut
2502 5310 2598 5369 per
2631 5295 2971 5369 immundum
3004 5306 3057 5352 et.
3090 5300 3389 5369 malignum
3436 5302 3600 5369 spiri-

2027 5375 2141 5419 tum
2171 5366 2721 5421 rcdderetur-homini
2746 5368 2999 5421 columba
3031 5370 3204 5425 invisa
3228 5366 3287 5423 ct
3313 5366 3502 5433 exosa,
3540 5373 3592 5425 in

2026 5437 2185 5505 cujus
2216 5445 2403 5506 postea
2430 5438 2608 5504 specie
2629 5435 2864 5505 Spiritus
2889 5452 3115 5493 sanctus
3139 5440 3451 5494 hominibus
3477 5454 3598 5495 erat

2028 5509 2397 5580 appariturus.
2430 5526 2448 5558 ι
2474 5506 2598 5580 limo
2626 5509 2898 5580 Magister.
2924 5509 3152 5580 Dgnum
3186 5510 3349 5578 igitur
3372 5512 3599 5566 nonfuit

2027 5594 2093 5631 ex
2127 5579 2374 5647 llugone,
2397 5578 2727 5643 columbam,
2755 5579 2807 5632 in
2840 5596 2947 5647 qua
2980 5578 3058 5634 tot
3091 5591 3214 5634 ante
3244 5584 3442 5635 sarcula
3479 5593 3600 5637 erat

2029 5650 2379 5718 apparitores
2419 5648 2679 5719 Spiritus,
2709 5665 2739 5702 a
2778 5651 2974 5703 callido
3000 5654 3155 5705 hoste
3201 5651 3354 5719 prius
3392 5653 3597 5717 invadi,

2032 5736 2097 5771 ne
2121 5720 2201 5773 sic
2225 5722 2413 5773 odiosa
2452 5721 2766 5775 hominibus
2800 5722 2969 5793 ﬁeret,
2994 5731 3050 5775 et
3084 5722 3339 5793 inhabilis
3366 5722 3595 5793 Spiritui

2031 5799 2222 5844 sancto
2260 5794 2536 5862 portando
2554 5792 2891 5846 redderetur.
2918 5791 2983 5844 Et
3012 5794 3233 5862 dignum
3259 5792 3362 5847 erit
3393 5791 3603 5849 colum-

2032 5861 2157 5933 ham
2196 5874 2459 5930 nostram,
2498 5860 2773 5933 Virginem
2813 5860 3123 5933 Deiparam,
3159 5862 3249 5917 Dei
3287 5862 3422 5918 Filio
3478 5878 3605 5932 νον-

2034 5930 2200 5986 tando
2243 5933 2312 5986 ab
2363 5941 2568 5989 aeterno
2600 5930 2947 6001 destinatam,
2978 5950 3007 5988 a
3051 5938 3226 6005 prima
3264 5935 3348 5990 sui
3395 5930 3609 6004 origine
