4038 6604
548 418 685 487 1263

607 528 935 602 Angelorum
959 525 1233 583 exercitus
1258 526 1679 596 obstupuerunt,
1725 524 1975 577 videntes
2006 540 2113 592 quo

544 632 701 693 pacto
736 620 1046 683 invisibilis,
1072 619 1125 672 in
1158 617 1331 672 forma
1351 626 1537 673 nostra
1566 633 1632 671 ex
1661 626 1732 679 te,
1760 632 1792 669 ο
1824 615 1986 683 Virgo
2016 614 2110 667 Dei

547 714 821 781 Genitrix,
851 712 1010 783 237
1034 710 1524 780 accepta,visibilis
1550 707 1723 763 fattus
1747 718 1922 764 esset:
1950 722 2111 777 quem

548 821 601 859 ιιι
628 804 849 875 supplex
884 817 1126 871 precare,
1161 812 1217 854 ut
1244 816 1442 856 omnes
1470 800 1563 867 qui
1591 811 1643 855 te
1666 816 1788 854 cum
1817 799 1920 853 ﬁde
1948 799 2113 869 glori-

546 900 729 959 ﬁcant,
769 896 960 950 salutis
996 895 1189 963 dignos
1225 891 1441 948 eﬁiciat.

618 992 672 1043 In
704 988 1118 1043 admirationem
1154 986 1296 1055 rapit
1333 999 1549 1040 omnem
1600 992 1835 1038 mentem
1880 981 2115 1037 miracu-

452 1122 457 1127 -
546 1085 655 1137 lum
705 1092 892 1144 tuum,
947 1094 979 1133 ο
1010 1078 1209 1147 Virgo;
1257 1078 1403 1147 paris
1446 1077 1591 1132 enim
1630 1076 1796 1131 Deum
1834 1091 1957 1130 cum
1991 1092 2113 1131 cor-

547 1192 697 1245 pore,
744 1184 798 1227 et
832 1172 1160 1226 nutrientem
1195 1171 1336 1225 lacte
1390 1171 1588 1233 nutris,
1633 1171 1750 1223 sine
1782 1168 1953 1223 virilis
2011 1167 2113 1222 tori

542 1266 897 1336 cxperieut‘.a,
934 1279 997 1316 eo
1038 1262 1199 1315 modo
1234 1277 1392 1331 quem
1427 1260 1575 1315 solus
1605 1260 1719 1329 ipse
1747 1259 1915 1313 novit.

616 1356 659 1409 0
709 1355 898 1418 Maria,
942 1370 1061 1424 quae
1094 1355 1500 1409 tabernaculum
1542 1352 1991 1408 sanctiﬁcationis
2030 1351 2111 1406 ef-

545 1446 683 1501 fecta
720 1464 798 1510 es,
837 1445 1115 1500 sanctilica
1167 1444 1419 1498 miseram
1464 1444 1702 1496 animant
1748 1456 1923 1495 meam
1960 1440 2115 1494 volu-

546 1550 756 1609 ptatum
794 1539 1049 1593 sordibus
1083 1537 1441 1607 inquinatam,
1471 1535 1739 1590 etdivinae
1776 1534 1960 1606 gloria:
1988 1548 2115 1604 par-

545 1634 760 1701 ticipem
789 1631 938 1685 el'ﬁce
971 1630 1139 1684 illam.

614 1726 691 1779 'l‘e
725 1725 894 1779 solam
931 1720 1343 1776 mundissimam
1373 1718 1657 1775 inveniens
1687 1718 2110 1774 mundissimum

542 1816 780 1871 Verbum
824 1814 939 1879 Dei,
968 1829 1000 1867 ο
1032 1812 1125 1865 Dei
1166 1827 1366 1880 sponsa
1402 1810 1665 1864 immunis
1692 1808 1759 1863 ab
1783 1810 1930 1863 omni
1969 1810 2110 1877 labe,

541 1924 606 1963 ex
658 1916 812 1960 utero
852 1915 943 1959 tuo
982 1913 1200 1967 natum,
1235 1900 1496 1955 emundat
1541 1914 1639 1954 nos
1706 1900 1886 1954 ﬁdeles
1916 1914 1946 1952 a
1990 1914 2112 1954 sor-

540 2000 702 2053 dibus
736 1997 893 2051 nobis
941 1994 1345 2049 adhaerentibus
1385 2007 1447 2049 ex
1481 1992 1799 2062 passionum
1842 1991 2109 2060 intempe-

540 2092 736 2145 rantia.

610 2180 893 2250 Tanquam
946 2178 1118 2233 imber
1147 2175 1427 2231 descendit
1464 2174 1718 2230 Christus
1770 2190 1823 2227 in
1866 2182 2109 2228 ventrem

540 2284 715 2337 tuum,
749 2286 782 2325 o
819 2269 1000 2339 Virgo,
1044 2277 1097 2323 et
1134 2268 1418 2321 universas
1450 2282 1572 2321 vere
1603 2266 1851 2332 irrigavit
1888 2273 2107 2318 creatu-

538 2377 660 2427 ras,
699 2361 983 2417 citsiccans
1015 2360 1280 2413 lutulenta
1318 2358 1640 2413 idololatria:
1676 2357 1920 2423 ﬂumina,
1954 2355 2106 2411 solus

537 2455 831 2508 beneﬁcus.

610 2543 779 2598 Parce
824 2540 982 2595 nobis
1007 2579 1021 2604 ,
1054 2538 1315 2604 Domine,
1349 2537 1439 2607 qui
1476 2536 1800 2593 ineli‘abilem
1850 2541 2105 2597 nativita-

538 2644 645 2688 tem
695 2642 843 2688 tuam
891 2647 958 2686 ex
1018 2630 1240 2700 Virgine
1275 2628 1679 2695 collaudamus,
1735 2631 1972 2688 liberans
2008 2650 2108 2691 nos

535 2728 772 2782 famulos
802 2735 925 2781 tuos
955 2740 982 2778 a
1015 2720 1429 2787 tentationibus,
1460 2724 1809 2792 passionibus
1848 2735 1900 2779 et
1932 2742 2104 2798 angu-

535 2821 684 2885 stiis,
748 2834 842 2889 per
895 2815 1319 2871 intercessiones
1380 2815 1619 2881 ejusdem
1684 2815 1922 2885 Virginis
1975 2838 1988 2874 :
2048 2830 2105 2876 tu

532 2912 730 2983 quippe
770 2908 1046 2965 beneﬁcus
1080 2922 1160 2973 es,
1192 2916 1244 2962 et
1274 2906 1419 2962 solus
1449 2918 1659 2961 amator
1693 2908 1972 2964 hominum

1671 416 1733 478 S.
1774 414 2085 475 JOSEPIII
2125 414 2683 478 IIYMNOGRAPIH

3597 427 3713 492 19.65

2300 525 2629 596 Ἐξέστησαν
2677 525 2883 595 ὁρῶσαι
2939 526 3186 594 ἀγγέλων
3237 530 3497 597 στρατιαὶ,
3542 538 3643 602 πῶς
3691 545 3717 595 δ

2217 618 2531 693 ἀθεώρητος
2588 624 2770 693 μορφῇ
2823 623 2888 692 τῇ
2925 621 3049 675 καθ’
3102 623 3245 691 ἡμᾶς
3301 627 3361 677 ὲκ
3414 626 3498 678 σοῦ
3539 629 3717 705 ὠράθη,

2215 712 2459 783 Παροένε
2486 713 2816 785 Θεοκυῆτορ,
2835 714 2894 766 ὃν
2926 712 3228 767 ὲκδυσώπει
3260 718 3512 787 σωτηρίας
3527 723 3720 789 ὰξιιῖισαι

2218 804 2426 869 πάντας
2454 807 2580 871 τοὺς
2611 807 2819 870 πιστῶς
2848 824 2908 860 σε
2946 805 3332 878 δοξαζομένους

2147 530 2187 585 Α

2288 984 2497 1051 Ξενίζει
2516 988 2692 1071 πᾶσαν
2715 989 2923 1042 ἔννοιαν
2940 990 2998 1043 τὸ
3029 989 3212 1061 θαῦμά
3239 1009 3350 1055 σου,
3382 995 3506 1067 ἁγνή
3527 1010 3723 1066 ’τικτεις

2215 1080 2323 1153 γὰρ
2363 1080 2495 1134 Θεὸν
2550 1081 2689 1151 μετὰ
2720 1081 2992 1153 σώματος,
3038 1083 3131 1136 καὶ
3176 1083 3267 1138 τὸν
3309 1086 3502 1156 τροφέα
3538 1091 3724 1160 τρέφεις

2216 1172 2471 1241 γάλακτι,
2516 1175 2713 1243 πεῖραν
2757 1174 2951 1245 ἀνδρὸς
2984 1176 3060 1246 μὴ
3109 1174 3333 1243 γνοῦσα,
3374 1177 3523 1242 αὐτὸς
3548 1179 3615 1243 ὡς
3639 1178 3724 1235 εἶδε

2218 1263 2398 1333 μόνος.

2300 1354 2661 1426 Ἀγιάσματος
2677 1356 2847 1426 σκηνὴ
2862 1355 3203 1427 δεδειγμένη,
3229 1357 3432 1428 Μαρία,
3454 1359 3727 1429 μιανθεῖσαν

2216 1445 2429 1515 ἡδοναῖς
2460 1446 2559 1517 τὴν
2606 1446 2798 1500 ἀθλίαν
2832 1464 2933 1516 μου
2987 1447 3163 1518 ψυχὴν
3215 1449 3454 1518 ἁγίασον,
3482 1452 3565 1504 καὶ
3606 1452 3728 1516 θείας

2215 1536 2373 1608 δόξης
2410 1538 2637 1607 μέτοχον
2667 1537 2914 1609 ποίησον.

2286 1721 2697 1794 Καθαρωτάτην
2718 1722 2885 1792 μόνην
2924 1740 2982 1775 σε
3023 1721 3221 1795 εὑρὼν,
3252 1722 3564 1794 πανὰμωμε,
3588 1724 3729 1793 Λόγος

2214 1810 2599 1882 καθαρώτατος
2628 1812 2763 1865 Θεοῦ
2796 1830 2889 1866 σου
2941 1815 3006 1865 ἐκ
3049 1812 3288 1882 γαστρὸς
3321 1813 3619 1883 ἀποτεχθεὶς
3653 1833 3728 1867 πι-

2145 1899 2186 1955 Β
2216 1902 2375 1967 στοὺς
2403 1904 2655 1973 καθαίρει
2682 1906 2983 1977 μολυσμοῦ,
3011 1907 3318 1978 Θεόνυμφε,
3348 1907 3728 1978 προσγενομένου

2213 1996 2346 2066 ἡμῖν
2371 1995 2432 2061 ἐξ
2459 1997 2730 2068 ἀκρασίας
2755 1998 2964 2053 παθῶν.

2292 2179 2382 2242 Ὠς
2412 2178 2615 2251 ὄμϐρος
2647 2180 2705 2232 ἐν
2760 2181 2942 2251 μήτρᾳ
2988 2198 3080 2234 σου
3124 2181 3393 2251 κατῆλθεν
3441 2183 3467 2235 ὁ
3517 2183 3730 2253 Χριστὸς,

2214 2273 2307 2326 καὶ
2332 2274 2511 2326 πᾶσαν
2537 2274 2865 2345 κατήρδευσε
2896 2275 2994 2345 τὴν
3030 2274 3205 2327 κτίσιν
3256 2275 3481 2345 ἀληθῶς,
3513 2274 3728 2347 ξηράνας,

2214 2365 2480 2436 Παρθένε,
2518 2364 2771 2437 θολεροὺς
2812 2368 3088 2437 ποταμοὺς
3110 2366 3522 2437 εἰδωλομανίας,
3547 2369 3573 2420 ὁ
3600 2367 3730 2436 μόνος

2211 2457 2531 2528 εὐεργέτης.

2283 2552 2471 2603 Φεῖσαι
2504 2546 2659 2619 ἡμῶν
2699 2549 2807 2602 τῶν
2859 2548 3169 2617 ὑμνούντων
3204 2568 3323 2616 σου,
3363 2548 3546 2617 Κύριε,
3568 2550 3653 2621 τὴν
3679 2551 3730 2602 ὲκ

2206 2641 2485 2711 Παρθένου
2516 2639 2896 2711 ἀνέκφραστον
2918 2641 3194 2711 γέννησιν,
3235 2641 3545 2712 πειρασμῶν
3566 2641 3730 2711 ῥυόμε-

2205 2750 2314 2795 νος,
2348 2733 2441 2785 καὶ
2494 2731 2704 2795 παθῶν,
2748 2733 2842 2784 καὶ
2890 2732 3125 2802 θλίψεων
3170 2737 3295 2798 ταῖς
3348 2735 3566 2798 ἱκεσίαις
3590 2734 3729 2801 αὐτῆς

2204 2825 2329 2887 τοὺς
2367 2828 2493 2885 σοὺς
2518 2822 2758 2886 οἰκέτας,
2789 2822 2865 2886 ὡς
2908 2823 3205 2894 εὐεργέτης
3237 2826 3333 2878 καὶ
3389 2824 3540 2895 μόνος
3566 2822 3728 2892 φιλάν-

2206 2914 2447 2985 θρωπος.

1525 3001 1609 3055 Ex
1651 3020 1845 3059 canone
1875 3007 1929 3060 in
1968 3007 2027 3063 S.
2062 3008 2335 3065 Marinum
2374 3007 2529 3079 (97‘),
2562 3008 2645 3063 die
2678 3008 2765 3064 16.

602 3120 919 3176 Multinnma
958 3119 1169 3190 puella,
1218 3118 1367 3173 salve
1421 3134 1436 3173 :
1486 3128 1672 3173 sancta
1725 3120 1887 3174 Maria
1935 3120 2105 3176 Mater

524 3216 755 3277 Christi,
789 3222 843 3266 et
880 3212 1044 3282 Virgo
1077 3229 1090 3265 :
1124 3212 1359 3265 ﬁdelium
1398 3210 1667 3280 gloriatio,
1704 3213 2099 3269 maledictiouis

532 3305 867 3373 redemptio,
901 3301 1026 3356 Erae
1072 3302 1369 3366 revocatio,
1416 3302 1742 3356 miraculum
1789 3303 2101 3374 inintelligi-

532 3397 659 3459 bile,
688 3395 863 3449 rubus
900 3392 1303 3456 incombustus,
1332 3401 1477 3444 terra
1512 3390 1737 3446 inculta.

607 3485 1084 3554 Diviniloquorum
1126 3483 1515 3552 prOphctarum
1548 3496 1728 3547 voces,
1768 3485 2099 3553 praenuntia-

532 3588 728 3634 verunt
758 3585 812 3631 te
833 3616 848 3639 ,
883 3590 915 3629 ο
972 3575 1134 3644 Virgo
1157 3616 1171 3638 ,
1216 3574 1456 3627 futuram
1487 3571 1578 3626 Dei
1609 3571 1975 3639 Genitricem,
2007 3577 2101 3646 qui

534 3679 757 3742 propter
784 3668 948 3738 238
975 3665 1300 3720 ineﬁabilem
1336 3665 1766 3720 misericordiam
1791 3682 1969 3733 suam,
1997 3668 2103 3723 htt-

535 3777 752 3817 inanam
787 3760 1018 3814 formam
1051 3758 1369 3827 assumpsit.

603 3856 897 3924 Rumpitur
963 3866 1119 3920 scpes
1192 3851 1429 3920 antiqua:
1487 3850 1888 3907 maledictionis
1950 3861 2103 3921 partu

532 3953 624 3999 luo
652 3963 671 3999 ς
719 3945 866 4014 paris
894 3944 1042 4002 enim
1079 3941 1248 3997 Deum
1294 3941 1645 4008 Emmanuel,
1680 3960 1712 3996 o
1753 3946 2060 4000 castissima
2085 3987 2101 4012 ,

531 4038 623 4106 qui
655 4035 1130 4090 benedietionibus
1159 4034 1443 4089 universos
1466 4043 1622 4089 terrai
1648 4036 1783 4091 ﬁnes
1813 4036 2105 4093 illustravit

531 4139 696 4196 atque
746 4128 1073 4182 exhilaravit
1108 4144 1121 4182 :
1178 4142 1336 4197 quem
1375 4127 1661 4182 laudantes
1685 4169 1699 4193 ,
1738 4136 1789 4182 te
1824 4144 1947 4183 cum
2000 4131 2103 4187 ﬁde

531 4220 921 4290 gloriﬁcamus.

600 4310 807 4365 Novum
852 4311 1009 4365 nobis
1063 4309 1300 4379 genuisti
1359 4306 1656 4373 infantem,
1716 4323 1749 4361 ο
1795 4321 1967 4373 casta,
2008 4312 2099 4380 qui

527 4420 589 4458 cx
624 4404 781 4458 Patre
812 4403 931 4457 sine
964 4411 1209 4470 tempore
1236 4408 1396 4453 natus
1425 4409 1506 4454 est
1531 4407 1656 4453 ante
1698 4400 1894 4453 sarcula
1930 4416 1943 4453 :
1973 4416 2103 4470 pro-

527 4508 733 4567 pterea,
761 4510 794 4548 ο
825 4493 1033 4557 Puella,
1069 4502 1119 4546 te
1150 4491 1348 4545 merito
1382 4490 1779 4545 beatiﬁcamus.

598 4587 817 4641 Portam
857 4596 910 4641 te
945 4585 1081 4640 vidit
1126 4582 1416 4650 Ezechiel,
1453 4597 1487 4637 ο
1525 4582 1775 4652 Deipara,
1814 4597 1912 4652 per
1941 4599 2102 4652 quant

528 4716 614 4771 Ex
667 4733 864 4771 canone
920 4716 974 4768 in
1034 4714 1167 4783 [esto
1204 4710 1264 4835 ᾖ.
1324 4710 1664 4834 ῗὲὺαειὶαηί,
1710 4718 1758 4763 ει
1804 4710 2101 4775 sociorum,

1244 4800 1289 4835 ιε
1397 4819 1411 4833 .

1244 4800 1289 4835 ιε
1324 4800 1411 4834 Ῑῦ.

598 4880 807 4934 Novum
846 4876 1012 4931 ﬁlium
1063 4872 1340 4945 peperisti,
1373 4887 1495 4926 eum
1526 4871 1617 4940 qui
1645 4885 1767 4923 cum
1799 4870 1954 4925 Patre
1978 4882 2101 4925 ante

524 5038 694 5091 l‘uiSse
748 5031 1019 5088 maledicti
1078 5030 1343 5099 serpentis
1392 5042 1601 5083 veneno
1650 5027 2014 5089 cumulatam,
2044 5036 2102 5080 ut

526 5112 628 5162 hoc
668 5118 825 5175 pacto
858 5104 1098 5175 humano
1129 5102 1309 5170 generi
1353 5099 1778 5175 amabiliusﬁe‘sset
1814 5106 1867 5152 et
1905 5098 2103 5175 divina:

528 5167 860 5232 inatei'uitati
907 5173 1099 5226 idonea
1135 5167 1586 5240 'prmpararetur?
1614 5167 1668 5240 ξι
1706 5168 2096 5240 cx‘mentein-

525 5247 697 5317 signis
748 5244 977 5317 theologi
1015 5242 1100 5311 (ut
1150 5236 1224 5317 in
1262 5236 1362 5317 suo
1412 5237 1701 5317 Opere‘De
1754 5236 2103 5317 Conceptione

526 5309 604 5370 n.'
637 5316 775 5371 1452
847 5309 1051 5382 optime
1126 5310 1483 5382 ratiocinatur
1554 5310 1746 5382 Pintus
1810 5309 2100 5382 [tamyren

525 5378 1268 5456 phantastica'iilla_specie
1324 5380 1612 5456 columbae,
1659 5379 1825 5456 etiam
1896 5378 2099 5456 Spiritu

526 5448 715 5512 Sancto
775 5454 994 5525 gravida
1052 5448 1265 5525 horrori
1322 5448 1635 5525 hominibus
1694 5449 1935 5525 veniret,
1972 5448 2099 5525 quia

527 5544 650 5581 vera
694 5517 983 5595 aliquando
1037 5522 1287 5595 columba
1332 5517 1808 5595 ips_ius_d:emonis
1851 5517 2088 5595 b_aj_ulam

527 5616 583 5652 se
628 5589 908 5667 gessisset,
935 5595 1063 5663 quid
1116 5592 1160 5644 si
1207 5592 1292 5643 Illa
1332 5589 1608 5667 columba,
1640 5604 1803 5656 quam
1840 5589 2093 5667 diabolus

528 5658 703 5736 reipsa
785 5658 1335 5736 indueret._poStea_
1399 5662 1774 5736 indumentum
1856 5658 2093 5736 Spiritus

526 5728 695 5791 sancti
728 5733 1099 5790 scriberetur?
1132 5732 1186 5784 Si
1229 5730 1372 5783 nulla
1407 5730 1621 5783 latentis
1666 5729 1756 5781 Dei
1798 5728 2094 5781 mundities

528 5810 777 5861 umbram
820 5808 1013 5875 priscae
1040 5803 1303 5857 columba:
1347 5802 1503 5875 nobis
1548 5800 1795 5875 redderet
1832 5798 2094 5875 plausibi-

530 5880 657 5943 lem,
685 5869 893 5947 quid'si
934 5876 1135 5930 veritas
1166 5876 1281 5941 ipsa
1310 5871 1690 5924 obtruderctur
1711 5869 1732 5921 ?
1757 5869 1944 5936 Cogita
1967 5883 2096 5936 ergo

2214 3122 2461 3178 transivit
2507 3121 2599 3175 Sol
2632 3120 2853 3191 gloriae,
2895 3122 2987 3193 qui
3029 3122 3309 3178 hominem
3350 3138 3378 3177 a
3430 3123 3729 3192 corruptione

2209 3217 2407 3286 eripuit
2443 3234 2456 3270 :
2505 3228 2666 3285 quem
2708 3214 3007 3285 deprecare
3038 3232 3137 3288 pro
3168 3216 3537 3288 redemptione
3575 3231 3728 3270 servo-

2207 3322 2326 3360 rum
2359 3316 2598 3360 tuorum.

2280 3397 2372 3454 Dei
2424 3398 2655 3469 genitrix
2690 3398 2882 3465 Maria,
2936 3399 3199 3471 impensis
3240 3400 3493 3471 precibus
3529 3401 3729 3472 supplice

2208 3491 2439 3545 Domino
2473 3506 2537 3545 ac
2581 3491 2717 3547 Filio
2757 3502 2875 3555 tuo,
2909 3502 2965 3547 ut
2994 3494 3062 3548 ab
3104 3493 3228 3564 igne
3266 3494 3553 3548 liberentur
3581 3495 3631 3557 ii,
3656 3494 3728 3563 qui

2208 3598 2332 3636 cum
2374 3582 2565 3636 aﬂ‘ertu
2621 3583 2964 3639 modulantes
3005 3592 3211 3638 canunt
3269 3602 3282 3638 :
3337 3585 3636 3641 Benedictus
3664 3599 3729 3648 es,

2208 3670 2349 3726 Deus
2384 3680 2626 3741 patrum.

2280 3760 2423 3816 Vidit
2462 3771 2513 3817 te
2549 3761 2720 3818 Jacob
2753 3763 2954 3818 scalam
2980 3805 2995 3830 ,
3026 3779 3058 3818 ο
3090 3764 3422 3833 purissima,
3465 3764 3514 3817 in
3546 3779 3636 3833 qua
3665 3763 3729 3816 in-

2205 3855 2367 3909 nixus
2392 3865 2510 3909 erat
2543 3856 2705 3921 Deus,
2734 3871 2764 3911 e
2796 3866 2937 3910 terra
2969 3858 3033 3909 ad
3057 3858 3260 3911 caelum
3293 3858 3533 3912 exaltans
3552 3872 3635 3911 eos
3655 3857 3726 3924 qui

2205 3963 2329 4002 cum
2374 3948 2678 4002 Ol'lllOtiOXﬂ
2712 3949 2815 4003 ﬁde
2846 3950 3085 4003 clamant
3124 3950 3349 4006 assidue
3385 3966 3400 4003 :
3439 3947 3727 4009 Benedicitu-,

2205 4055 2369 4109 opera
2408 4040 2645 4104 Domini,
2683 4041 2994 4095 Dominum.

2278 4131 2439 4186 Facta
2486 4132 2579 4186 Dei
2627 4132 2795 4187 Μειιρι·
2825 4134 3012 4203 procul
3059 4132 3127 4186 ab
3175 4134 3326 4187 omni
3360 4132 3643 4204 corruptela
3681 4144 3730 4181 ac

2206 4224 2385 4288 sorde,
2416 4223 2673 4278 omnibus
2720 4225 2975 4293 supernis
3019 4224 3308 4278 ordinibus
3355 4242 3493 4278 nunc
3524 4222 3731 4278 eminen-

2206 4312 2313 4366 tior
2351 4312 2549 4376 sedes;
2581 4320 2744 4381 teque
2792 4312 3049 4376 laudant,
3083 4323 3135 4367 et
3164 4328 3291 4367 cum
3334 4316 3524 4367 allectu
3557 4317 3729 4365 beatam

2204 4404 2394 4457 dicunt
2427 4417 2617 4457 omnes
2657 4407 3071 4473 generationes,
3121 4406 3574 4476 quemadmodum
3620 4414 3726 4470 pra:-

2137 4529 2178 4583 D
2207 4493 2468 4557 dixisti,o
2498 4502 2646 4548 casta
2682 4511 2696 4548 :
2734 4505 3017 4565 propterea
3060 4498 3127 4552 ab
3156 4498 3308 4553 omni
3348 4495 3648 4551 necessitate
3681 4490 3733 4543 Ιλο

2209 4585 2339 4639 bera
2382 4584 2645 4639 mundum
2686 4586 2939 4656 precibus
2978 4587 3106 4642 tuis.

2134 3180 2175 3236 C

2216 4711 2308 4763 Ἐκ
2340 4710 2445 4764 τοῦ
2486 4711 2746 4776 κανόνος
2780 4712 2868 4776 εις
2908 4710 3015 4764 τὸν
3064 4710 3236 4780 ἅγιον
3277 4710 3540 4777 μάρτυρα
3584 4704 3733 4761 27660-

2340 4782 2631 4843 στιανὺν,
2667 4782 2763 4835 καὶ
2797 4782 2937 4846 τοὺς
2970 4781 3093 4835 σὺν
3129 4781 3311 4846 αὐτῷ,
3336 4780 3519 4849 ἡμέρᾳ
3541 4784 3620 4845 ιη’.

2270 4871 2408 4925 Νέον
2475 4872 2793 4943 ἁπεκύησας
2837 4873 2972 4939 υἱὸν,
3034 4873 3127 4926 τὸν
3182 4874 3287 4942 πρὸ
3349 4870 3552 4926 αἰώνων
3592 4862 3733 4933 Πατρὶ

2203 5029 2510 5080 Columbam
2540 5035 2780 5082 nostram
2819 5028 2993 5095 reipsa
3039 5030 3107 5081 ab
3137 5029 3349 5097 origine
3397 5025 3639 5097 daemonis
3659 5021 3734 5097 bﬂf

2200 5097 2394 5167 julam,
2420 5108 2473 5151 et
2502 5100 2715 5165 putabis
2747 5115 2849 5153 non
2880 5089 3114 5151 futuram
3147 5089 3365 5153 Chiisto
3391 5096 3591 5151 horrori
3611 5089 3734 5167 ntali

2204 5162 2393 5221 eadem
2435 5162 2660 5236 baiulari
2708 5168 3210 5237 pateretur?Foret
3244 5171 3335 5221 tibi
3372 5181 3532 5221 exosa
3561 5162 3734 5232 species

2205 5239 2470 5291 columbae
2496 5254 2524 5291 a
2558 5240 2732 5306 primo
2778 5240 2999 5301 seculo,
3024 5250 3078 5291 et
3108 5238 3324 5291 Christo
3376 5237 3731 5306 veniret‘grala

2204 5310 2405 5360 veritas
2439 5298 2599 5371 paulo
2635 5318 2760 5363 ante
2794 5298 3202 5377 pra-corrupta?
3229 5310 3291 5361 Et
3322 5317 3496 5360 tamen
3510 5298 3734 5377 columba

2206 5379 2339 5430 mhil
2384 5381 2561 5446 reipsa
2599 5394 2628 5431 a
2662 5374 2906 5432 dannone
2931 5374 3296 5441 contraheret,
3332 5378 3466 5446 nihil
3506 5374 3605 5446 Deo
3645 5380 3735 5446 Ira:

2204 5449 2373 5509 deret,
2412 5434 2540 5516 quid
2605 5459 2784 5502 autem
2844 5449 2966 5501 inde
3026 5434 3374 5502 contraheret
3424 5434 3733 5516 Maria,quitl

2199 5516 2307 5570 Deo
2349 5515 2494 5571 dedit
2532 5534 2722 5572 omnes
2768 5528 2988 5572 norunt.
3025 5518 3223 5583 Quidni
3254 5533 3383 5587 ergo
3422 5515 3732 5583 purissimam

2198 5588 2250 5658 in
2300 5588 2514 5658 intimis
2560 5590 2858 5657 hospitium
2903 5600 2956 5642 et
2991 5590 3324 5658 singularem
3379 5588 3619 5640 thronum
3658 5593 3731 5654 eo:

2196 5656 2440 5711 lumbaui
2480 5656 2862 5713 Verbo’divino
2896 5656 3111 5727 pararei
3151 5659 3385 5728 Spiritus
3416 5659 3732 5728 sanctus,qtil

2199 5728 2307 5806 sibi
2349 5728 2588 5835 vitiatam
2617 5731 2781 5784 etiam
2817 5726 3082 5784 columbae
3122 5726 3370 5783 umbram
3413 5726 3616 5793 penitus
3640 5731 3736 5769 ein-

2203 5805 2330 5835 lavrl
2356 5802 2363 5813 ⁸

2203 5802 2369 5851 ιιινίιῖ

2276 5867 2409 5938 (97')
2446 5867 2603 5922 Deest
2632 5868 2684 5921 in
2723 5866 2943 5924 Menaeis
2977 5867 3280 5938 impressis.
