4038 6630
334 481 360 546 l
371 479 478 544 Ξδῦ

1705 482 2067 543 MARIALE.

3452 467 3584 544 1:66

333 587 749 660 συννοούμενον,
815 586 1032 657 φύσεως
1089 586 1385 642 καινίσασα
1447 588 1644 660 νόμους
1669 629 1685 656 ,
1742 591 1903 662 ἁγνὴ,

2011 591 2208 649 εωουιο
2262 590 2425 648 simul
2477 605 2598 648 esse
2653 589 3008 661 intelligitur;
3066 605 3130 646 ac
3190 597 3396 644 natura:
3435 589 3580 659 leges

331 680 756 751 Ιῖαρθενομῆτορ
793 679 1063 751 ἄχραντε,
1115 681 1174 733 ἐν
1206 682 1274 752 τῇ
1323 678 1466 751 ὑπὲρ
1511 680 1675 751 φύσιν
1729 685 1903 755 σεπτῇ

332 770 426 824 καὶ
459 770 580 842 θείᾳ
605 771 856 842 γεννήσει
879 787 998 825 σου.

409 955 686 1025 ’Ᾱγίασμα
717 954 908 1026 ὤφθης
942 956 1134 1026 νοητὸν
1163 957 1260 1011 τοῦ
1295 957 1508 1021 πάντας
1558 955 1903 1026 ἁγιάζοντος,

327 1048 424 1100 καὶ
450 1047 710 1118 καθαρὸν,
737 1047 1068 1117 πανάμωμε,
1092 1049 1378 1120 σκήνωμα·
1412 1052 1476 1105 ὲκ
1505 1049 1598 1103 σοῦ
1617 1050 1728 1120 γὰρ
1751 1046 1906 1119 ὤφθη

328 1137 462 1200 Θεὸς
485 1135 879 1208 σαρκούμενος,
908 1139 1004 1191 καὶ
1022 1137 1243 1202 διπλοῦς
1271 1139 1469 1208 φύσεσι
1496 1139 1686 1210 κόσμῳ
1709 1154 1908 1210 γνωρι-

327 1226 559 1296 ζόμενος
597 1229 655 1281 ὲν
687 1227 788 1298 μιᾷ
823 1227 1144 1292 ὑποστάσει,
1180 1228 1484 1299 Θεόνυμφε.

398 1411 582 1482 Μόνην
600 1429 660 1466 σε
676 1409 866 1466 πασῶν
887 1411 952 1464 ὲκ
985 1410 1190 1480 γενεῶν
1216 1409 1502 1476 ἐξελέξατο
1529 1410 1559 1462 ὀ
1584 1409 1908 1480 ὑπερούσιος

324 1503 481 1568 Θεὸς,
528 1505 624 1558 καὶ
665 1503 905 1574 οὗσιὼθη
932 1504 1002 1558 δι’
1045 1505 1196 1574 ἡμᾶς
1243 1504 1536 1574 γενόμενος
1566 1503 1853 1576 ἄνθρωπος
1880 1506 1909 1558 ό

324 1597 705 1668 πλαστουργὸς
720 1595 820 1666 τῆς
832 1587 1182 1668 ἀνθρωπίνης
1197 1597 1507 1669 ὑπάρξεως,
1519 1596 1906 1670 Θεογεννῆτορ,

325 1708 401 1743 πα
409 1691 636 1760 νάμωμε
664 1688 952 1744 Δέσποινα.

406 1775 729 1845 Ὑπέρφωτε
755 1775 849 1830 τοῦ
893 1775 1048 1848 ἡλίου
1078 1777 1302 1847 νεφέλη,
1336 1775 1668 1848 πανὰμωμε,
1700 1777 1906 1832 ἀπέλα-

326 1883 421 1918 σον
444 1865 548 1935 τῆς
584 1866 768 1938 ψυχῆς
807 1885 910 1939 μου
948 1869 1019 1923 τὰ
1052 1869 1190 1940 νέφη
1223 1869 1493 1941 πρεσϐείᾳ
1531 1885 1646 1936 σου,
1690 1869 1788 1924 καὶ
1815 1870 1906 1924 τὸν

323 1956 460 2009 νοῦν-
499 1963 602 2027 μου
649 1957 885 2027 φώτισον
933 1963 1000 2033 τῇ
1052 1961 1287 2034 ἀμελείᾳ
1333 1960 1705 2029 σκοτισθέντα,
1757 1964 1905 2027 ὅπως
1938 1955 1977 2009 Β

323 2049 480 2120 ὕμνῶ
517 2066 600 2116 σε,
641 2050 984 2124 πανύμνητε.

391 2237 696 2310 Φθαρεῖσαν
729 2237 828 2310 τὴν
853 2239 1010 2310 ἡμῶν
1055 2241 1118 2294 ἐκ
1157 2241 1522 2310 παραϐάσεως
1555 2243 1751 2296 οὐσίαν
1783 2243 1908 2296 ἀνε-

321 2329 594 2397 καίνισας,
637 2330 728 2385 τὸν
753 2332 1062 2397 καινίζοντα
1083 2333 1150 2386 τὰ
1203 2334 1384 2388 πάντα
1431 2335 1607 2406 θεῖκῷ
1658 2335 1908 2407 μόνῳτῷ

321 2418 629 2490 βουλήματι
658 2423 929 2493 κυήσασα,
953 2424 1012 2477 ὲν
1043 2423 1290 2492 γυναιξὶν
1327 2425 1670 2496 εὐλογημένη
1695 2425 1905 2496 Θεοχα-

323 2530 352 2582 ρ
363 2512 543 2567 ίτωτε.

394 2603 642 2676 Στάμνον
696 2607 928 2678 χρυσῆν,
995 2609 1270 2679 παναγίαν
1327 2610 1607 2681 τράπεζαν
1630 2610 1724 2665 τοῦ
1771 2609 1907 2666 Θεοῦ

319 2694 488 2766 ἄρτου
519 2698 618 2768 τῆς
651 2699 818 2768 ζωῆς,
853 2700 1193 2772 όνομάζομέν
1226 2720 1310 2768 σε,
1337 2703 1498 2774 ἁγνὴ,
1533 2705 1699 2758 τόπον
1745 2704 1909 2774 ἁγιά-

321 2809 554 2864 σματος,
581 2792 773 2865 θρόνον
807 2792 1172 2864 ὑψηλότατον,
1206 2798 1265 2850 ὲν
1293 2789 1338 2865 ᾧ
1371 2797 1504 2862 Θεὸς
1527 2797 1909 2866 ἀνεπαύσατο,

317 2887 350 2939 ὁ
372 2883 582 2948 αίνετὸς
607 2885 716 2938 τῶν
752 2884 1008 2957 πατέριον
1041 2886 1198 2952 Θεός.

411 2973 713 3046 Ὠραιὼθης
737 2976 941 3042 τέξασα
973 2977 1106 3030 Θεὸν
1133 2978 1335 3050 ὡραῖον
1361 2978 1455 3034 καὶ
1489 2979 1766 3050 Δεσπότην
1814 2981 1908 3036 τὸν

321 3065 495 3131 θείαις
523 3067 1042 3140 καταφαιδρύναντα
1073 3070 1253 3123 ἀκτῖσι
1287 3072 1413 3137 τοὺς
1453 3071 1698 3142 βροτοὺς,
1732 3072 1906 3143 ἁγνὴ,

317 3149 368 3223 ᾧ
425 3156 847 3230 κραυγάζομεν’
880 3159 1187 3229 Εὐλογεῖτε,
1230 3161 1404 3216 πάντα
1460 3161 1528 3216 τὰ
1585 3162 1744 3232 ἔργα,
1815 3162 1907 3215 τὸν

321 3247 550 3320 Κύριον.

387 3338 604 3410 Φρίττει
629 3341 793 3412 νοερὰ
825 3341 1208 3414 στρατεύματα
1233 3345 1292 3396 τὸ
1311 3341 1405 3396 τοῦ
1449 3343 1663 3415 Πατρὸς
1693 3343 1906 3415 ὁρῶντα

321 3427 466 3483 θεῖον
498 3430 867 3504 ἀπαύγασμα,
905 3434 998 3488 σοῦ
1026 3437 1226 3499 ὲνταῖς
1252 3435 1436 3507 χερσὶν
1481 3434 1903 3506 ἁνερμηνεύτως

321 3519 715 3590 κρατούμενον,
762 3523 855 3577 καὶ
884 3524 945 3577 τὸ
980 3525 1070 3580 σὸν
1117 3527 1462 3598 κεκτημένον
1498 3525 1775 3595 ὁμοίωμα,
1817 3524 1905 3577 ἵνα

319 3611 550 3682 βροτοὺς
583 3613 782 3689 θεώσῃ,
819 3617 1252 3690 Παρθενομῆτορ
1285 3617 1654 3689 ἁπειρόγαμε.

331 3741 439 3795 Ἐκ
484 3740 591 3796 τοῦ
622 3744 882 3808 κανόνος
905 3745 993 3810 εις
1027 3745 1328 3816 τὸννᾶγιον
1359 3745 1628 3816 μάρτυρα
1650 3746 1908 3814 Βονιεοά-

868 3831 1014 3883 τιον,
1043 3815 1231 3885 ἡμέρᾳ
1267 3815 1352 3871 ιϐ’.

399 3937 474 3991 Τὸ
498 3938 626 4009 ὄρος
650 3938 746 3993 τοῦ
780 3939 939 4005 Θεοῦ,
987 3941 1186 4015 Δανιὴλ
1233 3942 1260 3994 ὅ
1291 3944 1526 4013 προεῖδε,
1567 3941 1664 4013 τὴν
1700 3942 1905 4012 σκηνὴν

317 4026 422 4098 τὴν
477 4032 697 4102 νοητὴν,
745 4031 843 4103 τὴν
888 4032 1074 4086 πλάκα
1112 4032 1211 4103 τὴν
1252 4034 1476 4105 σεπτὴν,
1524 4033 1584 4086 τὸ
1616 4033 1715 4103 τῆς
1748 4031 1906 4100 δόξης

320 4121 596 4193 ἁγίασμα,
623 4123 902 4195 τράπεζαν
939 4124 1029 4179 τὸν
1055 4125 1197 4180 θεῖον
1223 4125 1384 4196 ἄρτον
1416 4125 1516 4196 τὴν
1551 4126 1901 4197 χωρήσασανν

320 4212 534 4283 ᾀσμασι
563 4214 658 4285 τὴν
699 4216 861 4285 ἁγίαν
891 4217 1169 4290 Παρθένον
1208 4218 1566 4289 ὑμνήσωμεν.

407 4393 634 4448 Ἑαυτὸν
659 4396 922 4450 ἐκένωσεν
948 4399 1007 4451 ἐν
1051 4401 1117 4471 τῇ
1154 4398 1354 4470 γαστρί
1380 4415 1495 4462 σου,
1549 4397 1626 4471 μὴ
1658 4397 1902 4462 κενώσας

315 4486 449 4551 τοὺς
483 4488 786 4558 Πατρικοὺς
813 4489 1047 4554 κόλπους
1067 4493 1094 4544 ὁ
1139 4489 1466 4560 ὑπερούσιος
1497 4491 1652 4556 Θεὸς,
1685 4490 1782 4545 καὶ
1811 4492 1902 4552 σὸς

321 4577 437 4642 υἱὸς
480 4578 720 4648 έγένετο,
751 4581 1087 4653 πανόιμωμε,
1127 4583 1314 4647 σώζων
1341 4582 1404 4636 τὸ
1433 4581 1793 4654 ἀνθρώπινον.

389 4760 699 4833 Παρθενίαν
727 4765 865 4834 μετὰ
886 4763 1046 4819 τόκον
1073 4762 1516 4836 ὲσφραγισμένην
1537 4762 1894 4829 κατανοοῦσα,

317 4853 496 4925 Κόρη,
519 4856 610 4909 τὸν
637 4857 930 4928 ἀφράστως
949 4858 1207 4930 τεχθέντα
1229 4858 1402 4927 Λόγον
1429 4858 1494 4912 ἐκ
1520 4857 1764 4927 λαγόνων
1804 4874 1898 4912 σου

319 4946 526 5012 πιστῶς
553 4948 903 5019 ὲμεγάλυνες.

391 5200 502 5272 (98)
533 5200 596 5256 P.
628 5201 785 5258 Joan.
814 5202 1014 5258 Euseb.
1047 5201 1491 5273 Niereinbergius
1526 5203 1580 5256 in
1626 5203 1742 5258 suis
1790 5202 1895 5257 Ex-

317 5273 663 5344 ceptionibus
696 5290 838 5344 _7cap.
874 5274 960 5338 15,
995 5289 1223 5344 cumet
1263 5289 1538 5344 anOnymo
1575 5273 1756 5344 prisco
1795 5288 1893 5327 an-

317 5353 468 5414 ctore
483 5343 672 5397 Graeco
695 5341 978 5414 Dei'param
999 5341 1889 5414 Virginemzappellassettabulam

317 5431 346 5467 a
390 5413 500 5466 Deo
547 5412 826 5482 scriptam,
853 5414 1070 5484 subdit:
1109 5434 1127 5466 ι
1171 5412 1438 5468 Nimirum
1483 5429 1580 5484 per
1624 5412 1888 5482 Spiritum

316 5492 594 5546 sanctum,
633 5485 726 5552 qui
764 5486 882 5540 suis
908 5483 1037 5540 Eam
1067 5483 1571 5540 cbaracteribusab
1599 5485 1714 5554 ipsa
1749 5499 1886 5539 eon-

317 5554 594 5621 eeptione,
625 5569 733 5621 qua
780 5554 1011 5609 formata
1044 5554 1166 5619 fuit,
1199 5555 1503 5618 exornavit,
1527 5569 1625 5608 nee
1653 5554 1796 5607 enim
1833 5555 1883 5605 in

319 5625 410 5695 illa
458 5624 608 5695 prius
647 5625 849 5694 aliquid
900 5627 1191 5695 scripserat
1243 5626 1476 5680 daemon.
1514 5643 1530 5674 ι
1578 5624 1779 5695 Allndit
1821 5623 1888 5676 ad

318 5694 536 5749 tabulas
568 5694 701 5764 legis
729 5692 897 5764 digito
926 5692 1027 5749 Dei
1048 5697 1303 5765 scriptas,
1343 5710 1574 5764 quarum
1607 5692 1891 5764 perfectio,

319 5773 542 5834 propter
585 5780 748 5832 quam
795 5766 992 5821 dicitur
1043 5767 1124 5820 lex
1163 5765 1252 5819 Dei
1310 5765 1678 5830 immaculata,
1705 5775 1893 5834 typum

316 5833 592 5905 referebat
619 5836 980 5890 Sanctissimae
1006 5835 1206 5890 Mariae.
1243 5835 1354 5890 lloe
1396 5835 1567 5905 magis
1588 5833 1897 5905 declaratur

315 5921 382 5961 ex
415 5902 634 5961 Menaeis
663 5905 870 5963 GHIBClS
899 5907 988 5962 die
1024 5907 1086 5968 10
1112 5905 1283 5975 Junii,
1306 5905 1407 5963 ode
1431 5902 1576 5971 9,'de
1605 5904 1661 5961 S.
1691 5904 1900 5961 Metho-

2009 685 2303 749 innm'asti,
2336 699 2370 738 ο
2400 695 2548 739 easta
2597 681 2779 753 Virgo,
2808 694 2980 738 mater
3021 682 3278 737 inviolata
3319 683 3373 736 in
3420 694 3577 751 parin

2011 786 2105 832 tuo
2136 776 2319 830 divino
2347 791 2409 830 ac
2441 775 2751 830 venerando
2773 817 2786 838 ,
2833 774 2925 844 qui
2956 772 3057 829 fuit
3087 788 3252 844 supra
3279 781 3446 826 totam
3482 786 3582 824 na-

2010 877 2213 924 turam.

2081 959 2246 1015 Facta
2279 973 2338 1015 es
2368 959 2628 1028 spiritalis
2665 957 3023 1013 sanctificatio
3056 957 3204 1013 illius
3251 957 3340 1028 qui
3375 956 3583 1011 sancti-

2010 1051 2136 1106 ﬁcat
2168 1053 2443 1116 universa,
2471 1066 2535 1106 ac
2564 1051 2828 1106 mundum
2869 1050 3113 1119 ejusdem
3145 1045 3581 1108 tabernaculum,

2009 1159 2042 1198 ο
2089 1143 2591 1199 iinmacnlatissima
2639 1142 2803 1213 239
2846 1141 2936 1196 Dei
2975 1156 3209 1212 sponsa;
3242 1156 3305 1195 ex
3348 1148 3399 1195 te
3430 1139 3578 1194 cnim

2009 1238 2261 1307 apparuit
2317 1235 2460 1291 Deus
2501 1235 2820 1289 incarnatus
2876 1233 2970 1304 qui
3023 1234 3076 1287 in
3129 1232 3332 1302 duplici
3385 1240 3581 1288 natura

2008 1336 2171 1395 atque
2207 1326 2367 1382 unica
2414 1323 2692 1396 hypostasi
2729 1325 2934 1378 mundo
2966 1323 3296 1378 notilicatnr.

2080 1418 2156 1474 Te
2191 1417 2363 1474 solam
2395 1432 2460 1471 ex
2501 1415 2776 1471 universis
2810 1414 3255 1484 generationibus
3285 1413 3449 1482 elegit
3491 1427 3584 1468 su-

2009 1508 2492 1582 persubstantlalis
2525 1507 2704 1571 Deus,
2757 1514 2813 1562 et
2851 1505 3227 1563 substantialis
3277 1505 3454 1562 factus
3500 1515 3584 1561 est

2008 1612 2231 1676 propter
2257 1617 2358 1657 nos
2389 1609 2550 1656 natus
2577 1601 2777 1665 homo,
2817 1597 3141 1655 substantiae
3185 1599 3438 1654 humanae
3469 1595 3585 1668 pla-

2010 1705 2240 1760 smator,
2266 1709 2298 1749 ο
2326 1691 2420 1747 Dei
2451 1691 2720 1752 Genitrix,
2755 1689 3049 1761 purissima
3080 1687 3330 1744 Domina.

2080 1785 2124 1839 0
2180 1794 2289 1840 tota
2344 1783 2728 1846 immaculata,
2783 1780 3122 1836 lucidissima
3189 1781 3321 1836 solis
3375 1779 3582 1845 nubes,

2009 1875 2218 1946 depelle
2273 1874 2470 1928 anima:
2516 1888 2650 1927 meae
2697 1871 2872 1927 nubes
2913 1872 3404 1928 intercessionibus
3450 1872 3580 1932 tuis.

2006 1979 2059 2023 et
2114 1977 2349 2022 mentem
2400 1981 2574 2021 meam
2628 1966 2914 2029 illumina,
2961 1965 3306 2035 negligentia:
3342 1965 3582 2019 tenebris

2007 2060 2334 2126 obductam,
2369 2068 2428 2114 ut
2461 2058 2684 2113 laudare
2737 2057 2945 2128 possim
2991 2064 3075 2121 te,
3107 2069 3140 2110 ο
3171 2056 3425 2110 omnibus
3461 2057 3580 2109 lau-

2005 2152 2166 2207 dibus
2195 2151 2379 2222 digna.

2049 2243 2456 2324 “Substantiam
2503 2241 2866 2306 nostram,ob
2915 2240 3404 2313 transgressionem
3458 2253 3588 2294 cor-

2008 2345 2252 2408 ruptam,
2284 2336 2580 2400 renovasti,
2613 2336 2764 2391 illum
2796 2334 2978 2400 enixa,
3011 2332 3237 2406 quigsola
3271 2332 3452 2387 divina
3485 2347 3585 2385 vo-

2009 2429 2220 2486 luntate
2275 2444 2374 2486 sua
2421 2430 2648 2484 innovat
2693 2427 2974 2492 universa,
3031 2441 3065 2482 o
3111 2424 3396 2480 benedicta
3441 2425 3583 2480 inter

2009 2522 2288 2587 mulieres,
2318 2520 2504 2577 divina
2528 2518 2703 2590 gratia
2733 2517 3196 2574 cumulatissima.

2078 2612 2156 2668 Te
2206 2625 2397 2666 urnam
2451 2626 2712 2676 auream,
2761 2619 2813 2665 te
2871 2623 3116 2662 mensam
3176 2607 3583 2665 sanctissimam

2008 2701 2180 2759 divini
2204 2701 2360 2772 panis
2383 2700 2530 2768 vitae,
2557 2709 2608 2754 te
2637 2699 2818 2754 locum
2844 2696 3317 2758 sanctiﬁcationis.
3346 2711 3378 2750 ο
3408 2704 3581 2757 casta,

2008 2797 2383 2860 nominamus,
2417 2809 2482 2850 ac
2507 2794 2764 2848 thronum
2794 2791 3123 2846 altissimum
3155 2790 3208 2843 in
3234 2805 3343 2858 quo
3367 2789 3584 2858 l'CQlliC-r

2007 2890 2086 2944 vit
2111 2887 2400 2943 laudabilis
2432 2887 2576 2942 Deus
2611 2895 2825 2956 patrum
2856 2892 3196 2938 nostrorum.

2081 2979 2340 3051 Speciosa
2379 2978 2521 3034 facta
2551 2992 2632 3043 es,
2667 2992 2700 3031 ο
2731 2983 2879 3031 casta
2902 3015 2916 3040 ,
2951 2974 3259 3046 speciosum
3306 2973 3471 3033 Deum
3518 2987 3583 3027 ac

2009 3072 2300 3128 Dominum
2366 3069 2564 3133 enixa,
2619 3069 2712 3140 qui
2775 3066 2978 3122 divinis
3028 3064 3410 3134 splendor-ibus
3467 3063 3584 3122 Suis

2008 3167 2268 3222 mortales
2325 3166 2598 3229 illustrat;
2666 3161 2756 3218 cui.
2820 3160 3126 3220 clamamus
3179 3175 3192 3210 :
3247 3154 3578 3216 Benedicite.

2007 3259 2190 3312 omnia
2225 3271 2412 3327 opera,
2455 3255 2766 3316 Dominum,

2079 3349 2416 3405 Horrescunt
2443 3346 2720 3417 spiritales
2755 3342 3028 3406 exercitus
3055 3339 3300 3397 videntes
3333 3337 3580 3398 divinum

2006 3439 2186 3497 Patris
2236 3439 2622 3509 splendorem,
2655 3437 2709 3491 in
2759 3437 2866 3490 tuis
2917 3431 3172 3491 manibus
3213 3428 3578 3500 inexplicabili

2008 3533 2171 3589 modo
2210 3533 2511 3597 detentum,
2565 3540 2620 3586 et
2659 3527 3072 3588 similitudinem
3115 3533 3258 3579 tuam
3297 3522 3584 3593 possiden-

2009 3634 2138 3691 tem,
2169 3632 2228 3678 ut
2257 3623 2511 3683 homines,
2535 3619 2768 3683 deiﬁcet.
2797 3634 2831 3674 ο
2862 3618 3029 3691 Virgo
3059 3623 3234 3671 mater
3259 3615 3510 3684 innupta.

2009 3749 2094 3806 Ea:
2142 3766 2342 3806 canone
2377 3751 2431 3805 in
2466 3750 2600 3820 festo
2629 3746 2687 3804 S.
2722 3745 2991 3816 Bonifacii
3035 3743 3314 3813 martyris,
3353 3740 3440 3795 die
3493 3739 3580 3795 l9.

2080 3947 2315 4003 Montem
2350 3946 2469 4010 Dei,
2502 3958 2665 4014 quem
2711 3941 2899 3996 Daniel
2932 3939 3201 4011 praevidit,
3251 3939 3580 3993 tabernacu-

2007 4042 2120 4096 lum
2167 4039 2446 4110 spiritale,
2503 4035 2744 4091 tabulam
2783 4033 3147 4089 venerandam
3193 4031 3353 4100 (98),
3394 4030 3587 4100 glorim

2007 4130 2527 4194 sanctiticationem,
2593 4140 2836 4180 mensam
2898 4123 3100 4192 inqua
3152 4121 3310 4192 panis
3358 4121 3584 4175 divinus

2006 4223 2344 4287 continetur,
2415 4229 2662 4276 sanctam
2731 4217 3012 4287 Virginem
3077 4215 3309 4271 canticis
3368 4214 3582 4268 coll-auo

2003 4319 2215 4374 demus.

2073 4409 2236 4481 2&0
2266 4409 2518 4478 Seipsum
2562 4405 2862 4462 exinanivit
2901 4403 2954 4457 in
2988 4412 3144 4457 utero
3177 4411 3311 4467 tuo,
3353 4415 3452 4455 nec
3503 4407 3584 4453 ta-

2006 4516 2130 4556 men
2161 4500 2450 4555 Paternum
2485 4495 2782 4552 exinanivit
2822 4495 3003 4550 sinum
3037 4489 3583 4563 snpersubstantialis

2009 4593 2171 4654 Deus,
2195 4596 2248 4644 et
2281 4599 2410 4644 tuus
2470 4586 2616 4641 Illius
2646 4585 2847 4650 factus,
2880 4599 2913 4638 ο
2939 4582 3259 4654 purissima,
3284 4589 3344 4636 ut
3371 4579 3584 4634 salvum

1929 4689 1971 4743 D
2000 4683 2206 4739 faceret
2238 4695 2410 4752 genus
2446 4679 2772 4733 humanum.

2072 4774 2206 4830 Cum
2261 4772 2614 4843 intelligeres,
2662 4786 2695 4826 ο
2727 4769 2945 4836 Puella,
2999 4766 3370 4839 virginitatem
3429 4773 3580 4819 tna-n

2009 4873 2136 4936 post
2178 4871 2393 4933 partum
2431 4861 2724 4930 sigillatam
2781 4859 3186 4930 permansisse,
3238 4855 3477 4910 Verbum
3514 4869 3581 4908 ex

2011 4953 2314 5010 visceribus
2345 4952 2453 5008 tuis
2483 4950 2832 5007 ineﬂabiliter
2862 4957 3051 5003 natum
3116 4944 3345 5001 ﬁdeliter
3373 4941 3582 5012 magni-

2011 5046 2236 5101 ﬁcabas.

2005 5201 2117 5266 dio,
2149 5200 2239 5256 ubi
2272 5198 2508 5254 dicitur:

2286 5304 2356 5359 Te
2389 5319 2532 5358 nova:
2572 5302 2701 5374 legis
2733 5318 2966 5374 rarcam_
3007 5303 3298 5374 uocamus,‘

2284 5374 2500 5442 Unaque
2553 5371 2696 5430 nouae
2722 5373 2850 5443 legis
2893 5371 3154 5434 tabulam,

2273 5447 2350 5499 Ab
2400 5447 2511 5512 ipso
2551 5443 2781 5498 Numine
2813 5443 3096 5510 scalptum,

2285 5515 2386 5571 Cui
2421 5510 2578 5569 suum
2607 5514 2749 5568 Deus
2783 5512 3005 5567 Verbum
3039 5510 3334 5579 inscripsit,

1998 5622 2248 5685 Pulchre,
2292 5635 2438 5674 noua:
2472 5619 2603 5688 legis
2634 5616 2842 5682 tabula,
2870 5632 2899 5670 ο
2925 5614 3096 5688 veteri
3126 5613 3354 5688 peccati_
3380 5611 3496 5688 lege
3523 5629 3534 5659 ι
3561 5617 3582 5661 t

1999 5681 2276 5748 communi
2297 5691 2504 5760 antiqui
2524 5681 2708 5760 delicti
2734 5681 3014 5743 consortio
3033 5681 3244 5760 aliena;
3263 5681 3581 5760 _p_ulc_hrius:

2001 5765 2070 5819 ab
2103 5764 2219 5832 ipso
2249 5751 2482 5832 Numine
2503 5759 2735 5832 sculpta,
2772 5766 2828 5813 ut
2857 5755 3229 5826 conceptionis
3263 5751 3441 5810 Maria:
3473 5763 3581 5805 nou

2005 5829 2285 5891 nisi'Deus
2315 5829 2512 5887 artifex
2547 5829 2734 5887 fuerit.
