  <div class='ocr_page' id='page_1' title='image "/cluster/home/n/w/nwhite01/storage/ocr_20150623/105/hvd.32044013678347/643.png"; bbox 0 0 4038 6598; ppageno 0'>
   <div class='ocr_carea' id='block_1_1' title="bbox 468 423 611 489">
    <p class='ocr_par' dir='ltr' id='par_1_1' title="bbox 468 423 611 489">
     <span class='ocr_line' id='line_1_1' title="bbox 468 423 611 489; baseline -0.007 -1"><span class='ocrx_word' id='word_1_1' title='bbox 468 423 611 489; x_wconf 70' lang='lat'><strong>1267</strong></span> 
     </span>
    </p>
   </div>
   <div class='ocr_carea' id='block_1_2' title="bbox 468 628 2039 697">
    <p class='ocr_par' dir='ltr' id='par_1_2' title="bbox 468 628 2039 697">
     <span class='ocr_line' id='line_1_2' title="bbox 468 628 2039 697; baseline -0.002 -12"><span class='ocrx_word' id='word_1_2' title='bbox 468 632 710 686; x_wconf 86' lang='lat' dir='ltr'><strong>animam</strong></span> <span class='ocrx_word' id='word_1_3' title='bbox 761 646 974 697; x_wconf 84' lang='lat' dir='ltr'><strong>meam,</strong></span> <span class='ocrx_word' id='word_1_4' title='bbox 1013 641 1068 685; x_wconf 89' lang='lat' dir='ltr'><strong>et</strong></span> <span class='ocrx_word' id='word_1_5' title='bbox 1097 630 1306 686; x_wconf 89' lang='lat' dir='ltr'><strong>salvum</strong></span> <span class='ocrx_word' id='word_1_6' title='bbox 1362 628 1448 683; x_wconf 80' lang='lat' dir='ltr'><strong>[ac</strong></span> <span class='ocrx_word' id='word_1_7' title='bbox 1494 644 1602 692; x_wconf 88' lang='lat' dir='ltr'><strong>me,</strong></span> <span class='ocrx_word' id='word_1_8' title='bbox 1637 642 1671 680; x_wconf 91' lang='grc' dir='ltr'><strong>ο</strong></span> <span class='ocrx_word' id='word_1_9' title='bbox 1712 638 1884 690; x_wconf 85' lang='lat' dir='ltr'><strong>casta,</strong></span> <span class='ocrx_word' id='word_1_10' title='bbox 1917 642 2039 697; x_wconf 66' lang='lat' dir='ltr'><strong>qua:</strong></span> 
     </span>
    </p>
   </div>
   <div class='ocr_carea' id='block_1_3' title="bbox 468 718 1864 789">
    <p class='ocr_par' dir='ltr' id='par_1_3' title="bbox 468 718 1864 789">
     <span class='ocr_line' id='line_1_3' title="bbox 468 718 1864 789; baseline -0.006 -10"><span class='ocrx_word' id='word_1_11' title='bbox 468 726 803 780; x_wconf 81' lang='lat' dir='ltr'><strong>Salvatorem</strong></span> <span class='ocrx_word' id='word_1_12' title='bbox 846 723 1011 778; x_wconf 89' lang='lat' dir='ltr'><strong>Deum</strong></span> <span class='ocrx_word' id='word_1_13' title='bbox 1052 737 1239 778; x_wconf 85' lang='lat' dir='ltr'><strong>verum</strong></span> <span class='ocrx_word' id='word_1_14' title='bbox 1275 721 1328 775; x_wconf 89' lang='lat' dir='ltr'><strong>in</strong></span> <span class='ocrx_word' id='word_1_15' title='bbox 1367 729 1504 775; x_wconf 85' lang='lat' dir='ltr'><strong>terra</strong></span> <span class='ocrx_word' id='word_1_16' title='bbox 1539 718 1864 789; x_wconf 85' lang='lat' dir='ltr'><strong>corporasti.</strong></span> 
     </span>
    </p>
   </div>
   <div class='ocr_carea' id='block_1_4' title="bbox 540 808 2035 884">
    <p class='ocr_par' dir='ltr' id='par_1_4' title="bbox 540 808 2035 884">
     <span class='ocr_line' id='line_1_4' title="bbox 540 808 2035 884; baseline -0.003 -16"><span class='ocrx_word' id='word_1_17' title='bbox 540 816 733 872; x_wconf 82' lang='lat' dir='ltr'><strong>llubus</strong></span> <span class='ocrx_word' id='word_1_18' title='bbox 763 827 813 870; x_wconf 89' lang='lat' dir='ltr'><strong>te</strong></span> <span class='ocrx_word' id='word_1_19' title='bbox 833 824 958 870; x_wconf 86' lang='lat' dir='ltr'><strong>ante</strong></span> <span class='ocrx_word' id='word_1_20' title='bbox 986 813 1385 884; x_wconf 71' lang='lat' dir='ltr'><strong>prmtigurabat,</strong></span> <span class='ocrx_word' id='word_1_21' title='bbox 1410 827 1442 865; x_wconf 91' lang='lat' dir='ltr'><strong>o</strong></span> <span class='ocrx_word' id='word_1_22' title='bbox 1467 811 1614 865; x_wconf 92' lang='lat' dir='ltr'><strong>omni</strong></span> <span class='ocrx_word' id='word_1_23' title='bbox 1636 810 1795 864; x_wconf 91' lang='lat' dir='ltr'><strong>laude</strong></span> <span class='ocrx_word' id='word_1_24' title='bbox 1826 808 2035 878; x_wconf 69' lang='lat' dir='ltr'><strong>dignis-</strong></span> 
     </span>
    </p>
   </div>
   <div class='ocr_carea' id='block_1_5' title="bbox 467 899 2035 973">
    <p class='ocr_par' dir='ltr' id='par_1_5' title="bbox 467 899 2035 973">
     <span class='ocr_line' id='line_1_5' title="bbox 467 899 2035 973; baseline -0.006 -12"><span class='ocrx_word' id='word_1_25' title='bbox 467 908 628 973; x_wconf 82' lang='lat' dir='ltr'><strong>sima,</strong></span> <span class='ocrx_word' id='word_1_26' title='bbox 661 917 714 962; x_wconf 81' lang='lat' dir='ltr'><strong>et</strong></span> <span class='ocrx_word' id='word_1_27' title='bbox 740 907 1066 971; x_wconf 75' lang='lat' dir='ltr'><strong>castissima,</strong></span> <span class='ocrx_word' id='word_1_28' title='bbox 1094 904 1224 959; x_wconf 91' lang='lat' dir='ltr'><strong>dum</strong></span> <span class='ocrx_word' id='word_1_29' title='bbox 1254 904 1481 958; x_wconf 82' lang='lat' dir='ltr'><strong>ardebat</strong></span> <span class='ocrx_word' id='word_1_30' title='bbox 1511 913 1566 958; x_wconf 88' lang='lat' dir='ltr'><strong>et</strong></span> <span class='ocrx_word' id='word_1_31' title='bbox 1595 916 1703 955; x_wconf 90' lang='lat' dir='ltr'><strong>non</strong></span> <span class='ocrx_word' id='word_1_32' title='bbox 1748 899 2035 954; x_wconf 88' lang='lat' dir='ltr'><strong>combure-</strong></span> 
     </span>
    </p>
   </div>
   <div class='ocr_carea' id='block_1_6' title="bbox 472 990 2035 1054">
    <p class='ocr_par' dir='ltr' id='par_1_6' title="bbox 472 990 2035 1054">
     <span class='ocr_line' id='line_1_6' title="bbox 472 990 2035 1054; baseline -0.005 -3"><span class='ocrx_word' id='word_1_33' title='bbox 472 1001 631 1054; x_wconf 91' lang='lat' dir='ltr'><strong>hatur</strong></span> <span class='ocrx_word' id='word_1_34' title='bbox 683 1016 699 1053; x_wconf 92' lang='lat'><strong>:</strong></span> <span class='ocrx_word' id='word_1_35' title='bbox 746 998 945 1054; x_wconf 88' lang='lat' dir='ltr'><strong>etenim</strong></span> <span class='ocrx_word' id='word_1_36' title='bbox 1004 1005 1060 1050; x_wconf 93' lang='lat' dir='ltr'><strong>tu</strong></span> <span class='ocrx_word' id='word_1_37' title='bbox 1121 994 1381 1051; x_wconf 74' lang='lat' dir='ltr'><strong>similiter</strong></span> <span class='ocrx_word' id='word_1_38' title='bbox 1433 1008 1541 1046; x_wconf 88' lang='lat' dir='ltr'><strong>non</strong></span> <span class='ocrx_word' id='word_1_39' title='bbox 1601 1007 1661 1047; x_wconf 91' lang='lat' dir='ltr'><strong>es</strong></span> <span class='ocrx_word' id='word_1_40' title='bbox 1716 990 2035 1053; x_wconf 87' lang='lat' dir='ltr'><strong>combusta,</strong></span> 
     </span>
    </p>
   </div>
   <div class='ocr_carea' id='block_1_7' title="bbox 468 1086 1631 1163">
    <p class='ocr_par' dir='ltr' id='par_1_7' title="bbox 468 1086 1631 1163">
     <span class='ocr_line' id='line_1_7' title="bbox 468 1086 1631 1163; baseline -0.007 -16"><span class='ocrx_word' id='word_1_41' title='bbox 468 1092 718 1163; x_wconf 80' lang='lat' dir='ltr'><strong>quamvis</strong></span> <span class='ocrx_word' id='word_1_42' title='bbox 750 1091 892 1147; x_wconf 88' lang='lat' dir='ltr'><strong>Deus</strong></span> <span class='ocrx_word' id='word_1_43' title='bbox 916 1106 981 1145; x_wconf 84' lang='lat' dir='ltr'><strong>ex</strong></span> <span class='ocrx_word' id='word_1_44' title='bbox 1010 1099 1062 1145; x_wconf 91' lang='lat' dir='ltr'><strong>te</strong></span> <span class='ocrx_word' id='word_1_45' title='bbox 1096 1090 1410 1144; x_wconf 77' lang='lat' dir='ltr'><strong>incarnatus</strong></span> <span class='ocrx_word' id='word_1_46' title='bbox 1447 1086 1631 1141; x_wconf 81' lang='lat' dir='ltr'><strong>fuerit.</strong></span> 
     </span>
    </p>
   </div>
   <div class='ocr_carea' id='block_1_8' title="bbox 538 1175 2036 1250">
    <p class='ocr_par' dir='ltr' id='par_1_8' title="bbox 538 1175 2036 1250">
     <span class='ocr_line' id='line_1_8' title="bbox 538 1175 2036 1250; baseline -0.009 -8"><span class='ocrx_word' id='word_1_47' title='bbox 538 1185 609 1242; x_wconf 90' lang='lat' dir='ltr'><strong>Ut</strong></span> <span class='ocrx_word' id='word_1_48' title='bbox 655 1185 795 1241; x_wconf 78' lang='lat' dir='ltr'><strong>lzetis</strong></span> <span class='ocrx_word' id='word_1_49' title='bbox 846 1185 1072 1239; x_wconf 87' lang='lat' dir='ltr'><strong>vocibus</strong></span> <span class='ocrx_word' id='word_1_50' title='bbox 1124 1182 1346 1237; x_wconf 87' lang='lat' dir='ltr'><strong>laudare</strong></span> <span class='ocrx_word' id='word_1_51' title='bbox 1395 1180 1601 1250; x_wconf 88' lang='lat' dir='ltr'><strong>possim</strong></span> <span class='ocrx_word' id='word_1_52' title='bbox 1645 1189 1719 1243; x_wconf 85' lang='lat' dir='ltr'><strong>te,</strong></span> <span class='ocrx_word' id='word_1_53' title='bbox 1758 1192 1794 1233; x_wconf 91' lang='lat'><strong>0</strong></span> <span class='ocrx_word' id='word_1_54' title='bbox 1834 1175 2036 1249; x_wconf 88' lang='lat' dir='ltr'><strong>puella,</strong></span> 
     </span>
    </p>
   </div>
   <div class='ocr_carea' id='block_1_9' title="bbox 471 1267 2039 1343">
    <p class='ocr_par' dir='ltr' id='par_1_9' title="bbox 471 1267 2039 1343">
     <span class='ocr_line' id='line_1_9' title="bbox 471 1267 2039 1343; baseline -0.007 -12"><span class='ocrx_word' id='word_1_55' title='bbox 471 1279 634 1334; x_wconf 81' lang='lat' dir='ltr'><strong>libera</strong></span> <span class='ocrx_word' id='word_1_56' title='bbox 670 1292 757 1343; x_wconf 88' lang='lat' dir='ltr'><strong>me</strong></span> <span class='ocrx_word' id='word_1_57' title='bbox 797 1275 1287 1332; x_wconf 88' lang='lat' dir='ltr'><strong>intercessionibus</strong></span> <span class='ocrx_word' id='word_1_58' title='bbox 1328 1273 1436 1328; x_wconf 88' lang='lat' dir='ltr'><strong>tuis</strong></span> <span class='ocrx_word' id='word_1_59' title='bbox 1470 1288 1498 1326; x_wconf 88' lang='lat' dir='ltr'><strong>a</strong></span> <span class='ocrx_word' id='word_1_60' title='bbox 1532 1270 1827 1341; x_wconf 85' lang='lat' dir='ltr'><strong>periculis,</strong></span> <span class='ocrx_word' id='word_1_61' title='bbox 1868 1267 2039 1323; x_wconf 84' lang='lat' dir='ltr'><strong>tribu-</strong></span> 
     </span>
    </p>
   </div>
   <div class='ocr_carea' id='block_1_10' title="bbox 467 1362 2039 1438">
    <p class='ocr_par' dir='ltr' id='par_1_10' title="bbox 467 1362 2039 1438">
     <span class='ocr_line' id='line_1_10' title="bbox 467 1362 2039 1438; baseline -0.01 -13"><span class='ocrx_word' id='word_1_62' title='bbox 467 1369 783 1432; x_wconf 64' lang='lat' dir='ltr'><strong>lationibus,</strong></span> <span class='ocrx_word' id='word_1_63' title='bbox 805 1378 859 1424; x_wconf 85' lang='lat' dir='ltr'><strong>et</strong></span> <span class='ocrx_word' id='word_1_64' title='bbox 887 1366 1072 1438; x_wconf 79' lang='lat' dir='ltr'><strong>pravis</strong></span> <span class='ocrx_word' id='word_1_65' title='bbox 1100 1362 1543 1436; x_wconf 85' lang='lat' dir='ltr'><strong>cogitationibus,</strong></span> <span class='ocrx_word' id='word_1_66' title='bbox 1576 1376 1699 1433; x_wconf 80' lang='lat' dir='ltr'><strong>quae</strong></span> <span class='ocrx_word' id='word_1_67' title='bbox 1724 1375 1814 1415; x_wconf 90' lang='lat' dir='ltr'><strong>me</strong></span> <span class='ocrx_word' id='word_1_68' title='bbox 1842 1371 2039 1414; x_wconf 80' lang='lat' dir='ltr'><strong>vexare</strong></span> 
     </span>
    </p>
   </div>
   <div class='ocr_carea' id='block_1_11' title="bbox 465 1469 756 1516">
    <p class='ocr_par' dir='ltr' id='par_1_11' title="bbox 465 1469 756 1516">
     <span class='ocr_line' id='line_1_11' title="bbox 465 1469 756 1516; baseline -0.003 -1"><span class='ocrx_word' id='word_1_69' title='bbox 465 1469 756 1516; x_wconf 87' lang='lat' dir='ltr'><strong>conantur.</strong></span> 
     </span>
    </p>
   </div>
   <div class='ocr_carea' id='block_1_12' title="bbox 536 1542 2035 1625">
    <p class='ocr_par' dir='ltr' id='par_1_12' title="bbox 536 1542 2035 1625">
     <span class='ocr_line' id='line_1_12' title="bbox 536 1542 2035 1625; baseline -0.009 -15"><span class='ocrx_word' id='word_1_70' title='bbox 536 1557 594 1610; x_wconf 84' lang='lat' dir='ltr'><strong>lu</strong></span> <span class='ocrx_word' id='word_1_71' title='bbox 622 1565 697 1620; x_wconf 92' lang='lat' dir='ltr'><strong>te,</strong></span> <span class='ocrx_word' id='word_1_72' title='bbox 726 1553 891 1625; x_wconf 77' lang='lat' dir='ltr'><strong>Virgo</strong></span> <span class='ocrx_word' id='word_1_73' title='bbox 917 1564 1068 1609; x_wconf 86' lang='lat' dir='ltr'><strong>casta</strong></span> <span class='ocrx_word' id='word_1_74' title='bbox 1089 1594 1103 1612; x_wconf 88' lang='lat'><strong>.</strong></span> <span class='ocrx_word' id='word_1_75' title='bbox 1137 1550 1474 1608; x_wconf 82' lang='lat' dir='ltr'><strong>descendens</strong></span> <span class='ocrx_word' id='word_1_76' title='bbox 1506 1547 1594 1602; x_wconf 92' lang='lat' dir='ltr'><strong>ille</strong></span> <span class='ocrx_word' id='word_1_77' title='bbox 1632 1542 2035 1615; x_wconf 63' lang='lat' dir='ltr'><strong>sumrdivinns.</strong></span> 
     </span>
    </p>
   </div>
   <div class='ocr_carea' id='block_1_13' title="bbox 468 1637 2039 1713">
    <p class='ocr_par' dir='ltr' id='par_1_13' title="bbox 468 1637 2039 1713">
     <span class='ocr_line' id='line_1_13' title="bbox 468 1637 2039 1713; baseline -0.008 -10"><span class='ocrx_word' id='word_1_78' title='bbox 468 1648 787 1703; x_wconf 68' lang='lat' dir='ltr'><strong>int-arnatus</strong></span> <span class='ocrx_word' id='word_1_79' title='bbox 825 1657 911 1701; x_wconf 89' lang='lat' dir='ltr'><strong>est</strong></span> <span class='ocrx_word' id='word_1_80' title='bbox 954 1661 1022 1701; x_wconf 91' lang='lat' dir='ltr'><strong>eo</strong></span> <span class='ocrx_word' id='word_1_81' title='bbox 1067 1645 1232 1702; x_wconf 89' lang='lat' dir='ltr'><strong>modo</strong></span> <span class='ocrx_word' id='word_1_82' title='bbox 1281 1658 1438 1713; x_wconf 86' lang='lat' dir='ltr'><strong>quem</strong></span> <span class='ocrx_word' id='word_1_83' title='bbox 1498 1640 1614 1709; x_wconf 87' lang='lat' dir='ltr'><strong>ipse</strong></span> <span class='ocrx_word' id='word_1_84' title='bbox 1652 1637 1833 1699; x_wconf 88' lang='lat' dir='ltr'><strong>novit,</strong></span> <span class='ocrx_word' id='word_1_85' title='bbox 1877 1645 2039 1702; x_wconf 86' lang='lat' dir='ltr'><strong>atque</strong></span> 
     </span>
    </p>
   </div>
   <div class='ocr_carea' id='block_1_14' title="bbox 470 1725 2036 1804">
    <p class='ocr_par' dir='ltr' id='par_1_14' title="bbox 470 1725 2036 1804">
     <span class='ocr_line' id='line_1_14' title="bbox 470 1725 2036 1804; baseline -0.008 -12"><span class='ocrx_word' id='word_1_86' title='bbox 470 1741 720 1795; x_wconf 84' lang='lat' dir='ltr'><strong>homines</strong></span> <span class='ocrx_word' id='word_1_87' title='bbox 772 1738 1077 1803; x_wconf 85' lang='lat' dir='ltr'><strong>deificavit,</strong></span> <span class='ocrx_word' id='word_1_88' title='bbox 1139 1736 1231 1804; x_wconf 87' lang='lat' dir='ltr'><strong>qui</strong></span> <span class='ocrx_word' id='word_1_89' title='bbox 1297 1732 1630 1789; x_wconf 87' lang='lat' dir='ltr'><strong>concinunt:</strong></span> <span class='ocrx_word' id='word_1_90' title='bbox 1693 1725 2036 1791; x_wconf 83' lang='lat' dir='ltr'><strong>Benedicite,</strong></span> 
     </span>
    </p>
   </div>
   <div class='ocr_carea' id='block_1_15' title="bbox 467 1826 1543 1902">
    <p class='ocr_par' dir='ltr' id='par_1_15' title="bbox 467 1826 1543 1902">
     <span class='ocr_line' id='line_1_15' title="bbox 467 1826 1543 1902; baseline -0.009 -14"><span class='ocrx_word' id='word_1_91' title='bbox 467 1833 652 1888; x_wconf 81' lang='lat' dir='ltr'><strong>omnia</strong></span> <span class='ocrx_word' id='word_1_92' title='bbox 682 1846 866 1902; x_wconf 85' lang='lat' dir='ltr'><strong>opera.</strong></span> <span class='ocrx_word' id='word_1_93' title='bbox 901 1840 955 1886; x_wconf 90' lang='lat' dir='ltr'><strong>et</strong></span> <span class='ocrx_word' id='word_1_94' title='bbox 980 1829 1197 1885; x_wconf 80' lang='lat' dir='ltr'><strong>laudate</strong></span> <span class='ocrx_word' id='word_1_95' title='bbox 1229 1826 1543 1880; x_wconf 89' lang='lat' dir='ltr'><strong>Dominum.</strong></span> 
     </span>
    </p>
   </div>
   <div class='ocr_carea' id='block_1_16' title="bbox 1599 419 2620 485">
    <p class='ocr_par' dir='ltr' id='par_1_16' title="bbox 1599 419 2620 485">
     <span class='ocr_line' id='line_1_16' title="bbox 1599 419 2620 485; baseline 0.002 -2"><span class='ocrx_word' id='word_1_96' title='bbox 1599 422 1661 483; x_wconf 90' lang='lat' dir='ltr'><strong>S.</strong></span> <span class='ocrx_word' id='word_1_97' title='bbox 1700 419 2017 483; x_wconf 76' lang='lat' dir='ltr'><strong>JOSEPIII</strong></span> <span class='ocrx_word' id='word_1_98' title='bbox 2054 421 2620 485; x_wconf 81' lang='lat' dir='ltr'><strong>HYMNOGRAPIII</strong></span> 
     </span>
    </p>
   </div>
   <div class='ocr_carea' id='block_1_17' title="bbox 534 534 2114 609">
    <p class='ocr_par' dir='ltr' id='par_1_17' title="bbox 534 534 2114 609">
     <span class='ocr_line' id='line_1_17' title="bbox 534 534 2114 609; baseline -0.005 -14"><span class='ocrx_word' id='word_1_99' title='bbox 534 539 725 595; x_wconf 86' lang='lat' dir='ltr'><strong>Clamo</strong></span> <span class='ocrx_word' id='word_1_100' title='bbox 760 537 826 593; x_wconf 90' lang='lat' dir='ltr'><strong>ad</strong></span> <span class='ocrx_word' id='word_1_101' title='bbox 860 545 932 603; x_wconf 90' lang='lat' dir='ltr'><strong>te,</strong></span> <span class='ocrx_word' id='word_1_102' title='bbox 988 552 1023 592; x_wconf 91' lang='grc' dir='ltr'><strong>ο</strong></span> <span class='ocrx_word' id='word_1_103' title='bbox 1076 535 1261 609; x_wconf 79' lang='lat' dir='ltr'><strong>Virgo,</strong></span> <span class='ocrx_word' id='word_1_104' title='bbox 1309 534 1544 592; x_wconf 88' lang='lat' dir='ltr'><strong>emunda</strong></span> <span class='ocrx_word' id='word_1_105' title='bbox 1597 536 1667 591; x_wconf 86' lang='lat' dir='ltr'><strong>ab</strong></span> <span class='ocrx_word' id='word_1_106' title='bbox 1703 536 1851 591; x_wconf 90' lang='lat' dir='ltr'><strong>omni</strong></span> <span class='ocrx_word' id='word_1_107' title='bbox 1880 534 2039 591; x_wconf 83' lang='lat' dir='ltr'><strong>sorde</strong></span> <span class='ocrx_word' id='word_1_108' title='bbox 2066 536 2114 597; x_wconf 80' lang='grc' dir='ltr'><strong>Α</strong></span> 
     </span>
    </p>
   </div>
   <div class='ocr_carea' id='block_1_18' title="bbox 2224 533 3721 605">
    <p class='ocr_par' dir='ltr' id='par_1_18' title="bbox 2224 533 3721 605">
     <span class='ocr_line' id='line_1_18' title="bbox 2224 533 3721 605; baseline -0.003 -15"><span class='ocrx_word' id='word_1_109' title='bbox 2224 536 2425 593; x_wconf 84' lang='grc' dir='ltr'>Ῥύπου</span> <span class='ocrx_word' id='word_1_110' title='bbox 2472 538 2675 601; x_wconf 74' lang='grc' dir='ltr'>πάντος</span> <span class='ocrx_word' id='word_1_111' title='bbox 2737 536 3072 601; x_wconf 83' lang='grc' dir='ltr'>ἁπόπλυνον,</span> <span class='ocrx_word' id='word_1_112' title='bbox 3133 534 3399 605; x_wconf 73' lang='grc' dir='ltr'>Παρθένε,</span> <span class='ocrx_word' id='word_1_113' title='bbox 3447 533 3549 604; x_wconf 82' lang='grc' dir='ltr'>τὴν</span> <span class='ocrx_word' id='word_1_114' title='bbox 3578 534 3721 603; x_wconf 64' lang='grc' dir='ltr'>ἐμὴν</span> 
     </span>
    </p>
   </div>
   <div class='ocr_carea' id='block_1_19' title="bbox 2139 626 3721 699">
    <p class='ocr_par' dir='ltr' id='par_1_19' title="bbox 2139 626 3721 699">
     <span class='ocr_line' id='line_1_19' title="bbox 2139 626 3721 699; baseline -0.007 -10"><span class='ocrx_word' id='word_1_115' title='bbox 2139 630 2341 699; x_wconf 79' lang='grc' dir='ltr'>ψυχὴν.</span> <span class='ocrx_word' id='word_1_116' title='bbox 2374 629 2482 699; x_wconf 83' lang='grc' dir='ltr'>βοῶ</span> <span class='ocrx_word' id='word_1_117' title='bbox 2541 647 2646 695; x_wconf 88' lang='grc' dir='ltr'>σοι,</span> <span class='ocrx_word' id='word_1_118' title='bbox 2674 630 2769 683; x_wconf 72' lang='grc' dir='ltr'>καὶ</span> <span class='ocrx_word' id='word_1_119' title='bbox 2818 630 2991 686; x_wconf 81' lang='grc' dir='ltr'>σῶσόν</span> <span class='ocrx_word' id='word_1_120' title='bbox 3044 646 3134 699; x_wconf 86' lang='grc' dir='ltr'><strong>με.</strong></span> <span class='ocrx_word' id='word_1_121' title='bbox 3161 628 3321 699; x_wconf 77' lang='grc' dir='ltr'>ἁγνὴ.</span> <span class='ocrx_word' id='word_1_122' title='bbox 3354 629 3389 699; x_wconf 82' lang='grc' dir='ltr'><strong>ή</strong></span> <span class='ocrx_word' id='word_1_123' title='bbox 3420 626 3512 681; x_wconf 74' lang='grc' dir='ltr'>τὸν</span> <span class='ocrx_word' id='word_1_124' title='bbox 3538 626 3721 694; x_wconf 80' lang='grc' dir='ltr'>ἀληθῆ</span> 
     </span>
    </p>
   </div>
   <div class='ocr_carea' id='block_1_20' title="bbox 2141 719 3221 791">
    <p class='ocr_par' dir='ltr' id='par_1_20' title="bbox 2141 719 3221 791">
     <span class='ocr_line' id='line_1_20' title="bbox 2141 719 3221 791; baseline -0.002 -17"><span class='ocrx_word' id='word_1_125' title='bbox 2141 721 2275 774; x_wconf 79' lang='grc' dir='ltr'>Θεὸν</span> <span class='ocrx_word' id='word_1_126' title='bbox 2304 720 2537 791; x_wconf 80' lang='grc' dir='ltr'><strong>Σωτῆρα</strong></span> <span class='ocrx_word' id='word_1_127' title='bbox 2570 722 2662 773; x_wconf 72' lang='grc' dir='ltr'><strong>ἐπὶ</strong></span> <span class='ocrx_word' id='word_1_128' title='bbox 2684 720 2791 791; x_wconf 81' lang='grc' dir='ltr'>γῆς</span> <span class='ocrx_word' id='word_1_129' title='bbox 2819 719 3221 791; x_wconf 83' lang='grc' dir='ltr'>σωματώσασα.</span> 
     </span>
    </p>
   </div>
   <div class='ocr_carea' id='block_1_21' title="bbox 2225 806 3723 880">
    <p class='ocr_par' dir='ltr' id='par_1_21' title="bbox 2225 806 3723 880">
     <span class='ocr_line' id='line_1_21' title="bbox 2225 806 3723 880; baseline -0.003 -17"><span class='ocrx_word' id='word_1_130' title='bbox 2225 810 2289 863; x_wconf 84' lang='grc' dir='ltr'><strong><em>Ἥ</em></strong></span> <span class='ocrx_word' id='word_1_131' title='bbox 2326 810 2485 878; x_wconf 80' lang='grc' dir='ltr'>βάτος</span> <span class='ocrx_word' id='word_1_132' title='bbox 2540 828 2599 863; x_wconf 90' lang='grc' dir='ltr'><strong>σε</strong></span> <span class='ocrx_word' id='word_1_133' title='bbox 2657 811 2991 880; x_wconf 77' lang='grc' dir='ltr'>προετύπου,</span> <span class='ocrx_word' id='word_1_134' title='bbox 3046 808 3388 878; x_wconf 81' lang='grc' dir='ltr'>πανύμνητε,</span> <span class='ocrx_word' id='word_1_135' title='bbox 3447 806 3723 877; x_wconf 79' lang='grc' dir='ltr'>πρότερον</span> 
     </span>
    </p>
   </div>
   <div class='ocr_carea' id='block_1_22' title="bbox 2141 896 3723 973">
    <p class='ocr_par' dir='ltr' id='par_1_22' title="bbox 2141 896 3723 973">
     <span class='ocr_line' id='line_1_22' title="bbox 2141 896 3723 973; baseline -0.005 -16"><span class='ocrx_word' id='word_1_136' title='bbox 2141 903 2429 971; x_wconf 81' lang='grc' dir='ltr'>καιομένη,</span> <span class='ocrx_word' id='word_1_137' title='bbox 2462 903 2727 973; x_wconf 78' lang='grc' dir='ltr'><strong>μηδαμῶς</strong></span> <span class='ocrx_word' id='word_1_138' title='bbox 2746 904 2802 957; x_wconf 75' lang='grc' dir='ltr'>δὲ</span> <span class='ocrx_word' id='word_1_139' title='bbox 2832 902 3163 972; x_wconf 77' lang='grc' dir='ltr'>φλεγομένη.</span> <span class='ocrx_word' id='word_1_140' title='bbox 3190 900 3434 968; x_wconf 83' lang='grc' dir='ltr'>πάναγνε</span> <span class='ocrx_word' id='word_1_141' title='bbox 3452 916 3469 932; x_wconf 75' lang='grc' dir='ltr'><strong>ο</strong></span> <span class='ocrx_word' id='word_1_142' title='bbox 3494 896 3723 968; x_wconf 77' lang='grc' dir='ltr'>καὶγὰρ</span> 
     </span>
    </p>
   </div>
   <div class='ocr_carea' id='block_1_23' title="bbox 2139 993 3445 1068">
    <p class='ocr_par' dir='ltr' id='par_1_23' title="bbox 2139 993 3445 1068">
     <span class='ocr_line' id='line_1_23' title="bbox 2139 993 3445 1068; baseline -0.006 -15"><span class='ocrx_word' id='word_1_143' title='bbox 2139 998 2215 1061; x_wconf 83' lang='grc' dir='ltr'>ὡς</span> <span class='ocrx_word' id='word_1_144' title='bbox 2246 996 2426 1068; x_wconf 83' lang='grc' dir='ltr'>ἐκείνη</span> <span class='ocrx_word' id='word_1_145' title='bbox 2458 997 2556 1051; x_wconf 81' lang='grc' dir='ltr'>οὐκ</span> <span class='ocrx_word' id='word_1_146' title='bbox 2585 997 2853 1068; x_wconf 76' lang='grc' dir='ltr'>ὲφλέχθης</span> <span class='ocrx_word' id='word_1_147' title='bbox 2883 995 3016 1050; x_wconf 76' lang='grc' dir='ltr'>Θεὸν</span> <span class='ocrx_word' id='word_1_148' title='bbox 3042 993 3445 1065; x_wconf 82' lang='grc' dir='ltr'>σωματὼσασα.</span> 
     </span>
    </p>
   </div>
   <div class='ocr_carea' id='block_1_24' title="bbox 2212 1176 3727 1253">
    <p class='ocr_par' dir='ltr' id='par_1_24' title="bbox 2212 1176 3727 1253">
     <span class='ocr_line' id='line_1_24' title="bbox 2212 1176 3727 1253; baseline -0.005 -17"><span class='ocrx_word' id='word_1_149' title='bbox 2212 1184 2328 1237; x_wconf 80' lang='grc' dir='ltr'>Ἵνα</span> <span class='ocrx_word' id='word_1_150' title='bbox 2352 1184 2555 1252; x_wconf 78' lang='grc' dir='ltr'><strong>φωναῖς</strong></span> <span class='ocrx_word' id='word_1_151' title='bbox 2570 1183 2777 1247; x_wconf 83' lang='grc' dir='ltr'>αίσίαις</span> <span class='ocrx_word' id='word_1_152' title='bbox 2797 1181 3080 1253; x_wconf 82' lang='grc' dir='ltr'>ὑμνολογῶ</span> <span class='ocrx_word' id='word_1_153' title='bbox 3114 1198 3195 1245; x_wconf 87' lang='grc' dir='ltr'><strong>σε,</strong></span> <span class='ocrx_word' id='word_1_154' title='bbox 3222 1180 3395 1252; x_wconf 82' lang='grc' dir='ltr'>Κόρη,</span> <span class='ocrx_word' id='word_1_155' title='bbox 3427 1176 3620 1232; x_wconf 78' lang='grc' dir='ltr'>παθῶν</span> <span class='ocrx_word' id='word_1_156' title='bbox 3652 1194 3727 1247; x_wconf 83' lang='grc' dir='ltr'><strong>με</strong></span> 
     </span>
    </p>
   </div>
   <div class='ocr_carea' id='block_1_25' title="bbox 2142 1267 3725 1346">
    <p class='ocr_par' dir='ltr' id='par_1_25' title="bbox 2142 1267 3725 1346">
     <span class='ocr_line' id='line_1_25' title="bbox 2142 1267 3725 1346; baseline -0.003 -22"><span class='ocrx_word' id='word_1_157' title='bbox 2142 1272 2303 1346; x_wconf 75' lang='grc' dir='ltr'>ῥῦσαι</span> <span class='ocrx_word' id='word_1_158' title='bbox 2346 1276 2467 1336; x_wconf 84' lang='grc' dir='ltr'>ταῖς</span> <span class='ocrx_word' id='word_1_159' title='bbox 2497 1272 2818 1342; x_wconf 76' lang='grc' dir='ltr'>πρεσϐείαις</span> <span class='ocrx_word' id='word_1_160' title='bbox 2849 1289 2964 1335; x_wconf 84' lang='grc' dir='ltr'>σου,</span> <span class='ocrx_word' id='word_1_161' title='bbox 2991 1270 3273 1334; x_wconf 82' lang='grc' dir='ltr'><strong>κινδύνων,</strong></span> <span class='ocrx_word' id='word_1_162' title='bbox 3322 1270 3416 1323; x_wconf 72' lang='grc' dir='ltr'>καὶ</span> <span class='ocrx_word' id='word_1_163' title='bbox 3460 1267 3725 1338; x_wconf 80' lang='grc' dir='ltr'>Θλίψεων,</span> 
     </span>
    </p>
   </div>
   <div class='ocr_carea' id='block_1_26' title="bbox 2142 1361 3578 1436">
    <p class='ocr_par' dir='ltr' id='par_1_26' title="bbox 2142 1361 3578 1436">
     <span class='ocr_line' id='line_1_26' title="bbox 2142 1361 3578 1436; baseline -0.004 -16"><span class='ocrx_word' id='word_1_164' title='bbox 2142 1365 2240 1420; x_wconf 77' lang='grc' dir='ltr'>καὶ</span> <span class='ocrx_word' id='word_1_165' title='bbox 2264 1363 2515 1436; x_wconf 87' lang='grc' dir='ltr'>πονηρῶν</span> <span class='ocrx_word' id='word_1_166' title='bbox 2544 1364 2845 1435; x_wconf 83' lang='grc' dir='ltr'>λογισμῶν,</span> <span class='ocrx_word' id='word_1_167' title='bbox 2876 1364 3129 1418; x_wconf 83' lang='grc' dir='ltr'>κακῶσαί</span> <span class='ocrx_word' id='word_1_168' title='bbox 3161 1380 3226 1433; x_wconf 80' lang='grc' dir='ltr'><strong>με</strong></span> <span class='ocrx_word' id='word_1_169' title='bbox 3248 1361 3578 1432; x_wconf 78' lang='grc' dir='ltr'><strong>ζητούντων.</strong></span> 
     </span>
    </p>
   </div>
   <div class='ocr_carea' id='block_1_27' title="bbox 2226 1542 3731 1620">
    <p class='ocr_par' dir='ltr' id='par_1_27' title="bbox 2226 1542 3731 1620">
     <span class='ocr_line' id='line_1_27' title="bbox 2226 1542 3731 1620; baseline -0.007 -17"><span class='ocrx_word' id='word_1_170' title='bbox 2226 1548 2347 1603; x_wconf 74' lang='grc' dir='ltr'><strong>Ἐπὶ</strong></span> <span class='ocrx_word' id='word_1_171' title='bbox 2372 1547 2433 1601; x_wconf 79' lang='grc' dir='ltr'>σὲ</span> <span class='ocrx_word' id='word_1_172' title='bbox 2464 1547 2573 1619; x_wconf 80' lang='grc' dir='ltr'>τὴν</span> <span class='ocrx_word' id='word_1_173' title='bbox 2592 1547 2765 1620; x_wconf 77' lang='grc' dir='ltr'>ἁγνὴν</span> <span class='ocrx_word' id='word_1_174' title='bbox 2800 1547 2829 1599; x_wconf 79' lang='grc' dir='ltr'><strong>ὁ</strong></span> <span class='ocrx_word' id='word_1_175' title='bbox 2872 1546 3142 1616; x_wconf 78' lang='grc' dir='ltr'>ὑπέρθεος</span> <span class='ocrx_word' id='word_1_176' title='bbox 3191 1542 3494 1606; x_wconf 78' lang='grc' dir='ltr'>κατελθὼν,</span> <span class='ocrx_word' id='word_1_177' title='bbox 3530 1542 3731 1612; x_wconf 79' lang='grc' dir='ltr'>ὥσπερ</span> 
     </span>
    </p>
   </div>
   <div class='ocr_carea' id='block_1_28' title="bbox 2140 1634 3729 1710">
    <p class='ocr_par' dir='ltr' id='par_1_28' title="bbox 2140 1634 3729 1710">
     <span class='ocr_line' id='line_1_28' title="bbox 2140 1634 3729 1710; baseline -0.005 -17"><span class='ocrx_word' id='word_1_178' title='bbox 2140 1637 2267 1705; x_wconf 77' lang='grc' dir='ltr'>οἶδε,</span> <span class='ocrx_word' id='word_1_179' title='bbox 2295 1641 2659 1710; x_wconf 84' lang='grc' dir='ltr'>σεσάρκωται,</span> <span class='ocrx_word' id='word_1_180' title='bbox 2679 1640 2918 1703; x_wconf 71' lang='grc' dir='ltr'>καὶτοὺς</span> <span class='ocrx_word' id='word_1_181' title='bbox 2942 1638 3165 1708; x_wconf 76' lang='grc' dir='ltr'>βροτοὺς</span> <span class='ocrx_word' id='word_1_182' title='bbox 3190 1637 3390 1691; x_wconf 79' lang='grc' dir='ltr'>ὲθέωσε</span> <span class='ocrx_word' id='word_1_183' title='bbox 3415 1634 3729 1706; x_wconf 78' lang='grc' dir='ltr'>μελῳδοῦνο</span> 
     </span>
    </p>
   </div>
   <div class='ocr_carea' id='block_1_29' title="bbox 2140 1727 3729 1802">
    <p class='ocr_par' dir='ltr' id='par_1_29' title="bbox 2140 1727 3729 1802">
     <span class='ocr_line' id='line_1_29' title="bbox 2140 1727 3729 1802; baseline -0.004 -17"><span class='ocrx_word' id='word_1_184' title='bbox 2140 1750 2261 1796; x_wconf 82' lang='grc' dir='ltr'>τας,</span> <span class='ocrx_word' id='word_1_185' title='bbox 2301 1731 2547 1802; x_wconf 84' lang='grc' dir='ltr'>Παρθένε</span> <span class='ocrx_word' id='word_1_186' title='bbox 2570 1747 2587 1764; x_wconf 76' lang='grc' dir='ltr'><strong>ο</strong></span> <span class='ocrx_word' id='word_1_187' title='bbox 2634 1732 2819 1787; x_wconf 86' lang='grc' dir='ltr'>Πάντα</span> <span class='ocrx_word' id='word_1_188' title='bbox 2861 1731 2931 1784; x_wconf 78' lang='grc' dir='ltr'>τὰ</span> <span class='ocrx_word' id='word_1_189' title='bbox 2986 1730 3146 1800; x_wconf 73' lang='grc' dir='ltr'>ἔργα,</span> <span class='ocrx_word' id='word_1_190' title='bbox 3171 1727 3468 1798; x_wconf 79' lang='grc' dir='ltr'><strong>εὐλογεῖτε,</strong></span> <span class='ocrx_word' id='word_1_191' title='bbox 3496 1727 3729 1797; x_wconf 79' lang='grc' dir='ltr'>ὑμνεῖτε</span> 
     </span>
    </p>
   </div>
   <div class='ocr_carea' id='block_1_30' title="bbox 2138 1821 2481 1891">
    <p class='ocr_par' dir='ltr' id='par_1_30' title="bbox 2138 1821 2481 1891">
     <span class='ocr_line' id='line_1_30' title="bbox 2138 1821 2481 1891; baseline 0.003 -15"><span class='ocrx_word' id='word_1_192' title='bbox 2138 1821 2232 1876; x_wconf 73' lang='grc' dir='ltr'>τὸν</span> <span class='ocrx_word' id='word_1_193' title='bbox 2254 1821 2481 1891; x_wconf 72' lang='grc' dir='ltr'>Κύριον.</span> 
     </span>
    </p>
   </div>
   <div class='ocr_carea' id='block_1_31' title="bbox 539 1888 2049 1989">
    <p class='ocr_par' dir='ltr' id='par_1_31' title="bbox 539 1888 2038 1989">
     <span class='ocr_line' id='line_1_31' title="bbox 539 1888 2038 1989; baseline -0.011 -8"><span class='ocrx_word' id='word_1_194' title='bbox 539 1926 687 1983; x_wconf 85' lang='lat' dir='ltr'><strong>Luce</strong></span> <span class='ocrx_word' id='word_1_195' title='bbox 718 1888 829 1983; x_wconf 50' lang='lat' dir='ltr'><strong>&#39;tua</strong></span> <span class='ocrx_word' id='word_1_196' title='bbox 878 1924 1128 1980; x_wconf 87' lang='lat' dir='ltr'><strong>illumina</strong></span> <span class='ocrx_word' id='word_1_197' title='bbox 1180 1935 1304 1983; x_wconf 90' lang='lat' dir='ltr'><strong>me.</strong></span> <span class='ocrx_word' id='word_1_198' title='bbox 1346 1935 1379 1974; x_wconf 89' lang='grc' dir='ltr'><strong>ο</strong></span> <span class='ocrx_word' id='word_1_199' title='bbox 1416 1915 1713 1989; x_wconf 82' lang='lat' dir='ltr'><strong>purissima</strong></span> <span class='ocrx_word' id='word_1_200' title='bbox 1770 1913 2038 1983; x_wconf 87' lang='lat' dir='ltr'><strong>Deipara.</strong></span> 
     </span>
    </p>
   </div>
   <div class='ocr_carea' id='block_1_32' title="bbox 2162 1888 3735 1989">
    <p class='ocr_par' dir='ltr' id='par_1_32' title="bbox 2210 1888 3735 1985">
     <span class='ocr_line' id='line_1_32' title="bbox 2210 1888 3735 1985; baseline -0.006 -17"><span class='ocrx_word' id='word_1_201' title='bbox 2397 1930 2464 1985; x_wconf 90' lang='grc' dir='ltr'><strong>με</strong></span> <span class='ocrx_word' id='word_1_202' title='bbox 2507 1911 2856 1981; x_wconf 61' lang='grc' dir='ltr'>ωταὺγασον</span> <span class='ocrx_word' id='word_1_203' title='bbox 2903 1910 3108 1982; x_wconf 49' lang='lat' dir='ltr'><strong>tota,</strong></span> <span class='ocrx_word' id='word_1_204' title='bbox 3164 1911 3497 1980; x_wconf 79' lang='grc' dir='ltr'>πανάμωμε,</span> <span class='ocrx_word' id='word_1_205' title='bbox 3542 1908 3640 1961; x_wconf 83' lang='grc' dir='ltr'>τὸν</span> <span class='ocrx_word' id='word_1_206' title='bbox 3664 1906 3735 1959; x_wconf 80' lang='grc' dir='ltr'>ἐν</span> 
     </span>
    </p>
   </div>
   <div class='ocr_carea' id='block_1_33' title="bbox 468 2005 2039 2103">
    <p class='ocr_par' dir='ltr' id='par_1_33' title="bbox 468 2005 2039 2103">
     <span class='ocr_line' id='line_1_33' title="bbox 468 2005 2039 2103; baseline -0.012 -26"><span class='ocrx_word' id='word_1_207' title='bbox 468 2020 671 2090; x_wconf 78' lang='lat' dir='ltr'><strong>peccati</strong></span> <span class='ocrx_word' id='word_1_208' title='bbox 721 2018 965 2075; x_wconf 85' lang='lat' dir='ltr'><strong>tenebris</strong></span> <span class='ocrx_word' id='word_1_209' title='bbox 1012 2023 1378 2103; x_wconf 77' lang='lat' dir='ltr'><strong>occupatum,</strong></span> <span class='ocrx_word' id='word_1_210' title='bbox 1417 2019 1474 2067; x_wconf 89' lang='lat' dir='ltr'><strong>et</strong></span> <span class='ocrx_word' id='word_1_211' title='bbox 1533 2007 1774 2069; x_wconf 85' lang='lat' dir='ltr'><strong>concede</strong></span> <span class='ocrx_word' id='word_1_212' title='bbox 1804 2005 1960 2069; x_wconf 90' lang='lat' dir='ltr'><strong>mihi,</strong></span> <span class='ocrx_word' id='word_1_213' title='bbox 2004 2018 2039 2058; x_wconf 92' lang='grc' dir='ltr'><strong>ο</strong></span> 
     </span>
    </p>
   </div>
   <div class='ocr_carea' id='block_1_34' title="bbox 468 2095 2041 2182">
    <p class='ocr_par' dir='ltr' id='par_1_34' title="bbox 468 2095 2041 2182">
     <span class='ocr_line' id='line_1_34' title="bbox 468 2095 2041 2182; baseline -0.011 -15"><span class='ocrx_word' id='word_1_214' title='bbox 468 2127 669 2182; x_wconf 84' lang='lat' dir='ltr'><strong>sponsa</strong></span> <span class='ocrx_word' id='word_1_215' title='bbox 704 2110 819 2177; x_wconf 88' lang='lat' dir='ltr'><strong>Dei,</strong></span> <span class='ocrx_word' id='word_1_216' title='bbox 848 2119 907 2163; x_wconf 90' lang='lat' dir='ltr'><strong>ut</strong></span> <span class='ocrx_word' id='word_1_217' title='bbox 939 2105 1212 2162; x_wconf 87' lang='lat' dir='ltr'><strong>ambulem</strong></span> <span class='ocrx_word' id='word_1_218' title='bbox 1252 2095 1306 2159; x_wconf 79' lang='lat' dir='ltr'><strong>in</strong></span> <span class='ocrx_word' id='word_1_219' title='bbox 1333 2102 1421 2157; x_wconf 90' lang='lat' dir='ltr'><strong>die</strong></span> <span class='ocrx_word' id='word_1_220' title='bbox 1450 2100 1762 2155; x_wconf 86' lang='lat' dir='ltr'><strong>divinorum</strong></span> <span class='ocrx_word' id='word_1_221' title='bbox 1813 2095 2041 2150; x_wconf 87' lang='lat' dir='ltr'><strong>manda-</strong></span> 
     </span>
    </p>
   </div>
   <div class='ocr_carea' id='block_1_35' title="bbox 469 2185 2042 2271">
    <p class='ocr_par' dir='ltr' id='par_1_35' title="bbox 469 2185 2042 2271">
     <span class='ocr_line' id='line_1_35' title="bbox 469 2185 2042 2271; baseline -0.011 -12"><span class='ocrx_word' id='word_1_222' title='bbox 469 2214 672 2271; x_wconf 81' lang='lat' dir='ltr'><strong>torum,</strong></span> <span class='ocrx_word' id='word_1_223' title='bbox 712 2211 771 2259; x_wconf 88' lang='lat' dir='ltr'><strong>ut</strong></span> <span class='ocrx_word' id='word_1_224' title='bbox 820 2200 1046 2257; x_wconf 85' lang='lat' dir='ltr'><strong>laudare</strong></span> <span class='ocrx_word' id='word_1_225' title='bbox 1087 2196 1295 2269; x_wconf 86' lang='lat' dir='ltr'><strong>possim</strong></span> <span class='ocrx_word' id='word_1_226' title='bbox 1349 2203 1403 2249; x_wconf 88' lang='lat' dir='ltr'><strong>te</strong></span> <span class='ocrx_word' id='word_1_227' title='bbox 1445 2188 1596 2248; x_wconf 89' lang='lat' dir='ltr'><strong>omni</strong></span> <span class='ocrx_word' id='word_1_228' title='bbox 1630 2187 1791 2244; x_wconf 83' lang='lat' dir='ltr'><strong>laude</strong></span> <span class='ocrx_word' id='word_1_229' title='bbox 1836 2185 2042 2258; x_wconf 76' lang='lat' dir='ltr'><strong>dignis-</strong></span> 
     </span>
    </p>
   </div>
   <div class='ocr_carea' id='block_1_36' title="bbox 470 2300 689 2355">
    <p class='ocr_par' dir='ltr' id='par_1_36' title="bbox 470 2300 689 2355">
     <span class='ocr_line' id='line_1_36' title="bbox 470 2300 689 2355; baseline 0.005 -1"><span class='ocrx_word' id='word_1_230' title='bbox 470 2300 689 2355; x_wconf 84' lang='lat' dir='ltr'><strong>simam.</strong></span> 
     </span>
    </p>
   </div>
   <div class='ocr_carea' id='block_1_37' title="bbox 474 2405 2043 2505">
    <p class='ocr_par' dir='ltr' id='par_1_37' title="bbox 474 2405 2043 2505">
     <span class='ocr_line' id='line_1_37' title="bbox 474 2405 2043 2505; baseline -0.015 -23"><span class='ocrx_word' id='word_1_231' title='bbox 474 2427 559 2482; x_wconf 69' lang='lat' dir='ltr'><em>Ex</em></span> <span class='ocrx_word' id='word_1_232' title='bbox 588 2441 786 2482; x_wconf 80' lang='lat' dir='ltr'><strong>canone</strong></span> <span class='ocrx_word' id='word_1_233' title='bbox 815 2425 867 2479; x_wconf 84' lang='lat' dir='ltr'><strong>in</strong></span> <span class='ocrx_word' id='word_1_234' title='bbox 907 2420 1326 2505; x_wconf 39' lang='grc' dir='ltr'><strong>’καί</strong></span> <span class='ocrx_word' id='word_1_235' title='bbox 1355 2411 1839 2505; x_wconf 48' lang='lat' dir='ltr'><strong>prrepazatign‘ibus</strong></span> <span class='ocrx_word' id='word_1_236' title='bbox 1865 2408 1933 2463; x_wconf 70' lang='lat' dir='ltr'><strong>ad</strong></span> <span class='ocrx_word' id='word_1_237' title='bbox 1963 2405 2043 2474; x_wconf 76' lang='lat' dir='ltr'><strong>fe-</strong></span> 
     </span>
    </p>
   </div>
   <div class='ocr_carea' id='block_1_38' title="bbox 761 2484 1749 2550">
    <p class='ocr_par' dir='ltr' id='par_1_38' title="bbox 761 2484 1749 2550">
     <span class='ocr_line' id='line_1_38' title="bbox 761 2484 1749 2550; baseline -0.015 0"><span class='ocrx_word' id='word_1_238' title='bbox 761 2484 1249 2549; x_wconf 72' lang='lat' dir='ltr'><strong>uum&#39;Naduizam</strong></span> <span class='ocrx_word' id='word_1_239' title='bbox 1280 2484 1512 2550; x_wconf 79' lang='lat' dir='ltr'><strong>Domini,</strong></span> <span class='ocrx_word' id='word_1_240' title='bbox 1544 2485 1631 2538; x_wconf 75' lang='lat' dir='ltr'><strong>die</strong></span> <span class='ocrx_word' id='word_1_241' title='bbox 1657 2484 1749 2538; x_wconf 69' lang='lat' dir='ltr'><strong>so.</strong></span> 
     </span>
    </p>
   </div>
   <div class='ocr_carea' id='block_1_39' title="bbox 540 2610 2041 2686">
    <p class='ocr_par' dir='ltr' id='par_1_39' title="bbox 540 2610 2041 2686">
     <span class='ocr_line' id='line_1_39' title="bbox 540 2610 2041 2686; baseline -0.013 -3"><span class='ocrx_word' id='word_1_242' title='bbox 540 2626 836 2682; x_wconf 78' lang='lat' dir='ltr'><strong>Paradisus</strong></span> <span class='ocrx_word' id='word_1_243' title='bbox 864 2624 1031 2680; x_wconf 86' lang='lat' dir='ltr'><strong>Edem</strong></span> <span class='ocrx_word' id='word_1_244' title='bbox 1063 2628 1363 2686; x_wconf 86' lang='lat' dir='ltr'><strong>reseratur,</strong></span> <span class='ocrx_word' id='word_1_245' title='bbox 1396 2622 1653 2671; x_wconf 89' lang='lat' dir='ltr'><strong>nascente</strong></span> <span class='ocrx_word' id='word_1_246' title='bbox 1685 2622 1755 2677; x_wconf 89' lang='lat' dir='ltr'><strong>te,</strong></span> <span class='ocrx_word' id='word_1_247' title='bbox 1796 2610 2041 2673; x_wconf 91' lang='lat' dir='ltr'><strong>Domine,</strong></span> 
     </span>
    </p>
   </div>
   <div class='ocr_carea' id='block_1_40' title="bbox 471 2702 2046 2790">
    <p class='ocr_par' dir='ltr' id='par_1_40' title="bbox 471 2702 2046 2790">
     <span class='ocr_line' id='line_1_40' title="bbox 471 2702 2046 2790; baseline -0.015 -15"><span class='ocrx_word' id='word_1_248' title='bbox 471 2725 537 2775; x_wconf 75' lang='lat' dir='ltr'><strong>ex“</strong></span> <span class='ocrx_word' id='word_1_249' title='bbox 578 2718 753 2790; x_wconf 88' lang='lat' dir='ltr'><strong>puella</strong></span> <span class='ocrx_word' id='word_1_250' title='bbox 802 2715 896 2771; x_wconf 89' lang='lat' dir='ltr'><strong>Dei</strong></span> <span class='ocrx_word' id='word_1_251' title='bbox 933 2715 1065 2781; x_wconf 87' lang='lat' dir='ltr'><strong>filia,</strong></span> <span class='ocrx_word' id='word_1_252' title='bbox 1115 2708 1415 2767; x_wconf 87' lang='lat' dir='ltr'><strong>secundum</strong></span> <span class='ocrx_word' id='word_1_253' title='bbox 1454 2721 1674 2761; x_wconf 89' lang='lat' dir='ltr'><strong>carnem</strong></span> <span class='ocrx_word' id='word_1_254' title='bbox 1731 2703 1783 2758; x_wconf 91' lang='lat' dir='ltr'><strong>in</strong></span> <span class='ocrx_word' id='word_1_255' title='bbox 1823 2702 2046 2758; x_wconf 77' lang='lat' dir='ltr'><strong>civitate</strong></span> 
     </span>
    </p>
   </div>
   <div class='ocr_carea' id='block_1_41' title="bbox 473 2794 2045 2865">
    <p class='ocr_par' dir='ltr' id='par_1_41' title="bbox 473 2794 2045 2865">
     <span class='ocr_line' id='line_1_41' title="bbox 473 2794 2045 2865; baseline -0.011 0"><span class='ocrx_word' id='word_1_256' title='bbox 473 2809 773 2865; x_wconf 86' lang='lat' dir='ltr'><strong>Bethleem.</strong></span> <span class='ocrx_word' id='word_1_257' title='bbox 810 2803 1211 2861; x_wconf 78' lang='lat' dir='ltr'><strong>Providentiam</strong></span> <span class='ocrx_word' id='word_1_258' title='bbox 1246 2807 1394 2855; x_wconf 87' lang='lat' dir='ltr'><strong>tuam</strong></span> <span class='ocrx_word' id='word_1_259' title='bbox 1421 2795 1796 2851; x_wconf 86' lang='lat' dir='ltr'><strong>admirabilem</strong></span> <span class='ocrx_word' id='word_1_260' title='bbox 1827 2794 2045 2865; x_wconf 85' lang='lat' dir='ltr'><strong>hymnis</strong></span> 
     </span>
    </p>
   </div>
   <div class='ocr_carea' id='block_1_42' title="bbox 472 2902 869 2958">
    <p class='ocr_par' dir='ltr' id='par_1_42' title="bbox 472 2902 869 2958">
     <span class='ocr_line' id='line_1_42' title="bbox 472 2902 869 2958; baseline -0.013 0"><span class='ocrx_word' id='word_1_261' title='bbox 472 2902 869 2958; x_wconf 84' lang='lat' dir='ltr'><strong>collaudamus.</strong></span> 
     </span>
    </p>
   </div>
   <div class='ocr_carea' id='block_1_43' title="bbox 543 2980 2043 3048">
    <p class='ocr_par' dir='ltr' id='par_1_43' title="bbox 543 2980 2043 3048">
     <span class='ocr_line' id='line_1_43' title="bbox 543 2980 2043 3048; baseline -0.013 -2"><span class='ocrx_word' id='word_1_262' title='bbox 543 2991 662 3046; x_wconf 82' lang='lat' dir='ltr'><strong>Jam</strong></span> <span class='ocrx_word' id='word_1_263' title='bbox 700 2991 854 3046; x_wconf 85' lang='lat' dir='ltr'><strong>stella</strong></span> <span class='ocrx_word' id='word_1_264' title='bbox 897 2996 1082 3043; x_wconf 82' lang='lat' dir='ltr'><strong>exorta</strong></span> <span class='ocrx_word' id='word_1_265' title='bbox 1120 2996 1295 3041; x_wconf 75' lang='lat' dir='ltr'><strong>estex</strong></span> <span class='ocrx_word' id='word_1_266' title='bbox 1341 2985 1484 3040; x_wconf 88' lang='lat' dir='ltr'><strong>tribu</strong></span> <span class='ocrx_word' id='word_1_267' title='bbox 1512 2980 1670 3041; x_wconf 82' lang='lat' dir='ltr'><strong>Juda.</strong></span> <span class='ocrx_word' id='word_1_268' title='bbox 1708 2992 1871 3048; x_wconf 90' lang='lat' dir='ltr'><strong>quam</strong></span> <span class='ocrx_word' id='word_1_269' title='bbox 1919 2989 2043 3028; x_wconf 89' lang='lat' dir='ltr'><strong>cum</strong></span> 
     </span>
    </p>
   </div>
   <div class='ocr_carea' id='block_1_44' title="bbox 477 3067 2045 3155">
    <p class='ocr_par' dir='ltr' id='par_1_44' title="bbox 477 3067 2045 3155">
     <span class='ocr_line' id='line_1_44' title="bbox 477 3067 2045 3155; baseline -0.014 -15"><span class='ocrx_word' id='word_1_270' title='bbox 477 3084 827 3155; x_wconf 72' lang='lat' dir='ltr'><strong>agnovissent</strong></span> <span class='ocrx_word' id='word_1_271' title='bbox 867 3095 1044 3151; x_wconf 82' lang='lat' dir='ltr'><strong>reges,</strong></span> <span class='ocrx_word' id='word_1_272' title='bbox 1098 3095 1164 3135; x_wconf 81' lang='lat' dir='ltr'><strong>ex</strong></span> <span class='ocrx_word' id='word_1_273' title='bbox 1202 3077 1425 3133; x_wconf 88' lang='lat' dir='ltr'><strong>Oriente</strong></span> <span class='ocrx_word' id='word_1_274' title='bbox 1458 3076 1796 3129; x_wconf 90' lang='lat' dir='ltr'><strong>advenerunt</strong></span> <span class='ocrx_word' id='word_1_275' title='bbox 1837 3067 2045 3123; x_wconf 84' lang='lat' dir='ltr'><strong>accele-</strong></span> 
     </span>
    </p>
   </div>
   <div class='ocr_carea' id='block_1_45' title="bbox 2146 1999 3735 2076">
    <p class='ocr_par' dir='ltr' id='par_1_45' title="bbox 2146 1999 3735 2076">
     <span class='ocr_line' id='line_1_45' title="bbox 2146 1999 3735 2076; baseline -0.004 -17"><span class='ocrx_word' id='word_1_276' title='bbox 2146 2006 2327 2059; x_wconf 83' lang='grc' dir='ltr'>σκότει</span> <span class='ocrx_word' id='word_1_277' title='bbox 2386 2006 2743 2076; x_wconf 83' lang='grc' dir='ltr'>συνεχόμενον</span> <span class='ocrx_word' id='word_1_278' title='bbox 2798 2004 2899 2073; x_wconf 78' lang='grc' dir='ltr'>τῆς</span> <span class='ocrx_word' id='word_1_279' title='bbox 2947 2005 3243 2075; x_wconf 84' lang='grc' dir='ltr'>ἁμαρτίας,</span> <span class='ocrx_word' id='word_1_280' title='bbox 3315 2002 3564 2065; x_wconf 82' lang='grc' dir='ltr'>Θεότοκε,</span> <span class='ocrx_word' id='word_1_281' title='bbox 3626 1999 3735 2055; x_wconf 77' lang='grc' dir='ltr'>καὶ</span> 
     </span>
    </p>
   </div>
   <div class='ocr_carea' id='block_1_46' title="bbox 2142 2093 3732 2171">
    <p class='ocr_par' dir='ltr' id='par_1_46' title="bbox 2142 2093 3732 2171">
     <span class='ocr_line' id='line_1_46' title="bbox 2142 2093 3732 2171; baseline -0.007 -17"><span class='ocrx_word' id='word_1_282' title='bbox 2142 2100 2284 2154; x_wconf 81' lang='grc' dir='ltr'>δίδου</span> <span class='ocrx_word' id='word_1_283' title='bbox 2313 2101 2370 2152; x_wconf 76' lang='grc' dir='ltr'>ἐν</span> <span class='ocrx_word' id='word_1_284' title='bbox 2396 2100 2583 2171; x_wconf 77' lang='grc' dir='ltr'>ἡμέρα</span> <span class='ocrx_word' id='word_1_285' title='bbox 2628 2098 2958 2169; x_wconf 79' lang='grc' dir='ltr'>πορεύεσθαι</span> <span class='ocrx_word' id='word_1_286' title='bbox 3014 2097 3214 2151; x_wconf 79' lang='grc' dir='ltr'>ἐνθέων</span> <span class='ocrx_word' id='word_1_287' title='bbox 3259 2093 3732 2166; x_wconf 79' lang='grc' dir='ltr'>προσταγμάτων,</span> 
     </span>
    </p>
   </div>
   <div class='ocr_carea' id='block_1_47' title="bbox 2142 2186 3425 2264">
    <p class='ocr_par' dir='ltr' id='par_1_47' title="bbox 2142 2186 3425 2264">
     <span class='ocr_line' id='line_1_47' title="bbox 2142 2186 3425 2264; baseline -0.009 -15"><span class='ocrx_word' id='word_1_288' title='bbox 2142 2192 2448 2264; x_wconf 75' lang='grc' dir='ltr'>Θεόνυμφι,</span> <span class='ocrx_word' id='word_1_289' title='bbox 2476 2192 2627 2255; x_wconf 80' lang='grc' dir='ltr'>ὅπως</span> <span class='ocrx_word' id='word_1_290' title='bbox 2657 2191 2812 2262; x_wconf 79' lang='grc' dir='ltr'><strong>ὑμνῶ</strong></span> <span class='ocrx_word' id='word_1_291' title='bbox 2841 2206 2901 2244; x_wconf 87' lang='grc' dir='ltr'><strong>σε</strong></span> <span class='ocrx_word' id='word_1_292' title='bbox 2923 2189 3023 2261; x_wconf 80' lang='grc' dir='ltr'>τὴν</span> <span class='ocrx_word' id='word_1_293' title='bbox 3048 2186 3425 2259; x_wconf 82' lang='grc' dir='ltr'>πανύμνητον.</span> 
     </span>
    </p>
   </div>
   <div class='ocr_carea' id='block_1_48' title="bbox 2156 2401 3741 2477">
    <p class='ocr_par' dir='ltr' id='par_1_48' title="bbox 2156 2401 3741 2477">
     <span class='ocr_line' id='line_1_48' title="bbox 2156 2401 3741 2477; baseline -0.006 -8"><span class='ocrx_word' id='word_1_294' title='bbox 2156 2416 2256 2469; x_wconf 80' lang='grc' dir='ltr'><strong>Ἐκ</strong></span> <span class='ocrx_word' id='word_1_295' title='bbox 2280 2413 2387 2468; x_wconf 73' lang='grc' dir='ltr'>τοῦ</span> <span class='ocrx_word' id='word_1_296' title='bbox 2404 2412 2662 2475; x_wconf 77' lang='grc' dir='ltr'>κανόνος</span> <span class='ocrx_word' id='word_1_297' title='bbox 2684 2413 2769 2477; x_wconf 78' lang='grc' dir='ltr'><strong>είς</strong></span> <span class='ocrx_word' id='word_1_298' title='bbox 2788 2408 3186 2475; x_wconf 55' lang='grc' dir='ltr'>τὺπροεόρτια</span> <span class='ocrx_word' id='word_1_299' title='bbox 3202 2406 3312 2477; x_wconf 78' lang='grc' dir='ltr'>τῆς</span> <span class='ocrx_word' id='word_1_300' title='bbox 3355 2404 3503 2477; x_wconf 72' lang='grc' dir='ltr'>κατὰ</span> <span class='ocrx_word' id='word_1_301' title='bbox 3526 2401 3741 2469; x_wconf 74' lang='grc' dir='ltr'>σάρκα</span> 
     </span>
    </p>
   </div>
   <div class='ocr_carea' id='block_1_49' title="bbox 2399 2474 3459 2553">
    <p class='ocr_par' dir='ltr' id='par_1_49' title="bbox 2399 2474 3459 2553">
     <span class='ocr_line' id='line_1_49' title="bbox 2399 2474 3459 2553; baseline -0.009 -15"><span class='ocrx_word' id='word_1_302' title='bbox 2399 2474 2873 2553; x_wconf 67' lang='grc' dir='ltr'>γεννήσεως-’τοῦ</span> <span class='ocrx_word' id='word_1_303' title='bbox 2906 2481 3146 2547; x_wconf 84' lang='grc' dir='ltr'><strong>Κυρίου,</strong></span> <span class='ocrx_word' id='word_1_304' title='bbox 3170 2476 3360 2546; x_wconf 76' lang='grc' dir='ltr'>ἡμέρᾳ</span> <span class='ocrx_word' id='word_1_305' title='bbox 3391 2474 3459 2529; x_wconf 79' lang='grc' dir='ltr'>κ’.</span> 
     </span>
    </p>
   </div>
   <div class='ocr_carea' id='block_1_50' title="bbox 2226 2598 3743 2677">
    <p class='ocr_par' dir='ltr' id='par_1_50' title="bbox 2226 2598 3743 2677">
     <span class='ocr_line' id='line_1_50' title="bbox 2226 2598 3743 2677; baseline -0.007 -17"><span class='ocrx_word' id='word_1_306' title='bbox 2226 2607 2388 2677; x_wconf 82' lang='grc' dir='ltr'>Ἐδὲμ</span> <span class='ocrx_word' id='word_1_307' title='bbox 2423 2606 2775 2673; x_wconf 82' lang='grc' dir='ltr'>διανοίγεται,</span> <span class='ocrx_word' id='word_1_308' title='bbox 2818 2602 2913 2657; x_wconf 75' lang='grc' dir='ltr'><strong>σοῦ</strong></span> <span class='ocrx_word' id='word_1_309' title='bbox 2971 2601 3266 2674; x_wconf 80' lang='grc' dir='ltr'>γενομένου</span> <span class='ocrx_word' id='word_1_310' title='bbox 3311 2601 3378 2654; x_wconf 88' lang='grc' dir='ltr'>ὲκ</span> <span class='ocrx_word' id='word_1_311' title='bbox 3407 2599 3571 2670; x_wconf 89' lang='grc' dir='ltr'>κόρης</span> <span class='ocrx_word' id='word_1_312' title='bbox 3608 2598 3743 2652; x_wconf 79' lang='grc' dir='ltr'>θεό-</span> 
     </span>
    </p>
   </div>
   <div class='ocr_carea' id='block_1_51' title="bbox 2145 2691 3738 2770">
    <p class='ocr_par' dir='ltr' id='par_1_51' title="bbox 2145 2691 3738 2770">
     <span class='ocr_line' id='line_1_51' title="bbox 2145 2691 3738 2770; baseline -0.006 -17"><span class='ocrx_word' id='word_1_313' title='bbox 2145 2699 2334 2762; x_wconf 87' lang='grc' dir='ltr'>παιδος</span> <span class='ocrx_word' id='word_1_314' title='bbox 2358 2699 2414 2750; x_wconf 76' lang='grc' dir='ltr'>ἑν</span> <span class='ocrx_word' id='word_1_315' title='bbox 2446 2700 2515 2770; x_wconf 80' lang='grc' dir='ltr'><strong>τῇ</strong></span> <span class='ocrx_word' id='word_1_316' title='bbox 2545 2697 2720 2763; x_wconf 79' lang='grc' dir='ltr'>πόλει,</span> <span class='ocrx_word' id='word_1_317' title='bbox 2746 2696 3016 2755; x_wconf 80' lang='grc' dir='ltr'>Δέσποτα,</span> <span class='ocrx_word' id='word_1_318' title='bbox 3053 2697 3121 2766; x_wconf 79' lang='grc' dir='ltr'>τῇ</span> <span class='ocrx_word' id='word_1_319' title='bbox 3154 2693 3403 2765; x_wconf 84' lang='grc' dir='ltr'>Βηθλεὲμ</span> <span class='ocrx_word' id='word_1_320' title='bbox 3435 2693 3490 2746; x_wconf 83' lang='grc' dir='ltr'>ὲν</span> <span class='ocrx_word' id='word_1_321' title='bbox 3522 2691 3691 2763; x_wconf 88' lang='grc' dir='ltr'>σαρκί</span> <span class='ocrx_word' id='word_1_322' title='bbox 3717 2709 3738 2722; x_wconf 87' lang='grc'>·</span> 
     </span>
    </p>
   </div>
   <div class='ocr_carea' id='block_1_52' title="bbox 2145 2785 3443 2863">
    <p class='ocr_par' dir='ltr' id='par_1_52' title="bbox 2145 2785 3443 2863">
     <span class='ocr_line' id='line_1_52' title="bbox 2145 2785 3443 2863; baseline -0.005 -17"><span class='ocrx_word' id='word_1_323' title='bbox 2145 2790 2551 2863; x_wconf 76' lang='grc' dir='ltr'>ὓμνολογοῦμεν</span> <span class='ocrx_word' id='word_1_324' title='bbox 2576 2789 2674 2861; x_wconf 80' lang='grc' dir='ltr'>τὴν</span> <span class='ocrx_word' id='word_1_325' title='bbox 2705 2789 2941 2861; x_wconf 78' lang='grc' dir='ltr'>φρικτὴν</span> <span class='ocrx_word' id='word_1_326' title='bbox 2968 2785 3283 2857; x_wconf 79' lang='grc' dir='ltr'>οἰκονομίαν</span> <span class='ocrx_word' id='word_1_327' title='bbox 3325 2803 3443 2840; x_wconf 87' lang='grc' dir='ltr'>σου.</span> 
     </span>
    </p>
   </div>
   <div class='ocr_carea' id='block_1_53' title="bbox 2221 2971 3744 3050">
    <p class='ocr_par' dir='ltr' id='par_1_53' title="bbox 2221 2971 3744 3050">
     <span class='ocr_line' id='line_1_53' title="bbox 2221 2971 3744 3050; baseline -0.006 -16"><span class='ocrx_word' id='word_1_328' title='bbox 2221 2980 2456 3050; x_wconf 70' lang='grc' dir='ltr'>Ἀστρον</span> <span class='ocrx_word' id='word_1_329' title='bbox 2487 2976 2590 3047; x_wconf 75' lang='grc' dir='ltr'>ἤδη</span> <span class='ocrx_word' id='word_1_330' title='bbox 2620 2974 2989 3031; x_wconf 75' lang='grc' dir='ltr'>ἀνατέταλκεν</span> <span class='ocrx_word' id='word_1_331' title='bbox 3033 2974 3098 3027; x_wconf 76' lang='grc' dir='ltr'>ἐκ</span> <span class='ocrx_word' id='word_1_332' title='bbox 3134 2971 3307 3042; x_wconf 69' lang='grc' dir='ltr'>φυλῆς</span> <span class='ocrx_word' id='word_1_333' title='bbox 3359 2971 3544 3036; x_wconf 81' lang='grc' dir='ltr'>Ἰούδα,</span> <span class='ocrx_word' id='word_1_334' title='bbox 3589 2973 3744 3043; x_wconf 79' lang='grc' dir='ltr'>ὅπερ</span> 
     </span>
    </p>
   </div>
   <div class='ocr_carea' id='block_1_54' title="bbox 2146 3063 3743 3137">
    <p class='ocr_par' dir='ltr' id='par_1_54' title="bbox 2146 3063 3743 3137">
     <span class='ocr_line' id='line_1_54' title="bbox 2146 3063 3743 3137; baseline -0.004 -14"><span class='ocrx_word' id='word_1_335' title='bbox 2146 3069 2463 3137; x_wconf 78' lang='grc' dir='ltr'>ἐπιγνόντες</span> <span class='ocrx_word' id='word_1_336' title='bbox 2490 3066 2730 3137; x_wconf 83' lang='grc' dir='ltr'>βασιλεῖς</span> <span class='ocrx_word' id='word_1_337' title='bbox 2750 3066 2994 3135; x_wconf 82' lang='grc' dir='ltr'><strong>κινήσεις</strong></span> <span class='ocrx_word' id='word_1_338' title='bbox 3011 3063 3286 3117; x_wconf 81' lang='grc' dir='ltr'>ἀνατολῶν</span> <span class='ocrx_word' id='word_1_339' title='bbox 3310 3063 3608 3120; x_wconf 74' lang='grc' dir='ltr'>ποιοῦνται.</span> <span class='ocrx_word' id='word_1_340' title='bbox 3634 3066 3743 3117; x_wconf 74' lang='grc' dir='ltr'>καὶ</span> 
     </span>
    </p>
   </div>
   <div class='ocr_carea' id='block_1_55' title="bbox 481 3154 2049 3246">
    <p class='ocr_par' dir='ltr' id='par_1_55' title="bbox 481 3154 2042 3246">
     <span class='ocr_line' id='line_1_55' title="bbox 481 3154 2042 3246; baseline -0.015 -12"><span class='ocrx_word' id='word_1_341' title='bbox 481 3154 666 3233; x_wconf 88' lang='lat' dir='ltr'><strong>rantes</strong></span> <span class='ocrx_word' id='word_1_342' title='bbox 697 3177 822 3242; x_wconf 85' lang='lat' dir='ltr'><strong>iter,</strong></span> <span class='ocrx_word' id='word_1_343' title='bbox 855 3172 1012 3246; x_wconf 59' lang='lat'><strong>251</strong></span> <span class='ocrx_word' id='word_1_344' title='bbox 1047 3182 1107 3228; x_wconf 90' lang='lat' dir='ltr'><strong>ut</strong></span> <span class='ocrx_word' id='word_1_345' title='bbox 1151 3172 1400 3227; x_wconf 83' lang='lat' dir='ltr'><strong>viderent</strong></span> <span class='ocrx_word' id='word_1_346' title='bbox 1441 3168 1719 3223; x_wconf 72' lang='lat' dir='ltr'><strong>Christum</strong></span> <span class='ocrx_word' id='word_1_347' title='bbox 1763 3169 1948 3217; x_wconf 87' lang='lat' dir='ltr'><strong>natum</strong></span> <span class='ocrx_word' id='word_1_348' title='bbox 1990 3159 2042 3211; x_wconf 92' lang='lat' dir='ltr'><strong>in</strong></span> 
     </span>
    </p>
   </div>
   <div class='ocr_carea' id='block_1_56' title="bbox 2162 3154 3739 3246">
    <p class='ocr_par' dir='ltr' id='par_1_56' title="bbox 2162 3154 3739 3225">
     <span class='ocr_line' id='line_1_56' title="bbox 2162 3154 3739 3225; baseline -0.002 -16"><span class='ocrx_word' id='word_1_349' title='bbox 2162 3158 2351 3225; x_wconf 61' lang='grc' dir='ltr'>φθάσαι</span> <span class='ocrx_word' id='word_1_350' title='bbox 2387 3157 2718 3223; x_wconf 79' lang='grc' dir='ltr'>ἐπείγονται,</span> <span class='ocrx_word' id='word_1_351' title='bbox 2746 3155 2895 3217; x_wconf 84' lang='grc' dir='ltr'>ὅπως</span> <span class='ocrx_word' id='word_1_352' title='bbox 2923 3154 3227 3207; x_wconf 80' lang='grc' dir='ltr'>Οεάσωνται</span> <span class='ocrx_word' id='word_1_353' title='bbox 3271 3154 3505 3225; x_wconf 76' lang='grc' dir='ltr'>Χριστὸν</span> <span class='ocrx_word' id='word_1_354' title='bbox 3531 3155 3585 3206; x_wconf 85' lang='grc' dir='ltr'>ἐν</span> <span class='ocrx_word' id='word_1_355' title='bbox 3620 3155 3739 3223; x_wconf 81' lang='grc' dir='ltr'>Βη-</span> 
     </span>
    </p>
   </div>
   <div class='ocr_carea' id='block_1_57' title="bbox 478 3266 1367 3326">
    <p class='ocr_par' dir='ltr' id='par_1_57' title="bbox 478 3266 1367 3326">
     <span class='ocr_line' id='line_1_57' title="bbox 478 3266 1367 3326; baseline -0.01 0"><span class='ocrx_word' id='word_1_356' title='bbox 478 3271 751 3326; x_wconf 84' lang='lat' dir='ltr'><strong>Bcthleem</strong></span> <span class='ocrx_word' id='word_1_357' title='bbox 785 3266 1088 3325; x_wconf 84' lang='lat' dir='ltr'><strong>secundum</strong></span> <span class='ocrx_word' id='word_1_358' title='bbox 1124 3279 1367 3321; x_wconf 88' lang='lat' dir='ltr'><strong>carnem.</strong></span> 
     </span>
    </p>
   </div>
   <div class='ocr_carea' id='block_1_58' title="bbox 548 3345 2046 3429">
    <p class='ocr_par' dir='ltr' id='par_1_58' title="bbox 548 3345 2046 3429">
     <span class='ocr_line' id='line_1_58' title="bbox 548 3345 2046 3429; baseline -0.015 -13"><span class='ocrx_word' id='word_1_359' title='bbox 548 3360 857 3429; x_wconf 84' lang='lat' dir='ltr'><strong>Quomodo,</strong></span> <span class='ocrx_word' id='word_1_360' title='bbox 890 3374 923 3413; x_wconf 91' lang='grc' dir='ltr'><strong>ο</strong></span> <span class='ocrx_word' id='word_1_361' title='bbox 965 3356 1225 3419; x_wconf 82' lang='lat' dir='ltr'><strong>Verbum,</strong></span> <span class='ocrx_word' id='word_1_362' title='bbox 1262 3351 1523 3421; x_wconf 89' lang='lat' dir='ltr'><strong>suscipiet</strong></span> <span class='ocrx_word' id='word_1_363' title='bbox 1562 3358 1614 3403; x_wconf 91' lang='lat' dir='ltr'><strong>te</strong></span> <span class='ocrx_word' id='word_1_364' title='bbox 1660 3345 1915 3415; x_wconf 88' lang='lat' dir='ltr'><strong>spelunca</strong></span> <span class='ocrx_word' id='word_1_365' title='bbox 1946 3356 2046 3396; x_wconf 87' lang='lat' dir='ltr'><strong>an-</strong></span> 
     </span>
    </p>
   </div>
   <div class='ocr_carea' id='block_1_59' title="bbox 477 3434 2045 3525">
    <p class='ocr_par' dir='ltr' id='par_1_59' title="bbox 477 3434 2045 3525">
     <span class='ocr_line' id='line_1_59' title="bbox 477 3434 2045 3525; baseline -0.015 -16"><span class='ocrx_word' id='word_1_366' title='bbox 477 3453 791 3525; x_wconf 72' lang='lat' dir='ltr'><strong>gustissima</strong></span> <span class='ocrx_word' id='word_1_367' title='bbox 819 3466 884 3504; x_wconf 91' lang='lat' dir='ltr'><strong>ac</strong></span> <span class='ocrx_word' id='word_1_368' title='bbox 912 3448 1203 3512; x_wconf 86' lang='lat' dir='ltr'><strong>vilissima,</strong></span> <span class='ocrx_word' id='word_1_369' title='bbox 1242 3454 1426 3500; x_wconf 91' lang='lat' dir='ltr'><strong>natum</strong></span> <span class='ocrx_word' id='word_1_370' title='bbox 1451 3442 1505 3496; x_wconf 93' lang='lat' dir='ltr'><strong>in</strong></span> <span class='ocrx_word' id='word_1_371' title='bbox 1538 3454 1696 3494; x_wconf 79' lang='lat' dir='ltr'><strong>carne</strong></span> <span class='ocrx_word' id='word_1_372' title='bbox 1716 3439 1739 3490; x_wconf 90' lang='lat'><strong>?</strong></span> <span class='ocrx_word' id='word_1_373' title='bbox 1761 3434 2045 3503; x_wconf 85' lang='lat' dir='ltr'><strong>Quomodo</strong></span> 
     </span>
    </p>
   </div>
   <div class='ocr_carea' id='block_1_60' title="bbox 479 3527 2045 3607">
    <p class='ocr_par' dir='ltr' id='par_1_60' title="bbox 479 3527 2045 3607">
     <span class='ocr_line' id='line_1_60' title="bbox 479 3527 2045 3607; baseline -0.013 -9"><span class='ocrx_word' id='word_1_374' title='bbox 479 3544 667 3600; x_wconf 83' lang='lat' dir='ltr'><strong>fasciis</strong></span> <span class='ocrx_word' id='word_1_375' title='bbox 709 3538 1031 3604; x_wconf 87' lang='lat' dir='ltr'><strong>involveris,</strong></span> <span class='ocrx_word' id='word_1_376' title='bbox 1076 3546 1133 3591; x_wconf 92' lang='lat' dir='ltr'><strong>tu</strong></span> <span class='ocrx_word' id='word_1_377' title='bbox 1170 3536 1264 3607; x_wconf 91' lang='lat' dir='ltr'><strong>qui</strong></span> <span class='ocrx_word' id='word_1_378' title='bbox 1304 3534 1542 3590; x_wconf 91' lang='lat' dir='ltr'><strong>nubibus</strong></span> <span class='ocrx_word' id='word_1_379' title='bbox 1588 3527 1897 3586; x_wconf 92' lang='lat' dir='ltr'><strong>circumdas</strong></span> <span class='ocrx_word' id='word_1_380' title='bbox 1946 3540 2045 3593; x_wconf 89' lang='lat' dir='ltr'><strong>po-</strong></span> 
     </span>
    </p>
   </div>
   <div class='ocr_carea' id='block_1_61' title="bbox 482 3623 2046 3702">
    <p class='ocr_par' dir='ltr' id='par_1_61' title="bbox 482 3623 2046 3702">
     <span class='ocr_line' id='line_1_61' title="bbox 482 3623 2046 3702; baseline -0.015 -9"><span class='ocrx_word' id='word_1_381' title='bbox 482 3636 630 3693; x_wconf 86' lang='lat' dir='ltr'><strong>lum?</strong></span> <span class='ocrx_word' id='word_1_382' title='bbox 663 3632 946 3702; x_wconf 85' lang='lat' dir='ltr'><strong>Quomodo</strong></span> <span class='ocrx_word' id='word_1_383' title='bbox 991 3642 1249 3701; x_wconf 88' lang='lat' dir='ltr'><strong>tanquam</strong></span> <span class='ocrx_word' id='word_1_384' title='bbox 1294 3626 1475 3682; x_wconf 78' lang='lat' dir='ltr'><strong>infans</strong></span> <span class='ocrx_word' id='word_1_385' title='bbox 1515 3625 1568 3679; x_wconf 89' lang='lat' dir='ltr'><strong>in</strong></span> <span class='ocrx_word' id='word_1_386' title='bbox 1608 3623 1891 3677; x_wconf 89' lang='lat' dir='ltr'><strong>brutorum</strong></span> <span class='ocrx_word' id='word_1_387' title='bbox 1934 3627 2046 3672; x_wconf 87' lang='lat' dir='ltr'><strong>sta-</strong></span> 
     </span>
    </p>
   </div>
   <div class='ocr_carea' id='block_1_62' title="bbox 483 3723 1033 3786">
    <p class='ocr_par' dir='ltr' id='par_1_62' title="bbox 483 3723 1033 3786">
     <span class='ocr_line' id='line_1_62' title="bbox 483 3723 1033 3786; baseline -0.015 0"><span class='ocrx_word' id='word_1_388' title='bbox 483 3730 613 3786; x_wconf 82' lang='lat' dir='ltr'><strong>bulo</strong></span> <span class='ocrx_word' id='word_1_389' title='bbox 642 3723 1033 3784; x_wconf 75' lang='lat' dir='ltr'><strong>reclinaberis?</strong></span> 
     </span>
    </p>
   </div>
   <div class='ocr_carea' id='block_1_63' title="bbox 552 3806 2045 3881">
    <p class='ocr_par' dir='ltr' id='par_1_63' title="bbox 552 3806 2045 3881">
     <span class='ocr_line' id='line_1_63' title="bbox 552 3806 2045 3881; baseline -0.017 -3"><span class='ocrx_word' id='word_1_390' title='bbox 552 3824 597 3879; x_wconf 89' lang='grc'>0</span> <span class='ocrx_word' id='word_1_391' title='bbox 620 3823 784 3876; x_wconf 81' lang='lat' dir='ltr'><strong>Edem</strong></span> <span class='ocrx_word' id='word_1_392' title='bbox 830 3819 959 3873; x_wconf 90' lang='lat' dir='ltr'><strong>olim</strong></span> <span class='ocrx_word' id='word_1_393' title='bbox 1001 3815 1132 3872; x_wconf 91' lang='lat' dir='ltr'><strong>mihi</strong></span> <span class='ocrx_word' id='word_1_394' title='bbox 1171 3816 1383 3876; x_wconf 86' lang='lat' dir='ltr'><strong>clausa,</strong></span> <span class='ocrx_word' id='word_1_395' title='bbox 1412 3808 1627 3881; x_wconf 88' lang='lat' dir='ltr'><strong>aperire</strong></span> <span class='ocrx_word' id='word_1_396' title='bbox 1659 3806 1711 3861; x_wconf 93' lang='lat' dir='ltr'><strong>in</strong></span> <span class='ocrx_word' id='word_1_397' title='bbox 1748 3812 2045 3875; x_wconf 89' lang='lat' dir='ltr'><strong>posterum,</strong></span> 
     </span>
    </p>
   </div>
   <div class='ocr_carea' id='block_1_64' title="bbox 481 3891 2046 3970">
    <p class='ocr_par' dir='ltr' id='par_1_64' title="bbox 481 3891 2046 3970">
     <span class='ocr_line' id='line_1_64' title="bbox 481 3891 2046 3970; baseline -0.013 -5"><span class='ocrx_word' id='word_1_398' title='bbox 481 3915 672 3970; x_wconf 86' lang='lat' dir='ltr'><strong>videns</strong></span> <span class='ocrx_word' id='word_1_399' title='bbox 698 3911 976 3967; x_wconf 85' lang='lat' dir='ltr'><strong>Christum</strong></span> <span class='ocrx_word' id='word_1_400' title='bbox 1022 3907 1284 3962; x_wconf 79' lang='lat' dir='ltr'><strong>infantem</strong></span> <span class='ocrx_word' id='word_1_401' title='bbox 1331 3904 1696 3963; x_wconf 88' lang='lat' dir='ltr'><strong>incarnatum,</strong></span> <span class='ocrx_word' id='word_1_402' title='bbox 1726 3904 1785 3949; x_wconf 90' lang='lat' dir='ltr'><strong>et</strong></span> <span class='ocrx_word' id='word_1_403' title='bbox 1827 3894 1881 3949; x_wconf 93' lang='lat' dir='ltr'><strong>in</strong></span> <span class='ocrx_word' id='word_1_404' title='bbox 1907 3891 2046 3947; x_wconf 85' lang='lat' dir='ltr'><strong>civi-</strong></span> 
     </span>
    </p>
   </div>
   <div class='ocr_carea' id='block_1_65' title="bbox 482 3983 2047 4070">
    <p class='ocr_par' dir='ltr' id='par_1_65' title="bbox 482 3983 2047 4070">
     <span class='ocr_line' id='line_1_65' title="bbox 482 3983 2047 4070; baseline -0.016 -7"><span class='ocrx_word' id='word_1_405' title='bbox 482 4015 596 4063; x_wconf 83' lang='lat' dir='ltr'><strong>tate</strong></span> <span class='ocrx_word' id='word_1_406' title='bbox 638 4003 935 4065; x_wconf 79' lang='lat' dir='ltr'><strong>Bethlcem,</strong></span> <span class='ocrx_word' id='word_1_407' title='bbox 981 3996 1440 4070; x_wconf 86' lang='lat' dir='ltr'><strong>quemadmodum</strong></span> <span class='ocrx_word' id='word_1_408' title='bbox 1492 3992 1570 4048; x_wconf 89' lang='lat' dir='ltr'><strong>illi</strong></span> <span class='ocrx_word' id='word_1_409' title='bbox 1618 3989 1881 4063; x_wconf 89' lang='lat' dir='ltr'><strong>placitum</strong></span> <span class='ocrx_word' id='word_1_410' title='bbox 1924 3983 2047 4050; x_wconf 87' lang='lat' dir='ltr'><strong>fuit,</strong></span> 
     </span>
    </p>
   </div>
   <div class='ocr_carea' id='block_1_66' title="bbox 484 4092 1251 4167">
    <p class='ocr_par' dir='ltr' id='par_1_66' title="bbox 484 4092 1251 4167">
     <span class='ocr_line' id='line_1_66' title="bbox 484 4092 1251 4167; baseline -0.012 -15"><span class='ocrx_word' id='word_1_411' title='bbox 484 4115 551 4152; x_wconf 75' lang='lat' dir='ltr'><strong>ex</strong></span> <span class='ocrx_word' id='word_1_412' title='bbox 577 4096 754 4167; x_wconf 88' lang='lat' dir='ltr'><strong>puella</strong></span> <span class='ocrx_word' id='word_1_413' title='bbox 792 4092 1017 4163; x_wconf 75' lang='lat' dir='ltr'><strong>Virgine</strong></span> <span class='ocrx_word' id='word_1_414' title='bbox 1041 4099 1251 4145; x_wconf 87' lang='lat' dir='ltr'><strong>natum.</strong></span> 
     </span>
    </p>
   </div>
   <div class='ocr_carea' id='block_1_67' title="bbox 556 4170 2056 4258">
    <p class='ocr_par' dir='ltr' id='par_1_67' title="bbox 556 4170 2056 4258">
     <span class='ocr_line' id='line_1_67' title="bbox 556 4170 2056 4258; baseline -0.013 -15"><span class='ocrx_word' id='word_1_415' title='bbox 556 4192 615 4243; x_wconf 89' lang='lat' dir='ltr'><strong>lu</strong></span> <span class='ocrx_word' id='word_1_416' title='bbox 674 4188 933 4258; x_wconf 82' lang='lat' dir='ltr'><strong>spelunca</strong></span> <span class='ocrx_word' id='word_1_417' title='bbox 996 4182 1272 4239; x_wconf 82' lang='lat' dir='ltr'><strong>Bethleem</strong></span> <span class='ocrx_word' id='word_1_418' title='bbox 1333 4178 1514 4251; x_wconf 90' lang='lat' dir='ltr'><strong>puella</strong></span> <span class='ocrx_word' id='word_1_419' title='bbox 1568 4174 1859 4231; x_wconf 85' lang='lat' dir='ltr'><strong>manifeste</strong></span> <span class='ocrx_word' id='word_1_420' title='bbox 1914 4170 2056 4242; x_wconf 87' lang='lat' dir='ltr'><strong>parit</strong></span> 
     </span>
    </p>
   </div>
   <div class='ocr_carea' id='block_1_68' title="bbox 485 4263 2051 4339">
    <p class='ocr_par' dir='ltr' id='par_1_68' title="bbox 485 4263 2051 4339">
     <span class='ocr_line' id='line_1_68' title="bbox 485 4263 2051 4339; baseline -0.014 -4"><span class='ocrx_word' id='word_1_421' title='bbox 485 4281 658 4335; x_wconf 83' lang='lat' dir='ltr'><strong>Deum</strong></span> <span class='ocrx_word' id='word_1_422' title='bbox 717 4278 975 4332; x_wconf 89' lang='lat' dir='ltr'><strong>factorem</strong></span> <span class='ocrx_word' id='word_1_423' title='bbox 1025 4272 1290 4339; x_wconf 82' lang='lat' dir='ltr'><strong>universi,</strong></span> <span class='ocrx_word' id='word_1_424' title='bbox 1348 4280 1403 4326; x_wconf 91' lang='lat' dir='ltr'><strong>et</strong></span> <span class='ocrx_word' id='word_1_425' title='bbox 1463 4278 1718 4338; x_wconf 87' lang='lat' dir='ltr'><strong>tanquam</strong></span> <span class='ocrx_word' id='word_1_426' title='bbox 1773 4263 2051 4317; x_wconf 84' lang='lat' dir='ltr'><strong>hominem</strong></span> 
     </span>
    </p>
   </div>
   <div class='ocr_carea' id='block_1_69' title="bbox 488 4357 1855 4434">
    <p class='ocr_par' dir='ltr' id='par_1_69' title="bbox 488 4357 1855 4434">
     <span class='ocr_line' id='line_1_69' title="bbox 488 4357 1855 4434; baseline -0.014 -6"><span class='ocrx_word' id='word_1_427' title='bbox 488 4373 673 4428; x_wconf 75' lang='lat' dir='ltr'><strong>fasciis</strong></span> <span class='ocrx_word' id='word_1_428' title='bbox 704 4370 1034 4434; x_wconf 88' lang='lat' dir='ltr'><strong>involutum,</strong></span> <span class='ocrx_word' id='word_1_429' title='bbox 1060 4366 1289 4423; x_wconf 88' lang='lat' dir='ltr'><strong>reclinat</strong></span> <span class='ocrx_word' id='word_1_430' title='bbox 1313 4378 1463 4419; x_wconf 90' lang='lat' dir='ltr'><strong>nunc</strong></span> <span class='ocrx_word' id='word_1_431' title='bbox 1487 4361 1541 4416; x_wconf 90' lang='lat' dir='ltr'><strong>in</strong></span> <span class='ocrx_word' id='word_1_432' title='bbox 1569 4357 1855 4430; x_wconf 69' lang='lat' dir='ltr'><strong>prazscpio.</strong></span> 
     </span>
    </p>
   </div>
   <div class='ocr_carea' id='block_1_70' title="bbox 555 4443 2056 4533">
    <p class='ocr_par' dir='ltr' id='par_1_70' title="bbox 555 4443 2056 4533">
     <span class='ocr_line' id='line_1_70' title="bbox 555 4443 2056 4533; baseline -0.015 -13"><span class='ocrx_word' id='word_1_433' title='bbox 555 4468 755 4520; x_wconf 77' lang='lat' dir='ltr'><strong>Aurem</strong></span> <span class='ocrx_word' id='word_1_434' title='bbox 789 4461 1133 4533; x_wconf 65' lang='lat' dir='ltr'><strong>praabeamus</strong></span> <span class='ocrx_word' id='word_1_435' title='bbox 1165 4454 1512 4516; x_wconf 89' lang='lat' dir='ltr'><strong>sermonibus</strong></span> <span class='ocrx_word' id='word_1_436' title='bbox 1552 4450 1760 4514; x_wconf 89' lang='lat' dir='ltr'><strong>sacris;</strong></span> <span class='ocrx_word' id='word_1_437' title='bbox 1794 4443 2056 4501; x_wconf 89' lang='lat' dir='ltr'><strong>Dominus</strong></span> 
     </span>
    </p>
   </div>
   <div class='ocr_carea' id='block_1_71' title="bbox 485 4538 2057 4625">
    <p class='ocr_par' dir='ltr' id='par_1_71' title="bbox 485 4538 2057 4625">
     <span class='ocr_line' id='line_1_71' title="bbox 485 4538 2057 4625; baseline -0.013 -14"><span class='ocrx_word' id='word_1_438' title='bbox 485 4558 733 4612; x_wconf 79' lang='lat' dir='ltr'><strong>nascitur</strong></span> <span class='ocrx_word' id='word_1_439' title='bbox 761 4571 897 4625; x_wconf 89' lang='lat' dir='ltr'><strong>puer</strong></span> <span class='ocrx_word' id='word_1_440' title='bbox 921 4561 1144 4624; x_wconf 85' lang='lat' dir='ltr'><strong>propter</strong></span> <span class='ocrx_word' id='word_1_441' title='bbox 1168 4565 1294 4613; x_wconf 89' lang='lat' dir='ltr'><strong>nos,</strong></span> <span class='ocrx_word' id='word_1_442' title='bbox 1317 4547 1475 4617; x_wconf 84' lang='lat' dir='ltr'><strong>cujus</strong></span> <span class='ocrx_word' id='word_1_443' title='bbox 1506 4542 1849 4613; x_wconf 83' lang='lat' dir='ltr'><strong>principatus</strong></span> <span class='ocrx_word' id='word_1_444' title='bbox 1877 4538 2057 4592; x_wconf 76' lang='lat' dir='ltr'><strong>factus</strong></span> 
     </span>
    </p>
   </div>
   <div class='ocr_carea' id='block_1_72' title="bbox 485 4631 2056 4719">
    <p class='ocr_par' dir='ltr' id='par_1_72' title="bbox 485 4631 2056 4719">
     <span class='ocr_line' id='line_1_72' title="bbox 485 4631 2056 4719; baseline -0.012 -18"><span class='ocrx_word' id='word_1_445' title='bbox 485 4659 569 4704; x_wconf 76' lang='lat' dir='ltr'><strong>est</strong></span> <span class='ocrx_word' id='word_1_446' title='bbox 602 4663 766 4719; x_wconf 84' lang='lat' dir='ltr'><strong>super</strong></span> <span class='ocrx_word' id='word_1_447' title='bbox 790 4648 1077 4701; x_wconf 86' lang='lat' dir='ltr'><strong>humerum</strong></span> <span class='ocrx_word' id='word_1_448' title='bbox 1109 4642 1248 4713; x_wconf 85' lang='lat' dir='ltr'><strong>ejus,</strong></span> <span class='ocrx_word' id='word_1_449' title='bbox 1276 4650 1331 4696; x_wconf 92' lang='lat' dir='ltr'><strong>et</strong></span> <span class='ocrx_word' id='word_1_450' title='bbox 1356 4646 1582 4694; x_wconf 78' lang='lat' dir='ltr'><strong>vocatur</strong></span> <span class='ocrx_word' id='word_1_451' title='bbox 1606 4633 1845 4704; x_wconf 80' lang='lat' dir='ltr'><strong>Angelus</strong></span> <span class='ocrx_word' id='word_1_452' title='bbox 1875 4631 2056 4700; x_wconf 80' lang='lat' dir='ltr'><strong>magni</strong></span> 
     </span>
    </p>
   </div>
   <div class='ocr_carea' id='block_1_73' title="bbox 487 4729 1736 4808">
    <p class='ocr_par' dir='ltr' id='par_1_73' title="bbox 487 4729 1736 4808">
     <span class='ocr_line' id='line_1_73' title="bbox 487 4729 1736 4808; baseline -0.012 -11"><span class='ocrx_word' id='word_1_453' title='bbox 487 4743 703 4797; x_wconf 84' lang='lat' dir='ltr'><strong>consilii</strong></span> <span class='ocrx_word' id='word_1_454' title='bbox 735 4740 949 4803; x_wconf 84' lang='lat' dir='ltr'><strong>Patris,</strong></span> <span class='ocrx_word' id='word_1_455' title='bbox 986 4738 1242 4808; x_wconf 80' lang='lat' dir='ltr'><strong>princeps</strong></span> <span class='ocrx_word' id='word_1_456' title='bbox 1272 4732 1423 4804; x_wconf 87' lang='lat' dir='ltr'><strong>pacis</strong></span> <span class='ocrx_word' id='word_1_457' title='bbox 1455 4729 1736 4791; x_wconf 83' lang='lat' dir='ltr'><strong>Christus.</strong></span> 
     </span>
    </p>
   </div>
   <div class='ocr_carea' id='block_1_74' title="bbox 560 4814 2061 4903">
    <p class='ocr_par' dir='ltr' id='par_1_74' title="bbox 560 4814 2061 4903">
     <span class='ocr_line' id='line_1_74' title="bbox 560 4814 2061 4903; baseline -0.015 -14"><span class='ocrx_word' id='word_1_458' title='bbox 560 4835 713 4889; x_wconf 79' lang='lat' dir='ltr'><strong>Sicut</strong></span> <span class='ocrx_word' id='word_1_459' title='bbox 740 4833 949 4903; x_wconf 87' lang='lat' dir='ltr'><strong>juravit</strong></span> <span class='ocrx_word' id='word_1_460' title='bbox 990 4830 1275 4886; x_wconf 82' lang='lat' dir='ltr'><strong>Dominus.</strong></span> <span class='ocrx_word' id='word_1_461' title='bbox 1316 4839 1442 4880; x_wconf 90' lang='lat' dir='ltr'><strong>ecce</strong></span> <span class='ocrx_word' id='word_1_462' title='bbox 1468 4818 1759 4890; x_wconf 83' lang='lat' dir='ltr'><strong>complevit</strong></span> <span class='ocrx_word' id='word_1_463' title='bbox 1783 4814 2061 4885; x_wconf 79' lang='lat' dir='ltr'><strong>jusjuran-</strong></span> 
     </span>
    </p>
   </div>
   <div class='ocr_carea' id='block_1_75' title="bbox 488 4910 2058 4995">
    <p class='ocr_par' dir='ltr' id='par_1_75' title="bbox 488 4910 2058 4995">
     <span class='ocr_line' id='line_1_75' title="bbox 488 4910 2058 4995; baseline -0.017 -11"><span class='ocrx_word' id='word_1_464' title='bbox 488 4930 641 4995; x_wconf 85' lang='lat' dir='ltr'><strong>dum,</strong></span> <span class='ocrx_word' id='word_1_465' title='bbox 676 4927 814 4981; x_wconf 87' lang='lat' dir='ltr'><strong>dans</strong></span> <span class='ocrx_word' id='word_1_466' title='bbox 854 4925 1015 4979; x_wconf 88' lang='lat' dir='ltr'><strong>nobis</strong></span> <span class='ocrx_word' id='word_1_467' title='bbox 1059 4937 1125 4977; x_wconf 77' lang='lat' dir='ltr'><strong>ex</strong></span> <span class='ocrx_word' id='word_1_468' title='bbox 1158 4919 1366 4976; x_wconf 87' lang='lat' dir='ltr'><strong>semine</strong></span> <span class='ocrx_word' id='word_1_469' title='bbox 1410 4913 1578 4971; x_wconf 88' lang='lat' dir='ltr'><strong>David</strong></span> <span class='ocrx_word' id='word_1_470' title='bbox 1629 4910 1905 4982; x_wconf 79' lang='lat' dir='ltr'><strong>Virginem</strong></span> <span class='ocrx_word' id='word_1_471' title='bbox 1945 4921 2058 4961; x_wconf 88' lang='lat' dir='ltr'><strong>ma-</strong></span> 
     </span>
    </p>
   </div>
   <div class='ocr_carea' id='block_1_76' title="bbox 440 4998 2058 5098">
    <p class='ocr_par' dir='ltr' id='par_1_76' title="bbox 440 4998 2058 5098">
     <span class='ocr_line' id='line_1_76' title="bbox 440 4998 2058 5098; baseline -0.015 -24"><span class='ocrx_word' id='word_1_472' title='bbox 440 5033 626 5098; x_wconf 44' lang='grc' dir='ltr'><strong>λιιοοιιι</strong></span> <span class='ocrx_word' id='word_1_473' title='bbox 676 5034 857 5081; x_wconf 83' lang='lat' dir='ltr'><strong>suam,</strong></span> <span class='ocrx_word' id='word_1_474' title='bbox 913 5032 977 5069; x_wconf 83' lang='lat' dir='ltr'><strong>ex</strong></span> <span class='ocrx_word' id='word_1_475' title='bbox 1029 5030 1137 5084; x_wconf 83' lang='lat' dir='ltr'><strong>qua</strong></span> <span class='ocrx_word' id='word_1_476' title='bbox 1194 5021 1357 5065; x_wconf 91' lang='lat' dir='ltr'><strong>natus</strong></span> <span class='ocrx_word' id='word_1_477' title='bbox 1396 5016 1480 5061; x_wconf 90' lang='lat' dir='ltr'><strong>cst</strong></span> <span class='ocrx_word' id='word_1_478' title='bbox 1529 5005 1710 5059; x_wconf 85' lang='lat' dir='ltr'><strong>iulans</strong></span> <span class='ocrx_word' id='word_1_479' title='bbox 1757 4998 2058 5055; x_wconf 88' lang='lat' dir='ltr'><strong>secundum</strong></span> 
     </span>
    </p>
   </div>
   <div class='ocr_carea' id='block_1_77' title="bbox 444 5097 2059 5169">
    <p class='ocr_par' dir='ltr' id='par_1_77' title="bbox 444 5097 2059 5169">
     <span class='ocr_line' id='line_1_77' title="bbox 444 5097 2059 5169; baseline -0.015 -1"><span class='ocrx_word' id='word_1_480' title='bbox 444 5097 710 5167; x_wconf 66' lang='lat' dir='ltr'><strong>“carnem</strong></span> <span class='ocrx_word' id='word_1_481' title='bbox 743 5110 797 5164; x_wconf 91' lang='lat' dir='ltr'><strong>in</strong></span> <span class='ocrx_word' id='word_1_482' title='bbox 826 5108 1045 5164; x_wconf 76' lang='lat' dir='ltr'><strong>civitate</strong></span> <span class='ocrx_word' id='word_1_483' title='bbox 1093 5104 1390 5168; x_wconf 83' lang='lat' dir='ltr'><strong>Bethleem,</strong></span> <span class='ocrx_word' id='word_1_484' title='bbox 1424 5112 1591 5169; x_wconf 84' lang='lat' dir='ltr'><strong>supra</strong></span> <span class='ocrx_word' id='word_1_485' title='bbox 1615 5108 1833 5151; x_wconf 87' lang='lat' dir='ltr'><strong>omnem</strong></span> <span class='ocrx_word' id='word_1_486' title='bbox 1863 5104 2059 5147; x_wconf 87' lang='lat' dir='ltr'><strong>conce-</strong></span> 
     </span>
    </p>
   </div>
   <div class='ocr_carea' id='block_1_78' title="bbox 489 5204 985 5276">
    <p class='ocr_par' dir='ltr' id='par_1_78' title="bbox 489 5204 985 5276">
     <span class='ocr_line' id='line_1_78' title="bbox 489 5204 985 5276; baseline -0.012 -17"><span class='ocrx_word' id='word_1_487' title='bbox 489 5218 642 5276; x_wconf 89' lang='lat' dir='ltr'><strong>ptum</strong></span> <span class='ocrx_word' id='word_1_488' title='bbox 667 5204 985 5259; x_wconf 86' lang='lat' dir='ltr'><strong>verborum.</strong></span> 
     </span>
    </p>
   </div>
   <div class='ocr_carea' id='block_1_79' title="bbox 561 5278 2059 5367">
    <p class='ocr_par' dir='ltr' id='par_1_79' title="bbox 561 5278 2059 5367">
     <span class='ocr_line' id='line_1_79' title="bbox 561 5278 2059 5367; baseline -0.016 -15"><span class='ocrx_word' id='word_1_489' title='bbox 561 5298 750 5367; x_wconf 75' lang='lat' dir='ltr'><strong>Virgo,</strong></span> <span class='ocrx_word' id='word_1_490' title='bbox 802 5295 1137 5347; x_wconf 83' lang='lat' dir='ltr'><strong>alabastrum</strong></span> <span class='ocrx_word' id='word_1_491' title='bbox 1185 5286 1449 5357; x_wconf 77' lang='lat' dir='ltr'><strong>Spiritalc,</strong></span> <span class='ocrx_word' id='word_1_492' title='bbox 1503 5284 1607 5337; x_wconf 84' lang='lat' dir='ltr'><strong>fert</strong></span> <span class='ocrx_word' id='word_1_493' title='bbox 1642 5278 1922 5335; x_wconf 86' lang='lat' dir='ltr'><strong>Christum</strong></span> <span class='ocrx_word' id='word_1_494' title='bbox 1956 5293 2059 5329; x_wconf 86' lang='lat' dir='ltr'><strong>un-</strong></span> 
     </span>
    </p>
   </div>
   <div class='ocr_carea' id='block_1_80' title="bbox 491 5367 2059 5457">
    <p class='ocr_par' dir='ltr' id='par_1_80' title="bbox 491 5367 2059 5457">
     <span class='ocr_line' id='line_1_80' title="bbox 491 5367 2059 5457; baseline -0.017 -13"><span class='ocrx_word' id='word_1_495' title='bbox 491 5397 752 5457; x_wconf 72' lang='lat' dir='ltr'><strong>guentum</strong></span> <span class='ocrx_word' id='word_1_496' title='bbox 791 5383 1200 5443; x_wconf 81' lang='lat' dir='ltr'><strong>inexhaustum,</strong></span> <span class='ocrx_word' id='word_1_497' title='bbox 1231 5376 1377 5448; x_wconf 79' lang='lat' dir='ltr'><strong>quod</strong></span> <span class='ocrx_word' id='word_1_498' title='bbox 1410 5376 1463 5427; x_wconf 93' lang='lat' dir='ltr'><strong>in</strong></span> <span class='ocrx_word' id='word_1_499' title='bbox 1492 5372 1751 5442; x_wconf 82' lang='lat' dir='ltr'><strong>spelunca</strong></span> <span class='ocrx_word' id='word_1_500' title='bbox 1788 5367 2059 5421; x_wconf 84' lang='lat' dir='ltr'><strong>Bethleem</strong></span> 
     </span>
    </p>
   </div>
   <div class='ocr_carea' id='block_1_81' title="bbox 489 5465 2063 5549">
    <p class='ocr_par' dir='ltr' id='par_1_81' title="bbox 489 5465 2063 5549">
     <span class='ocr_line' id='line_1_81' title="bbox 489 5465 2063 5549; baseline -0.015 -17"><span class='ocrx_word' id='word_1_501' title='bbox 489 5479 767 5549; x_wconf 78' lang='lat' dir='ltr'><strong>egreditur</strong></span> <span class='ocrx_word' id='word_1_502' title='bbox 823 5484 883 5530; x_wconf 92' lang='lat' dir='ltr'><strong>ut</strong></span> <span class='ocrx_word' id='word_1_503' title='bbox 938 5475 991 5528; x_wconf 92' lang='lat' dir='ltr'><strong>in</strong></span> <span class='ocrx_word' id='word_1_504' title='bbox 1046 5471 1241 5541; x_wconf 88' lang='lat' dir='ltr'><strong>spiritu</strong></span> <span class='ocrx_word' id='word_1_505' title='bbox 1299 5465 1586 5521; x_wconf 86' lang='lat' dir='ltr'><strong>manifeste</strong></span> <span class='ocrx_word' id='word_1_506' title='bbox 1635 5468 1953 5521; x_wconf 89' lang='lat' dir='ltr'><strong>cvacuetur,</strong></span> <span class='ocrx_word' id='word_1_507' title='bbox 2005 5465 2063 5509; x_wconf 90' lang='lat' dir='ltr'><strong>ut</strong></span> 
     </span>
    </p>
   </div>
   <div class='ocr_carea' id='block_1_82' title="bbox 490 5556 1847 5628">
    <p class='ocr_par' dir='ltr' id='par_1_82' title="bbox 490 5556 1847 5628">
     <span class='ocr_line' id='line_1_82' title="bbox 490 5556 1847 5628; baseline -0.015 -5"><span class='ocrx_word' id='word_1_508' title='bbox 490 5570 760 5623; x_wconf 86' lang='lat' dir='ltr'><strong>suavitate</strong></span> <span class='ocrx_word' id='word_1_509' title='bbox 792 5565 979 5622; x_wconf 83' lang='lat' dir='ltr'><strong>odoris</strong></span> <span class='ocrx_word' id='word_1_510' title='bbox 1008 5564 1094 5618; x_wconf 88' lang='lat' dir='ltr'><strong>sui</strong></span> <span class='ocrx_word' id='word_1_511' title='bbox 1131 5562 1334 5628; x_wconf 87' lang='lat' dir='ltr'><strong>repleat</strong></span> <span class='ocrx_word' id='word_1_512' title='bbox 1367 5556 1579 5612; x_wconf 88' lang='lat' dir='ltr'><strong>animas</strong></span> <span class='ocrx_word' id='word_1_513' title='bbox 1609 5562 1847 5609; x_wconf 84' lang='lat' dir='ltr'><strong>nostras.</strong></span> 
     </span>
    </p>
   </div>
   <div class='ocr_carea' id='block_1_83' title="bbox 491 5677 2060 5810">
    <p class='ocr_par' dir='ltr' id='par_1_83' title="bbox 491 5677 2060 5810">
     <span class='ocr_line' id='line_1_83' title="bbox 491 5677 2060 5810; baseline -0.015 -59"><span class='ocrx_word' id='word_1_514' title='bbox 491 5693 577 5751; x_wconf 77' lang='lat' dir='ltr'><strong>Ea:</strong></span> <span class='ocrx_word' id='word_1_515' title='bbox 600 5710 796 5750; x_wconf 84' lang='lat' dir='ltr'><strong>canone</strong></span> <span class='ocrx_word' id='word_1_516' title='bbox 823 5693 877 5746; x_wconf 83' lang='lat' dir='ltr'><strong>in</strong></span> <span class='ocrx_word' id='word_1_517' title='bbox 904 5693 1036 5762; x_wconf 75' lang='lat' dir='ltr'><strong>festo</strong></span> <span class='ocrx_word' id='word_1_518' title='bbox 1070 5687 1126 5743; x_wconf 91' lang='lat' dir='ltr'><strong>S.</strong></span> <span class='ocrx_word' id='word_1_519' title='bbox 1157 5687 1392 5810; x_wconf 49' lang='lat' dir='ltr'><strong>{123(5ng</strong></span> <span class='ocrx_word' id='word_1_520' title='bbox 1423 5679 1674 5749; x_wconf 79' lang='lat' dir='ltr'><strong>martyris</strong></span> <span class='ocrx_word' id='word_1_521' title='bbox 1712 5677 2060 5743; x_wconf 74' lang='lat' dir='ltr'><strong>Nicomediw,</strong></span> 
     </span>
     <span class='ocr_line' id='line_1_84' title="bbox 1209 5776 1373 5810; baseline 0.006 -1"><span class='ocrx_word' id='word_1_522' title='bbox 1209 5776 1253 5810; x_wconf 78' lang='grc' dir='ltr'>ιε</span> <span class='ocrx_word' id='word_1_523' title='bbox 1286 5797 1318 5810; x_wconf 88' lang='grc'><strong>-</strong></span> <span class='ocrx_word' id='word_1_524' title='bbox 1361 5798 1373 5810; x_wconf 94' lang='grc'><strong>.</strong></span> 
     </span>
    </p>
   </div>
   <div class='ocr_carea' id='block_1_84' title="bbox 1209 5776 1373 5812">
    <p class='ocr_par' dir='ltr' id='par_1_84' title="bbox 1209 5776 1373 5812">
     <span class='ocr_line' id='line_1_85' title="bbox 1209 5776 1373 5812; baseline 0.012 -3"><span class='ocrx_word' id='word_1_525' title='bbox 1209 5776 1253 5811; x_wconf 76' lang='grc' dir='ltr'>ιε</span> <span class='ocrx_word' id='word_1_526' title='bbox 1282 5776 1373 5812; x_wconf 68' lang='grc'><strong>⁷21.</strong></span> 
     </span>
    </p>
   </div>
   <div class='ocr_carea' id='block_1_85' title="bbox 568 5878 2061 5962">
    <p class='ocr_par' dir='ltr' id='par_1_85' title="bbox 568 5878 2061 5962">
     <span class='ocr_line' id='line_1_86' title="bbox 568 5878 2061 5962; baseline -0.009 -18"><span class='ocrx_word' id='word_1_527' title='bbox 568 5893 730 5962; x_wconf 72' lang='lat' dir='ltr'><strong>Virgo</strong></span> <span class='ocrx_word' id='word_1_528' title='bbox 778 5879 986 5947; x_wconf 77' lang='lat' dir='ltr'><strong>natura:</strong></span> <span class='ocrx_word' id='word_1_529' title='bbox 1033 5886 1382 5943; x_wconf 84' lang='lat' dir='ltr'><strong>Conditorem</strong></span> <span class='ocrx_word' id='word_1_530' title='bbox 1448 5898 1639 5955; x_wconf 84' lang='lat' dir='ltr'><strong>parcre</strong></span> <span class='ocrx_word' id='word_1_531' title='bbox 1721 5878 1943 5935; x_wconf 87' lang='lat' dir='ltr'><strong>festinat</strong></span> <span class='ocrx_word' id='word_1_532' title='bbox 2009 5878 2061 5931; x_wconf 91' lang='lat' dir='ltr'><strong>in</strong></span> 
     </span>
    </p>
   </div>
   <div class='ocr_carea' id='block_1_86' title="bbox 2075 3238 2891 3317">
    <p class='ocr_par' dir='ltr' id='par_1_86' title="bbox 2075 3238 2891 3317">
     <span class='ocr_line' id='line_1_87' title="bbox 2075 3238 2891 3317; baseline 0.001 -19"><span class='ocrx_word' id='word_1_533' title='bbox 2075 3238 2120 3298; x_wconf 82' lang='lat' dir='ltr'><strong><em>C</em></strong></span> <span class='ocrx_word' id='word_1_534' title='bbox 2152 3248 2323 3317; x_wconf 72' lang='grc' dir='ltr'>ὒλεὲμ</span> <span class='ocrx_word' id='word_1_535' title='bbox 2360 3246 2527 3316; x_wconf 78' lang='grc' dir='ltr'>σαρκὶ</span> <span class='ocrx_word' id='word_1_536' title='bbox 2549 3245 2891 3313; x_wconf 82' lang='grc' dir='ltr'>τικτόμενον.</span> 
     </span>
    </p>
   </div>
   <div class='ocr_carea' id='block_1_87' title="bbox 2217 3335 3737 3408">
    <p class='ocr_par' dir='ltr' id='par_1_87' title="bbox 2217 3335 3737 3408">
     <span class='ocr_line' id='line_1_88' title="bbox 2217 3335 3737 3408; baseline -0.004 -15"><span class='ocrx_word' id='word_1_537' title='bbox 2217 3339 2341 3403; x_wconf 85' lang='grc' dir='ltr'><strong>Πῶς</strong></span> <span class='ocrx_word' id='word_1_538' title='bbox 2375 3338 2587 3403; x_wconf 79' lang='grc' dir='ltr'>δέξεταί</span> <span class='ocrx_word' id='word_1_539' title='bbox 2624 3356 2705 3400; x_wconf 85' lang='grc' dir='ltr'><strong>σε,</strong></span> <span class='ocrx_word' id='word_1_540' title='bbox 2741 3337 2903 3406; x_wconf 82' lang='grc' dir='ltr'>Λὸγε,</span> <span class='ocrx_word' id='word_1_541' title='bbox 2938 3336 3257 3408; x_wconf 74' lang='grc' dir='ltr'>τικτόμενον</span> <span class='ocrx_word' id='word_1_542' title='bbox 3298 3337 3463 3406; x_wconf 75' lang='grc' dir='ltr'>σαρκὶ</span> <span class='ocrx_word' id='word_1_543' title='bbox 3493 3335 3555 3388; x_wconf 78' lang='grc' dir='ltr'><strong>τὸ</strong></span> <span class='ocrx_word' id='word_1_544' title='bbox 3588 3336 3737 3407; x_wconf 55' lang='grc' dir='ltr'>σπή.</span> 
     </span>
    </p>
   </div>
   <div class='ocr_carea' id='block_1_88' title="bbox 2145 3426 3744 3504">
    <p class='ocr_par' dir='ltr' id='par_1_88' title="bbox 2145 3426 3744 3504">
     <span class='ocr_line' id='line_1_89' title="bbox 2145 3426 3744 3504; baseline -0.006 -17"><span class='ocrx_word' id='word_1_545' title='bbox 2145 3434 2297 3487; x_wconf 88' lang='grc' dir='ltr'>λαιον</span> <span class='ocrx_word' id='word_1_546' title='bbox 2346 3432 2678 3504; x_wconf 74' lang='grc' dir='ltr'>μικρότατον</span> <span class='ocrx_word' id='word_1_547' title='bbox 2724 3430 2820 3483; x_wconf 69' lang='grc' dir='ltr'><strong>καὶ</strong></span> <span class='ocrx_word' id='word_1_548' title='bbox 2869 3430 2988 3483; x_wconf 69' lang='grc' dir='ltr'>λίαν</span> <span class='ocrx_word' id='word_1_549' title='bbox 3036 3428 3282 3494; x_wconf 78' lang='grc' dir='ltr'>εὐτελέςς</span> <span class='ocrx_word' id='word_1_550' title='bbox 3325 3427 3445 3491; x_wconf 84' lang='grc' dir='ltr'><strong>πῶς</strong></span> <span class='ocrx_word' id='word_1_551' title='bbox 3482 3426 3744 3499; x_wconf 76' lang='grc' dir='ltr'>εἰλιθήσῃ</span> 
     </span>
    </p>
   </div>
   <div class='ocr_carea' id='block_1_89' title="bbox 2150 3516 3745 3594">
    <p class='ocr_par' dir='ltr' id='par_1_89' title="bbox 2150 3516 3745 3594">
     <span class='ocr_line' id='line_1_90' title="bbox 2150 3516 3745 3594; baseline -0.006 -18"><span class='ocrx_word' id='word_1_552' title='bbox 2150 3523 2507 3594; x_wconf 81' lang='grc' dir='ltr'>σπαργάνοις,</span> <span class='ocrx_word' id='word_1_553' title='bbox 2540 3524 2568 3576; x_wconf 82' lang='grc' dir='ltr'>ὁ</span> <span class='ocrx_word' id='word_1_554' title='bbox 2592 3520 2935 3589; x_wconf 76' lang='grc' dir='ltr'>περιϐάλλων</span> <span class='ocrx_word' id='word_1_555' title='bbox 2994 3518 3157 3573; x_wconf 81' lang='grc' dir='ltr'>πόλον</span> <span class='ocrx_word' id='word_1_556' title='bbox 3190 3517 3478 3586; x_wconf 72' lang='grc' dir='ltr'>νεφέλαιςς</span> <span class='ocrx_word' id='word_1_557' title='bbox 3523 3516 3645 3583; x_wconf 81' lang='grc' dir='ltr'>πῶς</span> <span class='ocrx_word' id='word_1_558' title='bbox 3683 3517 3745 3568; x_wconf 82' lang='grc' dir='ltr'>ἑν</span> 
     </span>
    </p>
   </div>
   <div class='ocr_carea' id='block_1_90' title="bbox 2150 3608 3520 3687">
    <p class='ocr_par' dir='ltr' id='par_1_90' title="bbox 2150 3608 3520 3687">
     <span class='ocr_line' id='line_1_91' title="bbox 2150 3608 3520 3687; baseline -0.005 -19"><span class='ocrx_word' id='word_1_559' title='bbox 2150 3614 2327 3687; x_wconf 81' lang='grc' dir='ltr'>φάτνῃ</span> <span class='ocrx_word' id='word_1_560' title='bbox 2355 3612 2463 3666; x_wconf 85' lang='grc' dir='ltr'><strong>τῶν</strong></span> <span class='ocrx_word' id='word_1_561' title='bbox 2493 3611 2706 3682; x_wconf 87' lang='grc' dir='ltr'>ἀλόγων</span> <span class='ocrx_word' id='word_1_562' title='bbox 2743 3610 3160 3682; x_wconf 75' lang='grc' dir='ltr'>ἑπανακλιθήσῃ</span> <span class='ocrx_word' id='word_1_563' title='bbox 3191 3612 3266 3673; x_wconf 82' lang='grc' dir='ltr'>ὡς</span> <span class='ocrx_word' id='word_1_564' title='bbox 3289 3608 3520 3680; x_wconf 77' lang='grc' dir='ltr'>νήπιον;</span> 
     </span>
    </p>
   </div>
   <div class='ocr_carea' id='block_1_91' title="bbox 2234 3788 3743 3867">
    <p class='ocr_par' dir='ltr' id='par_1_91' title="bbox 2234 3788 3743 3867">
     <span class='ocr_line' id='line_1_92' title="bbox 2234 3788 3743 3867; baseline -0.005 -16"><span class='ocrx_word' id='word_1_565' title='bbox 2234 3797 2393 3867; x_wconf 78' lang='grc' dir='ltr'>Ἐδὲμ</span> <span class='ocrx_word' id='word_1_566' title='bbox 2440 3797 2607 3851; x_wconf 83' lang='grc' dir='ltr'>πάλαι</span> <span class='ocrx_word' id='word_1_567' title='bbox 2665 3793 2979 3849; x_wconf 70' lang='grc' dir='ltr'>κλεισθεῖσά</span> <span class='ocrx_word' id='word_1_568' title='bbox 3031 3811 3122 3863; x_wconf 88' lang='grc' dir='ltr'><strong>μοι</strong></span> <span class='ocrx_word' id='word_1_569' title='bbox 3190 3791 3470 3862; x_wconf 80' lang='grc' dir='ltr'>ἀνοίχθητι</span> <span class='ocrx_word' id='word_1_570' title='bbox 3521 3788 3743 3845; x_wconf 73' lang='grc' dir='ltr'>λοιπόν.</span> 
     </span>
    </p>
   </div>
   <div class='ocr_carea' id='block_1_92' title="bbox 2152 3882 3743 3960">
    <p class='ocr_par' dir='ltr' id='par_1_92' title="bbox 2152 3882 3743 3960">
     <span class='ocr_line' id='line_1_93' title="bbox 2152 3882 3743 3960; baseline -0.007 -17"><span class='ocrx_word' id='word_1_571' title='bbox 2152 3889 2425 3960; x_wconf 82' lang='grc' dir='ltr'>βλέπουσα</span> <span class='ocrx_word' id='word_1_572' title='bbox 2480 3886 2722 3957; x_wconf 77' lang='grc' dir='ltr'>Χριστὸν</span> <span class='ocrx_word' id='word_1_573' title='bbox 2773 3886 2942 3955; x_wconf 77' lang='grc' dir='ltr'>σαρκὶ</span> <span class='ocrx_word' id='word_1_574' title='bbox 2971 3884 3338 3953; x_wconf 87' lang='grc' dir='ltr'>νηπιάσαντα,</span> <span class='ocrx_word' id='word_1_575' title='bbox 3397 3882 3494 3935; x_wconf 78' lang='grc' dir='ltr'>καὶ</span> <span class='ocrx_word' id='word_1_576' title='bbox 3546 3882 3606 3934; x_wconf 81' lang='grc' dir='ltr'>ὲν</span> <span class='ocrx_word' id='word_1_577' title='bbox 3671 3884 3743 3951; x_wconf 76' lang='grc' dir='ltr'><strong>τῇ</strong></span> 
     </span>
    </p>
   </div>
   <div class='ocr_carea' id='block_1_93' title="bbox 2152 3975 3747 4050">
    <p class='ocr_par' dir='ltr' id='par_1_93' title="bbox 2152 3975 3747 4050">
     <span class='ocr_line' id='line_1_94' title="bbox 2152 3975 3747 4050; baseline -0.005 -15"><span class='ocrx_word' id='word_1_578' title='bbox 2152 3981 2328 4046; x_wconf 78' lang='grc' dir='ltr'>πόλει,</span> <span class='ocrx_word' id='word_1_579' title='bbox 2374 3980 2451 4044; x_wconf 82' lang='grc' dir='ltr'><strong>ὡς</strong></span> <span class='ocrx_word' id='word_1_580' title='bbox 2490 3979 2783 4050; x_wconf 81' lang='grc' dir='ltr'>ηὐδόκησε,</span> <span class='ocrx_word' id='word_1_581' title='bbox 2805 3979 2907 4048; x_wconf 82' lang='grc' dir='ltr'>τῆς</span> <span class='ocrx_word' id='word_1_582' title='bbox 2954 3976 3205 4049; x_wconf 75' lang='grc' dir='ltr'>Βηθλεὲμ</span> <span class='ocrx_word' id='word_1_583' title='bbox 3240 3977 3309 4029; x_wconf 71' lang='grc' dir='ltr'>ἐκ</span> <span class='ocrx_word' id='word_1_584' title='bbox 3350 3975 3521 4047; x_wconf 78' lang='grc' dir='ltr'>κόρης</span> <span class='ocrx_word' id='word_1_585' title='bbox 3554 3975 3747 4028; x_wconf 77' lang='grc' dir='ltr'>τικτό-</span> 
     </span>
    </p>
   </div>
   <div class='ocr_carea' id='block_1_94' title="bbox 2156 4072 2650 4143">
    <p class='ocr_par' dir='ltr' id='par_1_94' title="bbox 2156 4072 2650 4143">
     <span class='ocr_line' id='line_1_95' title="bbox 2156 4072 2650 4143; baseline -0.006 -15"><span class='ocrx_word' id='word_1_586' title='bbox 2156 4091 2321 4143; x_wconf 86' lang='grc' dir='ltr'>μενον</span> <span class='ocrx_word' id='word_1_587' title='bbox 2347 4072 2650 4143; x_wconf 79' lang='grc' dir='ltr'>Παρθένου.</span> 
     </span>
    </p>
   </div>
   <div class='ocr_carea' id='block_1_95' title="bbox 2239 4161 3746 4237">
    <p class='ocr_par' dir='ltr' id='par_1_95' title="bbox 2239 4161 3746 4237">
     <span class='ocr_line' id='line_1_96' title="bbox 2239 4161 3746 4237; baseline -0.005 -17"><span class='ocrx_word' id='word_1_588' title='bbox 2239 4168 2331 4220; x_wconf 85' lang='grc' dir='ltr'>Ἔν</span> <span class='ocrx_word' id='word_1_589' title='bbox 2380 4165 2631 4237; x_wconf 80' lang='grc' dir='ltr'>σπηλαίῳ</span> <span class='ocrx_word' id='word_1_590' title='bbox 2668 4165 2917 4236; x_wconf 76' lang='grc' dir='ltr'>Βηθλεὲμ</span> <span class='ocrx_word' id='word_1_591' title='bbox 2948 4164 3101 4235; x_wconf 82' lang='grc' dir='ltr'>Κόρη</span> <span class='ocrx_word' id='word_1_592' title='bbox 3144 4162 3318 4217; x_wconf 83' lang='grc' dir='ltr'>τίκτει</span> <span class='ocrx_word' id='word_1_593' title='bbox 3351 4162 3615 4231; x_wconf 71' lang='grc' dir='ltr'>ἐμφανῶς</span> <span class='ocrx_word' id='word_1_594' title='bbox 3649 4161 3746 4214; x_wconf 76' lang='grc' dir='ltr'><strong>τὸν</strong></span> 
     </span>
    </p>
   </div>
   <div class='ocr_carea' id='block_1_96' title="bbox 2154 4254 3743 4328">
    <p class='ocr_par' dir='ltr' id='par_1_96' title="bbox 2154 4254 3743 4328">
     <span class='ocr_line' id='line_1_97' title="bbox 2154 4254 3743 4328; baseline -0.004 -15"><span class='ocrx_word' id='word_1_595' title='bbox 2154 4260 2287 4315; x_wconf 76' lang='grc' dir='ltr'>Θεὸν</span> <span class='ocrx_word' id='word_1_596' title='bbox 2318 4259 2408 4312; x_wconf 75' lang='grc' dir='ltr'><strong>τὸν</strong></span> <span class='ocrx_word' id='word_1_597' title='bbox 2426 4259 2520 4313; x_wconf 81' lang='grc' dir='ltr'><strong>τοῦ</strong></span> <span class='ocrx_word' id='word_1_598' title='bbox 2551 4260 2753 4322; x_wconf 82' lang='grc' dir='ltr'>παντὸς</span> <span class='ocrx_word' id='word_1_599' title='bbox 2778 4259 3032 4328; x_wconf 81' lang='grc' dir='ltr'>ποιητὴν,</span> <span class='ocrx_word' id='word_1_600' title='bbox 3051 4258 3144 4310; x_wconf 65' lang='grc' dir='ltr'><strong>καὶ</strong></span> <span class='ocrx_word' id='word_1_601' title='bbox 3161 4256 3236 4319; x_wconf 85' lang='grc' dir='ltr'>ὡς</span> <span class='ocrx_word' id='word_1_602' title='bbox 3254 4255 3444 4327; x_wconf 78' lang='grc' dir='ltr'>βροτὸν</span> <span class='ocrx_word' id='word_1_603' title='bbox 3475 4254 3743 4320; x_wconf 81' lang='grc' dir='ltr'>είλίξασα</span> 
     </span>
    </p>
   </div>
   <div class='ocr_carea' id='block_1_97' title="bbox 2158 4346 3205 4427">
    <p class='ocr_par' dir='ltr' id='par_1_97' title="bbox 2158 4346 3205 4427">
     <span class='ocr_line' id='line_1_98' title="bbox 2158 4346 3205 4427; baseline -0.003 -20"><span class='ocrx_word' id='word_1_604' title='bbox 2158 4352 2492 4423; x_wconf 82' lang='grc' dir='ltr'>σπαργάνοις</span> <span class='ocrx_word' id='word_1_605' title='bbox 2514 4351 2690 4423; x_wconf 84' lang='grc' dir='ltr'>φάτνῃ</span> <span class='ocrx_word' id='word_1_606' title='bbox 2712 4349 3058 4404; x_wconf 76' lang='grc' dir='ltr'>ἐπανακλίνει</span> <span class='ocrx_word' id='word_1_607' title='bbox 3088 4346 3205 4427; x_wconf 58' lang='grc' dir='ltr'>νυν.</span> 
     </span>
    </p>
   </div>
   <div class='ocr_carea' id='block_1_98' title="bbox 2240 4435 3744 4511">
    <p class='ocr_par' dir='ltr' id='par_1_98' title="bbox 2240 4435 3744 4511">
     <span class='ocr_line' id='line_1_99' title="bbox 2240 4435 3744 4511; baseline -0.007 -14"><span class='ocrx_word' id='word_1_608' title='bbox 2240 4442 2679 4509; x_wconf 78' lang='grc' dir='ltr'>Ἀκουτισοῶμεν</span> <span class='ocrx_word' id='word_1_609' title='bbox 2722 4441 2898 4509; x_wconf 82' lang='grc' dir='ltr'>λόγων</span> <span class='ocrx_word' id='word_1_610' title='bbox 2934 4439 3097 4511; x_wconf 80' lang='grc' dir='ltr'>ἱερῶν</span> <span class='ocrx_word' id='word_1_611' title='bbox 3119 4453 3137 4469; x_wconf 79' lang='grc'><strong><em>⁸</em></strong></span> <span class='ocrx_word' id='word_1_612' title='bbox 3175 4438 3204 4491; x_wconf 81' lang='grc' dir='ltr'>ὁ</span> <span class='ocrx_word' id='word_1_613' title='bbox 3234 4435 3444 4507; x_wconf 76' lang='grc' dir='ltr'>Κύριος</span> <span class='ocrx_word' id='word_1_614' title='bbox 3490 4435 3744 4488; x_wconf 80' lang='grc' dir='ltr'>τίκτεται</span> 
     </span>
    </p>
   </div>
   <div class='ocr_carea' id='block_1_99' title="bbox 2161 4527 3741 4604">
    <p class='ocr_par' dir='ltr' id='par_1_99' title="bbox 2161 4527 3741 4604">
     <span class='ocr_line' id='line_1_100' title="bbox 2161 4527 3741 4604; baseline -0.004 -17"><span class='ocrx_word' id='word_1_615' title='bbox 2161 4535 2371 4589; x_wconf 86' lang='grc' dir='ltr'>παιδίον</span> <span class='ocrx_word' id='word_1_616' title='bbox 2395 4534 2463 4588; x_wconf 82' lang='grc' dir='ltr'>δι’</span> <span class='ocrx_word' id='word_1_617' title='bbox 2492 4535 2524 4603; x_wconf 86' lang='grc' dir='ltr'>ἠ</span> <span class='ocrx_word' id='word_1_618' title='bbox 2535 4536 2662 4604; x_wconf 83' lang='grc' dir='ltr'>μᾶς,</span> <span class='ocrx_word' id='word_1_619' title='bbox 2689 4527 2749 4588; x_wconf 76' lang='grc' dir='ltr'><strong>οὗ</strong></span> <span class='ocrx_word' id='word_1_620' title='bbox 2780 4533 2813 4602; x_wconf 83' lang='grc' dir='ltr'><strong>ή</strong></span> <span class='ocrx_word' id='word_1_621' title='bbox 2845 4533 2987 4603; x_wconf 81' lang='grc' dir='ltr'><strong>ἀρχὴ</strong></span> <span class='ocrx_word' id='word_1_622' title='bbox 3024 4531 3118 4584; x_wconf 76' lang='grc' dir='ltr'><strong>ἐπὶ</strong></span> <span class='ocrx_word' id='word_1_623' title='bbox 3135 4529 3233 4584; x_wconf 79' lang='grc' dir='ltr'><strong>τοῦ</strong></span> <span class='ocrx_word' id='word_1_624' title='bbox 3264 4528 3416 4598; x_wconf 71' lang='grc' dir='ltr'>ὤμου</span> <span class='ocrx_word' id='word_1_625' title='bbox 3449 4528 3741 4596; x_wconf 66' lang='grc' dir='ltr'>ἐγεννήθη,</span> 
     </span>
    </p>
   </div>
   <div class='ocr_carea' id='block_1_100' title="bbox 2165 4618 3741 4695">
    <p class='ocr_par' dir='ltr' id='par_1_100' title="bbox 2165 4618 3741 4695">
     <span class='ocr_line' id='line_1_101' title="bbox 2165 4618 3741 4695; baseline -0.005 -15"><span class='ocrx_word' id='word_1_626' title='bbox 2165 4630 2257 4681; x_wconf 72' lang='grc' dir='ltr'>καὶ</span> <span class='ocrx_word' id='word_1_627' title='bbox 2312 4626 2560 4681; x_wconf 87' lang='grc' dir='ltr'>καλεῖται</span> <span class='ocrx_word' id='word_1_628' title='bbox 2620 4626 2883 4693; x_wconf 80' lang='grc' dir='ltr'>Ἀγγελος</span> <span class='ocrx_word' id='word_1_629' title='bbox 2944 4623 3143 4695; x_wconf 76' lang='grc' dir='ltr'>βουλῆς</span> <span class='ocrx_word' id='word_1_630' title='bbox 3204 4620 3449 4693; x_wconf 88' lang='grc' dir='ltr'>μεγάλης</span> <span class='ocrx_word' id='word_1_631' title='bbox 3505 4618 3741 4689; x_wconf 77' lang='grc' dir='ltr'>Πατρὺς,</span> 
     </span>
    </p>
   </div>
   <div class='ocr_carea' id='block_1_101' title="bbox 2164 4717 2887 4791">
    <p class='ocr_par' dir='ltr' id='par_1_101' title="bbox 2164 4717 2887 4791">
     <span class='ocr_line' id='line_1_102' title="bbox 2164 4717 2887 4791; baseline -0.006 -16"><span class='ocrx_word' id='word_1_632' title='bbox 2164 4720 2347 4791; x_wconf 84' lang='grc' dir='ltr'>ἄρχων</span> <span class='ocrx_word' id='word_1_633' title='bbox 2376 4720 2598 4788; x_wconf 77' lang='grc' dir='ltr'>εἰρήνης</span> <span class='ocrx_word' id='word_1_634' title='bbox 2632 4719 2675 4771; x_wconf 85' lang='grc' dir='ltr'>Χ</span> <span class='ocrx_word' id='word_1_635' title='bbox 2687 4717 2887 4787; x_wconf 81' lang='grc' dir='ltr'>ριστός.</span> 
     </span>
    </p>
   </div>
   <div class='ocr_carea' id='block_1_102' title="bbox 2245 4803 3741 4881">
    <p class='ocr_par' dir='ltr' id='par_1_102' title="bbox 2245 4803 3741 4881">
     <span class='ocr_line' id='line_1_103' title="bbox 2245 4803 3741 4881; baseline -0.007 -16"><span class='ocrx_word' id='word_1_636' title='bbox 2245 4813 2334 4874; x_wconf 81' lang='grc' dir='ltr'>Ὠς</span> <span class='ocrx_word' id='word_1_637' title='bbox 2354 4809 2537 4881; x_wconf 79' lang='grc' dir='ltr'>ὤμοσε</span> <span class='ocrx_word' id='word_1_638' title='bbox 2563 4810 2787 4879; x_wconf 77' lang='grc' dir='ltr'>Κύριος,</span> <span class='ocrx_word' id='word_1_639' title='bbox 2824 4807 3211 4879; x_wconf 70' lang='grc' dir='ltr'>πεπλήρωκεν*</span> <span class='ocrx_word' id='word_1_640' title='bbox 3228 4804 3361 4870; x_wconf 74' lang='grc' dir='ltr'>ἰδοὺ,</span> <span class='ocrx_word' id='word_1_641' title='bbox 3389 4805 3456 4857; x_wconf 80' lang='grc' dir='ltr'>ὲκ</span> <span class='ocrx_word' id='word_1_642' title='bbox 3488 4803 3741 4875; x_wconf 64' lang='grc' dir='ltr'>σπέρμα-</span> 
     </span>
    </p>
   </div>
   <div class='ocr_carea' id='block_1_103' title="bbox 2164 4895 3737 4973">
    <p class='ocr_par' dir='ltr' id='par_1_103' title="bbox 2164 4895 3737 4973">
     <span class='ocr_line' id='line_1_104' title="bbox 2164 4895 3737 4973; baseline -0.007 -17"><span class='ocrx_word' id='word_1_643' title='bbox 2164 4921 2255 4966; x_wconf 90' lang='grc' dir='ltr'><strong>τος</strong></span> <span class='ocrx_word' id='word_1_644' title='bbox 2292 4902 2415 4965; x_wconf 79' lang='grc' dir='ltr'>δοὺς</span> <span class='ocrx_word' id='word_1_645' title='bbox 2444 4904 2575 4973; x_wconf 84' lang='grc' dir='ltr'>ἡμῖν</span> <span class='ocrx_word' id='word_1_646' title='bbox 2623 4900 2791 4954; x_wconf 84' lang='grc' dir='ltr'>Δα6“ιδ</span> <span class='ocrx_word' id='word_1_647' title='bbox 2819 4900 2920 4967; x_wconf 71' lang='grc' dir='ltr'>τὴν</span> <span class='ocrx_word' id='word_1_648' title='bbox 2949 4900 3148 4952; x_wconf 72' lang='grc' dir='ltr'>ἑαυτοῦ</span> <span class='ocrx_word' id='word_1_649' title='bbox 3178 4897 3405 4966; x_wconf 79' lang='grc' dir='ltr'>Μητέρα</span> <span class='ocrx_word' id='word_1_650' title='bbox 3438 4895 3737 4964; x_wconf 75' lang='grc' dir='ltr'>Παρθένον.</span> 
     </span>
    </p>
   </div>
   <div class='ocr_carea' id='block_1_104' title="bbox 2166 4986 3739 5067">
    <p class='ocr_par' dir='ltr' id='par_1_104' title="bbox 2166 4986 3739 5067">
     <span class='ocr_line' id='line_1_105' title="bbox 2166 4986 3739 5067; baseline -0.007 -18"><span class='ocrx_word' id='word_1_651' title='bbox 2166 4996 2225 5061; x_wconf 81' lang='grc' dir='ltr'><strong>ἐξ</strong></span> <span class='ocrx_word' id='word_1_652' title='bbox 2250 4990 2316 5067; x_wconf 80' lang='grc' dir='ltr'>ἧς</span> <span class='ocrx_word' id='word_1_653' title='bbox 2346 4996 2541 5065; x_wconf 76' lang='grc' dir='ltr'>βρέφος</span> <span class='ocrx_word' id='word_1_654' title='bbox 2568 4994 2733 5065; x_wconf 75' lang='grc' dir='ltr'>σαρκὶ</span> <span class='ocrx_word' id='word_1_655' title='bbox 2783 4991 2976 5062; x_wconf 77' lang='grc' dir='ltr'>ἐτέχθη</span> <span class='ocrx_word' id='word_1_656' title='bbox 3011 4992 3070 5044; x_wconf 84' lang='grc' dir='ltr'>ὲν</span> <span class='ocrx_word' id='word_1_657' title='bbox 3117 4989 3269 5044; x_wconf 87' lang='grc' dir='ltr'>πόλει</span> <span class='ocrx_word' id='word_1_658' title='bbox 3309 4987 3570 5059; x_wconf 78' lang='grc' dir='ltr'>Βηθλεὲμ</span> <span class='ocrx_word' id='word_1_659' title='bbox 3601 4986 3739 5055; x_wconf 79' lang='grc' dir='ltr'>ὑπὲρ</span> 
     </span>
    </p>
   </div>
   <div class='ocr_carea' id='block_1_105' title="bbox 2165 5088 2344 5157">
    <p class='ocr_par' dir='ltr' id='par_1_105' title="bbox 2165 5088 2344 5157">
     <span class='ocr_line' id='line_1_106' title="bbox 2165 5088 2344 5157; baseline 0 -15"><span class='ocrx_word' id='word_1_660' title='bbox 2165 5088 2344 5157; x_wconf 85' lang='grc' dir='ltr'>λόγον.</span> 
     </span>
    </p>
   </div>
   <div class='ocr_carea' id='block_1_106' title="bbox 2236 5261 3739 5344">
    <p class='ocr_par' dir='ltr' id='par_1_106' title="bbox 2236 5261 3739 5344">
     <span class='ocr_line' id='line_1_107' title="bbox 2236 5261 3739 5344; baseline -0.011 -17"><span class='ocrx_word' id='word_1_661' title='bbox 2236 5272 2394 5344; x_wconf 78' lang='grc' dir='ltr'>Φέρει</span> <span class='ocrx_word' id='word_1_662' title='bbox 2423 5269 2659 5341; x_wconf 74' lang='grc' dir='ltr'>Χριστὸν</span> <span class='ocrx_word' id='word_1_663' title='bbox 2692 5268 2881 5339; x_wconf 79' lang='grc' dir='ltr'>ὥσπερ</span> <span class='ocrx_word' id='word_1_664' title='bbox 2936 5266 3109 5338; x_wconf 81' lang='grc' dir='ltr'>μῦρον</span> <span class='ocrx_word' id='word_1_665' title='bbox 3148 5264 3422 5320; x_wconf 81' lang='grc' dir='ltr'>ᾶκένωτον</span> <span class='ocrx_word' id='word_1_666' title='bbox 3452 5280 3514 5317; x_wconf 86' lang='grc' dir='ltr'><strong>το</strong></span> <span class='ocrx_word' id='word_1_667' title='bbox 3552 5261 3739 5332; x_wconf 76' lang='grc' dir='ltr'>νοητὸν</span> 
     </span>
    </p>
   </div>
   <div class='ocr_carea' id='block_1_107' title="bbox 2165 5352 3743 5434">
    <p class='ocr_par' dir='ltr' id='par_1_107' title="bbox 2165 5352 3743 5434">
     <span class='ocr_line' id='line_1_108' title="bbox 2165 5352 3743 5434; baseline -0.01 -16"><span class='ocrx_word' id='word_1_668' title='bbox 2165 5366 2199 5434; x_wconf 79' lang='grc' dir='ltr'><strong>ἡ</strong></span> <span class='ocrx_word' id='word_1_669' title='bbox 2230 5362 2500 5433; x_wconf 80' lang='grc' dir='ltr'>Παρθένος</span> <span class='ocrx_word' id='word_1_670' title='bbox 2527 5359 2892 5428; x_wconf 78' lang='grc' dir='ltr'>ἀλάϐαστρον,</span> <span class='ocrx_word' id='word_1_671' title='bbox 2949 5358 3046 5411; x_wconf 72' lang='grc' dir='ltr'>καὶ</span> <span class='ocrx_word' id='word_1_672' title='bbox 3080 5355 3241 5409; x_wconf 79' lang='grc' dir='ltr'>τοῦτο</span> <span class='ocrx_word' id='word_1_673' title='bbox 3297 5353 3631 5426; x_wconf 75' lang='grc' dir='ltr'>προέρχεται</span> <span class='ocrx_word' id='word_1_674' title='bbox 3680 5352 3743 5404; x_wconf 77' lang='grc' dir='ltr'>ὲν</span> 
     </span>
    </p>
   </div>
   <div class='ocr_carea' id='block_1_108' title="bbox 2169 5444 3740 5524">
    <p class='ocr_par' dir='ltr' id='par_1_108' title="bbox 2169 5444 3740 5524">
     <span class='ocr_line' id='line_1_109' title="bbox 2169 5444 3740 5524; baseline -0.008 -17"><span class='ocrx_word' id='word_1_675' title='bbox 2169 5455 2441 5524; x_wconf 84' lang='grc' dir='ltr'>σπηλαίῳ,</span> <span class='ocrx_word' id='word_1_676' title='bbox 2471 5453 2744 5521; x_wconf 85' lang='grc' dir='ltr'>πνεύματι</span> <span class='ocrx_word' id='word_1_677' title='bbox 2779 5450 3129 5503; x_wconf 80' lang='grc' dir='ltr'>άποκενῶσαι</span> <span class='ocrx_word' id='word_1_678' title='bbox 3160 5446 3371 5516; x_wconf 80' lang='grc' dir='ltr'>σαφῶς,</span> <span class='ocrx_word' id='word_1_679' title='bbox 3403 5446 3554 5508; x_wconf 82' lang='grc' dir='ltr'>ὃπως</span> <span class='ocrx_word' id='word_1_680' title='bbox 3599 5444 3740 5511; x_wconf 83' lang='grc' dir='ltr'>πλη-</span> 
     </span>
    </p>
   </div>
   <div class='ocr_carea' id='block_1_109' title="bbox 2172 5535 3460 5619">
    <p class='ocr_par' dir='ltr' id='par_1_109' title="bbox 2172 5535 3460 5619">
     <span class='ocr_line' id='line_1_110' title="bbox 2172 5535 3460 5619; baseline -0.005 -20"><span class='ocrx_word' id='word_1_681' title='bbox 2172 5547 2319 5619; x_wconf 79' lang='grc' dir='ltr'>ρώσῃ</span> <span class='ocrx_word' id='word_1_682' title='bbox 2350 5546 2447 5615; x_wconf 81' lang='grc' dir='ltr'>τῆς</span> <span class='ocrx_word' id='word_1_683' title='bbox 2475 5543 2702 5605; x_wconf 81' lang='grc' dir='ltr'>εὐωδίας</span> <span class='ocrx_word' id='word_1_684' title='bbox 2732 5540 2900 5595; x_wconf 81' lang='grc' dir='ltr'>αὐτοῦ</span> <span class='ocrx_word' id='word_1_685' title='bbox 2932 5541 3031 5604; x_wconf 63' lang='grc' dir='ltr'><strong>τὰς</strong></span> <span class='ocrx_word' id='word_1_686' title='bbox 3076 5538 3252 5609; x_wconf 72' lang='grc' dir='ltr'>ψυχὰς</span> <span class='ocrx_word' id='word_1_687' title='bbox 3279 5535 3460 5609; x_wconf 82' lang='grc' dir='ltr'>ήμῶν.</span> 
     </span>
    </p>
   </div>
   <div class='ocr_carea' id='block_1_110' title="bbox 2181 5658 3736 5735">
    <p class='ocr_par' dir='ltr' id='par_1_110' title="bbox 2181 5658 3736 5735">
     <span class='ocr_line' id='line_1_111' title="bbox 2181 5658 3736 5735; baseline -0.01 -8"><span class='ocrx_word' id='word_1_688' title='bbox 2181 5673 2286 5727; x_wconf 81' lang='grc' dir='ltr'>Ἐκ</span> <span class='ocrx_word' id='word_1_689' title='bbox 2316 5670 2425 5724; x_wconf 81' lang='grc' dir='ltr'>τοῦ</span> <span class='ocrx_word' id='word_1_690' title='bbox 2464 5669 2724 5732; x_wconf 81' lang='grc' dir='ltr'>κανόνος</span> <span class='ocrx_word' id='word_1_691' title='bbox 2752 5671 2839 5734; x_wconf 77' lang='grc' dir='ltr'>εἷς</span> <span class='ocrx_word' id='word_1_692' title='bbox 2871 5666 2986 5735; x_wconf 80' lang='grc' dir='ltr'>τὴν</span> <span class='ocrx_word' id='word_1_693' title='bbox 3034 5666 3214 5733; x_wconf 76' lang='grc' dir='ltr'>ἁγίαν</span> <span class='ocrx_word' id='word_1_694' title='bbox 3263 5664 3538 5735; x_wconf 62' lang='grc' dir='ltr'>μάρτυρα</span> <span class='ocrx_word' id='word_1_695' title='bbox 3591 5658 3736 5714; x_wconf 81' lang='grc' dir='ltr'>Ἰου-</span> 
     </span>
    </p>
   </div>
   <div class='ocr_carea' id='block_1_111' title="bbox 2333 5731 3549 5807">
    <p class='ocr_par' dir='ltr' id='par_1_111' title="bbox 2333 5731 3549 5807">
     <span class='ocr_line' id='line_1_112' title="bbox 2333 5731 3549 5807; baseline -0.007 -13"><span class='ocrx_word' id='word_1_696' title='bbox 2333 5740 2577 5805; x_wconf 71' lang='grc' dir='ltr'>λίαν-ὴν,</span> <span class='ocrx_word' id='word_1_697' title='bbox 2617 5731 2732 5806; x_wconf 68' lang='grc' dir='ltr'><strong>τὴν</strong></span> <span class='ocrx_word' id='word_1_698' title='bbox 2757 5731 2828 5791; x_wconf 63' lang='grc' dir='ltr'><strong>ἐνί</strong></span> <span class='ocrx_word' id='word_1_699' title='bbox 2845 5731 3201 5807; x_wconf 73' lang='grc' dir='ltr'>Νικομηδίᾳ,</span> <span class='ocrx_word' id='word_1_700' title='bbox 3230 5731 3420 5804; x_wconf 59' lang='grc' dir='ltr'>ἡμέρᾳ</span> <span class='ocrx_word' id='word_1_701' title='bbox 3446 5731 3549 5786; x_wconf 88' lang='grc' dir='ltr'>κα’.</span> 
     </span>
    </p>
   </div>
   <div class='ocr_carea' id='block_1_112' title="bbox 2254 5857 3729 5938">
    <p class='ocr_par' dir='ltr' id='par_1_112' title="bbox 2254 5857 3729 5938">
     <span class='ocr_line' id='line_1_113' title="bbox 2254 5857 3729 5938; baseline -0.013 -14"><span class='ocrx_word' id='word_1_702' title='bbox 2254 5871 2316 5923; x_wconf 82' lang='lat' dir='ltr'><strong>’il</strong></span> <span class='ocrx_word' id='word_1_703' title='bbox 2348 5864 2619 5938; x_wconf 80' lang='grc' dir='ltr'>Παρθένος</span> <span class='ocrx_word' id='word_1_704' title='bbox 2644 5867 2733 5921; x_wconf 63' lang='grc' dir='ltr'><strong>τόν</strong></span> <span class='ocrx_word' id='word_1_705' title='bbox 2762 5864 3142 5937; x_wconf 76' lang='grc' dir='ltr'>Πλαστουργὸν</span> <span class='ocrx_word' id='word_1_706' title='bbox 3193 5863 3288 5931; x_wconf 79' lang='grc' dir='ltr'>τῆς</span> <span class='ocrx_word' id='word_1_707' title='bbox 3318 5859 3527 5928; x_wconf 77' lang='grc' dir='ltr'>φύσεως</span> <span class='ocrx_word' id='word_1_708' title='bbox 3557 5857 3729 5909; x_wconf 82' lang='grc' dir='ltr'>τεκεῖν</span> 
     </span>
    </p>
   </div>
  </div>
