4038 6634
265 475 285 541 1
299 474 402 540 269

1638 467 2001 537 ΜΑΒῐΑῐιΕ.

3353 464 3490 529 12Ἱο

260 584 542 653 ἐπείγεται
596 581 657 634 ἐν
693 580 771 651 τῷ
819 580 1093 653 σπηλαίῳ,
1154 579 1333 651 σάρκα
1379 579 1439 644 ἐξ
1490 578 1659 651 αὐτῆς
1708 579 1829 633 καθ’

1944 579 2217 651 spelunca;
2250 581 2343 653 Qui
2382 596 2447 637 ex
2479 580 2592 651 ipsa
2624 579 2923 636 secundum
2956 578 3285 635 inen‘abilem
3321 579 3494 648 hypo-

260 674 558 729 ὑπόστασιν
614 672 852 747 ἄρρητον
920 672 1218 747 ὑπερφυῶς
1286 671 1617 748 φορέσαντα,
1684 670 1832 734 ὅπως

261 765 440 837 θεώσῃ
461 765 523 817 τὸ
542 761 905 834 ἀνθρώπινον.

342 854 637 924 Ῥυόμενος
671 854 799 918 τοὺς
828 851 1053 926 βροτοὺς
1104 852 1132 904 ό
1161 849 1452 921 συμπαθὴς
1498 850 1564 903 ἐκ
1592 850 1692 920 τῆς
1734 850 1834 917 ἁγ-

269 947 366 1018 νῆς
392 947 635 999 τίκτεται
664 947 721 998 ἐν
770 944 1043 1016 Βηθλεέμ,
1079 944 1371 1017 σπάργανα
1428 941 1678 1017 καθάπερ
1735 943 1833 1016 νή·-

266 1055 388 1091 πιον
417 1037 732 1108 δεχόμενος.
1826 1084 1827 1087 η

342 1129 650 1201 Παρθενίαν
684 1130 822 1200 μετὰ
850 1130 1009 1182 τόκον
1036 1126 1482 1199 ἐσφραγισμένην
1505 1129 1539 1199 ἡ
1574 1126 1835 1190 Θεοτόκος

266 1221 556 1293 βλέπουσα,
575 1220 772 1291 θάμϐει
792 1221 1133 1292 συσχεθεῖσα,
1160 1239 1177 1269 ι
1197 1219 1419 1287 Τέκνον,
1435 1215 1833 1291 ἀνεκραύγασε,

265 1316 381 1375 πῦς
412 1313 506 1371 νῦν
540 1313 918 1391 σπαργανὼςω
943 1329 1025 1377 σε,
1066 1310 1278 1387 ψάμμῳ
1299 1308 1717 1380 σπαργανοῦντα
1737 1306 1836 1381 τὴν

265 1404 540 1465 θάλασσαν
555 1424 571 1473 ;
614 1423 632 1457 ι

336 1496 534 1567 Θαῦμα
580 1494 977 1565 καινοπρεπέςί
1024 1496 1089 1548 Ἡ
1145 1494 1423 1565 Παρθένος
1469 1492 1750 1560 ἐπείγεται

268 1589 537 1664 ἄχραντος
578 1591 637 1644 ἐν
688 1588 936 1661 σπηλαίῳ
992 1587 1243 1660 Βηθλεέμ
1304 1586 1399 1645 τοῦ
1452 1586 1653 1657 κυῆσαι
1705 1583 1837 1638 Θεὸν

268 1682 426 1739 ἐνανθ
436 1683 789 1753 ρωπήσαντα.

341 1775 626 1829 Θάλασσαν
655 1775 1054 1846 σπαργανώσας
1084 1774 1286 1849 ὁμίχλῃ
1314 1772 1615 1851 βουλήματι
1639 1787 1838 1841 κυοφο-

272 1872 449 1940 ρεῖται
471 1871 498 1922 ὁ
524 1868 764 1937 Κτίστης
798 1870 862 1922 ἐκ
894 1867 1173 1938 Παρθένου
1210 1866 1400 1939 κόρης,
1425 1866 1520 1921 καὶ
1549 1864 1837 1935 σπάργανα

266 1964 457 2034 ῶσπερ
488 1962 691 2035 βρέφος
715 1961 1073 2032 καταδέχεται
1098 1960 1306 2031 κόσμον
1336 1957 1723 2029 λυτρούμενος.

340 2140 537 2209 Χαῖρε,
559 2135 754 2211 χωρίον
776 2136 871 2191 τοῦ
904 2138 1217 2210 ἀχωρήτου,
1242 2137 1692 2210 Μητροπάρθενε·
1721 2135 1843 2193 τοῦ-

269 2247 364 2284 τον
390 2231 500 2303 γάρ
539 2230 878 2301 σαρκοφόρον
933 2229 1148 2299 μέλλεις
1196 2230 1263 2287 δι’
1294 2232 1443 2302 ἡμᾶς
1491 2231 1549 2283 ἐν
1594 2227 1842 2300 σπηλαίῳ

269 2323 496 2385 τίκτειν,
522 2323 778 2393 άχραντε,
804 2322 1283 2395 ἐπανορθούμενον
1326 2322 1437 2377 τῶν
1479 2322 1695 2377 οίκείων
1726 2339 1843 2399 χει-

273 2414 385 2487 ρῶν
410 2414 471 2469 τδ
506 2413 857 2485 πλαστούργη
866 2432 963 2484 μα.

344 2506 517 2576 Νέφει
570 2506 668 2578 τὴν
722 2506 979 2561 ἐπίϐασιν
1023 2504 1190 2561 αὐτοῦ
1222 2504 1392 2572 τιθεὶς
1447 2506 1475 2559 ό
1504 2505 1709 2577 Κύριος
1754 2505 1844 2559 διὰ

272 2597 508 2673 νεφέλης
561 2597 694 2668 ἡμῖν
728 2596 1009 2667 Παρθένου
1069 2595 1350 2654 τίκτεσθαι
1395 2595 1637 2667 ἔρχεται,
1691 2599 1842 2663 ὅπως

270 2688 413 2762 λύσῃ
443 2689 550 2743 τῶν
573 2688 761 2759 ψυχῶν
786 2688 947 2759 ἡμῶν
994 2688 1092 2759 τῆς
1116 2686 1389 2759 ἁμαρτίας
1443 2686 1646 2757 ξθφερά
1681 2688 1842 2759 νέφη.

274 2780 515 2850 βοῶντας
561 2779 711 2851 αὐτῷ
737 2797 752 2813 ·
780 2780 1088 2850 Εὐλογείτε,
1125 2780 1305 2836 πάντα
1340 2778 1410 2832 τά
1440 2778 1579 2850 ἔργα
1608 2780 1844 2851 Κυρίου,

270 2874 370 2925 τὸν
395 2870 623 2941 Κύριον.

344 2963 590 3034 Φέρουσα
615 2960 706 3017 τδν
733 2962 968 3034 φέροντα
998 2963 1195 3037 πάντα,
1230 2962 1367 3033 πρὸς
1402 2961 1655 3034 Βηθλεὲμ
1685 2959 1843 3033 ἔρχῃ,

279 3056 544 3126 Παρθένε,
573 3052 763 3109 τοῦτον
797 3056 893 3110 καὶ
942 3056 1165 3126 κυῆσαι,
1208 3058 1300 3110 καὶ
1349 3056 1526 3129 φάτνῃ
1569 3072 1847 3126 προσανα-

272 3148 456 3206 κλῖναι
486 3147 742 3215 καθάπερ
768 3148 986 3220 νήπιον,
1016 3147 1115 3221 τὴν
1144 3148 1253 3202 τῶν
1306 3147 1515 3222 βροτῶν
1562 3147 1847 3203 άνάκλισιν

272 3238 642 3311 διαφερόντως
674 3238 1063 3313 ἐργαζόμενον.

1934 674 2125 740 stasin,
2146 688 2388 737 carnem,
2419 683 2679 742 tanquam
2708 678 2911 726 vestem
2950 664 3113 740 supra
3148 680 3355 724 naturae
3384 683 3502 723 mo-

1934 762 2085 829 dum,
2118 764 2345 835 accepit,
2378 774 2439 818 ut
2464 748 2743 819 deificaret
2774 778 2947 832 genus
2978 764 3297 817 humanum.

2004 855 2075 912 Ut
2097 858 2344 913 homines
2372 858 2646 924 liberaret,
2682 858 2825 913 Deus
2844 858 2933 913 ille
2966 856 3249 927 piissimus
3276 872 3341 910 ex
3372 854 3500 908 Vir-

1934 948 2061 1018 gine
2081 959 2228 1003 casta
2256 948 2418 1019 242
2450 949 2695 1002 nascitur
2723 949 2778 1002 in
2812 948 3112 1009 Bethleem,
3149 955 3205 1000 et
3242 955 3499 1015 tanquam

1938 1040 2121 1095 infans
2145 1040 2338 1108 recipit
2368 1039 2591 1094 fascias.

1946 1172 1949 1175 -
2005 1130 2144 1186 Cum
2169 1130 2396 1200 Deipara
2430 1129 2797 1201 virginitatem
2833 1144 2990 1185 suam
3032 1139 3156 1200 post
3187 1138 3401 1200 partum
3430 1130 3504 1185 si-

1937 1223 2175 1291 gillatam
2228 1222 2454 1286 videret,
2496 1232 2722 1292 stupore
2765 1230 3040 1292 correpta,
3093 1222 3406 1277 clamabat:
3458 1224 3500 1275 0

1936 1312 2060 1380 Fili,
2109 1314 2383 1383 quomodo
2429 1329 2577 1368 nunc
2620 1312 2807 1370 fasciis
2851 1322 2901 1370 te
2932 1313 3227 1380 involvam,
3261 1314 3353 1385 qui
3384 1322 3503 1369 tan-

1936 1424 2099 1478 quam
2133 1408 2340 1475 fasciis,
2361 1408 2547 1463 arenis
2561 1422 2713 1463 mare
2747 1407 3093 1463 circumdas?

2006 1499 2050 1556 O
2106 1516 2307 1556 novum
2356 1500 2715 1556 miraculum!
2771 1498 2938 1569 Virgo
2991 1498 3251 1553 inviolata
3286 1497 3509 1553 festinat

1938 1606 2127 1661 parere
2156 1592 2210 1647 in
2240 1591 2500 1663 spelunca
2544 1589 2950 1646 Bethleemitica
3004 1589 3171 1645 Deum
3223 1590 3502 1646 hominem

1939 1682 2165 1740 factum.

2008 1772 2115 1839 Qui
2160 1783 2296 1830 nutu
2342 1773 2641 1839 voluntatis
2674 1788 2787 1829 suae
2817 1787 2988 1838 mare,
3018 1780 3282 1844 tanquam
3317 1772 3506 1837 fascia.

1940 1868 2137 1927 nebula
2184 1867 2513 1935 circumdat,
2566 1883 2689 1923 cum
2732 1868 2804 1923 sit
2842 1866 3106 1933 Creator,
3162 1867 3404 1923 nascitur
3443 1882 3510 1921 ex

1867 1932 1911 1988 Β
1947 1946 2165 2028 Virgine
2205 1959 2405 2028 puella,
2454 1932 2510 2014 et
2540 1958 2740 2015 fascias
2781 1968 3039 2029 tanquam
3082 1932 3263 2014 infans
3296 1956 3509 2026 recipit,

1944 2058 2004 2111 ut
2038 2049 2274 2109 redimat
2293 2049 2578 2108 mundum.

2014 2143 2198 2205 Salve,
2230 2156 2265 2198 o
2297 2140 2467 2213 Virgo
2496 2139 2690 2204 Mater,
2722 2140 3122 2211 receptaculum
3148 2140 3317 2203 illius,
3347 2153 3511 2209 quem

1943 2232 2079 2295 nihil
2110 2245 2306 2302 capere
2346 2240 2549 2308 potest.
2596 2229 2755 2287 Hunc
2797 2238 2876 2295 tu,
2910 2246 2945 2286 ο
2976 2228 3256 2294 inviolata,
3296 2228 3351 2283 in
3385 2242 3514 2298 spe-

1940 2324 2102 2380 lunca
2150 2323 2392 2394 paritura
2436 2338 2497 2383 es
2539 2322 2881 2383 incarnatum
2915 2331 3135 2391 propter
3172 2334 3295 2385 nos,
3328 2329 3388 2375 ut
3425 2335 3514 2375 re-

1942 2425 2152 2477 δίκαι-ει
2180 2430 2319 2487 Opi)!
2343 2429 2605 2473 manuum
2631 2428 2884 2477 suarum.

2013 2508 2295 2570 Dominus.
2322 2507 2417 2578 qui
2446 2506 2595 2577 ponit
2624 2506 2833 2563 nubem
2871 2520 3166 2562 ascensum
3200 2518 3385 2569 suum,
3419 2518 3519 2574 per

1942 2602 2144 2669 nubem
2177 2599 2416 2672 Virginis
2445 2599 2595 2655 venit
2626 2598 2694 2655 ad
2730 2613 2828 2657 nos
2871 2599 3189 2657 nasciturus
3216 2612 3283 2653 ex
3315 2596 3424 2660 illa.
3460 2606 3520 2651 ut

1943 2693 2369 2750 obscurissimas
2414 2694 2619 2763 peccati
2657 2693 2828 2749 nubes
2859 2692 3166 2748 animarum
3199 2700 3515 2747 nostrarum

1946 2785 2198 2856 dissipet,
2232 2784 2363 2841 dum
2393 2786 2571 2843 eidem
2603 2785 2935 2847 clamamus:
2968 2783 3300 2850 Benedicitc,
3333 2785 3515 2838 omnia

1946 2893 2111 2950 opera
2138 2878 2379 2942 Domini,
2417 2879 2730 2940 Dominum.
2756 2886 2865 2937 etc.

2017 2971 2223 3033 Ferens
2262 2971 2529 3029 ferentem
2573 2972 2783 3038 omnia,
2840 2970 2906 3039 ad
2948 2971 3224 3035 liethleem
3266 2970 3440 3035 venis,
3487 2984 3521 3023 ο

1948 3064 2134 3135 Virgo,
2168 3063 2243 3120 ibi
2284 3063 2534 3119 eumdem
2565 3064 2830 3134 paritura,
2865 3071 2920 3119 et
2959 3074 3217 3135 tanquam
3252 3061 3517 3117 infantem

1948 3158 2306 3223 reclinatum,
2347 3164 2408 3212 ut
2441 3156 2725 3217 hominum
2758 3157 3163 3214 revocationem
3197 3156 3522 3213 mirabiliter

1873 3266 1919 3331 ο
1948 3259 2227 3323 operetur.

285 3334 390 3388 Ἐκ
420 3331 527 3387 τοῦ
566 3332 836 3423 καζρνοε
871 3331 1103 3423 ειςΙτὴν
1146 3332 1324 3423 ίὶγξαν
1351 3332 1844 3423 μξταλομάρτυρα

1953 3342 2037 3397 Ea:
2075 3359 2275 3398 canone
2302 3343 2505 3413 duplici
2544 3344 2601 3398 in
2648 3341 2871 3423 (astans.
2906 3341 3205 3398 Anastasius
3246 3340 3523 3413 martyris,

657 3402 1078 3470 Ἇναστασιαν,
1128 3403 1318 3472 ἡμέρᾳ
1363 3402 1473 3474 κβ’.

346 3510 623 3581 Πτωχεύει
649 3511 677 3564 ὁ
711 3510 963 3575 πλούσιος
995 3511 1064 3566 δι’
1101 3512 1506 3584 εὐσπλαγχνίαν
1537 3512 1601 3573 ἐκ
1636 3510 1849 3583 Παρθέ-

270 3620 368 3657 νου
427 3604 766 3674 τικτόμενοςο
827 3602 1009 3674 Μάγοι
1070 3604 1486 3679 εὐτρεπίζονται
1550 3604 1849 3661 Ἀνατολῶν

273 3692 519 3761 βασιλεῖς
548 3693 738 3748 τοῦτον
764 3692 1064 3748 θεάσασθαι
1087 3695 1317 3763 πιστῶς,
1346 3696 1441 3754 καί⁵
1471 3696 1849 3769 προσκυνῆσαι

273 3783 465 3853 σαρκί

347 3877 528 3953 Ὠφθη
589 3878 620 3932 ὁ
676 3878 908 3955 ἀόρατος
985 3877 1118 3942 Θεὸς
1174 3878 1470 3951 ὑπερφυῶς
1506 3879 1847 3950 τικτόμενος,

270 3966 343 4023 δι’
404 3968 809 4041 εὐσπλαγχνίαν
871 3968 1072 4041 πολλὴν
1126 3971 1191 4023 ἐκ
1230 3969 1346 4035 σοῦ,
1400 3962 1846 4042 Παρθενομῆτορ,

275 4060 605 4137 πτωχεύσεις
634 4064 662 4117 ὀ
682 4061 960 4127 πλούσιος,
988 4063 1140 4126 ὅπως
1170 4063 1471 4117 ἀθανασίαν
1499 4061 1608 4117 τῶν
1632 4063 1849 4134 ἀνθρὼ-

274 4168 398 4206 πων
432 4151 495 4213 τὸ
532 4151 690 4223 γένος
721 4150 1021 4229 πλουτήσῃ.

346 4323 516 4395 Οὗτος
557 4331 714 4401 μόνος
744 4330 774 4383 ό
829 4330 962 4394 Θεδς
992 4332 1169 4403 ἡμῶν,
1199 4335 1227 4387 ὁ
1283 4334 1347 4389 ἐκ
1399 4332 1519 4397 σοῦ⁹
1581 4334 1846 4406 Παρθένε,

275 4422 458 4492 σάρκα
493 4423 632 4493 ὑπὲρ
669 4423 829 4491 λόγον
885 4422 1102 4495 άληθῶς
1159 4424 1422 4498 φορέσσς,
1482 4425 1739 4499 τεχθῆναι
1790 4428 1850 4481 ἐν

274 4512 532 4584 σπηλαίῳ
578 4514 879 4581 ἐπείγεται,
919 4514 1068 4578 ὅπως
1121 4532 1211 4586 με,
1244 4510 1391 4571 οἷκον
1426 4517 1714 4589 γενόμενον
1757 4518 1851 4592 λῃ-

277 4606 441 4670 στῶν,
474 4606 625 4679 δείξῃ
656 4607 782 4665 ναὸν
810 4606 905 4660 τοῦ
941 4606 1087 4663 θείου
1119 4607 1456 4678 Πνεύματος.

361 4699 734 4769 Ἀπειρόγαμε
760 4699 937 4769 Κόρη,
964 4698 1059 4757 τὸν
1088 4702 1154 4771 τῇ
1178 4699 1322 4772 χειρὶ
1353 4702 1588 4775 φέροντα
1627 4703 1849 4758 ἃπασαν

273 4791 377 4860 τὴν
404 4788 602 4855 κτίσιν,
655 4790 714 4843 ἐν
747 4790 933 4860 μήτρᾳ
980 4776 1165 4861 φέρεις
1211 4792 1607 4863 σαρκούμενον,
1663 4793 1720 4848 ὃν
1755 4796 1851 4851 καὶ⁹

273 4882 595 4951 τικτόμενον
626 4881 933 4946 ἁνακλινεῖς
967 4882 1026 4937 ἐν
1050 4886 1117 4955 τῇ
1142 4884 1319 4956 φάτνῃ
1352 4868 1550 4957 βρέφος
1601 4886 1850 4958 καθορώ-

279 4989 444 5043 μενον
467 4972 559 5026 τὸν
586 4973 933 5045 προαιώνιον.

360 5063 577 5133 Ῥήσεις
602 5063 702 5136 ἤδη
741 5064 1131 5137 πεπλήρωνται
1158 5065 1267 5119 τῶν
1311 5067 1763 5138 προφητευόντων
1791 5071 1848 5122 ἐν

275 5154 408 5225 θείῳ
433 5156 713 5224 Πνεύματι
739 5171 754 5186 ⁸
781 5156 813 5226 ἡ
844 5156 1115 5227 Παρθένος
1136 5156 1246 5229 γὰρ
1291 5159 1572 5229 ἐπείγεται
1602 5160 1659 5212 ἐν
1713 5178 1852 5232 σπηο

275 5245 414 5320 λαίῳ
446 5246 653 5301 τίκτειν
677 5247 769 5302 τὸν
798 5249 1130 5302 παντέλειον.

348 5338 696 5410 Σαρκοφόρος
725 5340 1055 5412 προέρχεται
1085 5344 1148 5395 ἐκ
1174 5341 1273 5411 σῆς
1296 5344 1614 5417 φωτοφόρου
1635 5344 1850 5419 νηδύος,

276 5430 541 5501 ἄχραντε,
576 5432 839 5498 Βασιλεὺς
863 5434 890 5486 ό
919 5434 1262 5506 ἐπουράνιος,
1292 5435 1368 5500 ὡς
1394 5437 1452 5489 ἐν
1477 5437 1651 5509 θρόνῳ
1675 5438 1854 5512 φάτνῃ

277 5522 573 5594 προσκλινό
582 5541 761 5593 μενος.

348 5613 464 5667 Νῦν
498 5609 662 5687 ἦλθεν
696 5617 777 5678 είς
804 5617 870 5673 τὰ
904 5617 1030 5686 ἴδια,
1061 5620 1117 5671 ἐν
1145 5619 1282 5692 ξένῳ
1319 5620 1524 5691 τοκετῷ
1559 5620 1732 5690 Λόγος
1756 5620 1850 5674 τοῦ

279 5705 497 5777 Πατρός
556 5708 980 5781 σιιιματούμενος
1033 5714 1098 5765 ἐκ
1139 5713 1237 5782 τῆς
1269 5713 1569 5786 Παρθένου,
1628 5714 1722 5769 καὶ
1776 5713 1853 5778 ὡς

276 5800 472 5869 νήπιον
517 5800 711 5872 όρᾶται
742 5802 800 5856 ἐν
825 5804 1074 5877 σπηλαίῳ
1107 5804 1174 5860 δι’
1203 5807 1381 5877 ἄκραν
1416 5806 1847 5879 εὐσπλαγχνίαν.

2632 3415 2719 3469 die
2748 3413 2841 3470 22.

2023 3524 2294 3592 Mendicat
2330 3525 2421 3580 ille
2461 3524 2555 3595 qui
2587 3524 2738 3581 dives
2767 3532 2872 3590 est,
2898 3531 3121 3594 propter
3158 3536 3313 3578 suam
3354 3522 3523 3578 misc-

1950 3618 2242 3673 ricorJiam
2292 3633 2322 3673 e
2346 3616 2571 3688 Virgine
2611 3625 2809 3672 natus:
2846 3630 3000 3687 reges
3038 3613 3176 3687 Magi
3219 3613 3523 3670 discessum

1952 3721 2262 3782 prmparaut
2299 3711 2371 3767 ab
2431 3711 2675 3775 Oriente,
2707 3720 2768 3775 nt
2802 3710 2954 3766 illum
2994 3709 3310 3766 intueantur
3346 3708 3527 3765 incar-

1952 3812 2164 3869 natum,
2198 3813 2250 3859 et
2272 3804 2505 3859 fideliter
2537 3804 2787 3858 adorent.

2021 3894 2290 3969 Apparuit
2325 3892 2468 3949 Deus
2503 3894 2597 3963 qui
2627 3902 2746 3949 erat
2772 3892 3090 3959 invisibilis,
3127 3908 3296 3963 supra
3327 3892 3526 3946 huma-

1953 4000 2081 4039 num
2119 4000 2323 4040 morem
2362 3995 2522 4042 natus
2563 3999 2629 4041 ex
2662 3995 2734 4048 te,
2780 3999 2814 4040 ο
2868 3985 3033 4055 Virgo
3082 3985 3271 4050 Mater,
3307 3993 3526 4054 propter

1952 4078 2181 4133 multam
2213 4078 2646 4139 misericordiam
2685 4076 2847 4150 253
2877 4093 3055 4141 suam,
3091 4092 3298 4148 pauper
3344 4077 3523 4134 factus

1950 4163 2045 4232 qui
2080 4172 2199 4223 erat
2226 4164 2402 4229 dives,
2453 4172 2515 4221 ut
2546 4165 2961 4224 immortalitate
3010 4166 3311 4223 humanum
3351 4181 3526 4239 genus

1950 4252 2164 4309 ditaret.

2023 4344 2141 4407 ilic.
2166 4346 2319 4405 solus
2352 4345 2496 4405 Deus
2531 4355 2736 4413 noster,
2772 4348 2867 4419 qui
2898 4364 2964 4404 ex
3002 4358 3072 4413 te,
3106 4364 3140 4405 ο
3171 4347 3354 4419 Virgo,
3398 4364 3521 4405 vera

1951 4455 2118 4496 carne
2145 4439 2490 4499 ineﬂ‘ahiliter
2530 4439 2776 4505 indutus,
2810 4439 2864 4495 in
2897 4440 3154 4510 spelunca
3185 4440 3337 4497 nasci
3373 4439 3522 4495 festi-

1952 4541 2067 4597 nat,
2095 4541 2152 4588 ut
2176 4546 2282 4597 me,
2313 4532 2627 4601 speluncam
2655 4530 2928 4589 latronum
2954 4530 3230 4591 effectum.
3261 4532 3523 4602 templum

1881 4610 1923 4665 Ῑ)
1953 4626 2121 4683 divini
2149 4626 2385 4697 Spiritus
2411 4625 2631 4683 eﬂiciat.

2025 4718 2070 4773 0
2102 4718 2279 4788 puella
2314 4717 2417 4774 viri
2469 4716 2676 4781 nescia.
2714 4716 2823 4772 fers
2874 4718 3217 4775 incarnatum
3271 4718 3323 4775 in
3369 4726 3527 4773 utero

1954 4820 2050 4869 tuo
2101 4809 2254 4866 illum
2306 4807 2399 4878 qui
2467 4806 2775 4863 universam
2829 4805 2935 4860 fert
2982 4815 3321 4873 creaturam;
3362 4823 3522 4877 quem

1954 4903 2119 4956 etiam
2152 4916 2218 4954 cx
2261 4911 2311 4953 te
2346 4906 2535 4953 natum
2569 4898 2623 4953 in
2656 4898 2921 4969 praesepio
2960 4898 3221 4966 reriiuas;
3265 4907 3318 4971 et
3348 4899 3528 4954 cerni-

1957 5005 2045 5052 tur
2075 5004 2133 5050 ul
2167 4992 2370 5055 infans,
2410 4991 2498 5047 ille
2528 4990 2621 5059 qui
2657 4998 2741 5046 est
2774 5000 2899 5045 ante
2926 4992 3143 5045 smcula.

2022 5087 2142 5143 Jam
2174 5084 2441 5155 completa
2475 5091 2603 5137 Sillll
2636 5082 2799 5138 verba
2828 5096 3043 5149 eorum,
3079 5082 3173 5152 qui
3224 5082 3277 5136 in
3315 5081 3528 5151 Spiritu

1954 5187 2145 5233 sancto
2178 5175 2683 5247 prophetaverunt:
2728 5172 2894 5244 Virgo
2943 5174 3090 5228 enim
3125 5172 3394 5229 accelerat
3433 5187 3527 5242 pa-

1957 5285 2076 5325 rere
2106 5269 2159 5324 in
2191 5267 2447 5339 spelunca
2478 5265 2941 5338 perfectissimum
2976 5264 3172 5323 Deum.

2029 5363 2099 5417 Ex
2145 5370 2298 5415 utero
2341 5368 2435 5415 tuo
2474 5357 2702 5414 lucifero
2747 5357 2994 5429 procedit
3044 5363 3364 5416 incarnatus
3408 5358 3524 5412 Rex

1957 5455 2215 5521 cmiestis,
2254 5470 2287 5506 ο
2330 5451 2614 5519 inviolata,
2663 5451 2801 5508 etin
2851 5451 3114 5522 praesepio
3158 5458 3419 5521 tanquam
3470 5451 3529 5504 in

1955 5547 2157 5602 throno
2188 5545 2508 5601 reclinatur.

2026 5635 2183 5693 Nunc
2207 5636 2259 5690 in
2284 5635 2502 5706 propria
2530 5645 2677 5690 venit
2699 5650 2840 5690 novo
2868 5643 3029 5706 partu
3050 5632 3254 5690 editum
3283 5631 3527 5688 Verbum

1955 5722 2134 5778 Patris
2170 5723 2512 5778 incarnatum
2561 5737 2626 5778 ex
2660 5723 2913 5795 Virgine;
2949 5732 3003 5778 ct
3045 5732 3302 5793 tanquam
3345 5721 3526 5780 infans

1956 5815 2196 5871 cernitur
2237 5816 2293 5870 in
2330 5816 2591 5888 spelunca
2638 5827 2858 5889 propter
2901 5831 3173 5874 summam
3209 5816 3529 5875 miscricor-

1955 5907 2098 5962 diam
2129 5920 2302 5963 suam.
