4038 6636
414 461 549 527 12'8

1784 467 2157 529 MARIALE.

3530 469 3663 532 1274

508 576 705 648 Ωραῖος
728 575 792 628 ὲκ
824 575 1061 647 γαστρός
1088 593 1181 630 σου
1220 576 1551 651 προέρχεται
1572 578 1831 650 τεχθῆναι
1880 578 1977 648 ἀρ-

2159 575 2456 645 Speciosus
2518 574 2804 642 Dominus,
2877 576 3145 632 bonorum
3204 578 3361 633 dator
3415 581 3664 648 procedit

411 673 561 741 ρήτῳ
592 669 758 740 λόγῳ,
806 670 1149 742 καθωραῖσαι
1198 671 1260 725 τὸ
1292 671 1636 742 ἀνθρώπινον
1682 670 1983 741 ἀφθαρσίᾳ,

410 760 678 831 Παρθένε,
726 759 897 813 θέλων
940 763 968 814 6
1000 760 1337 829 άγαθοδότης
1385 761 1612 833 Κύριος,
1648 755 1693 831 ᾧ
1744 760 1837 815 νῦν
1885 777 1983 831 με-

410 847 727 917 λῳδοῦμενη
771 847 1046 917 ’Υμνείτω
1072 850 1164 902 τὸν
1190 849 1398 923 Κύριον
1446 853 1598 906 πᾶσα
1649 851 1851 919 κτίσις,
1888 851 1986 906 καὶ

410 937 773 1009 ὑπερυψούτω
801 939 880 1002 είς
912 940 1124 1005 πάντας
1143 943 1270 1004 τοὺς
1300 942 1525 1007 αίῶνας.

478 1032 691 1103 Φέρεις,
722 1032 819 1086 Υίέ
861 1050 985 1103 μου,
1013 1033 1143 1105 ὅλην
1178 1034 1273 1089 τοῦ
1308 1037 1634 1107 πνεύματος
1663 1038 1765 1109 τὴν
1813 1037 1981 1102 ίδέαν,

411 1123 505 1176 καὶ⁵
539 1123 659 1185 πῶς
685 1141 745 1176 σε
794 1125 946 1195 φέρω
997 1126 1186 1196 ὅμοιον
1230 1128 1356 1198 ἐμοὶ
1400 1129 1540 1183 κατά
1594 1129 1773 1184 πάντα
1826 1145 1981 1198 γεγο-

407 1214 573 1279 νότας
604 1215 788 1283 ἔλεγεν
818 1218 851 1285 ἡ
894 1217 1271 1290 ἀπειρόγαμος
1299 1221 1726 1293 ὲμπληττομένη
1752 1237 1767 1251 ο
1809 1220 1875 1292 ἢν
1906 1220 1982 1284 ὡς

406 1306 542 1360 Θεοῦ
594 1308 825 1378 Μητέρα
860 1310 1207 1381 τιμήσωμεν,
1259 1314 1461 1378 πιστοὶ,
1521 1315 1744 1380 πάντες,
1793 1313 1887 1367 καὶ
1924 1314 1983 1366 ὲν

404 1400 610 1454 αἰνέσει
639 1400 944 1471 συμφώνως
970 1402 1433 1476 δοξολογήσωμεν.

418 1544 514 1600 Ἐκ
560 1550 669 1621 τοῦ
705 1550 962 1614 κανόνος
989 1546 1061 1621 ἐγ
1091 1545 1168 1621 τῇ
1201 1550 1468 1620 Κυριακῇ
1500 1551 1652 1621 μετὰ
1691 1549 1809 1618 τὴν
1840 1551 1978 1620 Χρι-

473 1620 626 1692 στοῦ
656 1622 972 1692 γέννησιν,
1009 1617 1080 1692 ἐξ·
1109 1616 1146 1685 ᾖ
1177 1616 1575 1692 ἐπιτελοῦμεν
1602 1616 1855 1692 μνήμην
1872 1616 1980 1676 ἑοῦ

476 1686 676 1817 (ἐγὼιέ
716 1686 940 1759 Ἰωσὴφ
970 1686 1078 1742 τοῦ
1119 1686 1621 1763 μνήστοροςίτῆς(
1654 1686 1982 1762 ὑπἐρατίας

522 1779 621 1817 sor
659 1780 789 1819 κου⁶

2090 674 2412 724 uasciturus
2446 684 2513 724 ex
2542 678 2698 724 utero
2725 677 2840 734 tuo,
2874 685 2906 724 ο
2932 668 3118 740 Virgo,
3162 669 3375 725 ratione
3410 669 3664 724 ineﬂabi-

2087 761 2147 825 li,
2182 762 2371 815 volens
2395 763 2693 815 humanum
2723 776 2896 830 genus
2939 763 3351 831 incorruptione
3375 762 3661 816 decorare.

2087 851 2166 907 Illi
2202 868 2347 908 nunc
2402 854 2750 908 concinimus
2812 870 2826 907 :
2879 852 3087 908 Laudet
3138 853 3429 907 Dominum
3480 852 3664 907 omnis

2087 958 2357 1009 creatura,
2389 953 2443 998 et
2478 946 2847 1015 superexaltct
2883 962 3006 999 eum
3041 946 3093 1000 iu
3125 947 3346 1002 emenda.

2156 1036 2310 1099 Fers,
2330 1054 2363 1091 o
2384 1037 2483 1092 Fili
2503 1039 2596 1102 mi,
2624 1047 2793 1093 totam
2815 1040 3045 1109 spiritus
3069 1040 3268 1105 ideam,
3296 1050 3351 1096 et
3384 1041 3660 1109 quomodo

2083 1145 2184 1198 ego
2215 1129 2329 1184 fero
2360 1131 2512 1193 te,in
2566 1130 2827 1186 omnibus
2881 1132 3014 1185 mihi
3064 1132 3298 1187 similem
3365 1132 3663 1187 ell‘eetum?

2085 1220 2157 1275 Ita
2192 1220 2520 1291 loquebatur
2557 1220 2720 1292 Virgo
2744 1232 2966 1293 stupore
3016 1226 3291 1292 perculsa,
3336 1241 3500 1294 quam
3536 1234 3659 1278 tan-

2083 1328 2246 1383 quam
2303 1312 2393 1367 Dei
2428 1313 2654 1368 Matrem
2708 1315 2894 1370 lideles
2949 1331 3141 1371 omnes
3202 1317 3561 1383 bonorcmus,
3604 1323 3661 1371 et

2083 1405 2344 1460 consonis
2378 1406 2606 1462 vocibus
2639 1406 2860 1461 laudum
2890 1409 3280 1480 gloriﬁcemus.

2083 1548 2168 1622 Es
2196 1567 2395 1606 canone
2433 1552 2487 1605 in
2531 1552 2811 1607 Dominica
2859 1565 2974 1622 post
3028 1554 3226 1611 Christi
3278 1555 3655 1617 Nativilalem,
3730 1571 3733 1574 '

2152 1621 2204 1697 in
2236 1638 2341 1697 qua
2379 1622 2689 1697 celebraturi
2733 1627 2987 1679 memoria
3056 1624 3114 1682 S.
3184 1625 3399 1697 Iosephi
3478 1629 3659 1697 sponsi

2154 1690 2220 1748 Β.
2248 1690 2450 1747 Μαι-ἕω
2487 1692 2741 1763 Virginis.

476 1891 649 1965 Σαρκὶ
691 1894 927 1965 Χριστὸν
956 1894 1302 1966 ἀπεκύησας,
1327 1971 1334 1978 ἡ
1363 1892 1524 1965 ἁγνὴ,
1578 1894 1637 1946 ὲν
1703 1891 1975 1993 Βηθλεὲμ,

2156 1888 2433 1945 Clmstum
2482 1890 2826 1946 inrarnatum
2869 1892 2924 1946 in
2981 1891 3251 1947 Bethleem
3295 1893 3576 1962 peperisti,
3625 1909 3661 1949 ο

403 1980 769 2054 ἀπειρόγαμε,
825 1985 1163 2056 σπαργάνοις
1226 1977 1390 2040 αὑτὸν
1449 1984 1723 2049 είλίξασα,
1767 1977 1828 2037 οὗ
1882 1982 1977 2053 τὴν

2088 1981 2517 2053 Virgoinnupta,
2542 1985 2906 2054 eumdetnque
2933 1983 3118 2038 fasciis
3153 1985 3431 2039 involvisti
3456 2000 3470 2049 ;
3500 1984 3659 2054 cujus

402 2072 698 2144 ἐπιδημίαν
720 2078 1096 2147 καταπλαγεὶς
1132 2076 1334 2149 Ἰωσὴφ
1362 2078 1459 2131 σὺν
1482 2077 1633 2147 φόϐῳ
1653 2075 1977 2148 μεγαλύνει,

406 2167 708 2233 προσκυνεῖ
733 2167 832 2231 τὴν
870 2168 1060 2222 τούτου
1091 2168 1342 2240 δύναμιν.

475 2256 665 2327 Σάρκα
694 2258 956 2331 εἰληφότα
1000 2261 1060 2326 ἐξ
1092 2262 1272 2330 ἁγνῶν
1303 2279 1397 2316 σου
1428 2261 1699 2332 αἱμάτων,
1733 2260 1977 2332 Παρθένε

404 2349 566 2421 ἀγνὴ.
604 2352 700 2405 καὶ
750 2354 809 2406 ἐν
857 2354 1108 2426 σπηλαίῳ
1149 2354 1501 2425 γεννηθέντα,
1549 2356 1643 2409 καὶ
1685 2357 1744 2410 ἐν
1800 2354 1979 2426 φάτνῃ

403 2439 628 2495 τεθέντα
662 2440 786 2496 ίδὼν
830 2444 1030 2515 Ἰωσὴφ
1064 2446 1091 2497 6
1127 2445 1334 2509 δίκαιος
1377 2445 1469 2499 τὸν
1497 2445 1619 2500 καθ’
1668 2447 1819 2517 ἡμᾶς
1846 2448 1977 2517 ὀρα-

408 2530 574 2587 θέντα
598 2532 732 2587 Θεὸν
764 2533 955 2606 ὕμνοις
983 2537 1340 2607 ἐμεγάλυνεν.

478 2719 638 2778 Λύων
676 2722 771 2776 τοῦ
809 2725 927 2787 νοός
966 2741 1062 2778 σου
1096 2725 1390 2795 προφανῶς
1444 2725 1646 2797 ἐπέστη
1677 2727 1707 2779 6
1746 2726 1977 2792 ἀόρατος

401 2813 736 2883 ἀμφιϐολίαν
768 2817 972 2879 πᾶσαν,
998 2815 1170 2885 λέγων
1196 2832 1297 2870 σοι·
1330 2816 1421 2886 Μὴ
1456 2817 1716 2888 φοϐηθῇς,
1756 2817 1974 2888 Ἰωσὴφ»

401 2904 638 2973 Μαριὰμ
680 2903 779 2976 τὴν
809 2904 1075 2976 ἄχραντον
1105 2904 1202 2959 νῦν
1242 2906 1601 2978 παραλαϐεῖν.
1636 2908 1840 2978 Γαστρὶ
1868 2908 1978 2979 γάρ

400 2994 558 3065 φέρει
590 2997 681 3049 τὸν
723 2996 962 3066 φέροντα
995 2996 1150 3069 θεῖκῇ
1211 2997 1404 3051 τούτου
1436 2997 1651 3070 [αὐτοῦ]
1687 2999 1977 3072 δυναστείᾳ

398 3088 470 3138 τι
498 3086 811 3154 σύμπαντα.

467 3178 705 3249 Εὐρέθη,
754 3179 831 3243 ὡς
878 3178 983 3250 ἔφη
1042 3182 1336 3254 προφήτης
1388 3181 1576 3248 Δαϐὶδ,
1611 3185 1670 3239 ὲν
1703 3185 1906 3255 γαστρὶ
1941 3186 1975 3255 ἡ

2080 2077 2372 2131 adventum
2416 2074 2615 2145 Josepb
2646 2086 2870 2145 stupore
2933 2077 3218 2146 perculsus
3272 2092 3398 2131 cum
3460 2077 3660 2132 timore

2080 2168 2414 2237 magnilicat,
2453 2178 2505 2221 et
2536 2168 2729 2222 adorat
2758 2168 2905 2222 illius
2936 2168 3255 2237 potentiam.

2150 2262 2286 2315 Cum
2320 2260 2547 2315 vidisset
2574 2258 2773 2331 Josepb
2810 2260 2996 2330 justus
3033 2262 3202 2315 Deum
3237 2263 3514 2331 accepisse
3538 2279 3660 2316 ear-

2081 2368 2202 2406 nem
2233 2367 2299 2406 ex
2333 2351 2502 2407 castis
2537 2351 2843 2406 visceribus
2885 2353 3013 2415 tuis,
3053 2369 3087 2406 o
3119 2352 3284 2421 Virgo
3325 2368 3481 2422 pura,
3514 2362 3567 2406 et
3601 2353 3655 2406 in

2078 2445 2337 2515 Spelunca
2369 2455 2556 2499 natum
2589 2454 2755 2513 atque
2783 2443 2835 2497 in
2872 2444 3139 2513 praesepio
3168 2444 3495 2497 collocatum
3524 2443 3659 2497 fuis-

2080 2554 2161 2604 se,
2212 2536 2594 2607 magnilicabat
2645 2552 2770 2592 eum
2821 2537 3061 2607 hymnis,
3113 2536 3209 2607 qui
3244 2536 3444 2591 similis
3495 2536 3658 2591 nobis

2080 2628 2398 2701 apparebat.

2153 2718 2224 2774 Ut
2255 2732 2475 2773 omnem
2508 2717 2706 2773 mentis
2748 2725 2855 2772 tua:
2889 2717 3303 2787 ambiguitatem
3349 2727 3536 2789 aperte
3569 2735 3656 2775 re-

2083 2810 2617 2878 moveret,apparuit
2644 2809 2739 2863 tibi
2758 2810 3004 2879 angelus,
3025 2809 3214 2866 dicens
3240 2828 3255 2865 :
3280 2831 3297 2861 ι
3329 2809 3405 2865 Ne
3440 2811 3654 2877 timeas,

2078 2901 2304 2973 Josepb,
2334 2904 2584 2973 accipere
2614 2918 2759 2956 nunc
2792 2901 3018 2956 Mariam
3059 2902 3506 2968 innnaculatam;
3544 2916 3659 2957 ete-

2080 2996 2192 3049 nim
2234 2994 2338 3048 fert
2369 2995 2422 3048 in
2451 3003 2606 3048 utero
2635 2993 2801 3065 246
2850 2993 3002 3048 illum
3046 2993 3141 3062 qui
3190 2994 3374 3048 divina
3417 2995 3656 3064 potentia

2079 3101 2179 3141 Sua
2205 3086 2307 3139 fert
2340 3086 2617 3139 universa.

2150 3175 2371 3229 Inventa
2408 3184 2511 3239 est,
2576 3173 2719 3228 sicut
2749 3173 2887 3227 dixit
2940 3174 3200 3243 propheta
3254 3172 3446 3237 David,
3489 3174 3653 3245 Virgo

402 3270 681 3342 Παρθένος
722 3272 1021 3343 χωρήσασα
1050 3273 1142 3328 τὸν
1189 3275 1352 3343 φύσει
1394 3276 1807 3347 ἀπερίγραπτον
1834 3276 1969 3332 Θεὸν

2079 3267 2133 3322 in
2190 3277 2345 3321 utero
2400 3266 2877 3336 comprehendens
2926 3265 3102 3329 illum,
3164 3267 3257 3335 qui
3320 3280 3515 3322 natura
3570 3281 3654 3323 cst

412 3364 785 3435 Ἐμμανουὴλ,
830 3368 969 3440 ὅπερ
1027 3369 1103 3441 μὴ
1148 3370 1410 3439 ἐννοήσας
1468 3371 1497 3423 6
1551 3370 1692 3433 θεῖος
1719 3370 1971 3441 ἐδιδάχθη

410 3457 610 3527 Ἰωσὴφ
638 3458 732 3511 ὑπ’
758 3458 1015 3529 ἀγγέλου,
1053 3460 1210 3515 νυκτὶ
1242 3460 1519 3514 καθεύδων
1538 3460 1805 3531 ἀοίδιμος.

472 3646 614 3699 Νέον
647 3646 743 3699 ἐπὶ
781 3646 885 3717 γῆς
936 3646 1148 3703 παιδίον
1188 3647 1439 3717 ἑώρακας
1480 3647 1760 3719 Παρθένου
1800 3647 1973 3717 ἀγνῆς

396 3738 830 3808 ἀποτικτόμενον
865 3738 959 3793 τὸν
980 3739 1293 3810 προτέλειον
1327 3739 1422 3794 καὶ
1450 3742 1555 3812 πρὸ
1590 3743 1813 3795 πάντων
1843 3738 1974 3793 ald)-

396 3845 504 3881 νων
534 3828 777 3896 ἑκφύντα
818 3830 1053 3897 Πατρὸς.
1128 3831 1223 3884 καὶ
1280 3831 1531 3899 ἀγγέλων
1588 3833 1972 3902 ἀνυμνούντων

396 3918 585 3973 τοῦτον
607 3920 847 3990 ἤκουσας
864 3919 1013 3974 ἔνδον
1027 3920 1122 3974 τοῦ
1147 3920 1412 3992 σπηλαίου
1431 3919 1705 3992 κείμενον,
1746 3922 1970 3992 Ἰωσὴφ,

395 4012 490 4065 ἐπὶ
516 4012 745 4081 φάτνης,
772 4012 1118 4083 πανεύφημε.

463 4102 762 4172 Συμϐόλοις
789 4104 953 4175 ἱεροῖς
982 4121 1044 4158 σε
1078 4105 1429 4176 τυπουμένην
1461 4103 1657 4173 Ἰωσὴφ
1680 4106 1708 4157 6
1737 4103 1968 4170 δίκαιος,

395 4191 758 4263 θεοχαρίτωτε
803 4194 964 4264 ἁγνὴ,
1014 4195 1269 4263 ἐγνωκὼς
1319 4195 1502 4266 ῥάϐδῳ
1539 4194 1840 4265 κληροῦταί
1873 4213 1968 4248 σου

393 4284 495 4354 τὴν
520 4285 816 4356 μνηστείαν
844 4287 942 4356 τὴν
972 4285 1199 4356 σεπτὴν,
1222 4285 1585 4358 ἐπιμνησθεὶς
1632 4285 1848 4357 Ἀαρὼν
1871 4288 1970 4358 τῆς

394 4376 780 4447 βλαστησάσης
811 4378 941 4431 ποτὲ
974 4378 1133 4447 ἁγίας
1169 4379 1394 4448 ῥάϐδου.

478 4562 664 4631 Νόμου
692 4563 789 4626 τὰς
820 4562 978 4626 σκιάς
1005 4556 1145 4624 εἶδες
1200 4560 1459 4623 ποθείσας
1521 4565 1588 4634 τῇ
1624 4562 1720 4632 τῆς
1746 4561 1969 4634 χάριτος

396 4653 711 4724 φωτοχυσία
742 4669 759 4685 ο
790 4653 1057 4725 φωτεινὴν
1105 4653 1358 4723 νεφέλην,
1397 4653 1498 4724 τὴν
1552 4631 1847 4723 ίΪαρθένον,
1876 4654 1970 4707 τὸν
2003 4631 2045 4686 D

395 4746 586 4814 νοητὸν
640 4746 1038 4799 ἀνατέλλουσαν
1087 4746 1254 4816 σαρκὶ
1314 4746 1503 4797 Ἥλιον
1554 4744 1814 4815 ἔϐλεψας,
1875 4745 1971 4801 καὶ

393 4838 585 4905 ὥσπερ
620 4839 797 4909 ἀστὴρ
822 4838 1028 4901 πάντας
1058 4838 1331 4908 ὲφώτισας
1364 4839 1490 4900 τοὺς
1521 4838 1784 4908 βοῶντας,
1838 4838 1971 4907 σοφὲ

407 4932 628 5003 Ἰωσὴφ,
674 4932 958 4985 ἑκάστοτε·
1019 4932 1388 5003 Εὑλογείτωή
1430 4930 1608 4994 κτίσις
1662 4933 1816 4985 πᾶσα
1876 4931 1971 4984 τὸν

396 5024 620 5092 Κύριον.

460 5113 843 5167 Φυλάττουσαν
874 5113 973 5185 τὴν
999 5114 1299 5185 παρθενίαν
1332 5115 1631 5186 ἀκήρατον,
1663 5113 1762 5185 τὴν
1790 5112 1963 5184 ἁγνὴν

394 5206 692 5276 ἐφύλαξας,
744 5209 804 5273 ἐξ
834 5205 901 5279 ἦς
947 5209 1080 5271 Θεὸς
1139 5208 1309 5277 Λόγος
1358 5208 1674 5281 ἐσαρκώθη,
1724 5208 1968 5278 φυλάξας

395 5300 664 5369 παρθένον
687 5303 855 5373 αὐτὴν
889 5302 1028 5372 μετά
1054 5302 1306 5371 γέννησιν
1335 5303 1669 5375 ἀπόρρητον,
1707 5300 1828 5372 μεθ’
1863 5297 1931 5373 ἦς
1950 5342 1966 5367 ,

395 5392 623 5465 θεοφόρε
679 5393 899 5466 Ἰωσὴφ,
932 5396 1091 5467 ἡμῶν
1129 5395 1455 5467 μνημόνευε.

408 5636 505 5693 ἐκ
555 5637 660 5691 τοῦ
712 5639 971 5702 κανόνος
1024 5641 1110 5701 εὶς
1168 5637 1310 5702 τοὺς
1353 5637 1564 5704 ἁγίους
1608 5638 1967 5707 δισμυρίους

462 5707 794 5775 μάρτυρας,
824 5708 963 5773 τοὺς
998 5709 1066 5762 ἐν
1100 5707 1465 5777 Νικομηδείᾳ
1506 5710 1784 5778 καέντας,
1825 5712 1967 5782 ἠμέ-

458 5795 539 5846 Ρεῐι
568 5784 671 5847 κτιό

478 5904 666 5977 Ὕμνῶ
717 5925 799 5976 σε,
844 5907 1159 5982 πανύμνητε
1213 5906 1574 5980 εὐλογημένη,
1608 5907 1741 5963 Θεὸν
1793 5910 1960 5981 ὑπερ.

2085 3361 2623 3429 incircumscriptus,
2698 3358 2866 3414 Deum
2924 3357 3265 3413 Emmanuel.
3324 3362 3479 3426 Quod
3532 3378 3653 3414 cum

2079 3452 2297 3507 divinus
2326 3450 2526 3520 Josepb
2579 3466 2686 3504 non
2744 3449 3092 3519 intelligeret,
3125 3448 3193 3503 ab
3236 3452 3431 3519 angelo
3489 3464 3653 3507 noctu

2079 3544 2309 3598 edoctus
2341 3550 2424 3596 est
2453 3543 2579 3595 dum
2612 3540 2898 3595 dormiret.

2149 3636 2360 3691 Novum
2426 3637 2479 3690 in
2529 3645 2671 3689 terra
2706 3650 2934 3705 puerum
2972 3634 3179 3697 vidisti,
3224 3650 3257 3688 o
3311 3637 3656 3691 nobilissime

2077 3731 2301 3801 Joseplt,
2372 3745 2440 3785 ex
2486 3727 2707 3800 Virgine
2738 3736 2890 3783 casta
2938 3737 3149 3792 natum,
3182 3729 3276 3798 qui
3318 3738 3444 3783 ante
3473 3731 3657 3784 omnia

2079 3825 2279 3879 szecula
2325 3833 2489 3878 natus
2540 3831 2719 3877 estex
2784 3819 2975 3886 Patre;
3006 3830 3089 3874 ~et
3143 3821 3400 3876 audivisti
3434 3823 3656 3891 angelos

2079 3914 2456 3969 collaudantes
2515 3912 2667 3967 illum
2720 3911 2865 3966 intra
2916 3913 3232 3981 Speluncam
3284 3912 3341 3965 in
3391 3915 3657 3981 praesepio

2073 4006 2367 4076 iacentem.

2147 4098 2282 4154 Cum
2330 4108 2383 4153 te
2436 4098 2611 4154 sacris
2662 4097 2926 4169 symbolis
2998 4098 3284 4167 ﬁguratam
3335 4097 3653 4165 agnovisset

2076 4192 2276 4262 Joseph
2298 4192 2504 4262 justus,
2538 4206 2571 4245 o
2609 4189 2772 4260 Virgo
2800 4190 2912 4244 Deo
2944 4190 3269 4244 charissima
3292 4228 3308 4253 ,
3356 4205 3451 4255 per
3492 4190 3654 4256 Virgil:

2078 4296 2282 4343 sortem
2317 4286 2692 4339 venerandum
2751 4282 3066 4353 c0njugium
3122 4291 3277 4336 tuum
3333 4284 3560 4349 accepit,
3596 4282 3650 4334 in

2078 4380 2399 4437 memoriam
2435 4379 2704 4433 reducens
2734 4384 2981 4432 sanctam
3010 4375 3219 4445 virgam
3244 4375 3503 4439 Aaronis,
3529 4392 3653 4446 qua:

2077 4474 2207 4527 olim
2240 4472 2663 4541 germinaverat.

2150 4564 2309 4633 Legis
2338 4564 2560 4618 umbras
2608 4562 2791 4617 vidisti
2824 4563 3160 4618 abundantia
3197 4561 3423 4616 luminis
3466 4560 3653 4628 gratim

2076 4656 2363 4727 perfusas;
2395 4664 2448 4708 et
2494 4669 2525 4710 e
2562 4652 2801 4723 Virgine,
2837 4653 2979 4709 nube
3022 4653 3228 4719 lucida,
3285 4652 3554 4706 orientem
3597 4650 3650 4703 in

2075 4764 2244 4803 carne
2273 4747 2696 4803 intellectualem
2746 4747 2920 4803 solem
2959 4747 3222 4817 aspexisti
3258 4761 3274 4800 :
3304 4754 3359 4800 et
3390 4754 3649 4814 tanquam

2074 4854 2283 4898 astrum
2341 4842 2686 4905 illuminasti,
2717 4856 2751 4896 o
2799 4841 3020 4911 sapiens
3058 4840 3286 4912 Josepb,
3341 4854 3533 4893 omnes
3558 4839 3649 4906 qui

2073 4939 2316 4992 clamant
2354 4935 2622 4991 assidue:
2680 4933 2976 4989 Benedieat
3009 4934 3193 4988 omnis
3244 4942 3495 4986 creatura
3544 4928 3652 4982 Do-

2076 5030 2307 5084 Ininum.

2139 5120 2463 5185 Custodisti,
2522 5133 2556 5172 ο
2634 5115 2846 5170 Deifere
2891 5115 3117 5184 Joseph,
3170 5112 3475 5183 Virginem,
3526 5125 3649 5182 quae

2074 5214 2438 5285 virginitatem
2507 5211 2882 5277 incorruptam
2969 5205 3349 5270 conservavit;
3413 5219 3476 5257 ex
3536 5218 3644 5271 qua

2072 5308 2212 5361 Deus
2266 5304 2504 5359 Verbum
2564 5306 2883 5357 incarnatus
2939 5308 3044 5365 est,
3099 5314 3434 5355 conservans
3492 5298 3641 5351 illam

2071 5399 2337 5469 virginem
2356 5407 2477 5468 post
2494 5407 2709 5467 partum
2733 5394 3084 5449 ineliabilem.
3110 5391 3215 5456 Tu,
3242 5390 3513 5461 oJoseplt,
3538 5406 3645 5444 una

2070 5508 2195 5549 cum
2232 5492 2319 5545 illa
2360 5506 2569 5544 memor
2591 5498 2710 5544 esto
2736 5488 2932 5544 nostri.

2072 5638 2156 5694 Ex
2178 5654 2375 5691 canone
2417 5637 2467 5689 in
2518 5632 2777 5706 (c.4983.
2813 5642 3108 5706 martyrum
3141 5631 3367 5706 duorum
3394 5627 3644 5706 millium,

2134 5709 2222 5779 qui
2258 5711 2311 5760 in
2352 5700 2561 5761 civitate
2610 5700 2970 5758 Nicomedia!
3005 5704 3125 5773 igne
3180 5700 3447 5770 absumpti
3495 5708 3643 5763 sunt,

2144 5780 2229 5834 die
2246 5780 2337 5835 28.

2147 5906 2359 5963 Laudes
2405 5907 2497 5961 tibi
2525 5906 2781 5972 concino,
2824 5920 2854 5961 ο
2903 5903 3055 5959 onmi
3104 5902 3265 5958 laude
3297 5898 3643 5971 dignissima,
