4038 6602
437 383 573 450 i275

1569 386 1628 445 S.
1670 384 1984 445 JOSEPIII
2025 386 2583 449 IIYMNOGRAPHI

3520 392 3633 459 1276

429 516 494 555 ac
530 496 834 561 benedicta,
867 511 989 567 qua:
1031 494 1082 549 in
1123 508 1290 551 carne
1335 494 1590 564 peperisti
1628 496 1792 551 Deum
1822 495 2001 551 omni-

2120 497 2345 567 Ξμνητον
2374 500 2431 549 ἐν
2466 498 2629 568 σαρκὶ
2674 499 2951 571 κυήσασα,
2986 498 3077 551 τὸν
3132 498 3497 571 μεγαλύναντα
3527 504 3638 565 τοὺς

432 593 535 647 bus
564 590 818 646 laudibus
849 590 1208 661 superiorem,
1239 588 1332 659 qui
1369 587 1796 660 triumphatores
1828 605 1892 647 ac
1920 590 2001 645 vi-

430 693 613 739 ctores
641 682 815 736 hostis
842 682 1227 753 magnificavit.

501 773 574 829 Ut
629 775 924 829 humanam
978 774 1257 829 deificaret
1310 782 1586 836 naturam,
1645 772 1790 830 Deus
1840 775 2006 829 homo

434 864 609 920 facins
656 876 835 921 estex
895 875 1034 933 te,o
1073 867 1236 934 Virgo
1294 876 1466 935 casta,
1524 867 1688 923 modo
1745 867 2003 923 ineffabili

435 968 596 1025 atque
628 958 1033 1027 inexcogitabili
1068 977 1081 1013 :
1128 958 1291 1032 247
1323 967 1611 1028 prepterea
1666 974 1765 1014 nos
1824 958 2007 1016 ﬁdeles

434 1050 797 1105 concordibus
834 1052 1057 1105 vocibus
1082 1060 1133 1106 te
1165 1053 1379 1106 beatam
1413 1053 1778 1122 appellamus.

499 1139 635 1194 Cum
661 1141 925 1212 redempti
969 1141 1236 1198 fuerimus
1273 1159 1369 1213 per
1402 1155 1617 1214 partum
1647 1154 1823 1211 tuum,
1846 1159 1880 1199 0
1914 1143 2007 1198 be-

436 1230 673 1298 nedicta,
703 1231 771 1285 ab
821 1232 1044 1303 antiqua
1095 1234 1496 1298 maledictione,
1547 1235 2006 1301 benedictionem,

436 1321 602 1375 vitam
638 1338 703 1377 ac
761 1324 1191 1395 redemptionem
1251 1326 1597 1396 accepimus,
1646 1342 1749 1385 nos
1805 1329 1899 1399 qui
1957 1338 2009 1383 te

436 1412 724 1482 Deiparam
750 1416 1142 1485 glorificamus.

514 1505 581 1560 Ut
613 1505 756 1561 Deus
783 1524 906 1563 enm
942 1510 1198 1579 supernis
1225 1510 1510 1578 spiritibus
1536 1512 1891 1584 conjungeret
1915 1527 2009 1567 eos

437 1594 529 1663 qui
568 1595 621 1650 in
654 1613 909 1667 magnum
952 1601 1420 1669 praevaricationis
1468 1604 1786 1657 barathrum
1829 1604 2010 1673 prola-

440 1687 518 1756 psi
548 1700 721 1753 erant,
748 1699 959 1745 uterum
977 1704 1129 1748 tuum
1152 1693 1496 1763 inhabitavit,
1514 1712 1544 1751 0
1562 1696 2003 1766 inviolatissima‘,

435 1791 490 1835 et
517 1796 645 1836 caro
678 1782 849 1839 factus
882 1792 983 1840 est.

2104 588 2463 662 ἀθλοφόρους,
2502 591 2596 644 καὶ
2618 590 2708 644 τὸν
2747 590 2939 665 ἐχθρὸν
2962 592 3460 648 κατα-παλαίσαντά.

2178 774 2295 831 Ἵνα
2319 774 2497 851 οεὼσῃ
2520 773 2581 828 ea
2618 774 2981 849 ἀνθρώπινον,
3006 778 3034 831 ὁ
3055 768 3186 844 Θεδς
3218 776 3424 840 ἐγένετο
3451 776 3645 851 ἅνθρω-

2107 887 2206 932 πος
2242 869 2306 921 ἐκ
2343 867 2461 931 σοῦ,
2513 868 2776 937 Παρθένε,
2808 871 2906 939 τῆς
2945 870 3141 940 ἁγνῆς,
3186 870 3328 939 ὑπὲρ
3381 869 3529 936 λόγον
3565 871 3648 923 καὶ

2106 962 2333 1015 ἔννοιαν*
2368 960 2457 1014 διὰ
2500 960 2656 1015 τοῦτό
2690 980 2748 1015 σε
2792 961 3097 1033 συμφώνως
3129 963 3179 1015 οί
3223 961 3402 1016 πιστοὶ
3434 962 3646 1033 μακαρί-

2110 1056 2302 1125 ζομεν.

2174 1148 2557 1218 Λυτρωοέντες
2596 1147 2674 1219 τῷ
2706 1148 2851 1218 τόκῳ
2879 1164 2997 1212 σου,
3026 1147 3386 1217 εὐλογημένη,
3410 1144 3502 1216 τῆς
3534 1144 3649 1216 πρὶν

2108 1240 2349 1310 κατάρας
2381 1239 2636 1308 εὐλογίαν
2688 1240 3093 1311 ἀπειλήφαμεν,
3152 1238 3245 1290 καὶ
3292 1235 3432 1307 ζωὴν
3460 1237 3546 1293 καὶ
3570 1234 3650 1289 λύ-

2106 1349 2331 1403 τρωσιν,
2359 1333 2407 1385 οἱ
2436 1333 2494 1385 σὲ
2518 1332 2780 1386 Θεοτόκον
2806 1331 3145 1399 δοξάζοντες,

2212 1525 2301 1571 ινα
2337 1517 2469 1581 Θιδς
2498 1520 2611 1581 τοῖς
2638 1518 2755 1571 ἀνω
2815 1517 3073 1587 συνάψειε
3129 1516 3255 1579 τοὺς
3282 1514 3654 1585 ὁλισθήσαντας

2111 1609 2477 1680 παραὸάσεως
2514 1610 2594 1673 είς
2636 1611 2779 1681 μέγα
2820 1610 3115 1682 βάραθρον,
3164 1608 3262 1683 τὴν
3313 1608 3411 1678 σὴν
3435 1607 3657 1678 γαστέρα

2110 1702 2316 1775 ᾤκησε,
2353 1702 2724 1775 πανάχραντε,
2754 1707 2847 1755 καὶ
2873 1702 3011 1773 σὰρξ
3055 1702 3441 1774 ἐχρημάτισεν.
3586 1711 3588 1713 ’

515 1874 617 1931 Per
642 1875 896 1935 virtutem
931 1877 1081 1942 Jcsu.
1127 1880 1219 1950 qui
1271 1896 1335 1936 ex
1391 1891 1442 1937 te
1494 1882 1812 1938 incarnatus
1843 1892 1947 1949 est,
1977 1899 2009 1938 0

2183 1887 2339 1943 Μετὰ
2380 1887 2539 1940 τόκον
2599 1884 2819 1958 ἀληθῶς
2869 1903 2945 1949 ως
2977 1887 3083 1956 πρδ
3119 1886 3304 1947 τόκου,
3353 1882 3555 1953 Μαρία.
3600 1886 3658 1953 τῇ

437 1965 627 2035 Maria,
668 1971 1015 2041 permansisti
1043 1988 1165 2028 vere
1201 1973 1355 2044 virgo
1386 1983 1508 2045 post
1544 1987 1783 2047 parturn,
1816 1992 2010 2046 quem-

437 2059 730 2114 admodum
781 2061 965 2119 fueras
989 2075 1114 2121 ante
1136 2078 1370 2138 partum.
1393 2069 1438 2124 0
1471 2068 1819 2134 miraculum,
1864 2068 2011 2139 Quod

441 2152 733 2210 humanam
767 2156 925 2210 fidem
961 2161 1323 2217 transcendit!

525 2246 807 2304 Excelsior
832 2253 987 2307 caelis
1016 2256 1338 2327 apparuisti,
1371 2271 1404 2310 ο
1436 2265 1544 2310 tota
1605 2263 1792 2311 sancta
1846 2263 2012 2324 atque

441 2337 723 2407 inviolata,
756 2342 886 2397 dum
924 2344 1208 2399 Dominum
1236 2360 1301 2402 ac
1335 2346 1502 2401 Deum
1545 2348 1791 2401 omnium
1848 2360 2012 2415 pepe-

439 2431 581 2497 risti,
610 2449 770 2505 quem
794 2433 1039 2505 impense
1063 2447 1227 2507 atque
1253 2437 1413 2492 enixe
1430 2436 1706 2507 deprecari
1734 2453 1798 2491 uc
1826 2450 2011 2490 cesses

440 2538 539 2591 pro
569 2523 746 2580 salute
777 2541 967 2580 eorum
1003 2527 1097 2597 qui
1126 2538 1177 2584 te
1210 2544 1334 2584 cum
1372 2529 1476 2584 fide
1530 2529 1760 2584 ferventi
1804 2528 2012 2598 gloriﬁ-

438 2625 584 2669 cant.

512 2708 659 2764 Vidit
692 2718 744 2765 te
770 2710 1039 2779 Ezechiel,
1080 2728 1113 2769 ο
1139 2710 1331 2786 Virgo,
1356 2724 1568 2785 portam
1611 2714 1875 2779 clausam,
1909 2729 2007 2784 per

439 2816 605 2870 quam
639 2803 899 2861 transivit
935 2804 1121 2871 Jesus,
1175 2808 1267 2877 qui
1305 2808 1569 2863 habitavit
1625 2807 1678 2861 in
1723 2816 1875 2861 utero
1900 2817 2012 2872 tuo,

438 2902 740 2950 etcarncm
793 2898 1003 2967 accepit
1032 2914 1098 2953 ex
1154 2899 1511 2969 sanguinibus
1566 2900 1676 2955 tuis
1730 2899 1848 2955 sine
1904 2899 2012 2954 ulla

442 2986 801 3057 permistione
835 2997 932 3043 aut
955 2990 1299 3047 confusione.

512 3079 555 3133 0
610 3091 725 3134 tota
771 3082 1122 3139 immaculata
1160 3093 1214 3139 et
1269 3092 1442 3149 casta,
1497 3100 1619 3154 qua:
1651 3083 1825 3138 lucem
1864 3083 2010 3137 illam

438 3171 677 3228 divinam
716 3176 973 3245 peperisti
1009 3193 1131 3246 qua:
1176 3193 1241 3231 ex
1279 3178 1437 3233 Patre
1495 3178 1726 3245 refulsit,
1772 3178 2010 3232 animam

2112 1981 2457 2054 δυνάμειτοῦ
2490 1983 2553 2034 ὲκ
2609 1982 2703 2035 σοῦ
2742 1979 3117 2053 σαρκωθέντος
3176 1976 3377 2048 Ἰησοῦ,
3410 1975 3661 2047 διέμεινας

2114 2075 2383 2146 παρθένος
2404 2076 2594 2139 ὅντως,
2627 2074 2814 2146 Θαῦμα
2846 2072 3167 2146 παράδοξον.

2194 2256 2537 2329 Ὕψηλοτέρα
2588 2257 2776 2327 ὤφθης
2828 2257 3099 2327 οὐρανῶν,
3157 2254 3413 2326 κυήσασα
3468 2251 3664 2306 πάντων

2111 2352 2204 2404 τὸν
2229 2351 2505 2424 Δεσπότην
2543 2353 2639 2405 καὶ
2698 2350 2851 2415 Θεὸν,
2876 2351 2935 2404 ὃν
2977 2350 3214 2413 ἐκτενῶς
3262 2346 3664 2402 καθικετεύουσα

2117 2444 2193 2513 μὴ
2237 2442 2445 2513 παύσῃ.
2491 2443 2733 2510 παναγία
2783 2443 3041 2513 ἄχραντε,
3096 2440 3272 2495 σῶσαι
3320 2440 3446 2501 τοὺς
3500 2438 3665 2491 πίστει

2113 2534 2290 2606 θερμῇ
2316 2534 2741 2604 δοξολογοῢντάς
2774 2552 2856 2590 σε.

2200 2715 2463 2787 Ἶεζεκιὴλ
2486 2716 2664 2787 πύλην
2717 2715 2907 2786 βλέπει
2948 2714 3371 2785 κεκλεισμένην,
3419 2708 3664 2783 Παρθένε,

2113 2809 2182 2862 δι’
2210 2803 2277 2879 ἦς
2304 2807 2592 2861 διώδευσεν
2649 2807 2857 2876 Ἰησοῦς
2892 2808 2919 2859 ὁ
2949 2805 3236 2875 σκηνώσας
3261 2804 3320 2857 ὲν
3353 2804 3530 2875 μήτρᾳ
3563 2818 3667 2863 σου,

2114 2903 2209 2956 καὶ
2244 2902 2423 2972 σάρκα
2472 2903 2535 2953 ἐκ
2588 2900 2695 2953 τῶν
2733 2899 2841 2953 σῶν
2870 2898 3120 2969 αἱμάτων
3160 2897 3401 2968 φορέσας
3441 2892 3669 2963 ἀσυγχύ-

2114 3011 2303 3146 τυξνῶς
2333 3083 2365 3154 ἡ
2399 3081 2633 3135 τεκοῦσα
2658 3081 2719 3133 τὸ
2752 3079 2916 3145 Θεῖον,
2938 3078 3001 3133 τδ
3032 3079 3095 3132 ὲκ
3120 3078 3342 3150 Πατρδς
3365 3074 3670 3144 ἀναλάμψαν

2114 3174 2214 3240 τὴν
2245 3173 2623 3227 σκοτισοείσάν
2663 3188 2764 3242 μου
2790 3171 2969 3242 ψυχὴν
2997 3171 3118 3234 ταῖς
3147 3168 3392 3231 ἀπάταις
3424 3165 3513 3220 τοῦ
3549 3165 3672 3235 βίου,

440 3278 614 3317 meam
674 3266 959 3321 erroribus
998 3268 1121 3321 vita:
1176 3267 1610 3332 obtenebratam,
1682 3278 1737 3323 et
1777 3268 2013 3322 hostium

2120 3268 2215 3322 xui.
2264 3268 2556 3339 γεγονυῖαν
2608 3265 2716 3319 τῶν
2753 3264 2986 3337 ἐχθρῶν,
3026 3262 3366 3331 πανάμωμε,
3418 3259 3670 3326 παίγνιον,

438 3352 737 3410 ludibrium
767 3354 990 3426 factam,
1015 3361 1296 3425 miserare,
1321 3370 1375 3415 et
1398 3360 1657 3416 salutaris
1678 3359 2013 3432 pcenitentim

442 3447 563 3503 luce
594 3448 814 3519 dignam
850 3449 935 3506 fac
964 3452 1133 3505 illam.

2120 3361 2489 3431 οῑκτείρησον,
2518 3360 2614 3413 καὶ
2646 3356 2785 3429 φωτὶ
2812 3355 3100 3428 μετανοίας
3119 3352 3395 3424 σωτηρίου
3427 3349 3676 3416 καταείν-

2122 3468 2237 3517 σον,
2265 3450 2431 3522 ἁγνή.

1798 3657 3661 3687 Μ

1018 3828 1599 3919 ΘΕΟΤΟΚΙΑ
1670 3835 1825 3921 ΕΚ
1895 3831 2115 3920 ΤΗΣ
2189 3830 3108 3921 ΠΛΡΛΚΛΗΤΙΚΗΣ.

1687 4190 2424 4289 THEO'I‘OCIA.

1490 4386 1579 4447 Ex
1635 4383 2016 4449 Paracletioa
2068 4386 2435 4448 Graecorum
2482 4383 2635 4464 (99).

555 4703 636 4757 Ea:
669 4718 865 4757 canone
896 4702 1041 4771 feria:
1074 4718 1131 4767 tt,
1172 4702 1243 4755 ad
1294 4699 1642 4757 Halutinum.
1686 4702 1818 4757 τ’οηὶ
1854 4700 1905 4759 1.

514 4880 682 4952 248
700 4879 933 4936 Ordines
966 4881 1414 4952 incorporearum
1443 4883 1727 4939 nobiscum
1766 4881 1861 4937 tibi
1884 4898 2018 4939 con-

444 4972 634 5028 cinum
682 4973 934 5042 hymnos,
993 4986 1028 5027 ο
1084 4971 1247 5044 Virgo
1284 4972 1537 5027 omnibus
1576 4971 1831 5029 laudibus
1865 4974 2013 5031 cele-

518 5128 633 5199 (99)
668 5129 831 5183 Liber
865 5128 1233 5200 Paraeleticus
1268 5129 1350 5197 (ut
1397 5129 1577 5200 inquit
1631 5127 1741 5183 Leo
1790 5127 2021 5200 Allatius

448 5201 503 5278 i_n
524 5198 625 5278 Suo
645 5214 808 5278 opere
835 5202 917 5278 __De
936 5200 1086 5278 fibris
1114 5198 1487 5278 ecclesiasticis
1519 5198 1871 5278 Graecorum.)
1909 5198 2019 5278 dif-

450 5271 555 5325 fert
579 5272 647 5323 ab
676 5270 799 5325 aliis
828 5268 1139 5326 Grze'eornm
1174 5270 1325 5323 libris
1352 5270 1758 5331 ecclesiasticis,
1782 5268 1926 5338 quod
1963 5268 2017 5321 in

449 5341 574 5395 aliis
614 5351 761 5395 certa
807 5353 937 5396 sunt
973 5343 1136 5394 certis
1177 5340 1374 5395 diebus
1422 5343 1641 5395 decreta
1690 5341 1890 5402 ollicia,
1928 5355 2020 5393 ca-

453 5425 644 5474 nones,
682 5427 776 5465 seu
833 5412 1070 5479 troparia
1119 5425 1242 5478 qua:
1297 5411 1513 5466 recitari
1554 5411 1771 5476 gsolent,
1820 5410 2021 5478 quibus

454 5480 623 5533 finitis
659 5492 1001 5549 reponuntur
1041 5482 1217 5534 donec
1246 5481 1433 5533 eadem
1473 5490 1715 5545 tempora
1756 5492 2019 5549 remeent,

454 5566 579 5604 cum
608 5547 822 5606 rursum
854 5554 917 5607 ad
955 5552 1297 5606 recitandum
1332 5550 1742 5618 suscipiuntur;
1780 5558 1836 5601 ut
1865 5547 2022 5601 Triu-

455 5622 605 5677 dion.
652 5622 798 5693 quod
839 5621 1276 5693 Qnadragesimaa
1325 5624 1596 5693 praecipue
1637 5618 2023 5693 offic‘oil’cn-

459 5692 833 5761 tecostauium,
862 5694 1006 5761 quod
1053 5689 1086 5745 εἰ
1120 5693 1205 5745 die
1242 5689 1681 5744 licéurrectinnis
1726 5689 1793 5761 ad
1830 5691 2021 5761 Pente-

462 5766 704 5831 cuslcm;
734 5759 957 5826 meum,
986 5778 1107 5831 quzc
1155 5762 1383 5829 singulis
1420 5762 1735 5815 mensibus:
1770 5759 2023 5831 Paraele-

350 5838 373 5859 κ
464 5830 607 5883 ticus
651 5838 861 5885 tantum
928 5829 1136 5901 semper
1177 5847 1287 5899 pra:
1338 5846 1497 5885 manu
1538 5840 1641 5896 est,
1676 5839 1725 5885 ct
1771 5829 2027 5882 omnibus

2028 4573 2091 4591 μ

2130 4703 2229 4758 ‘Ex
2251 4700 2359 4759 τοῦ
2386 4703 2650 4769 κανόνος
2689 4700 2812 4829 τῇὲ
2831 4702 3119 4793 δευτέρας
3144 4704 3234 4771 είς
3262 4701 3374 4761 τὸν
3421 4701 3679 4770 Ὀρθρον.

2818 4792 2921 4829 zoc
2981 4792 3053 4829 α.

2813 4792 2921 4842 χος
2981 4792 3021 4828 αν
3039 4813 3053 4829 .

2192 4878 2390 4945 Τάξεις
2415 4878 2723 4949 ἀσωμάτων
2746 4881 2841 4935 σὺν
2864 4881 2995 4950 ἡμῖν
3026 4896 3087 4934 σε
3116 4879 3437 4953 ἀνυμνοῦσι,
3462 4875 3685 4947 Παρθένε

2123 4970 2473 5041 πανύμνητε’
2504 4971 2594 5024 τὸν
2625 4972 2731 5043 γὰρ
2768 4972 3141 5043 ἀπερίληπτον
3174 4973 3232 5027 ὲν
3264 4976 3329 5044 σῇ
3359 4972 3556 5043 γαστρὶ
3594 4984 3686 5023 cur

2129 5126 2321 5183 diebus
2349 5127 2554 5198 aliquid
2587 5126 2640 5181 in
2672 5143 2737 5183 eo
2766 5126 3061 5191 invenitur,
3092 5128 3235 5198 quod
3276 5128 3395 5185 sive
3430 5128 3480 5182 in
3519 5125 3683 5198 Missa.

2131 5200 2245 5252 sive
2292 5199 2343 5251 in
2400 5195 2827 5267 vesperissive
2878 5199 2933 5252 in
2992 5195 3279 5260 Matutino,
3314 5201 3434 5253 sive
3460 5198 3532 5251 'in
3579 5195 3685 5249 aliis

2126 5268 2321 5323 officiis
2352 5266 2635 5323 recitatur.
2662 5266 2895 5333 Quando
2923 5270 3067 5329 enim
3113 5270 3166 5322 in
3194 5270 3321 5324 aliis
3352 5270 3542 5323 ofliciis
3578 5281 3686 5333 pro-

2127 5340 2257 5409 pria
2288 5339 2691 5409 desiderantur,
2726 5354 2847 5409 quas
2915 5340 2982 5397 ad
3035 5340 3496 5409 complementum
3545 5334 3686 5391 officii

2198 5408 2451 5465 rtineant.
2474 5408 2699 5462 adhunc
2724 5409 2891 5463 lector
2916 5409 3229 5462 remittitur.
3249 5408 3477 5471 Dicitur,
3498 5417 3685 5475 utpote,

2198 5424 2451 5465 rtmeant.
2474 5424 2539 5461 au
2557 5424 2699 5462 nunc
2725 5424 2891 5463 lector
2916 5424 3229 5462 remittitur.
3249 5424 3477 5471 urentur,
3498 5424 3685 5475 inpete,

2124 5424 2520 5540 Etracleticus,
2558 5479 2716 5547 quasi
2783 5479 3209 5543 consolatorius;
3260 5480 3509 5531 videntur
3555 5476 3685 5529 enim

2128 5550 2332 5610 omnia,
2372 5563 2491 5617 qnze
2531 5550 2582 5601 in
2610 5563 2677 5601 eo
2732 5559 2879 5610 sunt,
2928 5564 2994 5603 eo
3047 5550 3281 5602 maxime
3334 5557 3578 5615 spectare
3638 5553 3689 5594 ut

2129 5616 2465 5689 peccatorem
2494 5619 2862 5683 censolentur,
2898 5620 3204 5685 hortentur,
3228 5628 3288 5672 'ct
3312 5618 3468 5686 quasi
3493 5616 3541 5668 vi
3569 5626 3689 5683 qua-

2130 5688 2253 5744 dam
2280 5688 2606 5757 compellant
2633 5695 2691 5740 ut
2718 5689 2785 5742 de
2809 5689 3123 5743 commissis
3147 5690 3517 5758 paenitentiam
3552 5692 3685 5752 agat.

2131 5770 2183 5814 et
2224 5758 2414 5821 Deum,
2448 5773 2606 5825 quem
2636 5758 2914 5826 peccando
2946 5759 3268 5827 offenderat,
3300 5758 3613 5827 pmnitentia
3643 5762 3688 5804 et

2136 5830 2389 5900 precibus
2440 5828 2540 5881 sibi
2584 5830 2874 5898 prripitium
2932 5830 3137 5883 reddat.
3172 5826 3311 5883 lliuc
3344 5829 3507 5882 modo
3537 5839 3684 5893 ange-
