4038 6644
354 428 493 499 1277

1708 441 2071 506 MARIALE.

3454 445 3588 511 1278

352 543 673 611 ματωθέντα
711 544 953 614 τέτοκας,
990 546 1216 617 μείνασα
1260 545 1544 620 παρθένος,
1575 547 1651 615 ὡς
1687 550 1793 623 πρὸ
1826 551 1901 605 τοί

2030 555 2234 610 branda
2262 555 2372 627 (l);
2404 556 2606 610 ctenim
2665 556 2817 610 illum
2869 555 2961 626 qui
2993 563 3077 611 est
3125 554 3594 627 incomprehensi-

350 636 533 701 τόκου,
567 636 873 708 Θεόνυμφε.

448 909 588 977 Aria
628 911 906 982 Θεόνυμφε
937 914 1100 985 ἁγνὴ,
1144 915 1316 983 ἀγὶως
1368 917 1690 989 ἀπεκύησας
1734 918 1825 973 τὸν
1865 921 1924 972 ὲν

349 1001 524 1067 ἁγίοις
572 1001 1006 1072 ἀναπαυόμενον,
1061 1004 1190 1057 Υἱὸν
1226 1006 1321 1059 καὶ
1364 1007 1534 1071 Λόγον
1587 1008 1760 1077 Πατρὶ
1799 1025 1924 1060 συν-

349 1094 606 1165 ἀναρχον,
647 1095 737 1149 τὸν
767 1096 1173 1166 καθαγιάζοντα
1214 1099 1273 1151 ἐν
1317 1099 1457 1171 ἁγιῳ
1485 1100 1762 1170 Πνεύματι
1799 1103 1923 1164 τοὺς

349 1186 512 1238 αὐτὸν
542 1185 781 1250 εὐσεϐῶς
808 1188 1153 1256 ἀγιάζοντας.

431 1277 491 1331 '0
537 1276 708 1331 πάλαι
766 1279 981 1351 Πατρὸς
1026 1280 1083 1349 ἐξ
1124 1282 1423 1352 ἁγεννήτου
1463 1282 1589 1346 Υἱὸς
1637 1284 1922 1354 γεννηθεὶς

350 1370 606 1440 γέννησιν
638 1370 762 1440 ἔσχε
788 1372 1063 1441 χρονικὴν,
1093 1373 1155 1425 ἐκ
1188 1374 1303 1437 σοῦ,
1331 1373 1596 1442 Παρθένε,
1620 1375 1921 1445 γεννηθεὶς,

349 1462 443 1514 τὸν
473 1462 685 1532 χρόνιον
711 1463 951 1533 πόλεμον
981 1463 1090 1516 τῶν
1130 1465 1381 1534 γηγενῶν
1417 1466 1609 1536 ἐξᾶραι
1643 1466 1812 1520 θέλων
1846 1467 1921 1532 ὡς

348 1550 748 1624 εὖππλαγχνος,
776 1553 805 1605 ὁ
835 1554 1058 1625 ἡμερῶν
1091 1571 1151 1607 τε
1180 1556 1277 1610 καὶ
1300 1555 1500 1626 χρόνων
1535 1557 1813 1612 ἐπέκεινα.

426 1738 744 1810 Ῥητορεῦον
768 1740 831 1795 οὐ
859 1740 1150 1812 δυνήσεται
1184 1741 1358 1811 στόμα
1393 1739 1488 1793 τοῦ
1521 1741 1684 1796 τόκου
1728 1760 1823 1797 σου
1859 1744 1921 1798 τὸ

342 1831 588 1901 apsum
644 1831 1005 1903 διηγήσασθαι
1063 1832 1275 1904 θαῦμα,
1329 1833 1635 1905 Θεόνυμφεο
1688 1836 1777 1888 τὸν
1811 1836 1917 1907 γὰρ

342 1924 748 1995 ἀνερμήνευτον
780 1924 984 1989 τίκτεις
1020 1926 1113 1979 καὶ
1154 1926 1340 1998 φέρεις
1377 1928 1437 1979 ὲν
1469 1903 1737 1997 ἀγκάλαις
1773 1903 1917 2001 χειρὶ
1948 1903 1989 1956 Β

342 2015 653 2085 κρατοῦντα
671 2016 739 2069 τὰ
765 2017 1082 2087 σύμπαντα.

409 2205 658 2276 Πυρξνων
688 2205 1018 2277 λειτουργῶν
1030 2208 1092 2262 τὸ
1118 2208 1228 2281 πῦρ
1248 2209 1497 2280 κυήσασα
1515 2210 1724 2281 ἐφάνης
1746 2227 1920 2266 πανα-

342 2296 631 2369 μὼμητος,
687 2300 782 2353 καὶ
835 2301 937 2370 τῆς
982 2302 1216 2366 κτίσεως
1273 2302 1493 2373 ἁπάσης
1541 2304 1916 2375 πρωτουργδς,

340 2393 587 2460 πὰναγνε
616 2393 885 2463 Παρθένε,
915 2394 1285 2468 ὑπερέχουσα,
1322 2399 1381 2451 ἐν
1406 2397 1654 2467 γυναιξὶν
1692 2398 1914 2469 εὐλογη-

339 2487 479 2556 μένη
506 2488 887 2558 Θεοχαρίτωτε.

2028 647 2177 710 bilis,
2216 647 2268 700 in
2308 657 2465 704 utero
2515 657 2609 704 tuo
2659 658 3010 718 corporatum
3047 649 3327 718 peperisti,
3380 665 3596 721 perma-

2024 756 2165 797 nens
2216 741 2368 813 virgo
2414 742 2592 813 qualis
2639 751 2767 796 ante
2797 751 3015 812 partum
3053 741 3259 806 fueras,
3308 756 3343 797 o
3390 757 3593 812 sponsa

2026 831 2143 891 Dei.

2091 924 2137 983 0
2165 925 2258 982 Dei
2293 941 2492 997 sponsa
2522 934 2710 983 saneta
2737 934 2791 981 et
2823 942 2956 996 pura
2984 926 3084 995 (2),
3137 934 3327 984 sancte
3357 926 3592 996 genuisti

2024 1031 2149 1071 eum
2198 1019 2291 1087 qui
2322 1018 2373 1071 in
2422 1019 2629 1074 sanctis
2658 1019 2969 1088 requiescit,
3004 1019 3203 1073 Filium
3244 1035 3309 1074 ac
3350 1018 3589 1073 Verbum

2022 1109 2167 1165 Patri
2203 1120 2556 1175 coaeternum,
2593 1112 3019 1182 quisanctilicat
3047 1113 3101 1168 in
3143 1112 3348 1183 Spiritu
3398 1120 3592 1169 sancto

2022 1216 2118 1257 eos
2153 1203 2246 1271 qui
2274 1203 2449 1272 ipsum
2480 1204 2733 1273 religiose
2770 1206 2963 1276 pieque
2990 1206 3358 1262 sanctiﬁcant.

2099 1293 2272 1349 Filius
2310 1294 2403 1364 qui
2436 1296 2567 1350 oliui
2598 1312 2662 1353 es
2717 1295 2877 1352 Patre
2909 1298 3155 1367 ingenito
3204 1298 3425 1368 genitus
3460 1297 3589 1363 fuit,

2022 1387 2426 1457 generationem
2477 1389 2829 1457 temporalem
2863 1390 3077 1453 habuit,
3111 1406 3175 1445 ex
3216 1398 3289 1457 te,
3328 1405 3362 1445 ο
3399 1388 3589 1458 Virgo,

2023 1487 2336 1544 generatus.
2365 1479 2976 1551 bellumterrigenarum
3004 1482 3323 1537 diuturnum
3355 1484 3589 1538 allevarc

2022 1572 2232 1635 volens,
2256 1582 2443 1641 utpote
2464 1574 2658 1629 intime
2682 1574 3019 1634 misericors.
3040 1592 3163 1632 cum
3189 1576 3304 1646 ipse
3322 1578 3394 1632 sit
3412 1576 3589 1633 omni-

2022 1663 2125 1718 bus
2155 1663 2349 1719 diebus
2385 1680 2450 1719 ac
2485 1665 2821 1735 temporibus
2846 1667 3147 1735 antiquior.

2079 1754 2154 1813 0s
2184 1757 2417 1819 nullum,
2466 1759 2818 1828 quantumvis
2861 1759 3125 1830 eloquens
3176 1774 3242 1815 ac
3288 1757 3586 1817 disertum.

2021 1857 2200 1915 potest
2225 1848 2496 1904 ineﬂahile
2537 1858 2722 1919 partus
2757 1850 2833 1907 tui
2866 1866 3126 1907 enarrare
3153 1850 3503 1913 miraculum,
3551 1865 3587 1902 o

2020 1939 2114 1998 Dei
2159 1955 2390 2009 sponsa;
2423 1942 2572 1996 illum
2602 1942 2747 1999 enim
2792 1942 3051 2013 peperisti
3096 1943 3189 2011 qui
3216 1942 3380 1996 nullis
3407 1941 3587 1996 verbis

2018 2038 2201 2100 potest
2225 2031 2611 2099 demonstrari,
2661 2042 2826 2102 atque
2879 2032 3030 2085 illum
3077 2032 3186 2087 tuis
3230 2030 3470 2087 brachiis
3496 2046 3586 2101 ge-

2017 2123 2197 2186 stasti.
2222 2125 2316 2193 qui
2344 2138 2506 2178 manu
2543 2124 2787 2179 continet
2810 2139 2873 2178 ac
2906 2124 3043 2192 regit
3070 2123 3351 2181 universa.

2086 2214 2172 2271 Ab
2204 2215 2351 2270 omni
2384 2214 2503 2271 labe
2536 2229 2601 2272 ac
2624 2230 2778 2271 naevo
2800 2216 3064 2271 immunis
3090 2217 3171 2285 (5)
3206 2215 3383 2286 ignem
3416 2230 3584 2285 pepe-

2018 2303 2173 2372 risti;
2219 2306 2365 2360 unde
2409 2305 2552 2360 inter
2576 2306 2765 2375 igneos
2810 2305 3093 2361 ministros
3137 2305 3376 2375 primum
3405 2305 3583 2360 locum

2018 2406 2208 2451 tenens
2235 2411 2299 2451 ac
2325 2397 2489 2451 veluti
2522 2398 2753 2453 antistes
2782 2397 3109 2466 apparuisti,
3144 2398 3257 2452 imo
3288 2404 3342 2453 et
3380 2396 3502 2453 illus
3532 2406 3587 2452 et

2018 2489 2307 2545 universas
2359 2498 2641 2545 creaturas
2683 2489 2947 2558 dignitate
2997 2487 3161 2559 249
3210 2488 3501 2560 superasti,
3554 2503 3587 2543 ο

340 2581 509 2654 Virgo
539 2585 868 2651 castissima,
907 2584 1189 2642 benedicta
1221 2584 1364 2641 inter
1399 2584 1679 2650 mulieres,
1714 2584 1897 2642 divina
1933 2585 2108 2655 gratia
2139 2584 2599 2641 cumulatissima.

333 2750 513 2801 lorum
545 2757 722 2814 opem,
754 2742 916 2797 modo
946 2741 1337 2814 apostolorum,
1375 2742 1541 2803 modo
1576 2750 1902 2814 martyrum,

337 2815 501 2872 modo
552 2812 927 2883 confessorum
966 2813 1311 2883 aliorumque
1355 2822 1693 2883 sanctorum,
1723 2812 1905 2883 prout

336 2886 467 2951 diei,
505 2884 662 2948 cuius
706 2882 940 2936 ollicium
972 2881 1254 2946 recitatur,
1286 2882 1425 2936 ratio
1455 2883 1720 2951 exposcit.
1750 2881 1904 2937 Unde

334 2958 499 3012 etiam
549 2953 915 3007 Paracleticns
964 2952 1066 3005 dici
1099 2952 1292 3020 potuit,
1326 2952 1483 3021 quasi
1528 2953 1903 3017 invocatorius,

337 3028 453 3084 sive
490 3021 1220 3095 imploratorius.Dividitur
1260 3023 1314 3077 in
1358 3031 1482 3075 octo
1527 3032 1729 3095 partes,
1765 3036 1904 3095 quas

332 3096 507 3151 Grzeci
559 3090 738 3149 Tonos
780 3093 1072 3164 appellant.
1124 3090 1240 3146 Uno
1278 3090 1679 3164 namque‘tono
1728 3092 1901 3164 ollicia

332 3169 499 3221 unius
546 3164 899 3219 hebdomadis
945 3162 1448 3227 implentur,alteru
1495 3162 1898 3230 subsequentis,

330 3250 385 3292 ιιι
416 3239 497 3293 sic
528 3238 593 3291 de
635 3235 898 3303 singulis;
930 3235 1127 3300 quibus
1184 3233 1369 3292 ﬁnitis,
1397 3233 1576 3303 denuo
1625 3233 1693 3286 ab
1749 3232 1903 3303 initio

320 3308 709 3367 .cxordiuntur,
730 3302 798 3358 iet
832 3305 913 3358 sic
943 3313 1202 3372 perpi-tuo
1242 3303 1345 3356 isto
1375 3302 1582 3357 circulo
1612 3302 1899 3358 materiam

335 3381 503 3431 Deum
540 3376 793 3431 laudandi
844 3382 1158 3442 perpetuam
1204 3372 1306 3426 sibi
1345 3380 1402 3442 et
1446 3387 1724 3440 nunquam
1768 3372 1901 3425 deli-

328 3449 561 3503 cientem
595 3440 972 3515 suppeditant.
986 3441 1143 3515 Licet
1177 3451 1355 3515 autem
1385 3440 1898 3515 Paracleticag‘etiam

327 3534 467 3572 nova
500 3510 807 3572 Oetaei-lius
825 3512 1141 3581 appelletur,
1167 3512 1349 3565 dtﬂ‘ert
1382 3520 1571 3581 tamen
1601 3512 1668 3566 ab
1707 3510 1903 3565 Octoeo

328 3590 456 3650 rho,
482 3588 627 3657 quod
691 3586 779 3639 ille
822 3583 1201 3657 tantummodo
1229 3596 1258 3635 a
1293 3582 1487 3657 primis
1534 3580 1787 3657 stperis
1817 3584 1899 3657 ad

332 3652 549 3711 Missxain
589 3670 827 3710 canones
879 3662 934 3707 et
978 3652 1213 3721 troparia
1268 3652 1535 3712 continet,
1567 3652 1896 3721 Paraclutica

327 3739 384 3781 et
412 3728 501 3783 illa
545 3735 598 3780 et
646 3726 816 3779 multo
848 3723 1025 3792 plura,
1068 3737 1191 3776 cum
1222 3730 1276 3775 et
1325 3722 1718 3790 subsequentes
1764 3720 1901 3775 Ves-

328 3813 512 3866 peras,
544 3806 597 3850 et
624 3791 1095 3866 aliorum_dicrum
1138 3792 1278 3866 inter
1312 3791 1700 3866 hebdomadem
1726 3791 1897 3866 oﬂicia

330 3864 537 3932 integra
575 3866 819 3921 exhibet.
858 3864 1071 3931 Ingens,
1102 3864 1197 3917 sed
1226 3864 1471 3930 apprime
1505 3865 1897 3928 necessarium,

324 3948 381 3991 ct
407 3931 650 3993 delectus
689 3936 916 3991 aliorum
951 3934 1209 4003 supplens
1254 3932 1726 4003 volumen.‘Quod
1760 3931 1901 4003 [orte

328 4026 357 4061 a
384 4006 623 4075 Josepho
658 4017 845 4060 nostro
885 4000 1234 4075 compilatum
1265 4017 1329 4055 ex
1349 4000 1728 4075 acrostichide
1759 4001 1898 4075 Sab-

332 4078 441 4130 bati
484 4070 660 4130 octavi
714 4076 825 4129 toni
873 4070 1079 4141 colligit
1110 4074 1193 4125 vir
1229 4071 1637 4127 eruditissimus
1668 4070 1779 4126 Leo
1807 4071 1899 4124 Αισ

328 4148 491 4201 latius
518 4147 717 4201 dissert
743 4145 799 4209 2,
837 4159 962 4199 cum
999 4143 1068 4197 ibi
1108 4142 1391 4196 habeatur:

327 4234 573 4289 Octoechi
625 4250 768 4288 nam
796 4231 1002 4287 divinus
1025 4230 1168 4299 ﬁnis,
1200 4230 1402 4283 labores
1432 4244 1551 4283 vero
1590 4228 1826 4297 Iosephi.

395 4321 570 4376 Porro
598 4337 720 4377 cum
758 4321 813 4373 in
854 4320 958 4374 hoc
1009 4316 1354 4373 Paracletiac
1393 4317 1671 4373 volumine
1714 4317 1897 4385 plures

325 4392 669 4461 reperiantur
714 4405 967 4461 canones
999 4389 1103 4443 sub
1144 4386 1363 4461 losephj
1426 4388 1597 4461 nostri
1646 4387 1891 4461 nomine,

321 4457 445 4531 quin
481 4461 533 4515 in
565 4463 651 4516 bis
691 4468 904 4515 exstant
934 4458 1201 4531 theotocia
1229 4460 1295 4511 de
1323 4458 1531 4531 Graeco
1553 4458 1606 4510 in
1644 4457 1893 4531 Latinum

322 4527 608 4607 translata,
643 4542 712 4607 _nt_
762 4531 999 4607 fructum
1052 4528 1249 4607 lerant,
1289 4537 1345 4581 et
1402 4527 1655 4607 Mariana:
1702 4528 1965 4607 glori‘eD

326 4604 590 4665 serviant,
620 4603 738 4665 tibi,
770 4601 840 4655 mi
874 4602 1064 4665 lector,
1084 4598 1340 4655 exhibere
1364 4599 1571 4652 curavi.

392 4673 470 4739 (l)
499 4672 835 4726 Celebranda
864 4670 1029 4740 igitur
1061 4672 1207 4735 (cum
1260 4668 1384 4736 jure
1422 4667 1709 4740 etAmerito
1744 4667 1889 4721 cele-

320 4736 466 4796 brari
501 4743 692 4811 possit)
744 4736 910 4811 etiam
951 4740 1107 4811 laude
1140 4740 1266 4797 ista,
1292 4737 1455 4811 quod
1488 4736 1651 4811 fuerit
1696 4740 1891 4811 imma-

316 4806 810 4879 culato-concepta.
853 4808 987 4864 Hinc
1039 4810 1233 4864 Petrus
1266 4806 1530 4879 Montius
1563 4809 1716 4879 libro
1754 4823 1769 4861 I
1817 4806 1889 4861 De

315 4884 475 4937 unius
515 4877 1068 4951 legisioeritate.icap.
1107 4879 1197 4940 77,
1226 4877 1318 4951 ubi
1351 4879 1457 4931 late
1476 4877 1726 4951 deleudit
1752 4892 1886 4951 con-

312 4948 618 5019 ceptionem
650 4950 707 5006 Β.
740 4949 972 5021 Virginis
996 4949 1416 5012 immaculatam,
1440 4948 1516 5021 ait
1566 4949 1705 5004 inter
1731 4948 1883 5021 alia;

321 5041 351 5091 «ί
382 5018 557 5086 Quam
607 5023 788 5091 plures
835 5018 1186 5091 auctoritates
1224 5018 1609 5091 comperimus,
1632 5032 1766 5091 quae
1814 5018 1884 5072 ab

316 5090 560 5145 Ecclesia
608 5088 1109 5146 commemorantur
1155 5089 1209 5141 in
1250 5088 1482 5157 Virginis
1521 5088 1758 5149 Iaudem,
1785 5103 1885 5141 nec

317 5162 483 5214 ullam
520 5163 573 5216 in
616 5163 951 5216 contrarium
1001 5160 1248 5227 legimus.
1273 5158 1403 5224 Quae
1440 5159 1658 5228 quidem
1701 5166 1887 5228 aucto-

312 5241 504 5285 r.tates
544 5247 652 5288 non
697 5231 948 5286 infectam
994 5238 1048 5285 et
1078 5231 1400 5282 maculatam
1448 5227 1750 5296 assignant,
1779 5227 1889 5280 imo

309 5312 365 5354 et
393 5312 562 5357 t0'am
587 5303 876 5372 perlectam
898 5308 953 5355 et
984 5299 1351 5372 abomnilahe
1381 5309 1668 5372 semotam,
1696 5312 1887 5372 queru-

307 5366 603 5425 ailtnoduni
658 5372 889 5426 habetur
925 5372 977 5424 in
1002 5368 1259 5437 Canticol
1289 5371 1648 5429 canticorum,
1682 5367 1770 5420 ubi
1794 5366 1886 5437 di-

309 5440 454 5493 ci.nr
482 5458 496 5495 :
531 5440 659 5497 Tota
688 5441 905 5509 pulchra
927 5456 1002 5503 es,
1033 5438 1206 5490 amica
1240 5436 1375 5504 inea,
1394 5438 1585 5490 dilecta
1615 5451 1749 5509 mea,
1777 5436 1889 5504 for-

309 5526 481 5575 mosa,
516 5506 757 5565 colum-ba
807 5526 940 5572 mea,
966 5510 1209 5579 speciosa
1248 5525 1384 5579 mea,
1426 5518 1481 5579 et
1530 5506 1745 5579 macula
1781 5522 1885 5579 non

305 5592 384 5632 est
416 5583 470 5633 in
500 5591 567 5636 te.
613 5600 633 5633 ›
672 5582 762 5637 Sic
805 5581 912 5635 ille.
948 5576 1031 5635 An
1080 5580 1296 5633 dubitas
1336 5578 1396 5630 Β.
1424 5578 1699 5647 Virginem
1723 5576 1886 5647 istius

310 5650 516 5716 laudis,
558 5653 768 5708 scilicet
814 5650 1252 5716 prmservatiouis
1301 5649 1369 5701 ab
1406 5644 1678 5715 originali,
1716 5644 1887 5702 fuisse

304 5725 606 5789 capacem?
645 5723 783 5776 Audi
815 5717 1038 5774 Bustum
1070 5720 1121 5773 in
1151 5717 1357 5772 Mariali
1393 5733 1558 5772 serm.
1589 5732 1627 5780 ι,
1648 5719 1886 5789 ηεξ-ροη-

304 5786 557 5861 (‘eptione
573 5803 711 5860 part.
728 5808 807 5852 ιιι,
822 5793 907 5847 his
925 5801 975 5845 te
996 5790 1176 5845 verbis
1198 5790 1573 5861 instruentem:
1598 5805 1615 5837 ι
1646 5786 1709 5861 l3,
1726 5786 1885 5861 Virgo

305 5859 663 5937 capacissima
689 5864 791 5918 fuit
819 5864 1003 5933 gratiae
1043 5860 1482 5932 pranscrvationis
1521 5861 1589 5913 ab
1634 5859 1882 5927 originali

2009 2754 2252 2813 peccato.
2286 2743 2422 2799 Cum
2458 2743 2601 2799 enim
2630 2742 2791 2798 fuerit
2820 2757 2990 2811 capax
3024 2752 3079 2796 ut
3101 2753 3246 2798 esset
3269 2740 3440 2796 Mater
3466 2740 3580 2803 Dei,

2010 2823 2065 2867 et
2105 2816 2254 2881 virgo
2308 2814 2546 2885 perfecta
2605 2826 2731 2868 ante
2778 2824 3016 2885 partum,
3048 2814 3099 2866 in
3141 2823 3321 2881 partu,
3361 2822 3414 2865 et
3466 2826 3583 2880 post

2010 2894 2251 2953 partum,
2312 2883 2550 2952 cumque
2609 2885 2868 2940 meruerit
2922 2883 3123 2953 elevari
3185 2898 3349 2951 super
3394 2898 3585 2937 omnes

2010 2952 2285 3023 angelicas
2344 2954 2685 3010 hierarchias
2739 2964 2794 3009 et
2846 2953 2979 3007 elﬁci
3034 2952 3235 3021 Regina
3289 2953 3582 3015 oculorum,

2010 3036 2217 3092 quanto
2264 3026 2435 3091 magis
2465 3024 2568 3078 fuit
2601 3039 2767 3090 capax
2807 3023 2969 3092 hujus
2998 3028 3262 3092 gratiarut
3293 3023 3409 3092 sine
3454 3037 3582 3089 pec-

2011 3091 2133 3146 calo
2167 3094 2416 3163 originali
2459 3094 2875 3162 conciperetur?
2904 3091 3061 3163 Certe
3094 3091 3262 3144 multo
3294 3091 3412 3163 plus
3441 3108 3454 3144 :
3489 3092 3580 3158 qui

2009 3165 2153 3217 enim
2193 3161 2279 3218 est
2328 3179 2494 3230 capax
2534 3164 2756 3231 majoris
2801 3161 3106 3231 dignitatis.
3145 3170 3201 3215 et
3230 3161 3581 3225 excellentiae,

2009 3236 2179 3286 multo
2205 3247 2289 3287 est
2314 3235 2569 3300 capacior
2607 3232 2832 3288 minoris
2858 3250 2871 3286 ε
2897 3242 2951 3285 et
2985 3232 3073 3285 cui
3093 3231 3411 3287 conceditur
3435 3232 3579 3299 quod

2002 3312 2087 3427 Est
2110 3303 2306 3428 inﬁtias,
2333 3305 2544 3361 videtur
2566 3304 2727 3360 etiam
2750 3316 3068 3360 concessum
3083 3301 3226 3370 quod
3244 3310 3323 3357 est
3342 3300 3542 3356 minus.
3557 3320 3577 3353 ι

2047 3390 2094 3426 ic
2128 3392 2139 3426 I
2187 3390 2235 3428 e.

2047 3390 2094 3426 lC
2128 3390 2235 3428 me.

2074 3444 2152 3513 (Ξ)
2193 3463 2211 3496 ι
2256 3444 2624 3514 Congruebat.
2674 3443 2854 3514 inquit
2927 3442 2987 3496 S.
3039 3440 3409 3514 Bernardinus
3483 3440 3579 3495 Sc-

2001 3515 2188 3569 nensis
2239 3513 2480 3579 tomItt,
2542 3515 2721 3571 Serm.
2756 3513 2857 3578 5i,
2897 3527 3017 3582 cap.
3071 3514 3126 3575 ὅ,
3181 3523 3240 3567 ιιι
3291 3513 3407 3577 illa,
3457 3527 3580 3579 qua:

2001 3584 2207 3653 placuit
2271 3586 2549 3640 Altissimo
2607 3586 2680 3640 ita
2713 3594 2771 3641 nt
2821 3587 2971 3639 ﬁeret
3009 3582 3154 3637 illius
3211 3583 3447 3652 Sponsa,
3499 3583 3579 3636 sic

2000 3665 2147 3708 esset
2207 3656 2548 3709 immaculata
2616 3666 2815 3719 tuente,
2866 3655 3007 3707 sicut
3082 3653 3184 3705 fuit
3255 3653 3576 3705 intemerata

2000 3739 2185 3779 carne.
2234 3743 2253 3776 ι
2305 3724 2420 3778 Νοη
2468 3736 2648 3779 autem
2689 3725 2880 3779 fuisset
2923 3723 3036 3778 hmc
3087 3722 3182 3775 Dei
3206 3722 3439 3792 Sponsa,
3477 3737 3578 3776 nec

2000 3808 2214 3852 sancta.
2248 3810 2349 3850 nec
2386 3810 2541 3864 pura.
2574 3811 2676 3851 nec
2701 3796 3075 3852 immaculata.
3104 3794 3149 3846 si
3180 3794 3387 3864 peccati
3411 3793 3577 3864 origi-

1999 3865 2147 3935 nalis
2164 3861 2420 3935 fceditati,
2459 3866 2760 3935 impuritati
2806 3873 2861 3920 et
2894 3864 3123 3935 macula:
3162 3861 3417 3935 ASubjecta
3448 3861 3572 3915 fuis-

1998 3934 2205 4006 set.__Et
2237 3936 2489 4006 quamvis
2518 3932 2740 3988 nomine
2780 3934 3028 4006 Sponsze
3055 3933 3349 4006 Ecclesiain
3399 3932 3571 4006 ipsam

1999 4000 2448 4071 intelligeremns,
2481 4013 2741 4069 attamen,
2772 4000 2835 4057 ut
2879 4003 3059 4072 inquit
3110 4000 3394 4072 Marsilius
3432 4003 3570 4052 anti-

1995 4087 2139 4140 quus
2163 4084 2354 4127 auctor
2395 4075 2447 4128 in
2472 4075 2665 4128 librum
2694 4071 2971 4129 itSenten.
2995 4088 3052 4140 q.
3080 4072 3171 4134 20,
3198 4086 3249 4123 a.
3278 4072 3333 4135 5,
3365 4071 3573 4139 Sponsa

1997 4142 2051 4195 in
2082 4143 2264 4214 aliqua
2299 4144 2382 4199 sui
2430 4152 2581 4214 parte
2608 4144 2770 4199 debet
2803 4158 2926 4214 esse
2951 4150 3068 4214 tota
3103 4142 3352 4214 pulchra.
3378 4150 3571 4214 etnon

1997 4160 2051 4195 III
2082 4160 2149 4196 an
2197 4160 2264 4197 ua
2299 4160 2382 4199 ειη
2430 4160 2581 4214 parte
2608 4160 2770 4199 αευει
2803 4160 2926 4199 esse
2958 4160 3068 4196 tcta
3103 4160 3352 4210 puwura,
3378 4160 3433 4193 Cl
3465 4160 3571 4193 ηυιι

1995 4160 2275 4283 οεεοιΊιορ
2315 4214 2367 4266 ἱη
2414 4215 2599 4283 aliqua
2653 4223 2824 4283 parte,
2858 4213 2961 4267 nisi
3014 4209 3182 4280 Virgo
3213 4212 3281 4265 ab
3320 4208 3572 4283 originali

1997 4281 2191 4351 [uisset
2251 4278 2597 4351 przeserva'ta.
2647 4278 2790 4351 Ergo
2850 4285 3030 4336 minor
3088 4278 3282 4350 patet:
3335 4294 3465 4347 quia
3526 4278 3573 4331 si

1998 4350 2191 4423 luisset
2220 4350 2406 4423 aliquo
2448 4364 2689 4422 tempore
2717 4350 2821 4407 Sub
2859 4361 3109 4423 peccato_
3127 4351 3401 4418 originali,
3440 4358 3567 4402 tunc

1997 4421 2089 4476 illo
2150 4419 2392 4491 tempore
2455 4419 2647 4480 fuisset
2691 4419 3009 4485 imaculata.
3070 4419 3215 4490 Ergo
3265 4436 3372 4491 non
3422 4425 3574 4491 esset

1997 4492 2206 4560 Sponsa
2248 4489 2357 4547 tota
2398 4494 2618 4561 pulchra
2676 4494 2729 4546 in
2771 4492 3013 4562 Virgine,
3060 4489 3165 4544 nec,
3205 4491 3257 4543 in
3301 4489 3571 4562 Christo:

1993 4558 2235 4637 quiaille
2266 4572 2350 4617 cst
2377 4558 2896 4637 Sponsus,_et,lic_et
2925 4563 2996 4637 sit
3020 4562 3309 4619 candidus,
3333 4567 3388 4612 et
3418 4558 3567 4637 rubi.

1990 4629 2223 4697 eundus,
2255 4644 2310 4685 et
2343 4629 2488 4689 tol'us
2516 4634 2891 4689 desiderabilis
2922 4633 3205 4701 (Cantav),
3251 4642 3432 4701 tamen
3457 4629 3575 4701 haec.

1993 4717 2099 4774 non
2147 4714 2232 4757 est
2269 4704 2622 4773 pulchritudo
2684 4698 2938 4774 Sponsae,
2968 4702 3060 4774 sed
3102 4698 3325 4769 Sponsi,
3359 4714 3459 4774 nec
3510 4698 3570 4751 in

1990 4773 2175 4842 aliquo
2218 4767 2346 4837 alio,
2390 4767 2751 4845 quiaomnes
2794 4775 2886 4827 alii
2950 4772 3028 4827 rei
3060 4767 3191 4827 sunt
3220 4767 3425 4845 peccati
3474 4782 3568 4821 ac-

1994 4836 2153 4899 tualis
2182 4845 2266 4898 vel
2301 4836 2602 4914 originalis,
2636 4854 2690 4897 et
2724 4845 2804 4900 sic
2837 4857 3115 4914 tuisquam
3164 4836 3308 4914 esset
3354 4836 3568 4914 Sponsa

1992 4920 2104 4983 [uta
2164 4908 2415 4983 pulchra.
2458 4934 2475 4965 ι
2517 4915 2611 4969 Sic
2665 4915 2774 4969 ille.
2833 4908 2985 4968 Vide'
3015 4912 3480 4978 Nierembergium
3511 4908 3566 4960 in

1991 4981 2366 5055 Sacrosgllabo
2382 4985 2423 5055 ές
2454 4985 2518 5038 V.

2027 5054 2138 5133 ,(5)
2172 5045 2338 5133 eam
2374 5045 2561 5110 Pvetrus
2593 5052 2921 5123 Apollinaris
2946 5054 3000 5108 in
3057 5049 3300 5107 carmine
3323 5047 3389 5102 dc
3414 5045 3566 5101 Nati-

1989 5133 2154 5177 ritate
2188 5133 2261 5177 lla
2284 5138 2490 5179 canens
2522 5139 2537 5176 2

2078 5225 2255 5289 Salve,
2295 5226 2452 5297 Virgo
2484 5226 2862 5290 Parens,labes
2886 5242 3045 5297 quam
3074 5224 3229 5297 nulla
3253 5222 3441 5297 vetusti

2168 5297 2269 5351 l’er
2301 5294 2561 5351 tot'ducta
2595 5299 2793 5369 gradus
2815 5294 3052 5351 criminis
3080 5294 3368 5365 implicuit.

1987 5402 2305 5471 Anonymns
2324 5403 2488 5457 etiam
2513 5413 2666 5472 poeta
2700 5401 2838 5471 apud
2868 5400 3257 5456 Ben-nardinum
3284 5397 3352 5453 de
3382 5396 3565 5472 BuSIis

1989 5472 2042 5524 in
2100 5472 2303 5526 Mariali
2332 5470 2526 5528 Sermi
2552 5474 2584 5528 9
2623 5475 2690 5528 de
2735 5470 3130 5542 Conceptione,
3180 5478 3321 5542 part.
3356 5470 3552 5537 prima,

1988 5543 2042 5595 in
2077 5542 2223 5599 hunc
2244 5545 2463 5598 modum
2506 5545 2734 5613 loquens
2761 5559 2775 5595 :

2129 5646 2189 5701 Si
2216 5649 2389 5701 decuit
2417 5649 2585 5702 luctus
2617 5650 2728 5703 sine
2758 5646 2875 5701 labe
2899 5647 3131 5716 efﬁngere
3169 5645 3414 5708 Matrem,

2227 5717 2454 5772 Matrem
2485 5720 2689 5773 laetitia:
2720 5719 2837 5786 plus
2873 5717 3120 5771 decorare
3147 5717 3309 5770 decet.

2142 5787 2435 5842 Immunem
2466 5790 2725 5858 Sponsam
2763 5787 2998 5858 volnitgsi
3031 5788 3247 5839 crimine
3276 5786 3395 5854 levi,

2268 5858 2356 5913 Sic
2390 5860 2468 5912 illi
2500 5856 2655 5913 uoluit
2689 5860 2860 5923 majus
2886 5856 3062 5911 abesse
3096 5858 3263 5927 nefas.
