4038 6636
502 425 637 489 1279

1631 436 1693 496 s.
1733 436 2044 497 JOSEPHI
2084 416 2647 497 IIYMNOGRAPIII

3578 440 3698 507 1280

562 538 783 594 Natum
813 538 956 607 leges
979 538 1031 594 in
1064 547 1112 594 te
1140 539 1499 597 iunovantur:
1532 559 1655 596 nam
1692 543 2059 613 lcgislatorem

2238 543 2412 612 Νόμοι
2452 547 2508 597 ἐν
2537 543 2619 596 σοὶ
2655 544 2870 613 φύσεως
2908 542 3258 607 καινίζονται.
3306 546 3407 599 Τὸν
3445 551 3708 625 νομοδότηιι

491 632 797 694 Christum,
831 631 1039 701 legibus
1089 634 1398 687 carnalibus
1446 634 1669 689 minime
1701 635 1933 689 obnoxia
1970 652 2035 705 pe

501 724 706 793 peristi,
738 739 772 776 0
800 725 1248 779 innocentissitna
1282 724 1358 793 (4)
1393 742 1406 780 :
1438 726 1615 791 illum,
1675 728 1921 797 inquam,
1968 728 2061 796 qui

503 814 884 883 redemptionis
919 814 1061 883 leges
1093 817 1269 869 sancit
1290 816 1547 871 omnibus
1578 818 1666 882 iis,
1693 819 1786 888 qui
1811 829 2015 874 canunt
2048 836 2062 874 :

496 904 809 961 Laudabilis
841 914 895 959 et
917 907 1381 977 supergloriosus,
1416 908 1560 963 Deus
1597 920 1813 980 patrum
1847 920 2065 965 nostro-

501 1013 640 1060 rum,
670 1006 775 1050 etc.

559 1092 739 1145 Sacra:
786 1093 1170 1162 prophetarum
1223 1110 1384 1150 voces
1434 1096 1609 1150 multo
1649 1107 1775 1151 aute
1820 1107 2067 1167 tempore

500 1184 999 1251 praenuntiaverunt
1025 1194 1078 1239 te
1114 1184 1355 1241 futuram
1406 1203 1529 1242 esse
1562 1188 1788 1241 Matrem
1822 1188 1936 1256 Dei,
1970 1189 2061 1259 qui

496 1272 747 1327 universa
782 1276 1013 1340 creavit,
1043 1276 1133 1331 cui
1170 1278 1443 1341 canimus,
1482 1292 1516 1331 o
1546 1278 1898 1332 immaculata
1927 1279 2003 1348 (5)
2048 1296 2062 1333 :

500 1365 824 1429 Benedicite.
849 1376 954 1423 etc.

563 1454 716 1511 Illum
747 1456 881 1522 fers,
904 1460 998 1530 qui
1029 1459 1132 1517 fert
1159 1462 1415 1518 universa
1451 1480 1466 1517 :
1508 1462 1657 1518 illum
1694 1461 1832 1518 lacte
1864 1472 2061 1532 nutris,

499 1548 589 1614 qui
631 1551 846 1606 cunctis
893 1552 1075 1607 cibum
1126 1554 1481 1624 suppeditat:
1516 1571 1772 1625 magnum
1832 1569 2063 1611 tremen-

493 1641 736 1712 dumque
767 1646 1107 1715 mysterium,
1147 1646 1294 1714 quod
1335 1647 1666 1703 intellectum
1717 1658 1868 1703 tuum
1900 1663 2062 1703 exceo

494 1732 596 1799 dit,
629 1750 662 1790 ο
694 1750 823 1790 arca
854 1738 1178 1792 venerandae
1212 1739 1681 1805 sanctificationis,
1731 1738 1899 1810 Virgo
1939 1740 2065 1795 Dei-

499 1841 628 1895 para
662 1844 675 1883 :
709 1829 1065 1897 quamobrem
1091 1839 1141 1885 te
1173 1846 1295 1885 cum
1323 1830 1425 1886 ﬁde
1458 1831 1670 1885 beatam
1704 1832 2041 1902 appellamus

746 1936 827 1992 Ea:
854 1956 1050 1994 canone
1077 1941 1223 2010 feria:
1247 1957 1330 2008 Ill,
1361 1941 1431 1996 ad
1469 1941 1819 1997 Matutinum.

566 2098 853 2171 Tanquam
897 2101 1128 2157 thronus
1160 2103 1352 2171 igneus
1400 2102 1509 2157 l'ers
1549 2103 1865 2158 Creatorem
1899 2119 1913 2156 :
1950 2111 2091 2157 tan»

503 2208 669 2261 quam
704 2194 980 2248 animatus
1030 2194 1327 2257 thalamus,
1378 2211 1440 2250 ac
1467 2197 1768 2264 jucundum
1807 2196 2067 2266 palatium

499 2283 700 2355 Regem
763 2286 1017 2340 contines
1065 2286 1266 2340 fartum
1314 2288 1544 2341 similem
1598 2288 1777 2353 nobis,
1821 2288 1913 2342 sed
1952 2288 2070 2342 sine

499 2378 803 2433 mutatione
855 2387 950 2432 aut
988 2379 1396 2449 perturbatione
1413 2380 1496 2433 sui
1535 2380 1731 2449 ipsius.

559 2466 606 2523 Ο
634 2467 985 2523 sanctissima
1017 2470 1265 2533 Domina,
1286 2486 1404 2537 qum
1428 2470 1541 2525 sola
1570 2469 1763 2523 Filium
1796 2478 2068 2524 carentem

498 2568 743 2629 tempore
770 2560 823 2614 in
866 2567 1113 2629 tempore.
1144 2561 1486 2616 incarnatqu
1537 2562 1815 2631 peperisti,
1854 2562 2072 2617 medere

499 2648 756 2705 omnibus
796 2649 1142 2718 passiouibus
1203 2651 1526 2705 miserrima:
1576 2652 1772 2707 anima:
1832 2668 1965 2707 mete
2005 2667 2073 2708 ex

499 2741 762 2795 diuturno
793 2751 1034 2812 tempore
1056 2743 1374 2799 Contractis.

567 2833 722 2887 lllum
759 2834 925 2903 paris,
962 2851 1121 2905 quem
1153 2835 1311 2892 Pater
1345 2838 1533 2907 genuit
1583 2848 1709 2893 ante
1746 2838 1930 2895 omnia
1966 2854 2071 2893 sae-

503 2924 625 2978 cula
658 2943 671 2979 :
699 2926 877 2981 nutris
908 2928 1226 2982 nutritorem
1250 2969 1265 2993 ,
1308 2930 1454 2983 nulla
1495 2930 1664 2986 virilis
1682 2933 1891 3002 cepulm
1930 2931 2071 2987 facta

498 3019 855 3087 experientia.
915 3020 1237 3076 Miraculum
1297 3024 1665 3093 paradoxum!
1748 3025 2069 3096 mysterium

498 3112 739 3166 uovuml
777 3123 1064 3183 propterea
1096 3130 1289 3171 omnes
1349 3116 1588 3171 lldelium
1636 3117 1831 3173 anima:
1867 3129 1917 3173 te
1950 3119 2071 3191 glo-

497 3201 733 3267 rilicant,
764 3220 798 3259 ο
829 3203 939 3260 Deo
969 3207 1311 3263 charissima.

560 3292 756 3349 Totum
800 3296 992 3361 Adam,
1019 3307 1277 3365 tauquam
1329 3308 1553 3366 vestem,
1596 3303 1896 3372 assumpsit
1941 3304 2070 3358 Ver-

501 3386 651 3452 bum,
710 3404 776 3444 cx
809 3398 881 3454 te,
912 3406 944 3444 ο
978 3390 1225 3461 Deipara,
1259 3402 1431 3446 totum
1459 3408 1625 3447 carne
1658 3395 1919 3450 amictum
1952 3412 2073 3464 pro-

498 3481 718 3536 cedens.
755 3481 937 3552 Ipsum
959 3500 1109 3551 ergo,
1143 3500 1176 3538 ο
1216 3484 1464 3554 Deipara,
1522 3488 1839 3556 suppliciter
1878 3504 2067 3553 exora,

501 3582 560 3626 ut
592 3573 661 3627 ab
688 3575 838 3627 onmi
871 3576 1233 3630 tentationum
1284 3591 1478 3645 genere
1509 3587 1562 3631 et
1591 3580 1658 3633 ab
1696 3579 1817 3651 igne
1868 3591 2072 3637 aeterno
2112 3578 2115 3581 ’

504 3677 607 3717 nos
633 3663 852 3732 eripiat.

572 3751 735 3823 250
763 3755 998 3826 δωροῖο
1021 3758 1289 3828 perculsa:
1303 3770 1486 3817 mente
1515 3772 1871 3819 excesserunt
1899 3779 2070 3837 ange-

501 3842 681 3899 lorum
754 3847 1017 3918 legioues.
1072 3849 1345 3909 intuentes
1396 3854 1672 3923 quomodo
1713 3855 1801 3910 ille
1850 3855 1946 3926 qui
1988 3865 2071 3911 est

501 3935 811 4004 invisibilis,
847 3939 901 3995 iu
942 3940 1179 3998 humana
1216 3943 1390 4001 forma
1436 3960 1502 4001 ex
1536 3956 1586 4001 te
1616 3958 1897 4019 assumpta
1931 3948 2069 4005 visi-

501 4028 628 4085 bilis
662 4040 992 4100 appareret:
1045 4050 1206 4102 quem
1258 4045 1336 4098 tu,
1380 4050 1414 4089 ο
1451 4034 1616 4108 Virgo
1648 4037 1744 4092 Dei
1792 4037 2066 4105 Genitrix.

501 4124 728 4192 supplex
756 4138 1001 4194 precare,
1044 4134 1102 4180 ut
1131 4142 1320 4183 omnes
1372 4130 1465 4199 qui
1518 4140 1570 4185 te
1613 4129 1844 4186 ﬁdeliter
1864 4131 2070 4202 glorifi-

500 4222 629 4269 caut
659 4216 836 4271 salute
869 4218 1065 4287 dignos
1095 4218 1311 4275 elliciat.

570 4306 855 4377 Templum
887 4312 1288 4366 sanctiﬁcatum
1318 4310 1434 4378 Dei,
1465 4313 1557 4383 qui
1591 4314 1644 4369 in
1683 4324 1734 4370 te
1775 4315 2064 4382 habitavit,

500 4398 664 4452 modo
697 4399 977 4467 ineffabili,
1013 4401 1152 4477 facta
1185 4419 1264 4468 es,
1289 4420 1321 4458 ο
1349 4403 1529 4475 Virgo.
1564 4404 1829 4462 Eumdcm
1876 4409 2068 4478 depre-

498 4507 646 4555 care,
678 4503 738 4548 ut
770 4509 873 4549 nos
913 4510 944 4550 a
989 4506 1339 4564 peccatorum
1376 4498 1631 4554 sordibus
1682 4499 1964 4565 enmmlet,
2010 4508 2070 4554 ut

2172 634 2279 704 γὰρ
2312 634 2544 705 Χριστὸν
2560 635 2683 705 δίχα
2707 636 2887 706 νόμων
2916 635 3024 689 τῶν
3044 637 3319 706 σαρκικῶν
3349 638 3559 705 τίκτεις,
3588 662 3706 697 παν.

2172 725 2463 797 αμώμητε,
2514 729 2679 781 πᾶσιν
2734 728 3112 797 ἀπολύτρωσιν
3171 729 3550 797 νομοθετοῦντα
3613 738 3709 800 soi;

2176 818 2471 887 μέλπουσιν
2492 834 2505 848 ·
2541 819 2600 874 '0
2627 821 2836 885 αἰνετός
2868 820 2977 873 τῶν
3006 820 3255 891 πατέρων
3292 821 3420 886 Θεὸς
3442 824 3532 876 καὶ
3562 825 3708 897 ὑπερ-

2173 905 2404 971 ἔνδοξος.

2254 1086 2421 1157 ’ἱεραί
2449 1105 2507 1141 σε
2538 1088 2821 1159 πόρρωθεν
2856 1090 3028 1158 φωναὶ
3061 1091 3382 1162 γενήσεσθαι
3410 1096 3606 1167 μητέρα
3628 1100 3706 1153 τοῦ

2177 1177 2356 1231 πάντα
2403 1179 2789 1249 ὲκτειναμένου
2829 1179 3306 1251 προκατήγγειλαν
3347 1180 3503 1250 Θεοῦ,
3531 1178 3572 1252 ᾧ
3601 1186 3709 1255 μέλ·

2173 1286 2369 1339 πομεν,
2400 1270 2637 1339 ἄχραντε
2656 1286 2671 1302 ·
2706 1269 3065 1338 Εὑλογεῖτε...

2241 1454 2433 1525 Φέρεις
2467 1454 2558 1509 τὸν
2606 1454 2674 1507 τὰ
2721 1455 2897 1509 πάντα
2936 1456 3171 1526 φέροντα
3209 1457 3303 1510 καὶ
3335 1457 3607 1528 γαλουχετς
3635 1462 3711 1515 τὸν

2173 1547 2308 1599 πᾶσι
2340 1545 2548 1615 τροφὴν
2574 1546 2904 1616 παρέχοντα,
2946 1548 3090 1617 μέγα
3126 1548 3223 1601 καὶ
3250 1549 3475 1618 φρικτὸν
3505 1552 3560 1603 τὸ
3589 1553 3710 1624 ὑπὲρ

2170 1635 2296 1690 νοῦν
2326 1654 2420 1690 σου
2456 1637 2776 1707 μυστήριον,
2810 1638 3008 1692 κιδωτὲ
3034 1638 3127 1693 τοῦ
3158 1640 3358 1695 σεπτοῦ
3382 1642 3713 1714 ἁγιάσματος,

2171 1728 2411 1799 Παρθένε
2437 1728 2687 1795 Θεοτόκε,
2709 1729 2833 1784 ὅθεν
2859 1748 2918 1784 σε
2947 1731 3128 1785 πίστει
3156 1734 3549 1806 μακαρίζομεν.

2098 1912 2139 1967 Β
2182 1934 2277 1986 Ἐκ
2325 1932 2430 1987 τοῦ
2485 1931 2706 1989 διπλοῦ
2768 1936 3025 2000 κανόνος
3083 1933 3189 2003 τῆς
3241 1937 3443 2005 τρίτης
3488 1940 3571 2002 εἰς
3624 1941 3713 1994 τὸν

2808 2006 3081 2075 ⁹Ορθρον.

2248 2097 2339 2159 ὀς
2372 2096 2560 2167 θρόνος
2586 2095 2931 2168 πυρίμορφος
2977 2098 3171 2168 φέρεις
3227 2098 3321 2152 τὸν
3370 2099 3614 2169 Κτίστην,
3652 2101 3714 2165 ὡς

2173 2184 2417 2256 ἔμψυχος
2448 2185 2690 2255 Θάλαμος
2718 2185 2816 2239 καὶ
2856 2187 3089 2256 τερπνὸν
3115 2189 3376 2243 παλάτιον
3408 2190 3496 2242 τὸν
3521 2190 3713 2261 βασιλέα

2172 2281 2394 2349 χωρεῖς,
2452 2278 2747 2350 γενόμενον
2800 2279 2935 2350 ὅπερ
2974 2280 3159 2351 ἐσμὲν,
3216 2281 3341 2353 δίχα
3391 2282 3591 2353 τροπῆς
3634 2282 3715 2336 καὶ

2173 2368 2417 2439 φορμοῦ.

2263 2459 2328 2511 Ἢ
2377 2458 2511 2529 μόνη
2570 2457 2661 2512 τὸν
2712 2458 2941 2528 ἄχρονον
2994 2460 3126 2513 Υἱὸν
3178 2464 3237 2516 ὲν
3280 2463 3457 2534 χρόνῳ
3510 2463 3715 2518 τεκοῦσα

2175 2550 2567 2620 σαρκούμενον,
2606 2552 2848 2617 παναγία
2881 2552 3173 2615 Δέσποινα,
3217 2554 3397 2607 πάντα
3440 2556 3507 2608 τὰ
3545 2559 3709 2625 χρόνια

2172 2645 2273 2715 τῆς
2298 2642 2600 2706 παναθλίας
2628 2662 2729 2715 μου
2754 2643 2933 2715 ψυχῆς
2964 2644 3113 2715 πάθη
3149 2645 3508 2716 θεράπευσον.

2244 2831 2463 2894 Τίκτεις
2496 2829 2554 2883 ὃν
2589 2828 2779 2901 Πατὴρ
2817 2831 3077 2901 ἐγέννησε
3112 2832 3335 2887 πάντων
3375 2834 3476 2903 πρὸ
3510 2834 3711 2897 αἰώνων,

2171 2923 2390 2995 τρέφεις
2419 2924 2510 2977 τὸν
2532 2924 2760 2994 τροφέα,
2794 2926 2988 2995 πεῖραν
3021 2924 3212 2996 ἀνδρὸς
3250 2926 3325 2997 μὴ
3364 2925 3576 2994 γνοῦσα,
3625 2944 3715 2978 πα-

2176 3016 2396 3087 ράδοξον
2431 3016 2492 3069 τὸ
2536 3016 2744 3087 θαῦμα,
2792 3016 2983 3070 καινὸν
3020 3016 3081 3069 τὸ
3133 3018 3456 3088 μυστήριον,
3497 3017 3715 3089 θεοχαρί-

2173 3125 2309 3162 τωτε
2338 3125 2352 3140 ’
2379 3108 2461 3163 διδ
2484 3110 2634 3163 πᾶσα
2670 3109 2874 3163 πιστῶν
2894 3108 3039 3180 ψυχὴ
3069 3109 3286 3177 δοξάζει
3314 3128 3393 3165 σε.

2248 3296 2410 3351 Ὀλον
2441 3298 2534 3352 τὸν
2576 3298 2750 3368 Ἀδὰμ
2784 3298 3044 3369 ὲφόρεσεν
3081 3299 3144 3351 ἐκ
3184 3298 3305 3363 σοῦ,
3347 3299 3587 3361 Θεοτόκε,
3614 3299 3711 3362 ὅλος

2176 3390 2518 3460 σαρκοφόρος
2553 3388 2832 3460 προελθὼν
2864 3391 2893 3441 ὁ
2920 3388 3091 3455 Λόγος
3112 3405 3126 3420 ο
3158 3388 3323 3441 αὐτὸν
3355 3388 3467 3453 οῦν,
3497 3388 3712 3449 Θεοτὸκε,

2173 3479 2411 3533 δυσὼπει
2459 3480 2553 3533 τοῦ
2586 3479 2851 3552 ῥύσασθαι
2892 3482 2959 3534 ὲκ
3007 3480 3334 3549 πειρασμῶν
3368 3480 3716 3541 παντοδαπῶν,

2174 3572 2267 3624 καὶ
2294 3572 2387 3625 τοῦ
2423 3572 2594 3643 πυρὸς
2624 3572 2721 3626 τοῦ
2749 3572 3111 3637 αἰωνὶζοντος.

2257 3757 2586 3829 Ἐξέστησαν
2641 3760 2848 3831 ὁρῶσαι
2904 3761 3153 3829 ἀγγέλων
3221 3761 3497 3830 στρατιαὶ,
3550 3755 3712 3816 πῶςδ

2172 3849 2487 3921 ἀθεώρητος
2538 3854 2720 3923 μορφῇ
2780 3856 2845 3923 τῇ
2873 3853 2998 3906 καθ’
3060 3856 3211 3924 ἡμᾶς
3268 3856 3334 3907 ἐκ
3391 3853 3481 3905 σοῦ
3532 3850 3710 3920 ὼράοη,

2173 3942 2417 4014 Παρθένε
2442 3944 2773 4016 Θεοκυῆτορ’
2807 3944 2868 3998 ὃν
2886 3944 3188 3999 ὲκδυσὼπει
3219 3946 3492 4016 σωτηρίας
3516 3942 3712 4007 ἀξιῶσαι

2175 4034 2384 4101 πάντας
2421 4038 2546 4101 τοὺς
2576 4038 2787 4102 πιστῶς
2813 4055 2872 4091 σε
2898 4038 3242 4103 δοξάζοντας.

2243 4315 2392 4378 Ναδς
2427 4312 2757 4385 ήγιασμένος
2798 4312 3045 4383 ὲδεεχΘης
3092 4310 3189 4367 τοῦ
3241 4312 3379 4367 Θεοῦ
3413 4310 3505 4366 τοῦ
3553 4310 3605 4364 ὲν
3644 4308 3711 4363 σοὶ

2172 4407 2514 4477 οἰκήσαντος,
2571 4406 2839 4476 Παρθένε,
2898 4406 3040 4477 ὑπὲρ
3099 4405 3245 4459 νοῦν·
3307 4405 3468 4459 αὑτὸν
3506 4401 3711 4457 δυσώπει

2173 4498 2457 4569 ἁμαρτιῶν
2514 4498 2664 4567 ἡμᾶς
2730 4497 2904 4566 ῥύπον
2958 4496 3337 4569 ἀποκαθᾶραι,
3396 4498 3537 4560 ὅπως
3588 4490 3711 4555 οἶκος

492 4584 693 4641 domus
721 4596 776 4641 et
803 4586 1175 4645 habitaculum
1233 4590 1473 4661 Spiritus
1516 4593 1690 4647 sancti
1736 4608 1856 4648 esse
1889 4608 2063 4664 agno-

2170 4589 2565 4661 γνωρισθῶμεν
2592 4589 2687 4642 καὶ
2708 4591 3129 4661 κατοικητήριον
3158 4589 3498 4660 Πνεῦματος.

495 4692 585 4732 sca
595 4694 683 4732 mu
692 4694 737 4734 Γ.

568 4768 748 4825 Unum
783 4768 1073 4828 Trinitatis
1107 4774 1429 4829 veneranda:
1475 4775 1527 4829 in
1570 4775 1785 4831 duabus
1818 4778 2069 4831 volunta-

495 4861 645 4916 tibus
676 4877 839 4918 unam
890 4864 1210 4935 hypostasiu
1267 4868 1553 4923 habentem
1613 4870 1895 4939 peperisti.
1926 4885 1960 4922 ο
1994 4871 2063 4924 ab

494 4954 642 5008 omni
682 4956 896 5011 macula
927 4956 1189 5015 immunis
1215 4959 1290 5029 (6)
1343 4978 1356 5015 :
1410 4975 1571 5030 quem
1619 4963 1781 5018 enixe
1836 4978 2064 5033 precare

492 5062 593 5116 pro
626 5049 871 5103 omnium
911 5060 1163 5107 nostrum
1197 5053 1398 5108 salute.

565 5167 643 5235 (ι)
673 5167 886 5235 Optime
914 5167 1285 5226 Bernardinus
1315 5171 1382 5225 de
1416 5171 1584 5227 Busto
1619 5173 1672 5226 in
1720 5188 1820 5228 suo
1853 5171 2061 5228 Mariali

494 5253 661 5311 serui.
685 5238 739 5302 9,
768 5239 835 5292 de
872 5237 1242 5311 Conceptiuue
1289 5253 1439 5308 parte
1466 5259 1547 5303 ιιι,
1586 5260 1604 5293 ι
1642 5244 1811 5304 Sicut.
1862 5244 2062 5311 inquit,

495 5308 927 5382 ignisnunquam
962 5308 1069 5363 fuit
1093 5310 1211 5382 sine
1242 5313 1440 5382 calore,
1467 5327 1564 5366 nec
1597 5329 1735 5381 aqua
1768 5308 2062 5382 aliquando

499 5379 600 5451 fuit
648 5382 764 5433 sine
821 5381 1082 5443 humore,
1116 5381 1189 5433 ita
1244 5382 1300 5433 Β.
1339 5381 1439 5451 Dei
1487 5379 1730 5436 Genitrix
1785 5379 2060 5451 nunquam

498 5450 597 5505 fuit
630 5450 1098 5523 sineinttocxntia_._
1120 5468 1138 5499 ι
1169 5450 1257 5505 Sic
1281 5452 1383 5506 ille.
1405 5450 1469 5504 Et
1492 5454 1685 5507 merito
1708 5450 2058 5523 quidenicum

499 5522 809 5592 innocentia
864 5523 934 5575 sit
964 5519 1022 5572 Β.
1058 5520 1315 5589 Virginis,
1346 5531 1614 5592 quatenus
1668 5519 1780 5578 hic
1828 5533 1908 5578 est
1970 5523 2060 5577 Dei

501 5590 690 5654 Mater,
717 5593 960 5658 quaedam
998 5594 1301 5661 proprietas
1331 5590 1385 5648 et
1408 5592 1601 5654 ferina,
1628 5605 1683 5647 ut
1718 5595 1770 5648 in
1801 5610 1897 5647 sua
1935 5592 2065 5647 Um-

503 5663 597 5715 bra
625 5662 855 5735 virginea
898 5678 952 5735 n.
983 5660 1113 5735 215,
1151 5663 1403 5735 observat
1441 5663 1508 5735 _P.
1546 5664 1797 5735 Alnysius
1842 5662 2070 5717 Novari-

505 5748 628 5787 nus.
661 5730 791 5785 Jure
833 5733 1056 5799 proinde
1088 5734 1145 5786 Β.
1185 5731 1344 5803 Virgo
1376 5749 1404 5786 a
1434 5730 1672 5803 Jusepho
1718 5744 1901 5787 nostro
1946 5746 2069 5788 tan-

504 5817 667 5883 quam
725 5803 1167 5883 innocentissima
1196 5806 1542 5874 agnoscitur,
1577 5814 1632 5862 et
1685 5805 1951 5862 salutatur
1985 5805 2071 5861 :0

508 5881 977 5929 inuocentissima.

2259 4774 2348 4827 Ἐν
2389 4773 2483 4828 δύο
2537 4776 2657 4835 ταῖς
2689 4773 2945 4844 θελήσεσι
2984 4773 3080 4828 ἕνα
3119 4774 3220 4844 τῆς
3275 4777 3478 4845 σεπτῆς
3518 4772 3713 4831 τέτοκας

2174 4868 2426 4938 Τριάδος,
2467 4867 2838 4939 πανὰχραντε,
2868 4867 3103 4937 φέροντα
3133 4867 3262 4936 μίαν
3294 4867 3394 4937 τὴν
3425 4865 3709 4926 ὑπόστασιν,

2172 4961 2231 5016 ὃν
2254 4961 2486 5025 ἐκτενῶς
2513 4960 2753 5015 δυσώπει
2787 4960 2995 5025 πάντας
3028 4960 3177 5030 ἡμᾶς
3213 4960 3472 5030 σωθῆναι.

2244 5171 2321 5242 (5)
2352 5169 2455 5242 Per
2491 5168 2966 5242 praeservationem
2997 5168 3297 5242 praesertim
3334 5184 3361 5222 a
3396 5166 3593 5242 macula
3617 5166 3711 5242 pri-

2171 5238 2367 5324 ginali.’
2406 5238 2875 5324 UndemMarsilit‘i‘s
2928 5239 3121 5324 doctor
3180 5240 3318 5324 inter
3389 5238 3711 5324 scholasticos

2171 5308 2491 5381 insignisiu
2563 5309 2686 5364 libr.
2720 5326 2755 5362 ιι
2824 5311 3158 5381 ξοιιιειιιλιι.
3188 5308 3287 5381 20,
3322 5308 3458 5381 a._‘2,
3493 5308 3561 5357 ait
3596 5308 3713 5355 inlvr

2170 5376 2320 5435 alia':
2357 5400 2374 5431 ι
2408 5379 2577 5447 Magis
2608 5381 2789 5451 det‘uit
2838 5378 3002 5433 Deum
3054 5376 3570 5451 Virginemplllatrem
3594 5385 3711 5451 pra!-

2170 5468 2386 5506 servare
2417 5467 2446 5503 a
2484 5449 2698 5503 macula
2746 5451 2962 5513 mentis,
2999 5466 3161 5517 quam
3191 5464 3219 5501 a
3263 5449 3446 5500 dolore
3476 5449 3710 5511 corporis.

2172 5522 2324 5575 Patet
2354 5540 2366 5575 :
2395 5522 2522 5589 quia
2552 5521 2730 5573 anima
2765 5521 2999 5573 hominis
3024 5529 3103 5572 est
3129 5519 3467 5591 priestantich
3491 5523 3709 5591 corpjrt‘;

2174 5593 2323 5655 item,
2358 5584 2482 5661 quia
2524 5592 2703 5642 anima
2736 5600 2818 5644 est
2852 5584 3162 5655 eXprcssior
3199 5591 3392 5661 imago
3414 5584 3707 5659 Trinitatis:

2178 5663 2301 5716 item
2327 5704 2341 5727 ,
2373 5657 2499 5730 quia
2539 5662 2749 5714 macula
2792 5662 2987 5714 mentis
3017 5662 3135 5713 sine
3157 5657 3501 5729 proportione
3526 5657 3711 5722 gravior

2177 5741 2259 5788 est
2285 5732 2472 5785 dolore
2495 5731 2697 5786 carnis.
2731 5750 2747 5781 ι
2780 5730 2869 5783 Sic
2908 5730 3018 5783 ille.
3501 5791 3556 5798 _q
3638 5787 3679 5798 ,-

2252 5803 2328 5871 (6)
2366 5801 2572 5875 Hebraei
2635 5802 2734 5855 hoc
2782 5800 3037 5875 religiose
3069 5804 3377 5860 servabant,
3414 5804 3470 5875 ut
3500 5788 3706 5875 Thepliif

2182 5856 2275 5929 lini
2310 5856 2362 5928 iu
2399 5872 2713 5927 membrana
2772 5856 3121 5937 scriberetur,
3155 5884 3276 5939 qua:
3328 5856 3473 5923 omni
3528 5856 3706 5918 matula
