4038 6608
360 396 495 462 ιεθι
1721 412 1872 476 MAR

1978 417 2086 477 LE.
3452 432 3591 500 1232

426 515 753 570 Βασίλισσαν
819 519 1100 590 Παρθένον
1183 539 1241 574 σε
1310 540 1569 594 κηρυττει
1632 527 1660 579 ὁ
1739 528 1870 582 Δα6⁴ι

1978 540 1999 593 ι
2103 532 2363 606 Reginam
2395 537 2676 609 Virginem
2699 542 2955 611 praedicat
2980 553 3030 599 te
3050 544 3240 611 David,
3265 561 3299 601 ο
3320 547 3590 609 immacu-

342 608 583 677 ἄχραντε
611 608 783 678 ἁγνήο
824 610 905 664 διὸ
953 612 1179 666 ἱκετεύω
1226 631 1310 680 σε,
1355 618 1454 686 τῆς
1483 618 1738 687 οὐρανίου
1770 618 1872 687 βασ

2028 624 2135 679 lata
2167 636 2221 681 et
2254 644 2387 696 pura
2424 608 2745 700 :propterea
2776 633 2872 687 tibi
2913 635 3161 705 supplico
3208 608 3266 693 ut
3311 655 3397 697 me
3425 645 3591 700 ctele-

352 698 500 763 λείας
544 700 612 769 με
657 701 882 773 ποίησον
940 704 1301 777 κληρονόμον,
1354 707 1442 762 ἵνα
1494 726 1555 762 σε
1612 710 1872 783 μακαρίζι

2025 717 2126 771 stis
2157 720 2305 788 regni
2334 698 2838 790 luerelemetlicias,
2865 734 2923 778 ut
2943 698 3149 796 possim
3170 736 3224 783 te
3248 731 3460 789 beatam
3488 750 3589 806 ap-

2022 808 2244 876 pellare.

429 882 801 958 Ἃγιάσματος
856 890 1029 961 σκηνὴ
1086 891 1427 966 δεδειγμένη,
1492 898 1704 968 Μαρία,
1760 918 1872 970 μιαι

2094 897 2138 952 Ο
2170 898 2359 967 Maria,
2383 917 2504 972 qua:
2528 904 2982 962 sanctiﬁcationis
3007 908 3422 966 tabernaculum
3448 913 3585 969 facta

350 982 532 1035 θεῖσαν
570 984 784 1055 ἡδοναῖς
832 987 928 1059 τὴν
960 987 1153 1043 ἀθλίαν
1189 1009 1292 1061 μου
1334 993 1510 1066 ψυχὴν
1545 996 1794 1065 ἁγίασον,
1828 1015 1872 1054 χι

2019 1003 2103 1055 es,
2134 992 2416 1046 sanctiilca
2460 993 2720 1050 miseram
2767 998 3006 1052 animam
3032 1014 3231 1066 meam,
3268 1004 3584 1071 passionum

350 1074 500 1140 Θείας
526 1076 684 1147 δόξης
717 1075 945 1151 μέτοχον
977 1082 1225 1154 ποίησον.

2020 1083 2414 1151 cupiditatibus
2450 1085 2819 1157 inquinatam,
2852 1099 2906 1145 et
2937 1092 3137 1148 divinae
3162 1094 3344 1164 gloriae
3364 1102 3587 1166 partici-

1973 1224 1981 1234 ,
2019 1189 2140 1243 pem
2172 1174 2342 1231 eilice.

416 1258 528 1330 Τὴν
562 1261 787 1332 Μητέρα
818 1261 911 1316 τοῦ
951 1264 1088 1321 Θεοῦ
1130 1268 1224 1321 καὶ
1256 1268 1427 1342 καλὴν
1448 1273 1506 1324 ἐν
1540 1272 1754 1341 γυναιξὶ
1786 1276 1915 1330 δυσ-

346 1351 479 1404 ωπῶ
543 1370 602 1405 σε
665 1355 919 1419 ἐκτενῶς,
984 1359 1058 1428 μὴ
1134 1363 1367 1434 παρίδῃς
1424 1381 1514 1435 με,
1581 1368 1744 1438 ἁγνὴ,
1794 1370 1912 1423 ἀλλ’

345 1444 631 1513 οἵκτειρον,
654 1445 748 1498 καὶ
776 1447 955 1517 πάσης
987 1448 1192 1520 βλάϐης
1226 1453 1360 1505 σῶον
1386 1458 1742 1528 συντήρησον.
1836 1522 1839 1529 η

426 1623 519 1678 Ἐκ
552 1627 753 1693 γενεῶν
790 1629 979 1682 πασῶν
1012 1649 1070 1685 σε
1100 1633 1127 1685 ὁ
1152 1634 1405 1704 Χριστὸς,
1435 1637 1778 1710 πανύμνητε,
1812 1642 1910 1713 μό-

340 1734 437 1785 νην
454 1717 744 1787 ᾑρετίσατο
766 1719 932 1789 αὐτῷ,
953 1716 1039 1774 οἷα
1063 1740 1122 1776 σε
1130 1723 1378 1795 μνὴνκαὶ
1393 1725 1660 1798 καθαρὰν,
1681 1732 1761 1795 εἰς
1778 1750 1907 1787 κατ-

337 1810 535 1876 οικὶαν,
567 1812 660 1864 καὶ⁴
707 1813 771 1866 ἐκ
823 1814 916 1867 σοῦ
959 1814 1033 1879 ὼς
1089 1816 1240 1887 ἥλιος
1273 1816 1616 1885 ὲξανατείλας
1660 1826 1757 1878 τὴν
1800 1825 1907 1898 γῆν

336 1903 518 1955 πᾶσαν
564 1901 846 1970 ἐφώτισεν.

415 1993 737 2064 Ἱκετηρίαν.
773 1996 1031 2067 ἄχραντε,
1078 1998 1198 2070 Θεῷ
1230 2002 1570 2074 προσάγαγε,
1611 2008 1759 2072 ὅπως
1790 2027 1898 2064 πα·

336 2086 673 2158 ραϐλέψηται
710 2089 864 2159 ἡμῶν
901 2091 966 2142 τὰ
998 2093 1336 2164 πταίσματα,
1376 2097 1469 2150 καὶ
1500 2098 1599 2164 τὰς
1630 2102 1900 2174 ἀμέτρους

335 2176 643 2247 ἁμαρτίας.
707 2180 801 2232 καὶ
857 2180 1255 2249 διαιωνίζοντος
1328 2186 1692 2260 ἐλευθερῶσαι
1753 2194 1899 2264 ἡμᾶς

332 2269 502 2341 πυρὸς
538 2270 873 2336 κολάζοντος.

413 2361 502 2424 Ὠς
535 2363 720 2432 κρίνον
743 2363 1013 2419 κοιλάδεσι
1038 2365 1132 2420 τοῦ
1154 2366 1267 2437 βίου
1293 2371 1541 2444 εὑρηκὼς
1573 2375 1631 2428 ὲν
1654 2376 1737 2431 σοὶ
1758 2396 1893 2433 κατ·

327 2452 639 2521 εσκήνωσεν
685 2452 712 2504 ὁ
756 2453 974 2508 πάντων
1004 2457 1305 2528 φυτουργὸς
1328 2476 1342 2489 ·
1377 2460 1568 2531 ὀδμαῖς
1620 2465 1898 2536 ὲναρέτοις

326 2545 419 2596 καὶ
463 2544 792 2617 σεμνότητος
839 2547 934 2601 νῦν
982 2548 1380 2605 κατευωδίασον
1438 2556 1606 2625 ἡμᾶς,
1667 2557 1895 2630 Θεογεν-

323 2638 508 2709 νῆτορ.

407 2727 597 2782 Ῥὖσαί
631 2748 697 2799 με
726 2731 930 2787 ἀτόπου
956 2734 1233 2806 ἁμαρτίας
1260 2738 1353 2791 καὶ
1371 2736 1567 2807 φλογὸς
1590 2741 1889 2815 ἁμαρτίας,

323 2820 546 2883 σκότους
578 2823 917 2889 κολάζοντος.
959 2830 1054 2880 καὶ
1090 2828 1337 2900 βρυγμοῦ
1370 2831 1476 2886 τῶν
1517 2833 1763 2902 ὀδόντων,
1798 2837 1892 2890 καὶ

323 2912 623 2982 σκώληκος,
657 2917 920 2988 Παρθένε,
955 2920 1090 2992 μόνη
1124 2926 1426 2994 προστασία
1454 2925 1548 2980 τοῦ
1575 2928 1762 2996 γένους
1783 2930 1891 2984 τῶν

320 3004 416 3055 ἀνθ
427 3005 645 3074 ρώπων.

389 3098 752 3165 Φωτιστικαῖς
796 3101 1105 3174 λαμπηδόσι
1155 3106 1249 3161 τοῦ
1299 3108 1677 3173 ἀνατείλαντος
1708 3110 1886 3181 Λόγου

2090 1265 2165 1321 'l‘e
2199 1268 2289 1322 Dei
2329 1268 2575 1335 Matrem,
2604 1281 2657 1327 et
2682 1274 3101 1342 pulcherrimam
3135 1277 3273 1333 inter
3304 1279 3581 1343 mulieres,

2015 1357 2215 1413 obnixe
2243 1360 2527 1435 deprecq,
2552 1378 2585 1417 ο
2620 1363 2801 1433 Virgo,
2831 1380 2897 1419 ne
2924 1368 3191 1437 despicias
3215 1385 3323 1432 me,
3355 1372 3446 1425 sed
3477 1374 3581 1425 mi-

2015 1464 2196 1504 serere
2238 1452 2367 1519 mei,
2416 1463 2471 1508 et
2523 1454 2591 1508 ab
2620 1453 2770 1509 omni
2814 1455 3034 1513 laesione
3084 1460 3410 1516 incolumem
3444 1478 3580 1518 cou-

2011 1555 2186 1596 serva.

2082 1630 2159 1686 Ex
2216 1634 2470 1691 omnibus
2524 1638 2968 1707 generationibus
3008 1649 3061 1697 te
3104 1657 3266 1697 unam
3326 1644 3578 1702 Christus

2011 1723 2115 1779 sibi
2139 1724 2191 1778 in
2222 1726 2587 1781 habitaculum
2618 1731 2891 1801 elegit(7),
2928 1749 2961 1786 ο
2994 1734 3445 1803 laudabilissima,
3487 1752 3575 1793 ιιι-

2011 1826 2131 1885 pote
2161 1819 2528 1873 venerandam
2564 1836 2628 1876 ac
2655 1838 2879 1891 puram;
2913 1835 2968 1879 et
3007 1842 3072 1881 ex
3113 1835 3164 1882 te
3191 1836 3449 1899 tanquam
3494 1834 3576 1887 sol

2008 1917 2249 1975 exortus,
2284 1918 2485 1966 terram
2520 1912 2825 1969 universam
2853 1917 3199 1974 illuminavit.

2080 2000 2519 2071 Supplicationes
2573 2004 2685 2061 Deo
2722 2007 2875 2071 oil‘er,
2920 2024 2954 2064 o
2988 2010 3265 2076 inviolata,
3324 2023 3381 2068 ut
3418 2015 3575 2070 nobis

2003 2093 2190 2164 lapsus
2224 2106 2443 2152 nostros
2477 2097 2743 2168 ignoscat,
2772 2110 2826 2156 et
2872 2112 3112 2172 peccata,
3140 2120 3260 2174 qua:
3305 2105 3425 2161 sine
3470 2123 3571 2160 nu-

2002 2201 2153 2241 mero
2180 2191 2641 2259 perpetravimus,
2671 2194 2811 2248 etab
2841 2193 2984 2266 ignis
3015 2197 3332 2267 sempiterni
3362 2200 3571 2269 suppli-

1999 2277 2084 2333 cio
2112 2278 2304 2335 liberet
2340 2295 2460 2336 nos.

2068 2369 2205 2424 Cum
2242 2380 2292 2428 te
2316 2380 2572 2444 tanquam
2602 2375 2771 2430 lilium
2807 2376 2862 2431 in
2897 2376 3059 2447 hujus
3107 2380 3292 2434 mundi
3336 2380 3569 2436 vallibus

1998 2460 2233 2517 Creator
2266 2466 2513 2521 omnium
2549 2468 2864 2534 invenisset,
2890 2469 2945 2523 in
2980 2479 3051 2535 te,
3112 2484 3146 2525 ο
3174 2469 3267 2525 Dei
3297 2471 3564 2534 Genitrix.

1998 2553 2265 2609 habitavit
2289 2573 2303 2609 :
2329 2573 2475 2612 nunc
2499 2558 2665 2628 igitur
2697 2560 2915 2617 virtutis
2959 2576 3025 2617 ac
3057 2562 3276 2632 pietatis
3304 2563 3567 2622 odoribus

1997 2660 2096 2700 nos
2130 2647 2415 2716 perfunde.

2070 2737 2263 2794 Libera
2293 2757 2378 2796 me
2411 2757 2441 2796 a
2495 2740 2815 2798 fcedrssums
2853 2743 3110 2812 peccatis,
3154 2753 3208 2801 et
3255 2761 3286 2800 a
3343 2745 3564 2803 ﬂamma

1998 2833 2310 2894 tenebrosa.
2341 2834 2499 2904 251
2534 2851 2638 2905 qua
2669 2836 2974 2905 puniuntur
3009 2837 3197 2893 eadem
3228 2850 3472 2908 peccata,
3508 2850 3563 2895 et.

1993 2940 2023 2978 a
2054 2925 2287 2980 stridore
2309 2924 2578 2992 dentium,
2603 2938 2766 2997 atque
2792 2943 2822 2982 a
2844 2944 3050 2998 verme,
3076 2944 3109 2984 o
3128 2928 3316 3001 Virgo,
3337 2931 3558 2986 unicum

1992 3014 2213 3069 humani
2241 3016 2453 3086 generis
2472 3018 2804 3086 prmsidium.

2068 3106 2452 3166 llluminativis
2488 3109 2872 3180 splendoribus
2904 3110 3088 3178 Verbi,
3123 3114 3266 3184 quod
3299 3129 3366 3171 ex
3402 3126 3557 3172 utero

318 3190 382 3241 ἐκ
423 3190 521 3260 τῆς
571 3193 731 3258 ἁγίας
767 3212 860 3249 σου
905 3197 1162 3267 γαστρὸς,
1206 3199 1435 3253 Θεοτόκε
1485 3201 1755 3272 Παρθένε,
1791 3205 1872 3257 καλ

1989 3207 2084 3255 tuo
2110 3208 2303 3254 sancto
2346 3210 2598 3255 exortum
2649 3212 2754 3270 est,
2797 3219 2831 3258 ο
2865 3201 3028 3274 Virgo
3082 3207 3330 3275 Deipara,
3386 3218 3555 3279 atque

318 3284 765 3353 καταυγάσαντος
811 3288 908 3357 τῆς
956 3292 1061 3360 γῆς
1097 3291 1166 3344 τὰ
1217 3293 1450 3363 πέρατα,
1495 3293 1728 3363 φώτισον
1783 3296 1884 3370 τὴν

311 3371 491 3445 ψυχήν
525 3393 645 3446 μου,
671 3378 874 3449 ἡδονῶν
893 3381 1209 3454 ἀμαυρώσει
1237 3385 1629 3450 σκοτισοεῖσαν,
1652 3386 1882 3461 ἀμελείᾳ

310 3464 419 3518 τῶν
448 3467 657 3527 παθῶν,

380 3557 570 3628 Φέρεις
596 3562 690 3615 τὸν
720 3563 951 3636 φέροντα
972 3566 1169 3628 πάντα,
1195 3569 1508 3640 χερουϐικὸς
1538 3571 1726 3644 ῶσπερ
1750 3570 1877 3646 θρό-

309 3666 421 3714 νος,
451 3652 674 3722 τρέφεις
716 3657 806 3709 τὸν
836 3657 1102 3727 τρέφοντα
1148 3661 1317 3729 ἡμᾶς,
1358 3662 1416 3717 ὃν
1443 3663 1735 3723 ἀπαύστως
1785 3667 1876 3719 δυ-

308 3741 503 3808 σώπει,
550 3746 932 3820 θεοχαρίτωτε,
966 3751 1116 3823 ἡμᾶς
1157 3754 1386 3825 σεισμοῦ
1451 3758 1869 3823 καταπτώσεως,

307 3832 586 3901 ἁλώσεως,
628 3841 720 3892 καὶ
760 3844 1018 3907 παντοίας
1056 3844 1323 3918 ἀνάγκης,
1360 3845 1452 3899 σοῦ
1482 3849 1581 3917 τὴν
1635 3847 1871 3919 ποίμνην

302 3925 750 3996 ἐκλυτρώσασθαι
784 3933 890 3988 ἀεί.

316 4033 412 4087 Ἐκ
441 4036 547 4091 τοῦ
579 4040 837 4108 κανόνος
875 4041 979 4110 τῆς
1013 4043 1317 4113 τετάρτης,
1348 4049 1434 4113 εις
1459 4046 1565 4101 τὸν
1605 4049 1867 4117 Ὄρθρον.

385 4143 678 4218 Ῥομφαίᾳ,
711 4149 973 4219 πάναγνε.
1000 4152 1293 4223 τέτρωσαι,
1324 4154 1385 4209 τὸ
1415 4156 1581 4220 πάθος
1612 4156 1702 4211 τοῦ
1737 4159 1868 4213 Υίοῦ

301 4249 418 4298 σου,
462 4235 536 4300 ώς
573 4237 807 4308 ἔϐλεψας
848 4243 1009 4296 αὑτὸν
1058 4244 1125 4316 τῇ
1167 4246 1339 4319 λόγχῃ
1380 4247 1725 4319 νυττόμενον,
1776 4251 1869 4305 καὶ

297 4325 397 4397 τὴν
428 4328 488 4382 ἐν
512 4331 823 4404 παραδείσῳ
850 4335 1155 4408 κωλυτικὴν
1178 4337 1431 4409 εῖργοντα
1462 4342 1755 4412 ῥομφαίαν,
1788 4346 1863 4416 μὴ

294 4419 546 4475 διδοῦσαν
572 4424 684 4485 τοῖς
712 4428 919 4491 πιστοῖς
953 4429 1051 4501 τὴν
1078 4429 1228 4484 θείαν
1246 4430 1469 4485 εἴσοδον.

293 4576 699 4644 carerenquia
746 4579 951 4636 scilicet
1004 4582 1057 4637 in
1112 4600 1174 4640 ea

293 4646 457 4699 verba
485 4647 758 4701 exarauda
800 4661 973 4706 erant.
1008 4653 1083 4707 lta
1137 4646 1278 4709 inter
1310 4657 1446 4709 alios
1484 4657 1648 4710 tradit
1674 4673 1739 4712 ex
1768 4646 1863 4713 ἕο-

238 4719 249 4732 ⁴
295 4730 415 4794 rum
451 4715 650 4794 ritibus
700 4716 941 4794 Oleaster
990 4724 1042 4776 in
1094 4740 1211 4794 cap.
1245 4741 1341 4779 sui
1397 4724 1569 4779 Exod.
1617 4725 1771 4792 Quod
1818 4729 1863 4783 si

294 4784 503 4863 llebra'i
537 4797 738 4863 tantam
762 4792 1047 4863 puritatem
1075 4784 1420 4863 requirebant
1444 4797 1496 4849 in
1523 4784 1862 4863 membrana,

291 4856 493 4935 inqua
522 4855 640 4935 D‘ei
695 4855 1174 4935 verbascribeuda
1217 4875 1392 4927 erant,
1424 4869 1699 4934 quomodo
1738 4855 1864 4935 per:

292 4926 535 4979 misisset
564 4928 715 5005 Deus
739 4933 1051 5005 turpissima
1079 4934 1362 5005 originalis
1382 4926 1387 4927 γ
1408 4926 1609 5003 peccati
1648 4926 1861 4992 macula

288 4997 643 5073 conspurcari
778 4996 1072 5070 Virginem,
1102 4996 1305 5073 iu'qua
1360 4996 1464 5059 non
1501 5008 1643 5060 nuda
1674 5008 1857 5072 verba,

289 5068 383 5118 sed
422 5063 655 5119 Verbum
693 5063 897 5135 ipsum:
932 5063 1373 5136 llOllllOllllllUlll,
1405 5076 1500 5130 sed
1551 5077 1643 5129 Dei
1694 5063 1857 5129 manu

286 5144 408 5188 erat
454 5138 988 5213 scribendum?Fuit
1046 5144 1208 5212 igitur
1262 5146 1319 5199 ll.
1371 5146 1533 5213 Virgo
1583 5148 1651 5200 ab
1708 5146 1856 5200 omni

288 5206 503 5285 macula
551 5205 833 5285 immunis,
855 5205 1090 5285 ettalis
1112 5216 1256 5283 quod
1295 5205 1858 5285 Verbo'responderit

288 5274 340 5327 in
375 5277 462 5329 illa
516 5278 815 5356 (ﬁgurando.
853 5282 978 5336 Vide
1006 5274 1337 5339 Novariuum
1372 5287 1423 5339 in
1467 5274 1664 5341 Umbra
1698 5288 1858 5356 virgiv

284 5354 402 5407 nea,
436 5362 490 5402 ιι,
526 5348 615 5401 95.

356 5417 434 5486 (7)
472 5416 545 5468 De
588 5421 688 5473 hoc
732 5424 1042 5479 habitacqu
1086 5425 1301 5479 locutus
1337 5426 1762 5481 Bartholomaeus
1789 5429 1856 5481 de

281 5486 425 5564 l_>isis
471 5487 522 5539 iu
560 5504 720 5564 opere
755 5494 827 5548 De
856 5494 1004 5548 laud.
1038 5492 1102 5550 Β.
1158 5494 1408 5564 Virginis,
1441 5498 1560 5551 libr.
1598 5513 1633 5559 ι,
1673 5497 1852 5551 fructu

283 5556 337 5619 7,
362 5559 480 5609 ait:
517 5576 549 5629 ι
574 5556 958 5629 llabitaculum
1009 5564 1101 5618 Dei
1136 5556 1476 5629 viviIaniiua
1501 5556 1705 5621 scilicet
1729 5582 1851 5621 cor-

279 5628 738 5705 pusquellarize,
777 5635 925 5687 nullo
972 5635 1176 5702 peccati
1228 5628 1479 5705 eontagio
1525 5638 1849 5698 maculatur;

279 5702 371 5750 sed
406 5714 454 5750 in
499 5700 773 5774 infusioue
834 5700 1005 5771 ipsius
1062 5707 1257 5759 anima:
1304 5700 1513 5774 cofpori
1559 5711 1637 5760 sic
1677 5709 1849 5774 gratia

277 5770 536 5845 praevenit
584 5772 787 5845 divina,
824 5770 878 5827 ut
923 5775 1041 5841 ejus
1071 5792 1224 5829 sacer
1256 5770 1546 5845 conceptus
1574 5779 1640 5829 ab
1678 5770 1850 5845 origi-

278 5840 417 5893 nalis
455 5843 661 5908 peccati
700 5846 909 5899 macula
948 5840 1029 5915 (ut
1063 5850 1146 5915 pie
1197 5847 1401 5900 creditu
1428 5840 1453 5915 ’)
1498 5849 1660 5901 fuerit
1697 5840 1847 5901 mtil-

1993 3293 2281 3349 universos
2313 3302 2473 3349 terraa
2502 3294 2655 3349 ﬁnes
2689 3296 2814 3352 luce
2857 3298 3117 3368 perfudit,
3154 3300 3402 3356 illumina
3434 3304 3555 3358 ani-

1993 3401 2136 3440 mam
2174 3401 2350 3441 meam
2388 3387 2750 3459 cupiditatum
2791 3390 3073 3461 nigredine
3119 3394 3552 3459 obtcnebratam,

1987 3494 2054 3535 eo
2076 3479 2220 3548 quod
2255 3480 2541 3549 passiones
2567 3496 2716 3537 meas
2747 3481 3001 3539 cohibere
3034 3486 3385 3555 neglexerim.

2054 3569 2209 3624 Illum
2243 3569 2356 3626 fers
2399 3572 2491 3641 qui
2557 3571 2664 3629 fert
2708 3574 2984 3635 universa.
3033 3582 3291 3646 tanquam
3321 3578 3551 3635 thronus

1980 3661 2321 3717 Cherubicus
2354 3680 2367 3716 :
2402 3665 2601 3729 nutris,
2631 3665 2962 3721 nutrientem
3016 3681 3149 3734 nos;
3203 3683 3365 3738 quem
3429 3669 3549 3726 sine

1979 3754 2293 3809 cessatione
2325 3770 2516 3821 exora,
2539 3773 2572 3811 ο
2591 3755 2703 3812 Deo
2731 3758 3078 3819 charissima.
3108 3767 3168 3814 ut
3201 3774 3300 3816 nos
3331 3776 3547 3831 gregem

1978 3854 2131 3899 tuum
2157 3861 2187 3899 a
2220 3853 2559 3902 terrzemotus
2586 3848 2741 3900 ruina
2767 3886 2782 3912 ,
2812 3848 2881 3902 ab
2910 3846 3093 3903 hostili
3120 3849 3545 3916 oppugnatione,

1976 3949 2029 3996 et
2068 3941 2137 3996 ab
2153 3941 2302 3995 omni
2337 3944 2667 3997 necessitate
2694 3958 2912 4012 semper
2938 3944 3141 3999 liberos
3158 3944 3452 3999 custodiat.

2220 4047 2307 4102 Ea:
2342 4065 2542 4104 canone
2564 4049 2712 4119 feria:
2746 4066 2817 4115 tv,
2849 4052 2918 4104 ad
2950 4051 3296 4107 Matutinum.

2045 4155 2238 4212 Gladio
2266 4156 2546 4211 vulnerata
2598 4172 2682 4221 es,
2718 4173 2752 4213 ο
2793 4159 3125 4223 castissima,
3181 4160 3235 4215 in
3286 4160 3543 4231 passione

1973 4248 2093 4304 Filii
2126 4249 2224 4313 tui,
2263 4258 2321 4303 ut
2346 4248 2499 4303 illum
2547 4249 2726 4305 vidisti
2756 4250 2945 4307 lancea
2982 4250 3314 4322 perfossum,
3367 4262 3537 4324 atque

1971 4350 2341 4397 removentem
2399 4340 2638 4411 gladium
2671 4342 2822 4398 illum
2864 4345 2957 4414 qui
2999 4343 3249 4402 ﬁdelibus
3281 4345 3535 4403 divinum

1966 4438 2273 4509 ingressum
2311 4437 2363 4491 in
2397 4436 2709 4508 paradisum
2741 4436 3085 4508 prohibebat.

1220 4586 1465 4661 quaedam
1494 4586 1691 4661 divina:
1727 4587 1862 4660 legis
1895 4594 1938 4650 ι)
1968 4589 2066 4645 llce
2116 4600 2497 4661 praeservatt-s.
2538 4611 2556 4645 ι
2591 4593 2653 4646 Et
2708 4594 2772 4648 de
2817 4594 3007 4649 eodem
3071 4594 3123 4648 in
3175 4609 3276 4649 suo
3328 4592 3532 4652 Mariali

2677 4675 2794 4719 arte
2841 4680 2880 4730 ι,
2912 4665 3030 4721 haec
3072 4665 3291 4731 scripsit
3313 4664 3373 4720 Β.
3403 4666 3534 4721 Ber-

2688 4748 2821 4805 ocus
2866 4736 3027 4791 debet
3050 4750 3172 4789 esse
3221 4737 3529 4805 proportio-

1966 4811 2128 4874 natus
2164 4802 2359 4874 locato,
2395 4813 2453 4857 ut
2494 4804 2566 4857 ait
2596 4804 2979 4874 Philosophus,
3038 4815 3095 4861 et
3137 4802 3535 4861 commentator

1964 4869 2017 4923 in
2079 4872 2219 4944 nde
2265 4874 2563 4944 Anima,et
2633 4889 2684 4927 tv
2730 4869 2893 4944 Phj’s.
2947 4876 3094 4930 Facit
3120 4877 3185 4928 ad
3240 4878 3343 4930 hoc
3400 4878 3528 4930 illud

1961 4944 2104 5009 quod
2160 4941 2544 5009 inquitGlossa
2600 4944 2652 4996 iu
2685 4958 2734 4997 c.
2766 4941 2979 5000 Dudum
3018 4947 3086 5000 de
3120 4946 3257 5000 deci.
3287 4946 3475 5001 dicens
3511 4965 3528 5003 :

1968 5028 1990 5082 ε
2008 5010 2195 5082 Qualia
2213 5022 2341 5064 sunt
2354 5012 2663 5081 praedicata,
2686 5015 2812 5067 talia
2840 5017 3091 5071 convenit
3110 5030 3235 5070 esse
3254 5015 3523 5082 subjecta.

1961 5079 2064 5134 Sed
2106 5078 2295 5149 .Virgo
2327 5078 2559 5149 gloriosa
2597 5084 2697 5135 iuit
2740 5084 3007 5139 habitatio
3056 5082 3177 5138 Filii
3214 5084 3305 5139 Dei
3333 5078 3525 5140 {unde

1961 5148 2075 5229 ipsa
2110 5148 2303 5235 inquit,
2334 5148 2539 5235 liccles.
2564 5169 2705 5235 X-X‘IV:
2740 5153 2803 5235 Et
2833 5156 2921 5234 qui
2950 5157 3142 5208 creavit
3172 5172 3251 5209 me
3280 5158 3524 5235 requievit

1960 5220 2012 5295 in
2050 5221 2386 5295 tabernaculo
2424 5237 2557 5295 meo.
2581 5224 2728 5295 lii-go
2758 5220 3083 5280 debuitesse
3118 5220 3523 5295 proportionata

1961 5291 2402 5365 ipsi‘babitatori,
2428 5292 2517 5365 qu_i
2547 5293 2676 5365 ‘l‘uit
2725 5295 2843 5347 sine
2877 5295 2985 5349 ulla
3021 5291 3247 5365 pec'c:ut_i_
3287 5298 3520 5350 macula.

1958 5359 2254 5414 Purissimo
2305 5359 2613 5431 ergo’Filio
2654 5379 2758 5415 nou
2807 5364 2991 5418 debuit
3021 5359 3151 5420 esse
3198 5362 3371 5418 Mater
3418 5365 3521 5419 uisi

1957 5432 2267 5497 purissima,
2300 5448 2396 5486 nec
2439 5433 2622 5485 decuit
2660 5433 2750 5486 Dei
2802 5436 3135 5503 Sapientiam
3182 5438 3518 5489 sordidatum

1957 5515 1985 5553 a
2012 5512 2233 5569 peccato
2262 5512 2316 5556 et
2350 5504 2777 5557 contaminatum
2808 5506 2908 5557 sibi
2951 5504 3316 5559 habitaculum
3350 5508 3520 5571 depu-

1957 5581 2100 5624 tare:
2126 5574 2276 5641 quia,
2297 5582 2356 5625 ut
2386 5571 2581 5642 dicitur
2604 5574 2735 5642 Sap.
2770 5589 2827 5637 ιι,
2870 5574 2931 5628 In
2959 5574 3518 5628 malevolamanimam

1956 5657 2057 5713 non
2108 5644 2327 5695 intrabit
2393 5641 2696 5708 Sapientia,
2724 5660 2813 5697 nec
2868 5646 3129 5698 habitabit
3188 5647 3243 5697 in
3300 5660 3516 5713 corpore

1953 5712 2161 5785 subdito
2187 5714 2435 5779 peccatis.
2463 5715 2517 5767 Si
2548 5715 2708 5783 igitur
2733 5714 2792 5765 Β.
2824 5713 2984 5785 Virgo
3015 5714 3261 5785 originali
3298 5724 3517 5782 peccato

1954 5784 2232 5850 deturpata
2291 5785 2499 5849 luisset,
2537 5801 2641 5838 non
2693 5784 2883 5837 fuisset
2930 5784 3258 5839 conveniens
3309 5785 3519 5836 habita-

1953 5854 2132 5906 culum
2158 5854 2280 5908 Fil.i
2320 5854 2431 5909 Dei.
2475 5875 2492 5907 ι
2533 5856 2620 5909 Sic
2654 5855 2874 5909 Bustus.

1968 4676 2134 4716 Serm.
2170 4664 2225 4726 6,
2256 4663 2323 4718 de
2342 4661 2601 4732 Concept.

1967 4733 2228 4786 nartliutts
2253 4736 2320 4788 tle
2350 4732 2515 4787 Busto
2540 4751 2553 4788 :
2590 4753 2608 4785 ‹
