4038 6632
534 424 672 488 1283
1650 424 1711 483 S.
1754 418 2071 483 JOSEPHI
2108 422 2121 481 ]

2228 417 2667 482 iINOGfuPHI
3610 432 3725 497 1234

602 541 765 607 Cum,
792 550 1037 611 tempore
1064 539 1361 610 passionis,
1403 537 1713 609 speciosum
1750 540 1903 593 illum
1930 537 2103 592 forma

2280 536 2423 606 Ὥρα
2483 538 2552 606 τῇ
2634 534 2730 596 τοῦ
2793 535 3000 601 πάθους
3061 538 3152 592 τὸν
3209 538 3402 611 ὡραῖον
3463 545 3517 596 ὲν
3570 549 3729 605 κάλλει

534 632 843 696 intuereris,
879 647 911 684 o
960 631 1121 699 Virgo
1174 640 1345 692 casta,
1388 645 1495 683 non
1546 631 1833 684 habentem
1865 630 2099 699 speciem

2238 626 2554 696 ίσὸλέψασα,
2600 624 2761 693 εἶδος,
2798 627 3063 698 Παρθένε,
3108 627 3227 683 οὐδὲ
3256 632 3444 697 κάλλος
3484 644 3725 709 κεκτημέ.

536 740 711 793 neque
742 723 1021 788 decorem,
1077 722 1427 776 exclantabas
1471 736 1658 776 amare
1710 722 1927 791 ejulans
1958 738 1973 777 :
2006 718 2101 775 Hei

2228 736 2314 781 πον,
2347 719 2506 781 ὲὸόας
2541 719 2772 790 πικρῶς,
2812 720 2971 791 ἁγνὴ,
3003 721 3343 786 άλαλάζουσα
3368 741 3382 756 ⁸
3415 723 3480 779 Οἵ
3504 730 3609 797 pot!
3635 732 3732 799 πῶς

538 818 694 881 tnihi,
723 816 1000 886 quomodo
1036 815 1260 884 pateris,
1304 830 1337 869 o
1367 814 1491 878 Fili,
1546 815 1641 885 qtti
1663 815 1819 884 cupis
1854 829 2044 870 omnes
2074 830 2102 868 a

538 910 891 981 passionibns
928 904 1190 962 liberari?

633 1001 872 1068 njustam
930 1000 1204 1069 aspiciens
1278 1008 1507 1054 mortem
1585 998 1831 1054 Genitrix
1894 1008 2007 1062 tua,
2074 1014 2107 1054 ο

538 1090 779 1155 Christe,
820 1106 945 1145 cum
969 1090 1157 1143 dolore
1186 1090 1253 1144 ad
1293 1099 1344 1144 te
1369 1089 1642 1144 clamabat
1675 1106 1689 1144 :
1724 1091 1766 1144 0
1800 1088 1921 1155 Fili,
1945 1090 2107 1159 judex

534 1182 701 1249 iuste,
757 1182 1031 1251 quomodo
1069 1179 1272 1249 injuste
1302 1180 1588 1250 judicaris,
1635 1197 1761 1235 cum
1806 1182 1921 1250 ipse
1979 1180 2109 1235 velis

537 1272 687 1340 justo
710 1271 923 1338 judicio
952 1270 1240 1324 absolvere
1268 1285 1365 1325 eos
1394 1272 1485 1337 qui
1519 1271 1591 1324 ob
1617 1271 1900 1341 pristinam
1932 1280 2111 1325 trans-

541 1363 875 1432 gressionem
929 1363 1278 1417 condemnati
1340 1362 1557 1417 fuerant
1601 1372 1659 1417 et
1713 1364 1767 1416 in
1804 1361 2112 1431 corruptio-

542 1472 665 1511 netn
697 1456 1050 1511 cecidi-rant?

612 1547 845 1619 Stupore
868 1549 1122 1618 perculsa
1165 1548 1487 1604 turbabatur
1515 1549 1885 1613 immaculata,
1925 1548 2113 1605 videns

540 1641 820 1695 Christum
888 1641 1193 1695 voluntarie
1255 1649 1312 1695 et
1385 1642 1503 1696 sine
1569 1642 1790 1710 querela
1860 1642 1912 1695 in
1953 1656 2117 1696 cruce

542 1733 885 1799 exaltatum;
910 1742 965 1786 ct
1002 1732 1135 1787 ﬂens
1154 1732 1490 1787 exclamabat
1526 1749 1539 1786 :
1570 1731 1669 1787 Fili
1697 1733 1791 1796 mi,
1822 1748 1885 1786 at:
1926 1731 2067 1789 Deus
2100 1752 2114 1789 :

542 1825 757 1879 dolores
821 1824 876 1878 in
928 1836 1083 1893 partu
1139 1838 1247 1879 non
1332 1838 1621 1895 perpessa,
1686 1826 1903 1881 dolores
1976 1842 2119 1881 nunc

544 1916 809 1980 sustineo,
833 1917 961 1970 dum
995 1928 1051 1971 tu
1080 1918 1150 1971 ab
1190 1918 1393 1986 iniquis
1424 1918 1623 1987 injuste
1658 1917 2011 1990 crueitigeris.
2039 1939 2052 1953 -

612 2007 1033 2062 Crucilixionem
1061 2019 1208 2063 tuatn
1242 2010 1537 2079 aspiciens,
1575 2011 1884 2065 castissima
1939 2009 2118 2064 excla-

544 2102 726 2156 mabat
748 2120 763 2155 :
783 2102 943 2172 252
970 2104 1108 2168 Quid
1124 2113 1210 2158 est
1231 2104 1352 2170 hoc,
1378 2102 1503 2168 Fili,
1528 2104 1671 2173 quod
1697 2104 1889 2157 video?
1907 2102 2116 2159 Novum

547 2209 880 2263 prorsusque
912 2196 1212 2249 inauditum
1247 2197 1652 2265 spectaculum!
1684 2194 1787 2261 Tu,
1828 2196 1919 2264 qui
1962 2196 2117 2250 iniit;

548 2300 763 2339 tuorum
823 2287 1170 2356 passionibus
1216 2288 1474 2352 mederis,
1504 2288 1780 2357 quomodo
1811 2288 2116 2357 passionem

547 2390 775 2444 prorsus
829 2393 1022 2431 novam
1072 2388 1237 2448 atque
1293 2380 1607 2433 inusitatam
1657 2380 1937 2436 sustines?
1975 2379 2117 2446 Quid

546 2466 642 2521 tibi
701 2468 907 2522 initnici
953 2468 1033 2522 tui
1092 2470 1486 2534 retribuerunt,
1538 2486 1573 2524 o
1622 2470 1955 2536 benefactor,
2017 2484 2116 2541 pro

548 2559 827 2613 beneﬁciis
851 2575 974 2629 qua:
1004 2575 1033 2613 a
1069 2571 1120 2615 te
1147 2562 1516 2629 acceperunt?

619 2649 709 2703 ille
746 2665 909 2719 quem
945 2651 1231 2719 peperisti,
1266 2666 1299 2704 o
1333 2651 1515 2723 Virgo,
1550 2651 1800 2708 mirando
1827 2654 1990 2709 modo
2017 2666 2118 2709 sa:-

545 2741 671 2795 cula
704 2743 932 2811 peperit,
964 2752 1019 2797 et
1044 2744 1318 2798 exaltatus
1354 2745 1408 2799 in
1437 2758 1624 2811 cruce,
1656 2760 1750 2801 eos
1788 2748 1880 2816 qui
1911 2748 2119 2802 cecide-

549 2844 676 2888 rant
708 2836 873 2890 simul
906 2851 1093 2891 secum
1130 2838 1410 2905 exaltavit,
1445 2839 1681 2908 emtique
1719 2838 1868 2895 cives
1919 2839 2114 2905 eﬂ‘eeit,

546 2926 852 2980 clamantes
888 2945 901 2981 :
953 2925 1284 2983 Benedictus
1324 2942 1405 2996 es,
1455 2929 1598 2985 Deus
1636 2939 1849 2999 patrum
1898 2942 2118 2988 nostro-

551 3035 696 3084 rum,
725 3030 833 3074 etc.

622 3110 789 3181 Virgo
829 3114 1075 3183 innupta,
1100 3129 1223 3168 eum
1257 3129 1365 3185 qua
1400 3124 1669 3171 creatum
1696 3133 1886 3175 omnes
1926 3127 1978 3174 te
2005 3120 2120 3189 glo-

554 3204 775 3259 riticant
803 3205 856 3257 in
887 3206 1110 3271 saecula,
1133 3221 1257 3261 cum
1288 3208 1495 3263 videret
1529 3209 1761 3276 te,Jesu
1789 3211 2119 3282 Redemptor

554 3297 821 3362 omnium,
879 3299 1007 3354 olitn
1052 3301 1103 3355 in
1150 3314 1312 3357 cruce
1353 3304 1678 3371 exaltatum,
1721 3305 2061 3362 exclamabat
2102 3324 2117 3362 ι

553 3390 643 3444 ubi
674 3392 905 3460 p0pulus
934 3392 1218 3463 insipiens,
1247 3395 1342 3465 qui
1392 3405 1444 3451 te
1490 3396 1557 3451 ad
1612 3398 1945 3453 iracundiam
1992 3414 2123 3468 pro-

557 3483 794 3549 vocavit,
825 3486 1064 3553 suscepit
1088 3495 1139 3540 te
1171 3495 1230 3539 ut
1258 3487 1492 3541 elevaret
1531 3504 1560 3540 a
1594 3497 1735 3544 terra
1764 3504 1778 3544 :
1811 3492 2031 3557 Absque
2060 3490 2124 3543 li-

554 3572 700 3627 beris
729 3573 873 3626 [σου
890 3589 1037 3637 sunt,
1062 3585 1115 3629 et
1140 3575 1326 3629 animo
1351 3588 1723 3643 commoveor,
1743 3588 2129 3649 maternusque

555 3666 711 3719 dolor
750 3665 1051 3721 discruciat
1075 3680 1171 3720 cor
1204 3682 1408 3722 meum.

632 3755 871 3812 Verbum
915 3768 1214 3813 amatorem
1266 3762 1571 3827 hominum,
1601 3763 1747 3833 quod
1783 3761 2129 3817 inellabiliter

557 3861 876 3918 pepemras,
902 3862 1027 3904 eum
1060 3853 1172 3920 pati
1201 3869 1299 3924 pro
1337 3854 1656 3911 hominibus
1701 3856 2007 3911 voluntarie
2045 3856 2129 3910 vi-

555 3941 737 4007 deres,
769 3942 1136 4009 exclamabas,
1183 3959 1218 3999 ο
1253 3945 1415 4014 Virgo
1454 3962 1468 3999 :
1499 3944 1640 4011 Quid
1689 3952 1776 4002 est
1823 3947 1955 4001 hoc?
1989 3947 2129 4003 Deus

558 4029 912 4101 intpassibilis
963 4036 1195 4091 sustinet
1249 4037 1587 4104 passionem,
1624 4049 1683 4093 ut
1714 4055 1747 4094 a
1779 4038 2129 4110 passionibus

558 4124 756 4181 liberet
784 4141 878 4182 eos
907 4128 1000 4198 qui
1031 4146 1090 4185 se
1112 4129 1341 4186 ﬁdeliter
1373 4133 1625 4186 adorant.

802 4252 893 4307 Ex
920 4271 1122 4311 canone
1162 4257 1311 4327 ferite
1342 4258 1398 4324 5,
1432 4260 1500 4312 ad
1533 4258 1881 4314 Matutinum.

633 4378 834 4439 Mentis
858 4401 992 4440 mea:
1024 4385 1394 4443 obscuritates
1424 4386 1600 4453 aufer,
1632 4404 1666 4443 ο
1703 4389 2017 4459 purissima,
2050 4390 2133 4445 lu-

561 4474 711 4531 tnine
742 4484 858 4543 tuo,
890 4487 943 4531 et
969 4493 1000 4533 a
1026 4478 1264 4534 tenebris
1288 4480 1508 4535 aeternis
1540 4480 1688 4551 eripe
1711 4497 1818 4548 me,
1850 4494 1906 4536 ut
1934 4498 2127 4552 perpe-

563 4561 671 4615 tuis
703 4562 953 4618 laudibus
979 4575 1192 4619 cantem
1221 4566 1489 4635 magnalia
1510 4576 1621 4622 tua.

633 4652 831 4709 Libera
864 4670 973 4719 me,
1002 4671 1035 4710 ο
1068 4658 1450 4723 mundissima,
1500 4659 1568 4713 ab
1605 4659 1753 4713 onmi
1782 4660 2130 4722 adversitale,

565 4747 929 4817 plurimisque
960 4749 1230 4818 serpentis
1257 4750 1552 4811 scandulis,
1581 4760 1744 4819 atque
1796 4750 1861 4805 ab
1907 4752 2030 4822 igne
2060 4761 2136 4806 tc-

568 4838 863 4909 nebrisque
892 4841 1132 4906 aeternis,
1161 4857 1284 4911 quae
1314 4841 1626 4899 hominibus
1649 4843 1823 4898 lucem
1857 4858 2134 4913 nunquam

561 4932 899 4987 Occidentem
938 4934 1216 5004 peperisti.

632 5026 861 5080 Miluus
894 5028 1161 5097 prepheta
1211 5026 1416 5097 Spiritu
1468 5037 1681 5091 sancto,
1744 5025 2034 5097 descripsit
2084 5037 2137 5081 te

562 5117 692 5171 olim
725 5127 961 5171 montem
990 5117 1332 5182 umbrosum,
1368 5132 1402 5173 0
1424 5127 1573 5173 casta
1604 5116 1856 5188 Deipara,
1888 5134 2007 5187 qua:
2038 5117 2138 5171 ho-

558 5208 737 5263 mines
773 5207 1072 5262 multorum
1121 5219 1473 5275 peccatorum
1528 5208 1747 5264 ﬂamma
1808 5211 2136 5279 liquefactos

560 5315 657 5369 per
695 5310 818 5355 tuas
853 5301 1266 5370 acceptissimas
1308 5302 1731 5358 intercessiones
1771 5317 1918 5356 nunc
1945 5304 2136 5357 umbra

557 5392 747 5462 gratiae
781 5390 1076 5448 refocillas.

630 5485 791 5555 253
841 5483 886 5539 Ο
921 5484 1015 5540 Dei
1066 5487 1236 5556 gratia
1276 5486 1593 5556 plenissima
1633 5486 1832 5557 puella,
1879 5487 2136 5556 templum

560 5580 765 5633 Christi
815 5579 1301 5650 fulgentissimutu,
1370 5582 1855 5635 intercessionibus
1904 5581 2012 5633 tuis
2055 5578 2139 5632 fac

564 5689 664 5739 nos
702 5688 797 5742 per
844 5675 984 5727 bona
1019 5688 1183 5743 opera
1221 5682 1403 5729 nostra
1438 5674 1629 5729 domos
1660 5672 1861 5739 Patris,
1911 5684 1963 5727 et
1989 5669 2134 5734 Filii,

564 5777 617 5821 et
652 5765 890 5834 Spiritus
918 5766 1118 5820 sancti.

633 5857 903 5928 Magnulia
938 5858 1068 5914 facit
1102 5859 1201 5915 tibi
1232 5859 1507 5927 Christus,
1531 5876 1564 5916 ο
1600 5860 1766 5932 Virgo
1794 5860 1904 5916 Deo
1942 5859 2137 5929 gratis-

2208 812 2461 881 πάσχεις,
2492 810 2607 877 Υἱὲ,
2653 813 2718 865 ὲκ
2752 811 2942 867 παθῶν
2985 814 3194 876 πάντας
3238 815 3405 869 Θέλων
3455 818 3722 880 ῥύσασθαιε

2276 995 2388 1067 Τὴν
2408 996 2591 1051 ἄδικον
2609 996 2852 1068 βλέψασα
2876 1000 3114 1069 σφαγήν,
3136 998 3359 1070 Χριστὲ,
3382 999 3413 1071 ή
3446 1000 3500 1053 σὲ
3524 1004 3738 1073 κυήσασα

2209 1087 2511 1159 ὀδυρομένη
2550 1090 2749 1144 ἀνεϐόα
2798 1108 2919 1144 σοι·
2965 1092 3315 1163 Δικαιοκρίτα
3346 1092 3459 1157 Υἱὲ,
3506 1096 3613 1159 πῶς
3640 1098 3735 1150 ἀεξ-

2212 1198 2322 1243 κως
2370 1181 2647 1252 κέκρισαι,
2686 1183 2855 1237 θέλων
2888 1184 3134 1239 δικαιοῦν
3179 1187 3306 1249 τοὺς
3343 1188 3630 1257 παραϐάσει
3657 1209 3737 1245 κα-

2212 1271 2570 1341 τακριθέντας
2618 1273 2679 1327 τὸ
2720 1274 2849 1346 πρὶν
2880 1276 2974 1328 καὶ
3008 1276 3144 1345 πρὸς
3188 1277 3285 1346 τήν
3317 1276 3516 1348 φθορὰν
3556 1280 3739 1352 όλισθήυ

2215 1379 2417 1425 σαντας
2440 1379 2455 1430 ;

2285 1549 2590 1619 Θαμϐεἶται
2646 1552 2704 1603 ὲν
2752 1550 2893 1619 ξύλῳ
2946 1552 3131 1622 ὁρῶσα
3194 1553 3429 1622 Χριστὸν
3495 1554 3741 1623 ὐᾲωθέντα

2220 1640 2471 1711 βουλήσει
2502 1641 2596 1693 καὶ
2627 1638 2951 1710 ἀμέμπτως,
2992 1644 3088 1697 καὶ
3142 1643 3401 1697 κλαίουσα
3422 1646 3741 1714 ἑκραΰγαζεν·

2220 1732 2316 1785 Υἱέ
2353 1749 2453 1803 μου
2478 1734 2569 1785 καὶ
2592 1733 2713 1798 Θεὲ,
2741 1731 2934 1797 ὠδῖνας
2963 1736 3021 1787 ἐν
3064 1734 3141 1806 τῷ
3179 1735 3383 1789 τίκτειν
3419 1737 3491 1807 μὴ
3522 1738 3742 1801 λαόοῦσα,

2223 1821 2315 1889 νῦν
2347 1823 2544 1887 ὠδῖνας
2582 1823 2866 1895 ὑπομένω,
2911 1824 3111 1889 ἀδίκως
3145 1825 3249 1878 ὑπὸ
3273 1827 3485 1898 ἀνόμων
3520 1843 3745 1901 σταυρου-

2226 1914 2387 1983 μένου
2421 1932 2536 1971 σου.

2287 2006 2601 2078 Σταύρωσιν
2629 2006 2731 2080 τὴν
2768 2006 2867 2079 σήν
2900 2009 2932 2079 ή
2973 2011 3249 2078 πάναγνος
3292 2008 3580 2080 βλέπουσα,
3622 2012 3744 2066 ἐϐόα·

2225 2096 2342 2161 Υἱὲ,
2375 2099 2428 2150 τί
2467 2098 2527 2151 τὸ
2563 2099 2841 2170 ὁρώμενον
2881 2100 3030 2168 ξένον
3070 2103 3281 2174 οέαμα;
3332 2103 3390 2157 ’0
3418 2103 3484 2158 τά
3521 2103 3653 2175 πάθη
3681 2096 3748 2158 νο-

2226 2189 2464 2243 σούντων
2512 2191 2761 2261 ἰώμενος,
2800 2191 2917 2256 πῶς
2953 2193 3014 2246 τὸ
3057 2194 3229 2258 πάθος
3262 2195 3545 2266 ὑπομένεις
3570 2196 3625 2248 τὸ
3649 2214 3742 2249 και·

2222 2282 2474 2348 νότατον;
2506 2283 2560 2335 τί
2589 2300 2670 2337 σοι
2698 2284 2747 2335 οἱ
2777 2283 2965 2355 ἐχθροὶ
3000 2285 3316 2352 ἀπέδωκαν,
3359 2286 3625 2358 εὐεργέτα,
3657 2286 3749 2341 ἀνθ’

2222 2364 2297 2424 ὧν
2313 2371 2743 2442 εὐηργέτηνταις

2306 2650 2366 2702 Ὀ
2411 2647 2567 2711 τόκος
2609 2666 2730 2715 σου,
2777 2649 3041 2721 Παρθένε,
3077 2651 3202 2714 τοὺς
3247 2651 3449 2716 αἰῶνας
3479 2652 3750 2725 παραδόξως

2226 2740 2394 2805 ἐτεεε,
2435 2741 2529 2793 καὶ
2578 2740 2813 2809 ὑψωθεὶς
2866 2741 2924 2795 ἐν
2964 2741 3042 2812 τῷ
3088 2742 3310 2814 σταυρῷ
3353 2744 3478 2808 τοὺς
3523 2744 3748 2806 πεσόντας

2227 2832 2601 2903 συνανὺψωσε,
2631 2834 2726 2886 καὶ
2764 2833 3006 2903 βοῶντας
3032 2832 3263 2905 οὐρανοῦ
3302 2836 3517 2899 πολίτας
3543 2835 3714 2900 ἔδειξεν
3734 2851 3747 2868 ο

2236 2923 2296 2977 Ὀ
2326 2925 2435 2979 τῶν
2467 2926 2719 2995 πατέρων
2750 2926 2906 2993 Θεὸς,
2936 2927 3228 2999 εὐλογητὸς
3258 2924 3329 2984 εἷ.

2309 3111 2710 3182 ’Δπειρὸγαμος
2756 3109 2930 3182 Κόρη,
3002 3112 3121 3184 μεθ’
3198 3104 3267 3186 ἧς
3329 3116 3361 3184 ή
3415 3114 3578 3177 κτίσις
3631 3116 3749 3167 πᾶσα

2223 3202 2440 3270 δοξάζει
2467 3221 2547 3269 σε,
2574 3206 2793 3258 πάντων
2808 3204 3058 3277 λυτρωτὰ
3089 3203 3289 3277 Ἰησοῦ,
3322 3211 3400 3272 είς
3429 3210 3547 3272 τοὺς
3566 3207 3750 3273 αἰῶνας,

2226 3294 2445 3365 σταυρῷ
2473 3295 2658 3365 ὁρῶσά
2694 3313 2751 3348 σε
2803 3295 3106 3366 ὑψωϐἐντα,
3156 3297 3311 3363 ἐϐόα,
3345 3301 3429 3353 ἴνα
3463 3317 3518 3353 σε
3549 3315 3751 3370 παραπι-

2228 3389 2469 3457 κραίνων
2501 3389 2692 3458 ἄφρων
2714 3387 2908 3458 δῆμος,
2940 3387 3013 3452 ὡς
3034 3388 3330 3456 ὑπέλαϐεν,
3369 3392 3433 3445 ὲκ
3460 3390 3554 3463 γῆς
3579 3389 3749 3462 ἐξᾶραι,

2232 3483 2492 3545 ’Δτεκνος
2524 3480 2849 3552 γεγένημαι,
2907 3481 2998 3536 καὶ
3044 3481 3326 3553 δονοῦμαι,
3379 3486 3470 3539 καὶ
3519 3483 3752 3556 μητρικῶς

2228 3574 2327 3645 τὴν
2362 3573 2591 3646 καῴίαν
2623 3570 2920 3644 ὀδυνῶμαι.

2298 3760 2682 3831 Φιλάνθρωπον
2711 3759 2883 3828 Λόγον
2925 3758 3182 3831 ἀρρήτως
3224 3760 3495 3829 κυήσασα,
3526 3759 3579 3813 όν
3603 3758 3751 3831 ὁρῶσα

2232 3854 2533 3923 πάσχοντα,
2595 3850 2769 3924 Κόρη,
2827 3850 2969 3922 ὑπὲρ
3032 3849 3338 3922 ἀνθρώπων
3406 3853 3653 3924 βουλήσει,
3700 3850 3751 3903 Τί

2229 3946 2424 4012 τοῦτο;
2468 3944 2650 4008 ἐϐόας.
2692 3943 2825 4008 Θεὸς
2859 3942 3077 4014 ἀπαθὴς
3120 3943 3295 4006 πάθος
3346 3944 3635 4012 ὑφίσταται,
3667 3958 3751 3993 παι

2233 4037 2340 4091 θῶν
2404 4038 2551 4100 ὅπως
2616 4035 2851 4106 psmn;
2908 4035 3039 4099 τοὺς
3113 4032 3298 4089 πίστει
3364 4030 3753 4106 προσκυνοῦντας

2233 4131 2415 4185 αὐτόν.

2246 4258 2347 4313 Ἐκ
2379 4257 2487 4313 τοῦ
2514 4258 2771 4324 κανόνος
2799 4254 2908 4327 τῆς
2937 4255 3238 4327 πέμπτης,
3269 4258 3357 4323 εις
3391 4254 3497 4309 τὸν
3523 4255 3754 4321 Ὀρθρον.

2304 4386 2441 4450 Νοός
2478 4402 2600 4456 μου,
2639 4384 2971 4454 πανάμωμε,
3010 4382 3107 4444 τὰς
3142 4383 3492 4454 ἀμαυρώσεις
3525 4381 3647 4450 φωτί
3682 4394 3755 4431 σου

2235 4478 2530 4542 ἀπέλασον,
2576 4476 2667 4527 καὶ
2699 4473 2795 4527 τοῦ
2831 4474 3052 4536 σκότους
3095 4473 3255 4543 ῥῦσαί
3289 4490 3355 4543 με
3396 4472 3486 4525 τοῦ
3522 4471 3755 4533 αἰωνὶζον·

2163 4598 2208 4653 D
2235 4587 2346 4633 τος,
2375 4569 2523 4631 ὅπως
2563 4565 2717 4636 ὑμνῶ
2738 4564 3001 4635 διηνεκῶς
3028 4565 3095 4617 τὰ
3136 4564 3399 4632 μεγαλεῖα
3437 4580 3551 4617 σου.

2322 4661 2511 4716 Ῥὖσαί
2539 4676 2605 4731 με
2637 4659 2813 4728 πάσης
2845 4657 3238 4728 περιστάσεως,
3270 4660 3364 4710 καὶ
3400 4656 3598 4710 πολλῶν
3627 4670 3755 4707 σκαν-

2238 4756 2410 4810 δάλων
2450 4754 2544 4807 τοῦ
2608 4751 2808 4820 ὅψεως,
2851 4748 2946 4803 καὶ
2990 4750 3330 4813 αἰωνίζοντος
3378 4749 3539 4819 πυρὸς
3576 4748 3656 4800 καὶ
3681 4741 3754 4795 τοῦ

2239 4848 2485 4909 σκότους,
2519 4845 2850 4915 πανάμωμε,
2901 4843 2933 4913 ἡ
2962 4842 3022 4895 τὸ
3055 4842 3172 4910 φῶς
3199 4843 3556 4914 ἀποκυήσασα
3584 4837 3754 4909 βροτοῖς

2236 4941 2296 4993 τὸ
2325 4939 2647 5006 άνέσπερον.

2300 5032 2516 5101 Νοήσας
2567 5031 2595 5081 ὁ
2650 5027 2936 5097 προφήτης
2992 5026 3049 5079 ὲν
3110 5024 3393 5097 Πνεῦματι
3456 5022 3603 5087 θεοῦ,
3657 5019 3754 5088 ὅρος

2241 5140 2300 5177 σε
2350 5120 2701 5193 προέγραψεν
2743 5120 3059 5181 κατάσκιον,
3109 5118 3269 5188 ἁγνὴ,
3315 5119 3348 5187 ἡ
3382 5117 3509 5179 τοὺς
3543 5108 3756 5167 ἐκτικέν-

2239 5232 2338 5277 τας
2392 5211 2626 5284 φλογμῷ
2676 5210 2896 5263 πολλῶν
2955 5210 3318 5280 ἐγκλημάτων
3380 5211 3501 5271 σαῖς
3560 5206 3755 5273 εὐπροσ-

2237 5284 2449 5368 δέκτοις
2525 5301 2824 5374 μεσιτείαιε
2915 5300 3167 5367 Θεοτόκε,
3241 5301 3335 5356 νῦν
3412 5296 3756 5360 ἐπισκιάζουσα

2237 5399 2443 5470 χάριτι.

2307 5489 2599 5552 Φωιοειδὲς
2648 5487 2884 5558 Χριστοῦ
2929 5487 3175 5557 τέμενος,
3224 5486 3372 5556 Κόρη
3418 5479 3753 5554 θεοχαρίτωτεο

2239 5583 2329 5636 τοῦ
2370 5581 2601 5652 Πατρδς,
2632 5578 2762 5633 Υἱοῦ
2805 5580 2901 5632 καὶ
2933 5581 3269 5649 Πνεῦμα-τος,
3314 5581 3431 5640 ταῖς
3476 5570 3754 5645 προσευχαῖς

2241 5693 2357 5741 σου,
2386 5673 2569 5737 οἴκους
2596 5673 2742 5743 ἡμᾶς
2767 5672 3015 5743 ποίησον,
3055 5673 3121 5725 τὰ
3148 5673 3270 5725 ὅσια
3298 5672 3638 5741 πράττοντας.

2238 5861 2263 5875 ”
2310 5854 2593 5926 Μεγαλεῖά
2619 5872 2701 5908 σοι
2723 5852 2958 5926 Χριστος
2988 5856 3296 5928 ἐποιήσατο,
3321 5855 3476 5927 ἁγνὴ,
3506 5854 3560 5908 ὃν
3585 5847 3754 5904 ἱκέτευε
