4038 6662
378 454 518 523 1285

1739 453 2103 514 MARIALE.

3478 450 3616 533 1235

374 572 464 623 ἀεὶ
522 566 824 639 μηαλῦναι
878 568 937 621 ἐν
989 567 1114 634 ἐμοὶ
1161 567 1231 622 τὰ
1289 566 1523 621 πλούσια
1573 566 1741 620 αὑτοῦ
1795 567 1941 637 ὲλέη,

2053 565 2223 630 sima;
2251 577 2411 633 quem
2440 571 2495 618 tu
2515 577 2739 634 precare
2761 552 3003 629 assidue,
3035 572 3091 619 ut
3117 562 3422 636 magniﬁcel
3455 567 3508 622 in
3531 585 3618 624 me

377 661 763 730 Θεοχαρίτωτε.

446 753 536 815 Σὲ,
564 753 828 821 παναγία,
880 751 1141 823 ἄχραντε,
1171 749 1331 819 ἁγνὴ,
1365 748 1416 803 οί
1461 744 1636 804 δοῦλοί
1665 767 1759 804 σου
1807 751 1943 804 πάν-

374 860 491 897 τοτε
522 846 733 916 ἡμέρας
766 846 861 898 καὶ
902 844 1095 905 νυκτὸς
1123 842 1558 915 συντετριμμένῃ
1585 842 1793 913 διανοίᾳ
1820 844 1946 896 δυσ-

374 936 653 1006 ωποῦμεν,
708 935 978 1007 λύτρωσιν
1041 934 1458 1007 ἁμαρτημάτων
1532 933 1744 989 πολλῶν
1803 935 1947 988 δίδου

377 1030 529 1098 ἡμῖν,
561 1029 764 1100 ἀγαθή.

451 1118 787 1190 ιἰἀτρευσον,
823 1122 1043 1191 δέομαι,
1092 1124 1161 1178 τὰ
1203 1125 1348 1197 πάθη
1398 1126 1498 1197 τῆς
1531 1127 1669 1197 ὲμῆς
1697 1121 1942 1195 καρδῖαςς

377 1213 635 1281 κυήσασα
672 1213 764 1267 τὸν
808 1215 1030 1268 πάντων
1067 1216 1271 1288 ἰατρὸν,
1311 1220 1404 1271 καὶ
1447 1218 1547 1287 τῆς
1587 1219 1695 1270 τῶν
1726 1217 1949 1271 δικαίων

374 1303 548 1366 δεῖξον
584 1304 832 1374 μέτοχον,
894 1307 1161 1377 Παρθένε,
1200 1309 1437 1380 μερίδος,
1470 1308 1706 1381 Χριστὸν
1753 1309 1946 1362 ἐκδυσ-

375 1410 624 1447 ωπουσα.

444 1487 562 1550 Φῶς
596 1489 628 1558 ή
660 1487 889 1541 τεκοῦσα
912 1489 1003 1542 τὸν
1030 1490 1187 1555 Θεὸν,
1221 1493 1605 1564 ἐσκοτισμένον
1646 1512 1711 1565 με
1745 1495 1949 1558 πάσαις

374 1582 493 1642 ταῖς
528 1579 831 1649 μεθοδείαις
868 1581 957 1634 τοῦ
1004 1584 1220 1655 ἐχθροῦ,
1260 1586 1352 1639 καὶ
1394 1587 1654 1659 ῥᾳθύμως
1705 1587 1945 1658 βιοῦντα,

374 1670 469 1723 καὶ
505 1672 909 1741 παροργίζοντα
944 1674 1099 1739 Θεὸν,
1147 1678 1481 1747 πανάμωμε,
1528 1680 1785 1748 φώτισον,
1826 1678 1949 1749 6611-

373 1761 472 1828 γοῦ
486 1778 554 1815 σα
588 1764 725 1833 πρὸς
754 1764 921 1828 καλάς
956 1766 1241 1839 ἐργασίας,
1270 1769 1346 1832 ὡς
1379 1771 1527 1823 αἰτία
1560 1768 1695 1823 οὖσα
1724 1770 1946 1823 πάντων

370 1853 480 1905 τῶν
514 1854 714 1910 καλῶν.

388 2077 491 2131 Ἐκ
550 2077 658 2132 τοῦ
723 2080 981 2147 κανόνος
1021 2078 1165 2207 "37%
1212 2079 1631 2151 Παρωκευῆς,
1692 2081 1782 2148 εὶς
1840 2080 1948 2135 τὸν

1092 2169 1128 2207 ο
1166 2169 1295 2207 ουν.

1088 2169 1295 2221 ιρυρον.

445 2293 658 2366 Ὠσπερ
711 2294 881 2367 ἀμνὸν
930 2296 1023 2349 ἐπὶ
1070 2296 1308 2369 σταυροῦ
1359 2278 1650 2369 καθορῶσα
1690 2300 1723 2370 ἡ
1767 2300 1948 2370 ἀμνὰς

376 2387 763 2458 ἀπαρτηθέντα
809 2388 900 2441 τὸν
934 2390 1193 2459 Χριστὸν,
1247 2390 1505 2456 ἀλαλάζει
1539 2393 1631 2446 καὶ
1665 2392 1764 2463 βοᾷ
1789 2410 1802 2424 ο
1835 2393 1946 2447 Ποῦ

377 2495 469 2530 σου
500 2478 621 2531 ἔθου
648 2479 709 2532 τὸ
738 2480 955 2546 κάλλος,
989 2481 1313 2553 μακρόθυμε
1343 2482 1439 2536 Υἱὲ
1484 2484 1794 2555 προάναρχε
1825 2501 1840 2551 ;

446 2657 825 2730 Εὐλογημένος
854 2662 953 2731 τῆς
987 2662 1196 2727 κοιλίας
1236 2680 1332 2717 σου
1370 2665 1399 2718 ὁ
1430 2664 1663 2737 καρπὸς,
1706 2666 1949 2739 Παρθένε

375 2749 713 2822 πανύμνητε,
745 2754 772 2805 ὁ
801 2753 927 2817 τοὺς
969 2750 1278 2826 φθαρέντας
1318 2758 1395 2828 τῷ
1427 2758 1647 2829 καρπῷ,
1677 2759 1765 2813 διὰ
1791 2760 1947 2826 ξύλου

376 2842 610 2914 σταυροῦ
666 2845 831 2898 αὐτοῦ
897 2842 1205 2919 ἀφθαρσίας
1262 2851 1614 2922 καταστήσας
1654 2855 1948 2918 κοινωνοὺς

374 2934 495 3005 Θείᾳ
522 2936 731 3006 χάριτι.

457 3028 524 3080 (ll
582 3046 694 3098 μοι,
737 3030 955 3086 τὲκνονί
1012 3033 1132 3097 πῶς
1182 3034 1362 3105 βλέψω
1410 3054 1468 3090 σε
1512 3038 1606 3091 ἐπὶ
1640 3038 1735 3093 τοῦ
1792 3038 1947 3104 ξύλου

374 3118 773 3190 ἀνηρτημένον,
819 3122 914 3176 καὶ
953 3123 1156 3188 ἀδίκως
1196 3124 1619 3196 θανατούμενον,
1669 3128 1770 3201 τὴν
1804 3129 1949 3202 ζωὴν

376 3210 723 3282 παρέχοντας
759 3216 792 3285 ἠ
823 3210 1100 3287 Παρθένος
1132 3217 1399 3272 κλαίουσα
1426 3218 1631 3290 ἔλεγεν.

461 3400 678 3466 Ῥἀϐδος
718 3404 750 3474 ἡ
776 3402 991 3473 ἔντιμος
1019 3407 1051 3476 ἡ
1091 3406 1441 3478 βλαστήσασα
1468 3407 1665 3463 κλάδον
1693 3409 1947 3481 ἀμάρανι-

376 3512 489 3559 τον,
531 3495 906 3565 ἀνυψούμενον
949 3498 1110 3550 αὑτὸν
1142 3500 1216 3561 ὡς
1252 3499 1483 3553 ἔϐλεπεν
1518 3502 1610 3553 ἐπὶ
1637 3501 1733 3555 τοῦ
1765 3501 1946 3569 ξύλου,

374 3588 622 3640 Δέσποτα
671 3587 1003 3657 ὲκοαύγαζε,
1053 3590 1128 3660 μὴ
1160 3591 1383 3645 ἄτεκνον
1406 3591 1585 3663 δείξῃς
1620 3610 1711 3663 με.

447 3867 602 3919 Μετὰ
627 3866 804 3931 τόκον,
839 3868 1175 3939 πανάμωμε,
1201 3866 1277 3930 ὡς
1307 3866 1412 3939 πρὸ
1442 3868 1603 3923 τόκου
1631 3868 1905 3941 διέμεινας
1928 3887 1943 3902 ·

376 3958 508 4013 Θεὸν
536 3958 644 4029 γὰρ
666 3959 903 4029 ὲκύησας
934 3959 1079 4031 ξύλῳ
1104 3960 1198 4014 τὸν
1225 3960 1510 4032 ἄνθρωπον
1542 3965 1816 4018 σώσαντα.

449 4230 859 4304 Σταυρούμενον
926 4231 1111 4304 ὁρῶσα
1160 4231 1251 4286 τὸν
1309 4232 1514 4303 Κύριον
1571 4235 1605 4304 ἡ
1658 4233 1948 4303 ἄμεμπτος

451 4414 526 4487 (8)
559 4416 640 4470 An
683 4417 741 4472 Β.
798 4416 1073 4486 Virginem
1130 4414 1277 4487 omni
1321 4413 1507 4487 laude
1567 4412 1944 4487 dignissimam

373 4482 642 4557 judicent,
672 4488 763 4556 qui
802 4482 943 4551 eain,
968 4494 1135 4557 totam
1190 4482 1480 4557 pulchram
1519 4492 1573 4537 et
1630 4482 1946 4557 formosam,

382 4552 435 4611 in
470 4572 571 4611 suo
615 4552 877 4627 conceptu
929 4552 1261 4611 maculosum
1308 4555 1682 4627 constituunt;
1709 4552 1801 4627 qui
1830 4569 1948 4627 eam

380 4630 633 4688 liberam»
659 4622 995 4698 magistram,
1028 4628 1336 4698 daemonum
1366 4626 1669 4688 victricem,
1715 4622 1952 4678 dzcnioni

380 4698 680 4766 subjectam
712 4695 917 4754 faciunt
948 4715 961 4751 :
993 4699 1087 4767 qui
1127 4695 1466 4767 benedictam
1510 4708 1605 4762 per
1647 4709 1837 4767 omnes
1857 4708 1954 4764 ge‘

379 4762 713 4831 uerationes,
756 4777 815 4822 ut
845 4762 1080 4837 reliquos
1122 4766 1253 4819 Adae
1288 4774 1535 4837 posteros
1586 4762 1951 4828 maledicta’m,

380 4837 602 4892 sceleris
656 4834 1021 4905 purissimam.
1078 4846 1300 4905 peccato
1328 4834 1552 4903 originis
1611 4844 1948 4905 temeratam,

382 4908 605 4980 Matrem
634 4904 869 4980 denique
898 4904 1104 4980 gratiae,
1139 4906 1239 4976 ipsi
1269 4906 1492 4980 Auctori
1518 4904 1707 4980 gratia:
1732 4917 1953 4957 exosam

380 4977 796 5048 ingratamque'
828 4977 925 5050 pro
992 4979 1084 5055 illo
1139 4980 1313 5055 primo
1384 4977 1606 5055 instanti
1653 4983 1953 5055 asserunt:

382 5042 558 5111 tuum,
588 5042 879 5113 Ini-lector,
907 5061 1023 5104 esto
1066 5042 1354 5117 judicium.
1378 5047 1537 5117 Certe
1571 5043 1775 5117 homini
1823 5042 1959 5117 lide-

381 5119 596 5173 hssitno
637 5122 791 5175 hercl
832 5112 1132 5196 itiju'riafsi
1163 5117 1230 5196 de
1280 5120 1370 5173 illo
1417 5116 1540 5186 quis
1590 5112 1959 5196 dicere-“Iste

381 5200 468 5265 est
522 5205 733 5259 magna:
787 5185 1085 5265 llilelitatis,
1111 5190 1239 5265 quia
1276 5185 1716 5265 gnt_tnquatn,nisi.
1762 5185 1955 5264 semel,

381 5262 486 5313 fuit
514 5257 869 5331 proditorisui
899 5261 1042 5329 regis
1069 5276 1081 5331 ;
1122 5260 1204 5331 vel
1244 5263 1287 5312 si
1313 5259 1380 5312 de
1410 5257 1814 5331 sapientissimo
1839 5257 1957 5308 viro

381 5331 696 5386 diceretur:
735 5330 833 5385 Hic
863 5341 945 5386 est
968 5330 1424 5398 sapientissimus,
1459 5341 1715 5398 quoniam
1753 5334 1957 5398 tantum

382 5401 554 5455 semel
584 5403 687 5455 luit
719 5402 939 5455 stultus.
976 5393 1262 5465 Quomodo
1287 5400 1449 5467 igitur
1474 5395 1532 5448 Β.
1572 5393 1731 5467 Virgo
1765 5394 1958 5448 lauda-

384 5472 554 5532 bitur.
600 5475 644 5526 si
672 5475 737 5525 de
786 5473 874 5526 illa
914 5464 1168 5526 dicatur:
1200 5464 1474 5523 Laudetur
1510 5468 1569 5521 Β.
1608 5464 1794 5534 Virgo,
1840 5480 1961 5533 qua:

383 5543 606 5614 nonnisi
655 5558 748 5614 per
805 5544 1018 5614 instans
1072 5539 1173 5593 fuit
1249 5537 1616 5594 contaminata
1696 5546 1956 5614 peccato;

382 5610 867 5666 laudetur—Mater
929 5610 1044 5674 Dei,
1101 5626 1221 5677 quae
1278 5622 1445 5678 parvo
1498 5617 1744 5672 tempore
1812 5610 1962 5678 stetit

382 5698 541 5737 serva
572 5684 772 5737 diaboli
801 5685 823 5736 ?
854 5682 986 5736 Vide
1020 5684 1241 5737 Bustuut
1278 5676 1331 5733 in
1372 5678 1579 5732 Mariali
1604 5679 1782 5733 Serm.
1812 5678 1864 5741 9,
1894 5676 1961 5728 de

382 5754 645 5827 Concept.
677 5764 828 5827 parte
856 5769 913 5807 ιι.
974 5824 984 5827 _
1192 5822 1203 5827 _
1290 5822 1301 5827 _
1506 5820 1516 5827 _
1727 5769 1730 5771 λ
1901 5818 1930 5827 ,,

459 5828 534 5893 (9)
572 5818 713 5898 Vere
744 5824 987 5898 abomni
1032 5822 1240 5898 macula
1289 5820 1551 5898 immunis
1585 5828 1695 5898 tam
1734 5818 1958 5898 actuali,

384 5890 550 5966 quam
582 5895 855 5966 originali,
887 5910 1049 5964 quam
1096 5893 1336 5949 Ecclesia
1383 5892 1438 5946 in
1485 5892 1720 5962 quodam
1754 5890 1962 5945 Missali

2048 656 2267 710 divitias
2306 656 2696 711 misericordia:
2725 671 2855 712 suae.

2118 746 2163 803 Ο
2189 749 2537 804 sanctissima
2575 750 2739 820 Virgo
2772 750 3022 820 Deipara,
3058 766 3157 804 nos
3189 746 3329 808 servi
3366 748 3440 805 tui
3476 767 3620 807 sem-

2047 852 2145 910 per
2192 851 2355 897 noctu
2415 842 2620 913 diuque
2681 844 2920 898 contrito
2973 843 3137 899 corde
3199 855 3250 900 te
3304 842 3619 915 suppliciter

2044 948 2372 999 exoramus,
2421 943 2478 989 ut
2524 934 2913 1007 indulgentiam
2962 936 3321 1006 plurimorum
3371 950 3622 1008 peccato-

2048 1041 2170 1079 rum
2203 1034 2520 1080 nostrorum
2550 1027 2710 1081 nobis
2740 1027 2973 1097 benigna
2999 1028 3332 1097 itupertiaris

2122 1116 2358 1180 Medere,
2387 1133 2593 1188 quaeso.
2623 1118 2807 1188 pravis
2848 1117 3227 1175 aﬂ‘ectionibus
3271 1120 3452 1175 cordis
3486 1136 3615 1180 mei,

2046 1217 2126 1269 tu,
2153 1224 2187 1260 ο
2222 1208 2405 1278 Virgo,
2437 1224 2559 1278 qua:
2585 1210 2831 1263 omnium
2868 1211 3138 1265 medicum
3172 1211 3532 1281 prOgenuisti,
3562 1219 3618 1265 et

2048 1299 2512 1369 partisjustorum
2549 1300 2633 1355 fac
2666 1315 2753 1353 me
2784 1312 3113 1369 consortem,
3145 1304 3364 1374 placans
3403 1319 3501 1374 pro
3534 1319 3618 1357 me

2046 1388 2322 1443 Christum
2353 1389 2699 1443 orationibus
2731 1390 2861 1444 tuis.

2117 1479 2161 1533 Ο
2186 1480 2687 1546 intemeratissima,
2713 1499 2834 1552 qua:
2867 1483 3109 1537 divinam
3138 1484 3310 1539 lucem
3339 1486 3619 1555 peperisti,

2051 1571 2298 1626 illumina
2331 1589 2417 1627 me
2460 1583 2681 1643 propter
2711 1576 3033 1646 omnigenas
3072 1576 3247 1632 hostis
3278 1578 3507 1634 insidias
3543 1589 3624 1635 te—

2046 1665 2229 1719 nebris
2261 1665 2590 1731 involutum,
2628 1665 2759 1721 dum
2796 1683 3068 1722 summam
3101 1684 3198 1739 per
3229 1662 3500 1740 ignaviam
3542 1672 3624 1725 vi-

2046 1764 2158 1811 tam
2193 1757 2446 1825 traduco,
2474 1767 2527 1813 et
2564 1756 2731 1813 Deum
2766 1761 2830 1814 ad
2862 1760 2997 1815 iram
3035 1776 3272 1832 provoco
3302 1780 3316 1815 :
3351 1773 3402 1817 et
3432 1779 3625 1817 manu-

2046 1850 2153 1905 duc
2187 1866 2272 1905 me
2301 1851 2367 1905 ad
2393 1851 2652 1907 honestas
2680 1862 3011 1923 sanctasque
3036 1857 3409 1926 Operationes,
3439 1864 3623 1928 utpote

1977 1935 2020 1991 Β
2051 1959 2173 2015 qua:
2200 1943 2470 1999 bonorum
2498 1945 2743 1999 omnium
2768 1960 2826 2001 es
2850 1959 3037 2002 causa.

2287 2086 2373 2141 Ea:
2410 2103 2609 2142 canone
2639 2085 2816 2143 Feriaa
2849 2087 2904 2155 6,
2937 2089 3006 2143 ad
3033 2087 3379 2143 Matutinum.

2119 2305 2399 2360 Christum
2450 2303 2503 2361 in
2550 2320 2715 2363 cruce
2761 2320 3089 2378 suspensum
3128 2320 3388 2379 tanquam
3422 2323 3621 2380 agnum

2046 2410 2174 2451 cum
2213 2398 2367 2468 Agna
2410 2398 2637 2461 videret,
2697 2398 2908 2468 cjulans
2955 2401 3265 2455 clamabat:
3321 2396 3422 2455 Ubi
3464 2402 3625 2471 periit

2047 2487 2401 2556 pulchritudo
2449 2496 2563 2555 tua,
2604 2502 2638 2543 ο
2683 2489 3078 2558 patientissime
3117 2487 3241 2556 Fili,
3273 2500 3400 2545 ante
3440 2491 3624 2545 onmia

2050 2578 2249 2633 saecula
2281 2580 2504 2651 genite?

2124 2667 2450 2724 Benedictus
2490 2669 2706 2726 fructus
2763 2670 2970 2726 ventris
3023 2671 3123 2735 tui,
3167 2684 3200 2724 ο
3260 2668 3424 2740 Virgo
3476 2672 3627 2726 omni

2052 2760 2212 2816 laude
2242 2761 2564 2830 dignissima
2597 2763 2696 2833 (8),
2742 2763 2834 2833 qui
2884 2772 3171 2831 corruptos
3214 2776 3313 2832 per
3362 2761 3625 2827 fructum,

2050 2854 2197 2924 ligno
2265 2854 2448 2910 crucis
2514 2870 2628 2910 suae
2694 2854 3123 2925 incorruptienis
3185 2856 3477 2925 participes
3546 2856 3627 2910 di-

2050 2947 2175 3001 vina
2212 2948 2387 3013 gratia
2424 2946 2624 3002 cll‘ecit.

2119 3039 2475 3095 Gemebunda
2550 3040 2718 3111 Virgo
2776 3040 2874 3095 has
2934 3055 3097 3096 voces
3154 3040 3467 3095 fundebat:
3530 3039 3627 3096 ΙΙοί

2051 3130 2208 3194 mihi,
2247 3128 2387 3185 Fili!
2418 3131 2696 3200 quomodo
2737 3132 2986 3185 intuebar
3015 3132 3067 3185 in
3101 3130 3248 3202 ligno
3281 3129 3624 3198 pendentem,

2051 3234 2104 3277 ιιι
2151 3224 2353 3293 injusta
2402 3233 2575 3280 morte
2623 3223 2957 3280 exstinctum
3005 3233 3057 3280 te
3104 3227 3197 3295 qui
3247 3240 3307 3280 es
3358 3226 3480 3279 vita:
3512 3224 3625 3280 lar-

1967 3321 2012 3384 C
2045 3313 2226 3385 gitur?

2123 3402 2285 3474 Virga
2322 3405 2662 3459 honorabilis
2694 3420 2758 3459 ac
2804 3403 3065 3476 pretiosa,
3114 3422 3236 3479 quae
3282 3422 3493 3466 ramum
3539 3413 3628 3467 in-

2044 3496 2454 3564 corruptibilem
2489 3496 2856 3565 germinavit,
2896 3497 3090 3553 videns
3116 3500 3367 3555 eumdem
3400 3499 3454 3555 in
3482 3500 3628 3572 ligno

2044 3587 2341 3641 exaltatum
2371 3626 2387 3652 ,
2424 3587 2478 3640 in
2525 3587 2625 3642 has
2666 3601 2827 3642 voces
2857 3591 3177 3657 erumpebat
3210 3608 3223 3645 :
3274 3591 3524 3657 Domine,
3560 3606 3630 3646 ne

2047 3692 2135 3733 nte
2186 3679 2391 3750 absque
2444 3679 2632 3736 liberis
2685 3694 2750 3734 ac
2795 3679 2959 3752 254
2997 3682 3164 3736 veluti
3212 3682 3455 3739 sterilem
3506 3698 3631 3740 esse

2053 3773 2301 3844 patiaris.

2124 3865 2167 3920 Ο
2220 3865 2289 3919 ab
2337 3864 2486 3919 omni
2526 3863 2742 3918 macula
2780 3863 3041 3919 immunis
3080 3863 3193 3937 (9),
3245 3878 3364 3935 post
3411 3877 3627 3937 partum

2053 3958 2415 4029 perseverasti
2489 3958 2670 4029 qualis
2735 3956 2919 4012 fueras
2988 3966 3401 4029 antepartum:
3458 3960 3627 4014 Deum

2053 4051 2198 4104 enim
2252 4050 2511 4121 genuisti,
2564 4052 2659 4121 qui
2705 4064 2803 4122 per
2848 4050 3055 4121 lignum
3096 4048 3371 4105 hominem
3417 4050 3628 4105 salvum

2053 4139 2203 4197 fecit.

2126 4235 2359 4305 Dcipara
2409 4235 2569 4305 culpa
2614 4233 2830 4305 penitus
2863 4246 3056 4289 carens
3093 4231 3227 4304 UO),
3261 4246 3491 4290 cernens
3521 4232 3631 4288 Do-

2055 4386 2289 4486 antiquo
2317 4411 2818 4486 apudBalinghem
2863 4413 2917 4470 in
2959 4414 3232 4470 Parnasso
3272 4410 3520 4468 Mariano
3550 4422 3634 4467 sa-

2055 4484 2191 4540 lutat
2221 4485 2306 4541 his
2337 4484 2518 4540 verbis
2556 4501 2571 4537 :

2475 4572 2603 4639 Ave,
2635 4590 2665 4626 ο
2698 4574 2871 4629 dulcis
2903 4574 3105 4641 Maria,

2520 4644 2720 4715 Christi
2751 4645 2923 4699 Mater
2951 4659 2996 4699 et
3025 4647 3193 4715 Filia,

2521 4714 2645 4767 Ulla
2676 4717 2790 4769 sine
2823 4716 3054 4781 macula,

2484 4784 2562 4856 Ta
2596 4803 2627 4838 a
2662 4785 2767 4838 Deo
2798 4787 3063 4856 fabricata

2520 4854 2587 4909 In
2610 4854 2859 4922 conceptu
2890 4869 3211 4925 prwsenata

2521 4925 2692 4980 Nulla
2723 4929 2893 4981 trahis
2920 4929 3138 4993 scelera,

2060 5022 2115 5066 et
2142 5015 2394 5087 quamS.
2416 5013 2721 5087 Casimirus
2749 5014 2803 5067 in
2834 5030 2937 5070 suo
2973 5016 3178 5086 hymno
3209 5016 3278 5071 de
3325 5017 3384 5071 Β.
3416 5015 3642 5087 Virgine

2060 5093 2201 5152 part.
2238 5101 2274 5139 ιι
2304 5084 2392 5140 his
2414 5085 2589 5139 verbis
2624 5085 2924 5154 alloquitur
2952 5103 2966 5139 :

2486 5155 2724 5208 Pulchra
2760 5165 2872 5208 tota
2905 5154 3019 5210 sine
3044 5166 3175 5210 nota

2521 5224 2889 5296 Cujuscunque
2924 5228 3170 5281 macula'.

2135 5329 2248 5399 (10)
2285 5331 2470 5408 Patres
2497 5334 2775 5408 communi
2827 5347 3098 5408 consensu
3149 5336 3468 5408 dignitatem
3500 5335 3639 5389 divi-

2063 5415 2148 5454 nae
2192 5404 2559 5477 t_naternitatis
2598 5404 2682 5477 ita
2733 5405 3022 5477 extollunt.
3056 5416 3114 5461 ut
3146 5404 3305 5462 ex'ea
3351 5407 3640 5477 Deiparam

2063 5472 2309 5546 caruisse
2333 5475 2479 5546 omni
2528 5472 2682 5546 culpa
2735 5475 2899 5528 etiam
2957 5478 3150 5530 veniali
3184 5472 3470 5541 deducant,
3510 5478 3640 5546 quia

2063 5556 2129 5593 ex
2158 5543 2275 5615 ipso
2309 5544 2452 5612 quod
2484 5556 2545 5597 ea
2582 5544 2636 5597 in
2689 5560 2848 5599 sacro
2899 5555 3047 5600 textu
3079 5546 3251 5602 Mater
3282 5549 3371 5601 Dei
3400 5543 3641 5602 declara-

2064 5620 2179 5685 tur,
2205 5627 2324 5685 eam
2368 5629 2559 5682 puratn
2606 5624 2661 5685 et
2707 5616 2931 5669 liberam
2986 5619 3053 5671 ab
3098 5619 3245 5674 omni
3283 5618 3443 5685 culpa
3473 5618 3640 5673 etiam

2066 5683 2261 5759 veniali
2298 5683 2561 5759 inierunt.
2592 5682 2735 5759 Cum
2788 5696 2969 5741 autem
2999 5691 3156 5758 culpa
3202 5682 3487 5759 origin-alis
3519 5698 3641 5742 tur-

2066 5750 2187 5820 pior
2217 5753 2309 5828 sit,
2336 5763 2389 5806 et
2412 5753 2667 5828 fetutinam
2707 5755 2873 5810 Deum
2924 5750 3221 5826 patrita-ram
3259 5750 3429 5828 magis
3473 5760 3640 5815 dede-

2066 5833 2206 5899 ceat,
2244 5823 2600 5899 igitursicul
2635 5828 2892 5894 praedicta
2924 5823 3281 5899 praerogativa
3325 5823 3391 5887 de
3434 5833 3639 5885 immu-

2066 5893 2236 5948 nitate
2276 5909 2307 5948 ιι
2339 5896 2494 5966 culpa
2523 5893 2777 5966 originali
2816 5900 2870 5952 in
2903 5893 3163 5971 dignitale
3195 5903 3391 5958 divina:
3441 5916 3642 5960 mater-
