4038 6606
484 386 617 451 1287

1609 383 1668 444 S.
1712 381 2029 444 JOSEPHI
2070 379 2630 445 tlYMNOGRAPiII

3568 382 3690 451 1288

482 503 691 554 minum
745 495 895 552 cruci
921 495 1164 563 allixum,
1197 496 1410 552 aiebat:
1444 494 1540 550 llei
1574 493 1885 559 mihi,,Fili,
1918 511 2057 565 quo-

2177 496 2424 560 θεοτὸκος
2480 496 2664 565 ἔλεγεν
2691 512 2704 526 °
2759 495 2829 549 Οἵ
2879 510 2990 566 μοι,
3031 494 3159 549 mi
3208 495 3322 562 πῶς
3365 496 3622 570 θνήσκειςν
3664 507 3693 574 ἡ

486 594 645 651 modo
671 592 920 656 moreris,
957 592 1067 645 vita
1102 606 1337 661 spesque
1371 586 1647 645 fidelium?

554 684 650 738 Illa
697 700 818 754 qua:
865 680 1021 739 ctelis
1051 692 1134 739 est
1180 684 1491 751 sublimior,
1524 685 1716 739 videns
1756 684 2058 747 Christum,

484 778 577 847 qui
612 777 763 833 solus
791 788 877 832 est
905 776 1225 837 altissimus,
1258 778 1311 831 in
1341 778 1487 849 ligno
1522 778 1841 842 exaltatum,
1868 787 1923 831 et
1964 777 2065 831 ini-

486 870 609 924 mici
639 869 985 926 altitudinem
1015 870 1385 941 dejicientem,
1420 871 1673 926 eumdem
1708 884 1903 941 magna
1932 884 2064 925 voce

488 957 764 1013 laudabat.

560 1050 868 1119 Splendore
923 1050 1094 1118 illius,
1132 1051 1223 1120 qui
1266 1068 1331 1107 ex
1386 1063 1435 1107 te
1485 1054 1786 1109 secundum
1841 1066 2064 1108 carnem

489 1150 716 1195 exortus
743 1151 846 1207 est,
871 1157 904 1193 ο
933 1141 1115 1212 Virgo,
1149 1143 1357 1198 illustra
1393 1152 1626 1198 mentem
1658 1160 1853 1207 meam,
1888 1153 1942 1197 et
1969 1156 2065 1196 cor

490 1250 670 1288 meum
724 1236 994 1300 illumina,
1045 1236 1295 1291 tenebras
1338 1238 1545 1306 peccati
1592 1238 1909 1307 dispellens,
1946 1251 2065 1290 om-

488 1342 721 1397 nemque
757 1329 1023 1383 socordiae
1057 1345 1191 1383 mea:
1228 1330 1484 1383 nebulam
1521 1329 1817 1400 dissipans.

736 1474 819 1528 Ea:
852 1491 1049 1528 canone
1104 1473 1332 1529 Sabbati
1372 1474 1441 1528 ad
1472 1474 1814 1529 Matutinum.

559 1598 641 1653 Me
676 1615 890 1668 semper
938 1599 1216 1668 proposito
1251 1599 1618 1661 excidentem,
1664 1610 1950 1669 menteque
1988 1601 2067 1654 in-

490 1692 767 1753 stabilem,
809 1691 1099 1761 pravisque
1139 1691 1565 1761 cogitationibus
1615 1692 1975 1757 abstracium,
2012 1703 2068 1746 ct

492 1787 756 1849 illectum,
793 1794 846 1837 et
875 1784 966 1853 qui
992 1799 1076 1837 me
1106 1783 1280 1852 ipsum
1307 1798 1399 1852 per
1429 1798 1701 1836 summam
1733 1783 2062 1838 dementiam

2164 588 2278 660 ζωὴ
2309 589 2405 643 καὶ
2434 589 2587 652 ἐλπὶς
2612 588 2722 643 τῶν
2750 589 2958 642 πιστῶν

2248 679 2311 732 Ἦ
2353 680 2463 733 τῶν
2490 680 2736 750 οὐρανῶν
2774 679 3102 753 ὑψηλοτέρα,
3145 679 3421 751 ὐψωθέντα
3473 682 3528 734 ὲν
3574 680 3697 753 ξύλῳ

2164 772 2259 825 καὶ
2323 774 2740 842 καταράσσοντα
2810 774 2912 836 τὰς
2963 772 3204 843 ὐψώσεις
3265 771 3459 844 ἐχθροῦ
3512 773 3698 846 θεωρή-

2164 880 2301 917 σασα
2346 864 2438 917 τὸν
2489 864 2650 936 μόνον
2700 863 2945 932 ὕψιστον,
2998 865 3226 937 ἀνύμνει
3276 866 3504 936 Χριστὸν
3548 883 3700 937 μεγα-

2164 954 2439 1023 λοφώνως.

2236 1047 2453 1116 Φέγγει,
2487 1047 2756 1118 Παρθένε,
2786 1048 2880 1102 τοῦ
2907 1049 2972 1101 ὲκ
3021 1047 3114 1102 σοῦ
3141 1047 3513 1111 ἀνατείλαντος
3537 1049 3699 1117 σαρκὶ,

2165 1140 2256 1194 τὸν
2286 1138 2410 1193 νοῦν
2438 1157 2539 1210 μου
2570 1140 2939 1210 καταύγασον,
2976 1142 3073 1194 καί⁷
3101 1140 3199 1211 τὴν
3225 1139 3445 1211 καρδίαν
3475 1138 3704 1209 φώτισον,

2166 1231 2261 1284 καὶ
2316 1232 2505 1297 σκότος
2558 1232 2830 1287 διώκουσα
2875 1232 2974 1303 τῆς
3027 1232 3324 1303 ἁμαρτίας,
3366 1230 3586 1300 καὶτῆς
3626 1234 3708 1301 ρᾳ-

2167 1320 2368 1393 Θυμίας
2402 1341 2505 1393 μου
2532 1324 2751 1378 ἅπασαν
2782 1324 2880 1396 τὴν
2907 1325 3075 1395 ἀχλὺν
3096 1324 3493 1380 ἀπελαύνουσα.

2179 1468 2281 1523 Ἐκ
2316 1468 2422 1523 τοῦ
2450 1469 2710 1535 κανόνος
2745 1468 2850 1524 τοῦ
2874 1468 3202 1537 Σαϐϐἀτου,
3234 1472 3322 1537 εις
3340 1470 3444 1525 τὸν
3466 1472 3711 1540 Ὀρθρον.

2239 1595 2434 1666 Γνώμη
2483 1597 2854 1651 ὀλισθαίνοντα
2902 1599 2989 1651 ἀεὶ
3029 1599 3125 1652 καὶ
3163 1597 3448 1669 λογισμοῖς
3485 1605 3711 1671 πονηροῖς

2166 1687 2545 1758 ὲξελκόμενσν,
2592 1689 2688 1742 καὶ
2745 1688 3152 1760 δελεαζόμενον,
3212 1691 3582 1762 φρενοῦλαόῶς
3621 1695 3715 1763 γὲρ

2168 1783 2279 1843 τοῖς
2319 1779 2534 1850 ἐχθροῖς
2562 1781 2887 1852 εὐχείρωτον
2905 1782 3024 1836 ὅλον
3056 1784 3343 1863 γεγονότα,
3377 1782 3451 1854 μὴ
3479 1783 3711 1856 ὑπερίδῃς

495 1887 667 1934 totum
698 1878 937 1933 inimicis
968 1877 1151 1932 dedidi
1187 1886 1245 1933 ut
1278 1894 1364 1935 me
1398 1878 1654 1935 facillime
1684 1888 1961 1949 caperent,
1997 1895 2064 1936 ne

2177 1889 2259 1944 με,
2293 1874 2579 1929 Δέσποινα.

490 1970 785 2040 despicias,
814 1984 848 2023 ο
882 1969 1131 2025 Domina.

563 2063 607 2118 Ο
639 2062 1052 2117 tabernaculum
1081 2060 1240 2117 ccelis
1288 2060 1424 2132 ipsis
1470 2062 1774 2132 augustius,
1810 2062 2069 2133 populum

494 2164 647 2209 tuum
680 2155 734 2208 in
778 2154 879 2208 hoc
906 2166 1001 2208 tuo
1040 2152 1395 2208 tabernaculo
1430 2154 1497 2207 ad
1526 2164 1647 2208 luas
1679 2153 1864 2208 laudes
1887 2155 2073 2208 conri-

495 2248 703 2301 nendas
743 2245 1179 2310 convenientem,
1233 2246 1538 2301 cmlcstium
1593 2246 2071 2302 tabernaculorum

494 2338 580 2394 l'ac
640 2337 981 2406 participem,
1037 2336 1376 2391 lerventibus
1443 2336 1697 2403 precibus
1758 2336 1866 2389 tuis
1931 2334 2072 2406 apud

493 2431 796 2493 Christum,
838 2444 998 2498 quem
1040 2428 1300 2500 genuisti,
1350 2432 1598 2483 omnium
1656 2428 1945 2483 Dominum
2007 2442 2074 2483 ac

496 2524 918 2579 dominatorem.

571 2613 819 2669 Scientes
848 2622 900 2667 te
925 2627 1049 2668 esse
1080 2611 1341 2682 templum
1389 2610 1597 2682 gloriae,
1626 2626 1658 2667 ο
1692 2612 2073 2675 immaculata,

499 2708 552 2760 in
586 2706 788 2775 templo
837 2715 930 2759 tuo
979 2703 1290 2758 venerande
1337 2703 1673 2774 congregati,
1722 2704 2075 2759 devotissime

500 2799 861 2869 imploramus
894 2797 1158 2850 auxilium
1197 2805 1373 2858 tuum,
1424 2805 1698 2865 quatenus
1728 2811 1827 2866 per
1849 2810 2077 2851 venera-

500 2891 665 2945 bilem
700 2888 1149 2944 intercessioncm
1187 2897 1335 2942 tuam
1380 2887 1611 2942 salutem
1653 2903 2073 2958 consequamur,

502 2999 536 3038 0
563 2991 712 3037 easta
750 2978 937 3050 Virgo.

571 3077 947 3144 Agnosccntes
981 3080 1033 3127 te
1060 3079 1285 3125 matrem
1332 3068 1500 3133 illius,
1536 3069 1629 3139 qui
1671 3069 1947 3125 voluntate
1976 3084 2077 3124 sua

503 3168 757 3223 universa
810 3163 1037 3227 creavit,
1093 3161 1163 3217 ad
1210 3161 1455 3217 divinum
1511 3163 1770 3233 templum
1824 3171 2003 3224 tuum,
2044 3176 2077 3217 ο

2245 2052 2770 2129 Σκηνὴ¹πλατυτέρα
2795 2057 3062 2131 οὐρανῶν,
3109 2058 3237 2113 λαόν
3278 2077 3374 2115 σου
3417 2060 3716 2132 συνερχόμε-

2172 2167 2263 2202 νον
2297 2152 2353 2203 ὲν
2383 2152 2448 2222 τῇ
2485 2152 2656 2223 σκηνῇ
2689 2168 2783 2221 σου
2824 2153 2996 2225 ταύτῃ
3027 2151 3263 2224 ὑμνῆσαί
3306 2169 3367 2206 σε
3410 2153 3610 2223 σκηνῶν
3635 2154 3719 2207 ἀύο

2173 2242 2281 2295 λων
2315 2243 2539 2312 μέτοχον
2568 2244 2793 2315 ποίησον
2820 2247 2887 2317 τῇ
2922 2245 3100 2317 θερμῇ
3131 2244 3316 2315 δεήσει
3351 2262 3443 2298 σου
3465 2244 3591 2317 πρὸς
3610 2244 3718 2315 X9:-

2173 2337 2266 2391 τὸν
2324 2337 2382 2390 ὃν
2410 2337 2625 2404 ἔτεκες,
2649 2338 2741 2392 τὸν
2764 2339 3041 2411 Δεσπότην
3072 2340 3337 2394 ἁπάντων
3375 2339 3469 2393 καὶ
3523 2339 3719 2409 Κύριον.

2248 2610 2400 2665 Ναόν
2435 2628 2496 2665 σε
2529 2611 2630 2682 τῆς
2672 2611 2833 2682 δόξης
2880 2612 3258 2685 ἐπιστάμενοι,
3290 2614 3547 2686 ἄχραντε,
3585 2615 3636 2667 ἐν
3658 2614 3723 2684 τῷ

2179 2704 2367 2775 σεπτῷ
2398 2704 2873 2777 συναθροιζόμενοι
2897 2706 3124 2775 πιστῶς,
3152 2706 3251 2779 τὴν
3272 2707 3376 2780 σὴν
3400 2707 3725 2777 ἐξαιτούμεθα

2178 2794 2524 2869 θεοπρεπῶς,
2557 2796 2698 2867 ἁγνὴ
2723 2796 2994 2869 Παρθένε,
3037 2796 3318 2871 βοήθειαν,
3350 2798 3443 2853 καὶ
3475 2799 3539 2869 τῇ
3576 2800 3722 2868 σεπτῇ

2179 2904 2276 2942 σου
2307 2888 2508 2959 πρεσϐε
2520 2888 2575 2960 ίᾳ
2602 2887 2909 2959 σωζόμεθα.

2250 3072 2478 3145 Μητέρα
2526 3089 2585 3129 σε
2639 3072 2737 3127 τοῦ
2784 3073 2853 3127 τὰ
2908 3073 3088 3128 πάντα
3129 3073 3387 3145 βουλήσει
3436 3077 3727 3148 ποιήσαντος

2180 3164 2543 3234 γινώσκοντες
2569 3181 2648 3237 τῳ
2673 3162 2788 3236 ναῷ
2818 3181 2913 3218 σου
2953 3164 3031 3236 τῷ
3063 3164 3191 3236 θείῳ
3230 3167 3650 3239 προστρέχομεν,
3678 3170 3726 3221 ἐν

501 3261 685 3331 Virgo,
712 3257 1076 3322 occurrimus,
1113 3266 1275 3326 atque
1308 3255 1361 3309 in
1394 3268 1461 3309 co
1498 3269 1808 3324 precamur,
1843 3262 1903 3308 ut
1924 3268 2077 3310 erro-

2185 3257 2336 3328 αὐτῷ
2386 3256 2697 3328 αἰτούμενοι
2741 3259 2809 3328 τῇ
2859 3257 3107 3330 μεσιτείᾳ
3142 3275 3259 3324 σου,
3296 3259 3560 3332 Παρθένε,
3600 3258 3730 3313 λύσιν

505 3370 625 3409 rum
665 3362 980 3409 nostrorum
1013 3351 1170 3405 venia
1192 3364 1285 3421 per
1318 3358 1467 3404 tuam
1499 3347 1886 3403 mediationem
1919 3346 2079 3402 nobis

500 3444 855 3503 coocedatnr.

575 3536 738 3607 255
769 3535 812 3591 Ο
834 3534 1025 3600 Maria,
1062 3532 1418 3603 purissimum
1457 3529 1617 3586 Verbi
1649 3527 2079 3593 tabernaculum,

505 3629 730 3698 purilica
763 3644 792 3682 a
817 3626 999 3698 pravis
1024 3624 1405 3679 allectionibus
1433 3639 1529 3679 eor
1561 3638 1766 3687 meum,
1795 3621 2081 3689 divinique

502 3717 740 3791 Spiritus
762 3735 857 3774 vas
882 3716 1143 3773 mundum
1185 3714 1316 3768 illud
1341 3714 1510 3778 ellice,
1538 3721 1597 3767 ut
1631 3710 1843 3767 laudem
1878 3717 1934 3765 et
1966 3724 2083 3763 ma-

504 3812 753 3884 gniliccm
799 3821 848 3865 te
883 3808 1032 3865 omni
1063 3807 1224 3863 laude
1257 3806 1660 3877 dignissimam.

583 3902 712 3957 Esto
743 3900 877 3957 mihi
915 3899 1225 3965 mediatrix,
1258 3911 1291 3952 ο
1324 3897 1735 3967 benignissima,
1793 3895 1934 3964 apud
1980 3893 2086 3948 Do-

504 3996 712 4047 miuum
741 3998 832 4063 qui
866 4008 930 4047 ex
980 4003 1032 4046 te
1064 4002 1224 4045 natus
1258 4000 1365 4054 est,
1413 3998 1526 4043 uta
1556 3990 1819 4059 gehennae
1848 3986 2086 4041 ﬂammis

504 4088 701 4156 eripiat
729 4101 833 4151 me,
891 4099 955 4155 ac
1004 4083 1213 4138 cmlesti
1276 4096 1442 4153 regno
1479 4082 1707 4153 dignum
1750 4081 1936 4145 faciat,
1969 4081 2086 4135 cla-

508 4185 788 4233 mantem:
822 4175 1138 4231 Laudabilis
1185 4183 1241 4230 et
1287 4173 1729 4244 supergluriosus
1795 4170 1939 4229 Deus
1985 4172 2088 4227 Pa-

504 4283 676 4335 trum,
710 4282 817 4327 etc.

581 4366 625 4419 0
654 4362 818 4433 Virgo
855 4372 965 4418 tota
990 4360 1194 4425 lucida,
1227 4373 1348 4430 qua:
1377 4356 1515 4414 locis
1542 4357 1787 4414 datorem
1823 4356 1993 4413 Deum
2033 4358 2088 4411 in

506 4457 684 4512 lueem
717 4456 956 4518 edidisti,
1004 4453 1251 4509 illumina
1284 4452 1473 4508 oculos
1495 4451 1677 4506 cordis
1733 4450 1839 4505 mei
1885 4450 2090 4504 lumine

2186 3350 2527 3421 σφαλμάτων
2559 3350 2909 3421 κομίσασθαι.

2255 3537 2465 3609 Μαρία,
2538 3535 2782 3610 καθαρὸν
2836 3536 2929 3591 τοῦ
2988 3537 3165 3607 Λόγου
3224 3539 3514 3609 σκήνωμα,
3567 3537 3727 3591 παθῶν

2184 3630 2600 3703 ὲναποκάθαρον
2630 3630 2729 3701 τὴν
2755 3629 2982 3703 καρδίαν
3008 3647 3133 3701 μου,
3171 3633 3267 3685 καὶ
3298 3632 3498 3693 σκεῦος
3521 3628 3731 3701 καθαρὸν

2187 3724 2501 3791 Πνεύματος
2526 3720 2619 3776 τοῦ
2651 3721 2796 3775 θείου
2821 3722 3171 3788 ἀποτέλεσον,
3210 3722 3299 3776 ἶνα
3346 3719 3502 3783 ὐμνῶ
3529 3722 3617 3774 καὶ
3646 3736 3727 3789 μι-

2186 3813 2402 3883 γαλύνω
2435 3830 2495 3867 σε
2524 3813 2624 3885 τὴν
2650 3812 3001 3883 πανύμνητον

2261 3905 2403 3977 Πρὸς
2425 3905 2517 3958 τὸν
2546 3906 2611 3958 ὲκ
2643 3904 2737 3958 σοῦ
2768 3903 3098 3974 γεννηθέντα
3128 3901 3339 3974 Κύριον
3368 3901 3525 3972 γενοῦ
3551 3899 3733 3972 μεσξτις

2187 3995 2390 4067 ἀγαθὴ,
2440 3994 2540 4065 τῆς
2595 3994 2822 4063 γεέννης
2871 3995 2966 4046 καὶ
3020 3992 3112 4046 τοῦ
3158 3993 3329 4063 πυρὸς
3364 3993 3510 4057 ὅπως
3556 4008 3617 4062 με
3657 3989 3734 4042 h-

2186 4086 2396 4158 τρώσῃ,
2432 4086 2526 4139 καὶ
2576 4083 2889 4157 καταξιώσῃ
2935 4100 3001 4154 με
3038 4083 3137 4153 τῆς
3182 4084 3464 4155 βασιλείας
3518 4081 3733 4153 κραυγά-

2189 4180 2390 4245 ζονταο
2438 4178 2495 4232 '0
2528 4176 2737 4242 αίνετὸς
2778 4176 2887 4230 τῶν
2920 4177 3176 4248 πατέρων
3227 4176 3365 4243 Θεὸς
3404 4177 3497 4231 καὶ
3533 4173 3734 4245 ὐπερέν-

2188 4270 2359 4338 δοξος.

2260 4360 2575 4432 Φωτοδότην
2626 4359 2826 4425 τέξασα
2876 4357 3044 4424 Θεὸν,
3099 4359 3343 4428 ὁλόφωτε
3396 4355 3649 4429 Παρθίνε,
3682 4350 3737 4405 τὰ

2190 4456 2417 4527 ὄμματα
2464 4453 2564 4522 τῆς
2620 4452 2849 4523 καρδίας
2888 4469 2989 4523 μου
3038 4452 3390 4521 καταύγασον
3444 4450 3577 4521 φωτὶ
3624 4442 3736 4500 θεοῦ

504 4550 707 4605 divinae
742 4547 1094 4617 cognitionis,
1130 4554 1188 4600 ut
1228 4552 1444 4600 cantem
1477 4560 1489 4597 :
1519 4541 1712 4597 Omnia
1750 4556 1940 4613 opera,
1974 4540 2077 4595 lau-

2195 4543 2564 4613 ἐπιγνώσεως,
2617 4543 2698 4607 εἰς
2734 4541 2795 4595 τὸ
2845 4542 3098 4611 μέλπειν,
3138 4543 3322 4596 Πάντα
3370 4542 3438 4596 τὰ
3486 4539 3634 4613 ἔργα,
3663 4536 3737 4589 τὸν

502 4640 631 4695 date
667 4638 980 4701 Dominum,
1011 4643 1096 4689 etc

584 4817 924 4872 llorrescunt
957 4811 1212 4869 caelestes
1245 4811 1540 4879 exercitus,
1572 4812 1819 4869 videntes
1840 4811 2086 4867 divinum

512 4910 690 4966 Patris
719 4907 1064 4978 splendorem
1093 4902 1442 4959 ineil‘abiliter
1469 4905 1522 4958 in
1543 4905 1798 4960 manibus
1825 4906 1933 4961 tuis
1957 4919 2091 4959 con-

513 5003 742 5065 tineri,o
766 5000 931 5071 Virgo
957 5006 1129 5051 mater
1147 4995 1462 5065 purissima,
1485 4995 1901 5051 similitudinem
1926 5006 2091 5065 atque

512 5095 805 5161 imaginem
837 5102 984 5146 tuam
1017 5087 1331 5154 habentem,
1364 5097 1423 5141 ut
1448 5088 1698 5143 homines
1732 5086 1844 5143 Deo
1879 5086 2090 5143 similes

511 5187 727 5243 elliciat.

620 5308 702 5362 Ea:
730 5326 927 5364 canone
964 5312 1112 5380 ferire
1162 5312 1219 5379 2,
1250 5311 1318 5366 ad
1350 5309 1694 5365 .llatulinum.
1728 5311 1862 5368 Tom‘
1904 5312 1988 5369 11.

589 5491 628 5540 0
655 5491 814 5545 unica
849 5489 957 5545 Deo
994 5492 1318 5548 charissima
1353 5494 1552 5563 puella,
1583 5512 1707 5565 qua:
1748 5494 1952 5551 lentem
1983 5496 2090 5550 im-

2119 4612 2163 4667 θ
2195 4612 2399 4707 Κύριον
2432 4635 2674 4707 ὑμνεῖτε,
2714 4634 2812 4688 καὶ
2863 4634 3242 4706 ὐπερυψοῦτε,
3281 4635 3364 4698 είς
3396 4612 3596 4693 πάντας
3633 4629 3737 4689 τοὺς

2194 4727 2418 4791 αἰῶνας.

2265 4821 2481 4891 Φρίττει
2510 4819 2671 4889 νοερὰ
2701 4819 3083 4891 στρατεύματα
3107 4819 3168 4875 τὺ
3193 4820 3287 4873 τοῦ
3322 4818 3533 4890 Πατρὸς
3558 4814 3738 4886 ὁρῶντα

2198 4912 2341 4965 θεῖον
2372 4910 2717 4981 ἀπαύγασμα
2762 4929 2858 4965 σου
2891 4912 2950 4965 ὲν
2978 4915 3096 4975 ταῖς
3131 4914 3322 4985 χερσὶν
3352 4906 3737 4983 ἁνερμηνεύτως

2198 5000 2593 5073 κρατούμενον,
2639 5002 2734 5054 καὶ
2783 5003 2844 5055 τὸ
2881 5003 2972 5056 σὺν
3009 5004 3348 5073 κεκτημένον
3375 5003 3637 5074 ὁμοίωμα,
3666 4996 3738 5048 ἵνα

2198 5093 2421 5165 βροτοὺς
2456 5095 2657 5165 θεώσῃ,
2694 5094 3116 5167 Παρθενομῆτορ
3147 5096 3479 5165 πανάμωμε.

2213 5312 2313 5368 Ἐκ
2346 5312 2452 5366 τοῦ
2479 5314 2736 5377 κανόνος
2767 5312 3209 5456 τῆθΙδευτῖρας,
3248 5318 3336 5384 εἰς
3369 5317 3477 5373 τὸν
3500 5314 3739 5383 Ὄρθρον.

2914 5402 3023 5453 χος
3092 5392 3123 5440 ’.

2914 5402 3023 5453 χος
3060 5392 3123 5453 β’·

2287 5492 2351 5545 Ἦ
2382 5492 2481 5565 τὴν
2509 5495 2693 5566 πηγὴν
2724 5498 2821 5566 τῆς
2861 5494 3129 5562 ἀπαθείας
3161 5499 3434 5568 κυήσασα,
3468 5509 3742 5568 τραυματι-

521 5668 1920 5746 uitatisvirtualiterincluditur,itagimmunitatem
1952 5678 2103 5746 ejus-
2212 5676 2369 5733 ail'ert
2424 5680 2611 5736 Patres
2663 5680 3245 5739 incontaminationem
3293 5694 3345 5738 et
3405 5679 3743 5737 omnimodam

520 5741 1009 5825 dieingabnoriginali
1051 5744 1110 5823 in
1153 5759 1223 5825 ea
1269 5744 1516 5825 denotari
1554 5741 2104 5825 ILCLLCSSC_QSI..Vlde
2211 5750 2453 5825 Virginis
2480 5751 2770 5825 puritatem
2811 5754 2879 5808 ab
2926 5756 3073 5810 omni
3110 5755 3285 5825 culpae
3332 5768 3529 5825 genere
3577 5749 3746 5804 divina:

518 5808 988 5880 Nierermbergium
1051 5813 1103 5866 in
1153 5814 1539 5884 Sacrosyllabo
1576 5812 1603 5886 §
1638 5814 1699 5882 7,
1757 5817 1847 5869 ubi
1916 5818 2100 5886 plures

2215 5820 2544 5875 maternitati
2576 5823 2896 5878 tribuentes.
