4038 6640
271 501 408 566 129

1642 485 2004 548 MARIALE.

3374 466 3508 530 13290

273 617 472 671 σθέντα
504 613 722 681 πάθεσι,
770 612 944 685 Κόρη,
976 610 1334 683 θεράπευσον,
1379 624 1473 661 και
1508 602 1673 675 πυρὸς
1711 603 1842 655 αἰω-

1974 597 2325 655 ιοεείὺίιίιοιίε
2387 592 2665 666 peperisti,
2718 589 2912 643 anima:
2980 602 3113 644 meae
3164 584 3513 659 passionibus

269 709 381 762 νὶου
407 706 719 776 ὲξάρπασόν
760 723 850 777 με,
887 705 1025 775 μόνη
1048 702 1450 773 πΘεοχαρίτωτε.

357 891 558 960 Ἀρχὴν
602 888 714 943 ὑπὸ
744 890 932 961 χρόνον
980 887 1215 959 εἰληφὼς
1258 887 1580 942 πιστεύεται
1630 888 1696 940 ἐκ
1754 884 1846 937 σοῦ

272 981 302 1033 6
330 980 539 1052 χρόνων
569 978 930 1051 Δημιουργος,
970 976 1540 1050 Μῆτερρειπάρθενε.

346 1162 653 1234 Σαρκοῦται
680 1160 739 1227 ἐξ
773 1160 953 1231 ἁγνῶν
985 1161 1234 1237 αἱμάτων
1264 1177 1383 1227 σου,
1414 1160 1510 1214 καὶ
1543 1158 1852 1233 ἀνθρώποις

272 1253 492 1312 ἑνοῦται
528 1254 697 1311 θέλων
729 1256 758 1308 6
790 1256 1017 1325 Κύριος,
1066 1253 1328 1325 ἄχραντε,
1372 1255 1466 1309 καὶ
1500 1254 1719 1324 δέχεται
1755 1271 1853 1325 με·

273 1348 603 1413 τανοοῦντας
631 1350 759 1413 τοὺς
785 1351 921 1420 πρῖν
951 1347 1290 1418 ὑπαχθέντας
1319 1345 1701 1419 ἁμαρτήμασι,
1732 1347 1851 1409 ταῖς

278 1446 402 1507 σαῖς
440 1442 614 1507 λιταῖς
648 1442 738 1497 ἀεὶ
772 1439 1331 1512 κατακαμπτόμενος.

346 1534 486 1588 Νέον
511 1532 588 1596 ὡς
627 1530 827 1603 βρέφος
869 1532 1001 1602 ἡμῖν
1032 1529 1125 1584 τὸν
1163 1528 1490 1601 προαιὼνιον
1539 1527 1669 1583 Υίδν
1704 1528 1854 1582 τέτο-

270 1640 401 1689 ιιας,
425 1621 742 1693 θελητιιιαῖς
760 1620 913 1676 δυσὶν
928 1618 1250 1691 ἐνεργείαις
1275 1614 1853 1690 ὁπάρχονταμδιπλοῦν,

275 1718 352 1781 ῶς
386 1715 675 1787 ἄνθρωπον
706 1714 824 1785 ειμι
847 1712 982 1769 Θεόν
1009 1728 1093 1778 τε,
1128 1710 1464 1783 πανάριιιιιμι⁸

360 1906 458 1960 Ἐκ
504 1902 697 1960 πασῶν
744 1900 951 1973 γενεῶν
988 1898 1109 1967 ,ἐξελ
1123 1897 1285 1966 ἐξατό
1331 1914 1391 1952 σε
1433 1896 1537 1971 τὴν
1590 1895 1855 1969 καλλονὴν

1950 691 2206 747 sauciata:
2266 688 2533 743 medicam
2583 699 2807 738 manum
2857 680 3106 745 admove,
3171 688 3223 736 ct
3270 680 3338 733 ab
3388 679 3513 750 igne

1948 793 2149 839 interno
2178 782 2325 853 eripe
2356 795 2462 837 me.

2023 878 2114 931 Ille
2143 876 2236 947 qui
2272 884 2356 931 est
2390 883 2583 930 auctor
2619 881 2671 927 et
2702 870 2954 927 conditor
2991 880 3313 939 temporum,
3340 865 3518 925 credi»

1954 983 2043 1028 tur
2061 987 2168 1025 acc~
2195 971 2339 1039 pisse
2378 984 2441 1023 ex
2497 976 2568 1029 tc,
2613 980 2647 1020 ο
2694 964 2863 1019 Mater
2908 972 2962 1018 et
3016 961 3179 1035 Virgo
3232 970 3492 1035 perpetua

1953 1064 2244 1132 temporale
2271 1059 2618 1131 principium.

2025 1157 2348 1211 tucarnatur
2377 1169 2443 1208 ex
2473 1151 2642 1208 castis
2683 1150 3043 1222 sanguinibus
3068 1150 3197 1213 tuis,
3227 1163 3292 1205 ac
3322 1149 3515 1205 volun‘

1956 1247 2089 1302 tarie
2116 1244 2431 1301 hominibus
2453 1243 2661 1307 unitur,
2686 1257 2751 1299 ac
2780 1241 3091 1312 suscipitad
3144 1242 3519 1312 paenitentiam

1953 1351 2048 1392 eos
2070 1335 2165 1406 qui
2205 1345 2365 1392 antea
2413 1332 2652 1403 peccatis
2695 1330 2927 1401 subjecti
2986 1330 3225 1397 fuerant,
3281 1331 3522 1388 assiduis

1955 1424 2336 1496 precibusmis
2356 1433 2613 1479 exoratus
2647 1422 2979 1487 Dominus,o
3009 1421 3361 1479 immaculata
3387 1423 3525 1495 (ll).

2024 1514 2236 1571 Novum
2267 1512 2718 1578 velutlnfantem,
2764 1514 2923 1568 nobis
2965 1514 3240 1583 peperisti,
3276 1529 3309 1571 ο
3343 1516 3526 1588 puris-

1954 1609 2115 1676 sima,
2143 1606 2340 1667 Filium
2371 1608 2463 1680 qui
2491 1616 2576 1665 est
2605 1615 2732 1664 ante
2751 1606 2937 1663 omnia
2966 1607 3164 1663 saecula
3190 1625 3205 1663 :
3236 1607 3291 1665 in
3323 1608 3529 1680 duplici

1958 1711 2175 1768 natura,
2208 1703 2553 1774 duarumque
2582 1702 2924 1759 voluntatum
2965 1702 3303 1773 operatione,
3341 1712 3529 1774 utpote

1952 1792 2127 1853 Deum
2153 1794 2315 1852 simul
2335 1803 2388 1851 et
2411 1794 2711 1851 hominem.

2029 1885 2193 1959 256
2225 1886 2454 1943 Creator
2487 1886 2649 1957 elegit
2683 1895 2734 1942 te
2764 1886 2997 1958 speciem
3029 1884 3199 1945 Jacob
3238 1902 3410 1961 quam
3445 1887 3531 1945 di-

288 1998 511 2063 ‘laxt‘u6,
549 1998 616 2069 ἢν
640 1970 926 2068 ἠγάπησεν
954 1996 983 2050 6
1013 1993 1270 2066 Ποιητὴς,
1297 1970 1634 2062 naviumin,
1670 1992 1767 2049 καὶ.
1786 1992 1858 2047 ἐκ

1974 1979 2114 2041 exit,
2153 1993 2219 2033 ex
2257 1979 2515 2035 omnibus
2539 1978 3017 2052 generationibus,
3056 1994 3092 2037 ο
3133 1980 3533 2040 immaculatis-

281 2087 377 2145 σοῦ
410 2086 702 2152 ἀνατείλας
733 2085 1030 2156 ὲπέφανεν.

358 2179 551 2234 Ἀΰλου
582 2178 759 2249 φωτὸς
785 2178 1103 2249 οἰκητήριον
1132 2176 1165 2246 ἠ
1217 2174 1286 2247 σὴ
1347 2175 1535 2246 μήτρα
1565 2172 1859 2244 γεγένηται

286 2271 377 2327 τοῦ
422 2271 798 2345 φρυκτωρίαις
832 2270 983 2336 θείας
1024 2268 1280 2340 γνώσεως
1326 2267 1426 2340 τὴν
1459 2266 1651 2322 ἁθείαν
1696 2265 1862 2338 με.ιὼ-

282 2380 501 2429 σαντος,
563 2362 803 2434 ἇχραντε
873 2361 1160 2433 Θεόνυμφε
1214 2359 1391 2431 Κόρη,
1447 2357 1508 2413 ὃν
1566 2357 1863 2430 ὕμνοῦντες

283 2452 696 2526 κραυγάζομενο
722 2451 1027 2524 Εὐλογητὸς
1060 2447 1133 2519 εἰ,
1176 2450 1205 2505 6
1228 2449 1359 2517 Θεὸς
1391 2452 1420 2506 6
1450 2450 1557 2506 τῶν
1607 2449 1862 2535 πατέρῳν

274 2545 463 2617 ἡμῶν.

370 2728 843 2802 Ἐξασθενήσασαν
866 2726 1088 2792 πολλαῖς
1109 2728 1437 2801 προσϐολαῖς
1462 2727 1559 2783 τοῦ
1601 2729 1865 2805 πονηροῦ,

286 2822 683 2897 Θεογεννῆτορ,
714 2823 813 2895 τὴν
842 2822 1035 2877 ἀθλίαν
1070 2821 1252 2893 ψυχήν
1289 2839 1393 2893 μου
1420 2824 1535 2885 ταῖς
1570 2823 1868 2894 ρωστικαῖς

291 2930 390 2966 σου
417 2914 610 2981 λιταῖς,
638 2913 907 2985 Παρθένε,
937 2913 1069 2985 ὑγιῆ
1098 2914 1432 2984 ἁπέργασαι,
1466 2913 1554 2967 ῖνα
1580 2931 1640 2967 σε
1663 2912 1869 2979 δοξάζω

289 3007 374 3069 είς
410 3007 621 3071 πάντας
646 3008 770 3070 τοὺς
792 3007 1018 3070 αίῶνας.

364 3096 552 3153 Φξῖσαί
572 3097 931 3169 μοννΚύριε,
970 3099 1156 3167 φεῖσαι
1179 3135 1197 3163 ,
1228 3097 1358 3155 ὅταν
1392 3095 1702 3168 ,μέλλῃςεμε
1746 3098 1870 3169 κρῖ-

292 3200 411 3252 ναι,“
441 3190 536 3245 καὶ
568 3189 652 3261 μὴ
686 3190 1059 3262 καταδικάσῃς
1092 3207 1174 3262 με
1208 3190 1289 3255 είς
1322 3188 1457 3261 πῦρ,
1484 3189 1570 3262 ’μὴ
1600 3189 1680 3260 τῷ
1713 3188 1872 3263 θυμῷ

292 3296 393 3335 σου
421 3279 649 3352 ἐλέγξῃς
685 3297 774 3352 με’
806 3282 1048 3339 δυσωπεῖ
1092 3298 1152 3335 σε
1187 3281 1459 3351 Παρθένος
1489 3282 1523 3353 ἡ
1562 3282 1619 3335 δὲ
1668 3298 1870 3352 κυοφο-

293 3373 533 3443 ρήσασα,
577 3373 801 3444 Χριστὲ,
836 3376 943 3428 τῶν
983 3374 1232 3444 ἀγγέλων
1260 3374 1331 3428 τὰ
1379 3372 1583 3445 πλήθη,
1638 3372 1870 3431 καὶτῶν

295 3461 599 3535 μαρτύρων
637 3464 915 3534 σύλλογος.

338 3591 439 3646 Ἕκ
462 3591 582 3648 τοῦ
619 3592 878 3660 κανόνος
905 3590 1016 3662 τῆς
1054 3592 1265 3663 ,τρίτης
1305 3595 1393 3661 είς
1420 3592 1530 3649 τὸν
1562 3596 1837 3666 ὀρθρον.

366 3704 676 3777 Φλογοφόρε
723 3705 902 3770 λαὸὶς,
948 3705 1026 3777 ἢν
1064 3706 1293 3771 Ἡσαΐας
1344 3707 1538 3780 ἔῦλεψέ
1593 3726 1755 3776 ποτε,
1806 3710 1877 3765 τὰ

297 3796 479 3867 ὑλώδη
501 3796 604 3867 τῆς
630 3799 771 3868 ὲμῆς
796 3798 1027 3869 καρδίας
1058 3798 1228 3871 πάθη,
1260 3799 1652 3873 Θεογεννῆεορ,
1685 3801 1877 3872 φλέξον

297 3884 397 3937 καὶ
439 3887 520 3947 εἰς
546 3886 701 3952 τέλος
733 3887 1015 3957 ἀφάνισον.

371 3976 661 4049 Γαλουχεῖς
705 3979 1112 4050 μητροπρεπῶς
1140 3981 1232 4035 τὸν
1280 3982 1487 4055 τροφέα
1534 3983 1630 4037 τοῦ
1678 3984 1880 4048 παντὸς

299 4066 398 4120 καὶ
442 4066 628 4139 φέρεις
660 4068 849 4122 τοῦτον
893 4069 951 4122 ἐν
983 4070 1271 4137 ἀγκάλαις,
1324 4071 1486 4143 ἁγνὴ,
1517 4072 1607 4127 τὸν
1639 4072 1709 4126 τὰ
1742 4072 1879 4144 σύμ-

298 4175 483 4212 παντα
518 4159 664 4230 χειρὶ
692 4159 926 4231 φέροντα
954 4161 1208 4223 πάντοτε.

378 4252 751 4323 Μεμυημένος
791 4254 849 4306 έν
879 4252 1161 4324 Πνεύματι
1199 4254 1520 4327 προφητῶν,
1559 4255 1814 4322 Θεοτόκε,
1851 4258 1880 4311 6

303 4344 590 4415 περίδοξος
628 4346 785 4417 χορὸς
830 4346 893 4400 τὸ
937 4347 1076 4419 ὑπὲρ
1108 4346 1232 4401 νοῦν
1272 4364 1365 4401 σου
1412 4350 1714 4420 μυστήριον
1758 4365 1880 4403 ποι-

302 4436 647 4508 κιλοτρόπως
674 4436 835 4492 τοῦτο
876 4439 1251 4511 προχαράττει
1283 4441 1449 4513 ἱεροῖς
1476 4441 1535 4495 ἰν
1569 4441 1881 4513 συμϐόλοις,

300 4521 383 4584 ὧν
407 4528 471 4581 τὸ
497 4529 670 4599 πέρας
698 4530 1021 4603 καθορῶμεν
1048 4532 1357 4604 τηλαυγῶς.

383 4717 587 4787 Δανιήλ
624 4735 683 4771 σε
714 4717 839 4788 ὅρος
873 4718 1016 4790 μέγα
1068 4720 1126 4772 ὲν
1160 4720 1429 4792 πνεύματι
1461 4722 1705 4795 ἐθεώρει,
1750 4724 1882 4779 Θεο-

304 4812 460 4876 τόκε,
491 4812 551 4877 ἐξ
590 4804 652 4865 οὗ
694 4810 841 4874 λίθος
880 4814 1218 4883 ἀποτμηθεὶς
1265 4815 1583 4870 ὲκλεπτύνει
1630 4816 1737 4871 τῶν
1768 4819 1883 4873 δαι-

308 4904 492 4975 μόνων
524 4905 590 4958 τὰ
621 4904 854 4973 γλυπτοὶ.
1118 4960 1121 4961 ,

396 4994 487 5058 Ὠς
538 4994 788 5067 τράπεζα
829 4996 921 5051 τὸν
963 4998 1125 5069 ἄρτον
1156 5001 1353 5071 χωρεῖς
1390 5000 1481 5054 τὸν
1518 5002 1778 5071 μυστικὸν
1822 5005 1881 5071 ἐξ

304 5081 368 5140 οὗ
419 5087 686 5155 φαγόντες
730 5089 831 5141 οὐκ
883 5090 962 5142 ἔτι
1017 5090 1380 5162 λιμώττομεν,
1432 5093 1770 5163 πανύμνητε,
1836 5099 1883 5148 οἱ

313 5182 517 5245 ἰδόντες
551 5198 611 5234 σε
640 5181 877 5253 Χριστοῦ
914 5181 1008 5236 τοῦ
1037 5185 1254 5238 πάντων
1278 5182 1413 5239 Θεοῦ
1446 5188 1766 5258 γεννήτριαν
1794 5190 1887 5241 καὶ

305 5276 509 5347 τροφὸν
538 5276 611 5340 ὡς
640 5274 876 5346 ἀληθῶς.

388 5455 500 5524 (ll)
540 5453 777 5509 Pulchre
804 5453 1060 5525 Aloysius
1094 5453 1403 5509 Novarinus
1461 5454 1515 5508 in
1553 5453 1750 5509 Umbra
1785 5457 1885 5508 t-ir-

310 5542 489 5596 gtttca,
515 5540 569 5579 n.
609 5525 713 5579 207
747 5541 761 5578 :
802 5542 818 5575 t
846 5525 1041 5596 Nemo,
1065 5525 1261 5593 inquit,
1294 5536 1398 5578 tam
1427 5542 1618 5595 parum
1651 5528 1902 5596 virginea:

313 5594 595 5664 puritatis,
619 5597 874 5665 virginea:
910 5594 1095 5664 gloria:
1137 5598 1347 5649 amicus
1379 5594 1470 5661 sit,
1494 5597 1588 5665 qui
1630 5594 1897 5650 maculant

315 5667 371 5719 ιιι
400 5679 461 5720 ea
501 5665 673 5720 fuisse
704 5676 936 5729 asserat,
970 5680 1064 5734 per
1104 5682 1267 5735 quam
1302 5681 1493 5720 omnes
1524 5681 1680 5720 erant
1714 5683 1901 5722 macu-

314 5736 381 5791 la:
403 5735 735 5802 auferendae,
770 5737 964 5790 sordes
994 5750 1186 5791 omnes
1207 5736 1602 5806 abstergendae.
1644 5755 1662 5787 ι

603 5856 841 5925 Originis
873 5865 1144 5927 peccatum
1172 5873 1273 5911 non
1298 5857 1479 5911 habuit

674 5928 804 5992 Qui:
832 5930 1002 5980 omnis
1037 5928 1158 5980 boni
1192 5929 1309 5996 fons
1334 5941 1381 5984 et
1410 5930 1580 6000 origo.

560 6021 832 6081 ΡΑτιιοι.
872 6025 985 6084 Gn.
1020 6026 1143 6085 CV.

1960 2070 2099 2124 sima
2128 2089 2141 2125 :
2166 2079 2330 2141 atque
2360 2087 2424 2126 ex
2463 2082 2515 2127 te
2547 2072 2691 2127 velut
2723 2073 2806 2127 sol
2845 2082 3071 2128 exortus
3106 2074 3388 2143 apparuit.

2028 2161 2407 2220 lmmaterialis
2432 2164 2576 2221 lucis
2604 2164 2975 2223 habitaculum
3006 2165 3183 2222 factus
3220 2176 3304 2222 est
3341 2177 3533 2223 venter

1962 2264 2110 2321 tuus,
2130 2255 2685 2311 oimmaculatissima
2732 2256 2912 2327 puclla
2944 2255 3155 2327 Sponsa
3178 2256 3302 2323 Dei;
3335 2258 3429 2328 qui
3453 2258 3535 2313 di-

1961 2346 2100 2402 vina:
2132 2346 2378 2404 scientiae
2436 2347 2819 2419 splendoribus
2861 2348 3239 2404 infidelitatem
3284 2349 3536 2421 impieta-

1963 2449 2180 2511 temque
2223 2439 2538 2497 imminuit:
2572 2456 2736 2515 quem
2790 2455 2892 2498 nos
2926 2441 3140 2514 hymnis
3169 2442 3533 2510 celebrantes,

1963 2533 2267 2589 clamamus
2306 2532 2679 2592 :Bcnedictus
2732 2550 2812 2602 es,
2861 2534 3005 2591 Deus
3054 2545 3271 2607 patrum
3317 2546 3538 2594 nostro-

1964 2638 2110 2690 rum,
2128 2633 2234 2681 etc.

2036 2715 2315 2773 Infelicem
2341 2717 2587 2774 animam
2621 2733 2799 2775 meam
2834 2719 3088 2789 plurimis
3119 2719 3342 2790 maligni
3362 2722 3540 2778 hostis

1967 2810 2267 2866 assultibus
2291 2820 2650 2877 attenuatam,
2676 2811 3103 2868 corroborativis
3131 2814 3384 2883 precibus
3408 2815 3537 2878 tuis,

1967 2916 2000 2957 ο
2030 2900 2195 2974 Virgo
2237 2902 2330 2958 Dei
2392 2903 2587 2971 Mater,
2629 2905 2789 2962 saluti
2830 2905 3076 2973 restitue,
3117 2913 3177 2961 ut
3208 2914 3259 2961 te
3283 2920 3380 2977 per
3414 2906 3541 2962 uni-

1969 3008 2127 3049 versa
2160 2995 2357 3052 saecula
2388 2997 2707 3068 glorificcm.

2041 3084 2213 3142 Parce
2239 3087 2394 3153 mihi,
2432 3087 2683 3155 Domine,
2704 3104 2866 3162 parce
2890 3106 3015 3146 cum
3046 3090 3258 3148 veneris
3286 3106 3375 3147 me
3393 3091 3543 3163 judi-

1970 3198 2096 3240 care
2121 3202 2135 3240 :
2164 3200 2341 3258 neque
2368 3186 2434 3241 ad
2460 3186 2640 3257 ignem
2671 3202 2757 3242 me
2785 3187 3034 3256 damnes,
3070 3204 3249 3259 neque
3273 3189 3327 3244 in
3356 3188 3544 3245 furore

1976 3284 2072 3333 tuo
2101 3293 2298 3349 arguas
2330 3293 2438 3335 me.
2474 3278 2736 3335 Precatur
2766 3290 2817 3335 te
2849 3279 3032 3352 Virgo,
3084 3297 3118 3337 ο
3152 3281 3387 3350 Christe,
3420 3298 3544 3355 qua:

1977 3378 2028 3425 te
2054 3370 2308 3441 concepit
2330 3386 2392 3427 ac
2424 3373 2653 3442 gestavit
2686 3373 2742 3427 in
2766 3384 2918 3428 utero
2948 3392 2961 3429 :
2996 3384 3249 3444 precatur
3290 3384 3341 3434 te
3373 3391 3542 3448 auge-

1974 3464 2152 3521 torum
2186 3466 2477 3523 multitudo
2503 3475 2916 3538 martyrumque
2940 3469 3256 3539 collegium.

2174 3592 2260 3649 Ea:
2291 3610 2488 3649 canone
2517 3594 2625 3648 alio
2652 3593 2801 3663 feria:
2827 3610 2889 3651 ιιι
2928 3596 2997 3649 ad
3022 3594 3371 3653 Matutiuttm.

2048 3701 2094 3758 0
2130 3702 2344 3773 forceps
2373 3702 2724 3768 flammifera,
2768 3720 2935 3774 quam
2982 3704 3120 3761 vidit
3169 3706 3299 3763 olim
3357 3706 3549 3776 lsaias.
3604 3764 3607 3767 Α

1976 3795 2162 3849 cordis
2208 3795 2313 3850 mei
2368 3795 2712 3850 inordinatos
2758 3796 2989 3853 affectus
3040 3799 3326 3867 combure,
3370 3817 3408 3855 ο
3455 3801 3552 3858 Dei

1979 3883 2249 3949 Genitrix,
2277 3895 2441 3955 atque
2481 3885 2708 3940 omnino
2740 3886 2862 3942 illos
2886 3887 3042 3942 abole
3066 3898 3120 3942 et
3151 3890 3478 3946 extermiua.

2052 3974 2218 4031 Lacte
2257 3976 2454 4041 nutris,
2487 3985 2651 4047 prout
2681 3978 2873 4034 matris
2914 3988 2998 4034 est
3029 3995 3258 4047 munus,
3301 3984 3551 4038 omnium

1981 4069 2346 4136 nutritorem;
2392 4078 2448 4125 et
2495 4069 2648 4123 illum
2675 4082 2859 4140 chIas
2896 4071 2951 4125 itt
2983 4072 3153 4139 ulnis,
3188 4085 3417 4139 ocasta,
3455 4075 3553 4147 qui

1982 4163 2238 4219 universa
2266 4175 2481 4232 semper
2506 4176 2673 4217 manu
2700 4161 2806 4216 fert
2840 4177 2906 4219 ac
2939 4173 3233 4219 sustentat.

2055 4257 2344 4313 Gloriosus
2398 4257 2788 4328 prophetarum
2848 4258 3055 4314 chorus
3100 4258 3307 4329 Spiritu
3376 4259 3554 4315 sancti

1984 4350 2301 4421 magisterio
2339 4349 2589 4413 edoctus,
2623 4349 3179 4419 incomprehensibile
3232 4352 3552 4422 mysterium

1987 4454 2161 4507 tuum,
2208 4458 2240 4497 ο
2293 4443 2544 4513 Deipara,
2601 4443 3017 4498 multiformiter
3067 4443 3243 4500 sacris
3289 4445 3554 4515 symbolis

1987 4545 2111 4591 ante
2145 4536 2451 4606 descripsit,
2473 4551 2707 4607 quorum
2730 4552 2830 4591 nos
2851 4547 3101 4592 eventum
3128 4553 3276 4594 nunc
3324 4539 3560 4595 manife-

1992 4631 2229 4686 stissime
2264 4631 2556 4685 intuemur.

2062 4722 2139 4778 Te
2191 4736 2431 4778 montem
2478 4739 2730 4794 magnum
2778 4724 2968 4781 Daniel
3003 4726 3138 4781 vidit
3191 4726 3245 4782 in
3286 4727 3562 4799 spiritu,o

1994 4817 2244 4887 Deipara,
2277 4833 2341 4870 cx
2374 4832 2481 4886 quo
2508 4817 2642 4889 lapis
2668 4818 2970 4885 abscissus,
2997 4820 3306 4876 daemonum
3333 4823 3565 4891 sculpti-

1993 4910 2061 4965 lia
2086 4910 2428 4965 comminuit.

2063 5004 2342 5071 Tanquam
2368 5018 2577 5068 mensa,
2603 5003 2850 5059 contines
2883 5004 3168 5076 mysticmn
3199 5019 3391 5074 panem
3420 5005 3563 5069 vitm,

1990 5110 2056 5150 ex
2077 5111 2183 5164 quo
2205 5093 2364 5164 257
2381 5097 2748 5159 comedentes,
2776 5110 2880 5147 non
2901 5096 3134 5164 amplius
3146 5098 3421 5150 esurimus
3445 5110 3564 5157 nos,

1995 5185 2087 5254 qui
2134 5187 2339 5240 scimus
2384 5194 2454 5251 te,
2496 5200 2528 5238 o
2574 5162 3031 5249 laudabilissima,
3075 5186 3301 5252 Christi,
3335 5186 3430 5255 qui
3484 5193 3569 5239 est

2000 5279 2143 5334 Deus
2176 5278 2440 5342 omnium,
2470 5292 2589 5332 esse
2615 5276 2980 5343 Genitrict-m;
3012 5288 3067 5332 et
3106 5294 3229 5333 vere
3278 5277 3567 5333 nutricem.

2242 5455 2408 5521 Culpa
2454 5453 2655 5523 Virgini
2703 5471 2805 5507 non
2837 5453 3070 5520 debetur,
3105 5457 3192 5510 cui

2323 5528 2506 5580 Unmis
2536 5527 2702 5589 debet,
2732 5526 2868 5594 quod
2896 5525 3152 5579 liberatur
3181 5543 3212 5579 a
3244 5525 3415 5591 culpa.

2000 5633 2069 5687 Et
2095 5630 2231 5686 infra
2263 5648 2317 5686 ιι.
2340 5632 2492 5685 Ξίὸε

2267 5718 2321 5773 Μ
2330 5720 2536 5791 aculam
2569 5720 2765 5789 peccati
2808 5718 2963 5791 Virgo
2996 5736 3096 5773 non
3129 5719 3310 5772 [tabuit

2325 5789 2428 5864 1:ch
2449 5807 2603 5864 quant
2642 5797 2867 5864 mundus
2895 5789 3292 5864 eutacttlaudus.

2249 5860 2506 5916 Sardibus
2543 5860 2636 5913 illa
2657 5860 2834 5912 caruit
2864 5864 2974 5927 cui,
3012 5862 3252 5915 Justitia:

2288 5932 2502 5988 Nostra:
2530 5942 2852 5987 comparata:
2878 5943 2998 5985 sunt
3031 5933 3232 5987 sordes.

3162 6024 3234 6083 [ιι
