4038 6596
318 436 457 502 1293

1673 416 2038 484 MARIALE.

3408 411 3546 476 1294

391 541 710 615 Νυσταγμῷ
753 540 1014 612 ἀμελείας
1045 555 1370 611 συνεχομαι,
1410 536 1575 600 ὕπνος
1616 536 1887 607 ἁμαρτίας

2060 529 2408 602 Negligentim
2432 528 2816 585 dormitatioue
2843 528 3061 596 laboro;
3095 543 3318 584 somnus
3345 534 3548 599 peccati

320 639 477 710 βαρεῖ
504 638 602 707 τὴν
648 635 877 707 καρδίαν
919 651 1044 704 μου,
1084 635 1150 704 τῇ
1184 635 1249 702 σῇ
1297 629 1582 702 ἀγρύπνῳ,
1619 628 1881 695 πάναγνε,

322 728 571 801 μεσιτείᾳ
602 724 895 795 ὲξέγειρον,
930 726 1099 778 σῶσόν
1132 742 1220 795 με.

392 820 753 891 Στειρεύουσα
786 818 942 890 φέρει
963 836 1025 872 σε
1052 818 1216 888 νηδὺς
1243 817 1535 889 Παρθένον,
1571 816 1889 885 ἐγγάστριον

320 913 593 983 φέρουσαν
625 912 714 964 τὸν
746 910 918 979 Λόγον
952 912 1389 981 σωματούμενον,
1432 912 1491 964 δν
1525 910 1688 973 θείοις
1731 926 1892 981 σκιρ-

320 1006 560 1071 τήμασιν
614 1005 643 1056 ό
688 1002 859 1073 μέγας
911 1002 1243 1074 Πρόδρομος,
1301 1004 1518 1073 στείρας
1550 1004 1578 1055 ό
1628 1001 1889 1071 πανάγιος

321 1094 553 1162 καρπὸς,
586 1092 798 1160 ἐπέγνω
828 1093 1051 1163 χαίρων,
1089 1094 1182 1146 καὶ
1216 1092 1607 1165 προσεκύνησε.

392 1184 659 1255 ’Ὕψιστον
684 1185 816 1238 Θεὸν
840 1186 1002 1256 σαρκὶ
1028 1186 1368 1239 ἀποτεκοῦσα
1386 1225 1401 1250 ,
1423 1185 1532 1240 ἀπὸ
1564 1184 1795 1254 κοπρίας
1823 1202 1890 1254 με

320 1276 627 1346 ἀναστησον
674 1275 859 1329 παθῶν
910 1275 1019 1328 τῶν
1068 1275 1357 1329 θλιϐόντων
1416 1292 1504 1345 με,
1558 1275 1653 1328 καὶ
1705 1275 1890 1339 δεινῶς

319 1367 441 1420 ὅλον
477 1367 863 1437 πτωχεύσαντα
896 1369 1015 1433 ταῖς
1054 1367 1223 1431 θείαις
1266 1366 1690 1422 καταπλούτισον
1710 1408 1723 1434 ,
1754 1368 1890 1422 πάν-

321 1473 474 1525 αγνε,
507 1459 727 1528 ἀρεταῖς
760 1475 849 1528 με,
882 1458 1027 1522 ὅπως
1057 1457 1209 1528 ὑμνῶ
1244 1474 1303 1510 σε
1340 1457 1664 1528 σωζόμενος.

387 1642 689 1715 Φερόμενον
737 1644 955 1700 ἅπαντα
1002 1644 1095 1699 τὸν
1142 1645 1374 1716 φέροντα
1416 1644 1495 1716 τῷ
1555 1645 1782 1715 νεύματι
1833 1646 1892 1698 ἐν

316 1735 516 1806 γαστρὶ
544 1735 900 1807 προσεκύνεις
942 1735 1044 1807 τῆς
1074 1736 1415 1808 Θεομήτορος
1446 1735 1564 1807 μεθ’
1599 1731 1666 1808 ἦς
1700 1736 1891 1790 ἐκδυσο

314 1824 478 1890 ὡπει,
510 1826 783 1898 προφῆτα,
818 1826 915 1899 τήν
950 1828 1211 1900 ταπεινὴν
1260 1828 1527 1892 σώζεσθαι
1558 1828 1736 1899 ψυχήν
1791 1844 1891 1897 μου

1987 634 2214 695 occupat
2244 639 2338 679 cor
2368 639 2547 679 meum
2580 643 2591 678 :
2621 633 2699 688 tu,
2728 638 2761 678 0
2793 623 3124 686 castissima,
3158 637 3370 692 semper
3398 625 3549 694 vigili

1989 719 2381 774 intercessione
2408 726 2499 772 tua
2535 716 2712 771 excita
2746 732 2852 780 me,
2874 724 2928 770 ct
2950 716 3102 771 salva
3130 730 3236 769 me.

2058 811 2259 867 Venter
2293 810 2495 865 sterilis
2521 808 2755 879 portavit
2778 818 2827 863 te
2853 806 3153 879 Virginem,
3179 823 3296 879 qua:
3317 808 3370 861 in
3396 818 3552 862 utero

1991 913 2082 958 tuo
2120 902 2357 957 Verbum
2407 912 2759 970 corporatum
2794 899 3111 969 portavisti;
3148 900 3291 969 quod
3324 915 3554 970 magnus

1992 996 2304 1051 Praecursor
2326 994 2710 1050 sanctissimus
2736 992 2936 1049 sterilis
2957 992 3094 1047 uteri
3119 990 3330 1048 fructus
3355 991 3556 1047 divinis

1992 1087 2217 1141 saltibus
2234 1085 2456 1156 agnovit
2488 1085 2853 1152 hetabundus,
2884 1094 2940 1140 et
2965 1084 3234 1139 adoravit.

2063 1174 2165 1241 Tu,
2190 1190 2310 1245 qua:
2333 1174 2670 1229 Altissimum
2706 1174 2757 1227 in
2791 1188 2956 1228 carne
2985 1173 3266 1243 peperisti,
3295 1172 3442 1244 erige
3471 1187 3557 1227 me

1992 1282 2022 1321 a
2052 1276 2295 1322 stercore
2322 1269 2635 1335 passionum
2664 1264 3038 1321 tribulantium
3064 1281 3149 1321 me
3176 1284 3189 1320 :
3221 1275 3383 1337 atque
3408 1267 3557 1321 omni

1991 1374 2053 1414 ex
2091 1366 2244 1427 parte
2274 1355 2595 1425 gravissima
2625 1362 2864 1425 egestate
2898 1355 3264 1421 laborantem,
3288 1356 3399 1411 dita
3444 1372 3552 1421 me,

1992 1465 2024 1504 ο
2045 1449 2372 1515 castissima,
2402 1448 2600 1504 divinis
2625 1448 2945 1517 virtutibus,
2977 1456 3037 1503 ut
3080 1449 3313 1504 salutem
3356 1463 3554 1505 conse-

1992 1551 2148 1599 cutus
2179 1542 2411 1613 hymnos
2445 1540 2541 1596 tibi
2569 1540 2873 1596 decantem.

2061 1632 2354 1705 lllum,qui
2377 1641 2511 1687 nutu
2538 1640 2719 1703 portat
2742 1631 3023 1698 universa,
3052 1630 3105 1685 in
3132 1640 3288 1687 utero
3314 1630 3558 1702 Deiparae

1993 1733 2268 1797 portatum
2303 1724 2519 1790 adoras,
2564 1739 2597 1781 ο
2634 1724 2934 1795 prOpbeta;
2990 1739 3113 1779 cum
3173 1739 3281 1796 qua
3336 1740 3561 1795 precare

1994 1834 2093 1889 pro
2123 1818 2306 1874 salute
2352 1817 2579 1873 misella:
2623 1818 2820 1873 anima:
2865 1831 3019 1884 meae,
3068 1832 3190 1889 quae
3229 1817 3471 1888 quotidie
3502 1817 3558 1872 iu

315 1894 565 1980 nolitote
602 1894 1042 1988 περιπίπτουσαν
1104 1894 1227 1972 καθ’
1293 1918 1504 1988 ἡμέραν
1562 1894 1886 1988 ὴλῆρμελή-

1999 1911 2148 1982 plura
2181 1919 2402 1982 peccata
2422 1910 2701 1967 dilabitur.

317 2027 507 2081 μασιν.

342 2118 439 2172 Ἐκ
472 2117 579 2173 τοῦ
616 2120 876 2187 κανόνος
909 2118 1020 2189 τῆς
1046 2119 1330 2189 τετάρτης
1361 2121 1448 2187 είς
1477 2119 1584 2175 τὸν
1614 2121 1881 2189 Ὄρθρον.

412 2225 579 2297 ἰερὸς
629 2225 812 2281 ἐκάλει
862 2244 919 2279 σε
969 2228 1127 2299 χορὸς
1173 2228 1350 2301 πύλην
1404 2229 1730 2295 άδιόδευτον,
1782 2230 1886 2299 γῆν

315 2319 601 2388 ἐκλεκτὴν,
637 2319 732 2372 καὶ
763 2320 889 2389 ὅρος
914 2320 1279 2391 ἀλατόμητον,
1312 2321 1558 2391 παναγία
1597 2322 1884 2378 Δέσποινα’

314 2410 407 2462 τὸν
439 2409 716 2479 Δεσπότην
749 2410 858 2479 γὰρ
895 2410 1004 2465 τῶν
1035 2411 1290 2465 ἁπάντων
1336 2412 1598 2484 ἐκύησας,
1634 2413 1726 2468 τὸν
1765 2414 1889 2467 ἐθε-

314 2500 544 2565 λουσίως
570 2501 874 2574 σταύρωσιν
904 2503 1067 2575 σαρκὶ
1094 2504 1550 2576 καταδεξάμενον.

402 2692 736 2764 ’Υψούμενον
762 2694 822 2746 ἐν
852 2691 993 2764 ξύλῳ
1014 2734 1030 2759 ,
1060 2693 1154 2747 τδν
1177 2693 1442 2765 ζωοδότην
1475 2692 1765 2765 βλέπουσα,
1796 2695 1889 2749 καὶ

306 2780 579 2843 ἑκουσίως
611 2780 935 2851 θνήσκοντα,
963 2783 1186 2846 καὶτοῖς
1209 2780 1515 2855 πᾶσι.ζωὴν
1556 2784 1885 2854 παρέχοντα,

319 2873 551 2927 ἐδονεῖτο
577 2870 647 2927 τὰ
676 2871 963 2943 σπλάγχνα
997 2874 1030 2944 ή
1068 2874 1429 2944 πανάμωμος.

409 3057 698 3112 Ἀνότειλεν
730 3058 793 3113 ἐκ
834 3059 1064 3129 γαστρός
1098 3076 1191 3113 σου
1223 3060 1433 3130 Πατρὸς
1457 3059 1517 3113 τὸ
1549 3059 1891 3132 ἀπαύγασμα

321 3148 578 3220 Χριστὸς,
620 3149 716 3202 καὶ
758 3147 1024 3217 ἐφώτισεν
1055 3150 1153 3218 τὴν
1190 3149 1512 3220 οἰκουμένην
1558 3150 1892 3221 σταυρούμε-

2244 2110 2557 2169 Excutiam
2589 2112 2740 2183 feria:
2766 2128 2819 2168 tv
2841 2113 2910 2167 ad
2942 2112 3290 2170 Matutinum.

2069 2223 2234 2279 Sacer
2260 2222 2461 2280 chorus
2491 2221 2720 2277 vocabat
2741 2230 2814 2288 te,
2850 2236 2884 2277 ο
2919 2221 3146 2278 Domina
3183 2223 3557 2289 sanctissima,

1993 2325 2209 2386 portam
2256 2315 2597 2385 imperviam,
2650 2322 2849 2368 terram
2895 2313 3146 2380 electam,
3205 2325 3261 2371 et
3319 2325 3559 2371 montem

1996 2423 2155 2478 quem
2193 2405 2443 2477 lapicida:
2474 2420 2668 2460 manus
2708 2419 2815 2460 non
2849 2406 3180 2478 attigit(M);
3206 2422 3330 2461 nam
3372 2409 3560 2463 Domi-

1996 2518 2125 2556 num
2175 2502 2553 2556 universorum
2602 2499 2880 2570 peperisti,
2937 2500 3031 2572 qui
3087 2502 3449 2558 voluntariam
3503 2504 3559 2559 in

1996 2607 2160 2649 carne
2180 2591 2587 2647 cruciﬁxiouem
2615 2591 2872 2661 suscepit.

2072 2667 2240 2754 Virgo
2269 2682 2585 2753 purissima,
2620 2696 2744 2737 cum
2777 2690 3021 2737 cerneret
3052 2683 3347 2739 exaltatum
3401 2685 3455 2739 in
3496 2686 3563 2739 li-

1997 2791 2104 2848 gno
2155 2776 2401 2831 datorem
2427 2774 2569 2839 vitae,
2599 2772 2966 2843 eumdemque
2995 2774 3297 2833 voluntarie
3324 2779 3561 2832 morien-

2003 2879 2131 2933 tem,
2186 2878 2352 2937 atquc
2408 2865 2665 2923 omnibus
2729 2866 2893 2921 vitam
2958 2868 3311 2936 praebentem,
3370 2869 3561 2925 intimo

2001 2959 2183 3015 dolore
2211 2959 2415 3014 viscera
2447 2972 2545 3014 sua
2571 2957 2889 3011 discruciari
2919 2959 3205 3014 sentiebat.

2070 3051 2305 3106 Exortus
2333 3059 2416 3106 est
2450 3065 2514 3103 ex
2548 3058 2702 3103 utero
2738 3058 2830 3103 tuo
2879 3049 3133 3119 splendor
3163 3048 3342 3106 Patris
3402 3052 3565 3107 (ΞΙιι-ιο

2000 3152 2140 3207 stus,
2170 3158 2202 3197 ο
2216 3143 2398 3213 puella
2416 3139 2679 3195 maritalis
2700 3141 2803 3195 tori
2829 3140 3045 3211 ignara;
3068 3150 3229 3212 atque
3248 3142 3563 3199 universum

322 3258 431 3306 νος,
460 3241 612 3311 Κόρη
645 3241 1011 3312 ἀπειρόγαμε,
1044 3241 1138 3296 καὶ
1166 3242 1271 3295 τῶν
1302 3236 1570 3312 δαιμόνων
1615 3242 1674 3295 τὸ
1706 3243 1894 3307 σκότος

2000 3243 2269 3289 terrarum
2292 3230 2455 3301 259
2474 3232 2663 3287 orbem
2686 3231 2831 3287 cruci
2852 3229 3043 3287 aﬂixus
3081 3232 3427 3298 illuminavit,
3455 3234 3568 3289 αω-

320 3332 669 3404 ἐξηφάνισεν.

403 3422 661 3495 Ὠράθης,
689 3424 850 3492 ἁγνὴ,
886 3422 1023 3493 μετὰ
1049 3422 1207 3476 τόκον
1238 3421 1475 3492 ἇφθορος
1531 3422 1662 3486 Θεὸς
1690 3422 1799 3495 γὰρ
1832 3426 1895 3477 ἐκ

324 3513 421 3569 σοῦ
445 3514 641 3586 ἐτέχθη
676 3515 750 3579 ὡς
781 3514 1087 3584 ἄνθρωπος,
1125 3514 1184 3568 ὃν
1218 3515 1605 3584 κατανοήσασα
1629 3516 1895 3585 σταυρού-

325 3623 486 3675 μενον
514 3605 613 3677 τὴν
644 3607 753 3662 τῶν
788 3606 1110 3677 σπλάγχνων
1146 3604 1339 3677 ὀδύνην
1382 3604 1456 3677 μὴ
1500 3604 1735 3676 φέρουσα
1765 3606 1894 3676 ήλά-

321 3697 509 3761 λαζες.

408 3786 718 3859 ’Υμνοῦμέν
749 3804 830 3853 σε,
860 3787 1202 3859 πανύμνητε,
1240 3788 1315 3851 ὡς
1338 3787 1471 3843 Θεὸν
1500 3789 1781 3860 κυήσασαν
1807 3789 1897 3844 τδν

323 3879 710 3952 ὑπερύμνητον
753 3882 811 3936 ἐν
868 3880 1010 3948 ξύλῳ
1056 3880 1149 3933 τὸν
1203 3881 1510 3951 ἀρχέκακον
1555 3882 1782 3953 δυνάμει
1826 3886 1894 3954 τῇ

322 3972 459 4043 αὐτῇ
500 3970 763 4026 ὀλέσαντα
805 3970 1090 4043 τύραννον,
1135 3972 1215 4035 είς
1269 3971 1428 4043 ἡμῶν
1486 3973 1761 4043 σωτηρίαν
1805 3976 1899 4027 καὶ

325 4061 607 4132 καύχημα.

399 4156 505 4208 Τὸν
551 4154 747 4225 βότρυν
783 4154 876 4208 τὸν
910 4154 1158 4225 πέπυρον
1209 4154 1596 4225 ἀγεωργήτως,
1649 4154 1808 4225 ἁγνὴ,
1841 4154 1900 4207 δν

324 4248 685 4319 ἐϐλάστησας,
714 4250 772 4303 ἐν
800 4248 941 4319 ξύλῳ
969 4250 1041 4314 ὼς
1070 4248 1322 4320 ἐώρακας
1343 4249 1711 4322 κρεμάμενον,
1742 4248 1901 4321 ἐκρα-

324 4339 437 4403 ζεςο
478 4340 680 4393 Τέκνον
712 4358 811 4411 μου
842 4340 1204 4409 γλυκύτατον,
1250 4340 1475 4409 γλεῦκος
1508 4340 1897 4408 ἐναπόσταξον,

323 4432 392 4484 δι’
424 4427 483 4485 οὗ
517 4432 756 4503 παθῶνή
787 4433 924 4501 μέθη
953 4433 1403 4503 ἀνασταλήσεται.

410 4520 595 4589 Σάρκα
630 4523 694 4574 ἐκ
738 4521 838 4591 τῆς
870 4522 966 4592 σῆς
996 4521 1237 4592 γαστρὸς
1266 4522 1530 4593 λαμϐάνει
1578 4522 1767 4587 θέλων,
1810 4523 1901 4575 καῖ

1999 3339 2335 3394 tironumque
2370 3324 2619 3378 tenebras
2649 3323 2955 3393 dissipavit.

2070 3421 2386 3491 lucorrupta
2418 3421 2633 3476 inventa
2661 3435 2719 3476 es
2744 3428 2863 3490 post
2888 3430 3126 3491 partum,
3157 3436 3191 3477 ο
3220 3430 3391 3491 casta;
3418 3438 3484 3479 ex
3517 3432 3567 3480 te

2000 3516 2144 3571 enim
2185 3514 2660 3585 Dcus,quatenus
2697 3514 2882 3581 homo,
2936 3526 3097 3569 natus
3141 3524 3255 3582 est;
3303 3532 3466 3586 quem
3512 3519 3567 3573 in

2000 3621 2163 3661 cruce
2212 3610 2532 3676 pendentem
2594 3606 3052 3673 animadvertens,
3105 3609 3346 3664 dolorem
3386 3610 3569 3667 cordis

2000 3711 2107 3751 non
2146 3697 2443 3762 sustinens,
2476 3696 2527 3751 in
2568 3696 2772 3754 ﬂebiles
2811 3712 2974 3753 voces
3006 3699 3352 3770 erumpebas.

2072 3787 2382 3844 Laudamus
2409 3798 2481 3851 te,
2527 3789 2734 3843 oomni
2784 3790 2942 3845 laude
2990 3789 3337 3854 celebranda,
3369 3794 3574 3863 quippe

2000 3895 2119 3950 quae
2158 3878 2324 3933 Deum
2357 3880 2503 3933 omni
2542 3878 2700 3933 laude
2744 3880 3083 3947 superiorem
3138 3880 3421 3949 peperisti,
3476 3883 3568 3951 qui

2003 3983 2292 4044 tyrannum
2326 3970 2627 4041 principem
2674 3972 2941 4025 malorum
2976 3970 3175 4025 virtute
3215 3986 3310 4025 sua
3338 3973 3571 4042 perdidit

2004 4065 2056 4117 in
2086 4064 2254 4134 ligno,
2290 4064 2343 4116 in
2375 4072 2618 4116 nostram
2654 4061 2881 4116 salutem
2917 4070 2971 4116 et
3001 4062 3253 4132 gloriam.

2074 4157 2295 4209 Butrum
2348 4155 2499 4209 illum
2548 4166 2845 4218 oraturum,
2875 4170 3035 4224 quem
3081 4155 3200 4208 sine
3232 4154 3327 4208 viri
3356 4155 3569 4210 cultura

2006 4248 2329 4317 protuleras,
2359 4262 2391 4302 o
2424 4245 2612 4317 Virgo,
2644 4257 2698 4299 ut
2726 4246 2904 4301 vidisti
2941 4246 2993 4300 iu
3029 4261 3192 4302 cruce
3224 4248 3570 4317 pendentem,

2008 4341 2106 4395 has
2135 4354 2298 4395 voces
2349 4338 2581 4394 emisisti
2617 4356 2629 4392 :
2675 4337 3000 4393 Dulcissime
3027 4339 3123 4403 liii,
3166 4350 3404 4395 mustum
3439 4341 3569 4396 illud

2004 4433 2227 4499 distilla,
2262 4447 2354 4501 per
2380 4430 2524 4501 quod
2567 4432 2878 4501 passionum
2926 4432 3163 4487 ebrietas
3189 4432 3567 4501 prohibeatur.

2076 4526 2305 4580 Carnem
2329 4540 2391 4579 ex
2424 4534 2578 4579 utero
2632 4533 2723 4577 tuo
2752 4525 3059 4579 voluntarie
3102 4528 3346 4594 suscepit
3399 4524 3571 4581 Filius

326 4612 629 4680 καθορᾶται
683 4614 711 4666 ό
744 4614 994 4684 ἀόρατος,
1043 4615 1137 4667 καὶ
1186 4612 1491 4683 σταύρωσιν
1522 4614 1770 4684 δέχεται,
1806 4615 1894 4667 καὶ

2008 4627 2153 4684 tuus,
2179 4633 2211 4672 ο
2240 4618 2466 4671 Domina
2506 4616 2613 4671 Deo
2636 4616 2991 4681 charissima;
3040 4626 3091 4670 et
3123 4633 3246 4671 cum
3281 4617 3572 4673 invisibilis

330 4705 547 4773 κατάρα
575 4704 897 4774 ὀνομάζεται
920 4707 1166 4778 κατάρας
1193 4705 1575 4778 ἐξαιρούμενος
1603 4706 1845 4761 ἅπαντας
1870 4709 1897 4761 ό

328 4795 457 4859 Υἱός
490 4814 604 4860 σου,
624 4796 1011 4869 Θεοχαρὶτωτε.

409 4984 716 5055 Φθαρεῖσαν
746 4986 1028 5051 ἐκαίνισας
1060 4987 1159 5059 τὴν
1204 4988 1367 5057 φύσιν
1396 4986 1490 5041 τοῦ
1537 4989 1897 5060 προπάτορος,

329 5078 474 5149 ὑπὲρ
526 5079 689 5147 φύσιν
738 5080 971 5134 τεκοῦσα
1035 5084 1128 5134 καὶ
1187 5080 1625 5151 παρθενεύουσα,
1687 5084 1898 5151 φύσεως

325 5234 488 5290 nensi
521 5249 652 5307 agro
689 5236 1037 5307 canonicum,
1080 5244 1133 5290 et
1164 5236 1535 5290 Immaculata:
1570 5235 1899 5307 Conceptio-

325 5307 416 5359 nis
457 5305 582 5359 cum
638 5305 933 5373 pertinacia
988 5314 1442 5375 Oppugnatorem,
1493 5305 1783 5360 crudeliter
1829 5307 1897 5360 ab

328 5375 557 5429 inimico
594 5375 999 5446 interemptum,
1038 5386 1159 5441 post
1191 5384 1301 5431 tres
1341 5377 1571 5439 amplius
1600 5376 1762 5432 horas
1783 5377 1895 5446 jam

331 5457 613 5499 mortuum
654 5445 721 5497 ad
763 5447 927 5499 vitam
967 5446 1212 5510 rediisse;
1253 5456 1306 5499 et
1342 5448 1620 5500 veritatem
1658 5445 1899 5515 Concep-

332 5516 500 5569 tiouis
545 5515 919 5570 immaculata:
961 5517 1047 5569 his
1078 5517 1257 5571 verbis
1277 5516 1674 5572 confirmasse:
1718 5536 1736 5568 ι
1776 5517 1894 5571 Vita

328 5586 527 5639 adhoc
552 5585 727 5640 solum
770 5588 903 5641 mibi
936 5602 1218 5650 concessa,
1255 5595 1494 5655 utquam
1535 5588 1684 5640 tenui
1710 5598 1897 5642 contra

328 5658 476 5726 piam
511 5657 856 5721 sententiam,
886 5658 1195 5726 Opinionem
1242 5666 1527 5709 retractent
1560 5673 1573 5708 :
1607 5673 1791 5711 rerum
1820 5666 1903 5713 est

331 5728 706 5799 beatissimam
757 5728 1028 5797 Virginem
1072 5726 1293 5799 Mariam
1334 5727 1401 5779 ab
1451 5727 1598 5799 omni
1653 5728 1903 5799 originali

335 5800 550 5851 macula
605 5796 661 5852 in
694 5814 791 5851 sua
852 5796 1204 5866 Conceptionc
1273 5796 1441 5850 fuisse
1490 5796 1809 5862 itnmuuem,
1854 5810 1906 5851 ct

322 5866 597 5923 'diviuitus
626 5879 1029 5939 prae-enatam.
1075 5888 1092 5919 ι
1132 5868 1266 5923 Vide
1286 5869 1782 5924 Armamcutarium
1812 5869 1907 5925 Se-

2005 4720 2171 4775 esset,
2207 4711 2441 4767 visibilis
2473 4709 2645 4765 factus
2671 4718 2774 4774 cst,
2806 4717 2857 4764 et
2880 4710 3059 4765 crucis
3091 4718 3419 4766 tormentum
3446 4727 3570 4766 sus-

2009 4802 2171 4870 copit,
2214 4810 2267 4856 et
2302 4802 2646 4856 maledictum
2682 4800 2995 4856 nominatus
3054 4812 3154 4868 est,
3200 4802 3325 4856 dum
3382 4817 3573 4857 omnes

2012 4894 2199 4947 libvrat
2241 4909 2269 4946 a
2312 4894 2621 4947 maledicto.

2080 4992 2399 5055 (tori-optaui
2456 4988 2611 5055 primi
2673 4986 2908 5053 parentis
2961 4994 3208 5040 naturam
3267 4988 3569 5052 renovasti;

2009 5082 2272 5133 universa:
2355 5089 2562 5131 naturae
2624 5078 3020 5131 Plasmatorem
3087 5081 3572 5147 superuaturalilcr

2010 5236 2297 5307 rapliictrm
2331 5235 2390 5307 in
2418 5233 2632 5303 Iit-gesto
2669 5250 2697 5288 a
2734 5252 2853 5303 pag.
2887 5235 2992 5291 565
3034 5247 3085 5291 ct
3116 5238 3394 5307 deinceps.
3434 5248 3437 5251 '

2077 5305 2286 5378 (HiEt
2330 5303 2561 5378 Monten
2601 5309 2763 5367 hunc,
2789 5322 2949 5375 quem
3004 5323 3117 5378 non
3147 5303 3325 5378 attigit
3379 5323 3573 5361 manus

2006 5376 2268 5447 hominis,
2296 5376 2472 5444 attigit
2522 5391 2713 5429 manus
2743 5378 3004 5431 dtetnouis
3032 5380 3043 5431 !
3079 5376 3399 5447 Nt-utiquam
3449 5395 3575 5447 pro-

2006 5447 2163 5517 fecto.
2195 5446 2425 5499 Decebat
2451 5448 2592 5499 cuitu
2619 5464 2757 5507 eam,
2784 5463 2902 5515 quse
2930 5446 3307 5501 universorum
3370 5446 3573 5517 peperit

2003 5516 2311 5581 llotuiuum,
2338 5531 2365 5568 a
2400 5531 2558 5568 manu
2586 5518 2839 5581 hominis,
2868 5528 2920 5571 et
2946 5524 3116 5573 multo
3148 5520 3316 5586 magis
3341 5516 3381 5571 a7
3411 5516 3573 5573 manu

2003 5586 2263 5641 dzemonis
2297 5602 2418 5641 esse
2447 5588 2661 5654 penitus
2691 5589 2964 5641 intactum.
2992 5588 3126 5642 llinc
3158 5588 3215 5640 Β.
3241 5588 3573 5643 Laurentius

2004 5656 2350 5727 lustiuiunus
2382 5659 2434 5709 in
2469 5658 2604 5710 libro
2633 5658 2696 5710 de
2741 5657 3006 5711 (irarlilms
3055 5660 3391 5727 perfectionis
3434 5662 3574 5712 scri-

2012 5729 2113 5802 μκιῑ
2148 5745 2160 5780 :
2197 5746 2212 5775 ι
2248 5725 2597 5802 Aboiigiuali
2621 5730 3046 5802 [wcratonullus
3073 5725 3573 5802 excipitur,pra'ter

2011 5798 2176 5862 illam,
2198 5813 2318 5867 qum
2347 5800 2530 5868 genuit
2564 5800 2744 5852 mutuli
2779 5798 3133 5854 Sulratorem.
3176 5819 3194 5853 ι
