4038 6636
524 446 661 509 19%

1660 443 1716 501 S.
1760 442 2073 503 JOSEPIII
2117 440 2428 501 HYMNOG
2443 443 2484 501 R
2497 444 2673 503 APIII

3595 461 3708 528 1296

521 553 706 613 enixa,
733 560 1054 619 permanens
1084 544 1236 613 virgo
1280 545 1477 599 intacta
1506 553 1627 615 post
1650 554 1862 615 partum
1898 563 1911 599 :
1939 560 2096 613 quem

2206 546 2421 616 ἀπάσης
2448 548 2539 599 τὸν
2568 549 2840 620 Πλάστην,
2874 550 2933 603 ὃν
2962 552 3020 605 ὲν
3054 554 3271 625 σταυρῷ
3302 561 3604 631 κρεμάμενον
3626 576 3708 629 πά-

522 645 655 699 olim
708 644 761 696 in
802 655 965 695 cruce
1014 653 1343 709 suspensum
1406 637 1618 700 videns,
1669 653 1702 691 ο
1749 638 2098 695 sanctissima

524 735 690 808 Virgo
721 735 911 799 Mater,
948 734 1000 786 in
1024 730 1181 787 ﬂetus
1208 730 1549 802 gemitusque
1577 730 1923 801 erumpebas.

782 841 867 895 Ea;
902 856 1100 894 canone
1132 838 1278 907 ferire
1312 854 1362 893 vt
1401 839 1469 891 ad
1508 836 1855 892 Hututt’num.

597 1025 932 1082 Venerabilis
962 1024 1236 1096 prepheta:
1261 1039 1443 1080 sermo
1466 1023 1717 1095 impletus
1737 1034 1821 1079 est
1845 1041 1859 1079 :
1890 1023 2100 1095 gladius

526 1122 671 1175 enim
705 1136 798 1173 cor
837 1128 988 1173 tuum
1026 1117 1398 1187 pertransivit,
1431 1132 1463 1171 o
1497 1116 1747 1184 Domina,
1776 1116 1995 1187 quando
2045 1117 2097 1170 itt

522 1214 666 1283 ligno
691 1212 886 1265 Filium
917 1221 1070 1265 tuum
1101 1208 1292 1263 lancea
1333 1209 1680 1264 vulneratum
1712 1208 2028 1280 suspexisti.

594 1306 876 1360 llonorant
918 1313 966 1359 te
996 1303 1219 1358 ordines
1269 1303 1743 1374 incorporeorum,
1796 1315 1921 1354 nam
1984 1314 2101 1353 om-

521 1399 672 1453 nium
706 1396 993 1451 Dominum
1019 1408 1248 1465 corpore
1279 1394 1532 1449 vestitum
1553 1393 1833 1464 peperisti,
1856 1407 1888 1445 ο
1917 1389 2099 1444 Puella

524 1492 618 1547 Dei
642 1491 883 1562 Sponsa;
909 1489 1000 1560 qui
1034 1503 1128 1559 per
1156 1484 1361 1557 lignum
1381 1502 1572 1544 omnes
1598 1487 1808 1542 vinctos
1832 1483 2097 1545 dlssolvit,

523 1594 576 1637 et
611 1582 795 1636 lldeles
817 1594 1003 1635 amore
1034 1593 1135 1633 suo
1161 1576 1459 1646 colligavit.

596 1671 914 1725 lncarnatus
938 1678 1020 1724 est
1051 1683 1116 1723 ex
1147 1666 1313 1722 castis
1341 1665 1705 1739 sanguinibus
1736 1665 1845 1721 tuis
1882 1664 2098 1719 Altissi-

522 1782 668 1830 mus,
696 1780 729 1819 0
752 1764 915 1834 260
947 1763 1282 1833 purissima;
1312 1774 1474 1831 quem
1520 1774 1647 1815 eum
1703 1758 1997 1814 intuercris
2043 1758 2095 1810 in

524 1859 672 1928 ligno
703 1856 898 1925 injuste
940 1854 1265 1920 exaltatum,
1310 1851 1628 1923 suspirabas
1663 1866 1786 1906 cum
1812 1848 2096 1921 lacrymis,

522 1960 575 2005 et
604 1947 992 2005 misericordia:
1015 1947 1135 2017 ejus
1161 1948 1369 2002 viscera
1401 1944 1815 2015 magnilicabas.

594 2042 709 2102 Ille.
769 2040 863 2112 qui
920 2055 1085 2112 super
1149 2039 1410 2094 humeros
1452 2037 1751 2093 Cberubim
1810 2035 1864 2091 in
1923 2035 2099 2101 cmlis,

521 2144 686 2207 prout
712 2133 821 2188 Deo
839 2132 1113 2196 convenit,
1141 2132 1349 2201 absque
1376 2131 1542 2185 dubio
1562 2137 1812 2200 portatur
1830 2170 1845 2195 ,
1876 2129 1931 2183 in
1957 2128 2101 2184 ulnis

522 2228 632 2284 tuis
656 2233 899 2297 gestatus
928 2233 1014 2279 est
1047 2241 1061 2278 :
1090 2234 1145 2279 et
1164 2224 1320 2279 cruci
1349 2222 1561 2289 afﬁxus,
1625 2236 1816 2277 omnes
1844 2236 1871 2274 a
1902 2232 2100 2276 corru-

521 2321 706 2392 ptione
731 2315 985 2371 sulvavit.

596 2409 668 2465 Ut
700 2408 977 2461 hominem
1013 2402 1312 2469 deiﬁcaret,
1343 2416 1411 2456 ex
1432 2411 1511 2467 te,
1535 2416 1568 2455 ο
1609 2399 1796 2469 Virgo,
1831 2398 1975 2456 Deus
2003 2415 2101 2455 na-

522 2517 611 2562 tus
639 2512 759 2571 est;
791 2512 844 2557 et
890 2499 1209 2564 cruciﬁxus,
1263 2507 1496 2552 mortem
1548 2496 1808 2567 gustavit,
1846 2495 2100 2551 occidens

522 2613 649 2654 cum
688 2595 779 2667 qui
803 2609 893 2649 me
923 2594 1074 2664 prius
1105 2591 1403 2648 occiderat.
1868 2662 1877 2667 _

596 2687 869 2744 Palatium
910 2685 1081 2757 Regis
1118 2684 1443 2748 animatum,
1500 2690 1554 2738 et
1618 2682 1851 2738 thronus
1910 2680 2099 2751 igneus

526 2786 670 2840 facta
702 2797 783 2848 es,
811 2795 844 2836 ο
870 2779 1070 2850 Virgo;
1106 2778 1158 2833 in
1208 2790 1317 2848 quo
1352 2778 1443 2833 ille
1478 2777 1745 2840 residens,
1776 2789 1972 2830 omnes
2008 2774 2099 2829 ho-

522 2879 703 2933 mines
729 2890 757 2929 :t
788 2874 966 2945 primo
993 2872 1148 2943 lapsu
1182 2868 1380 2936 erexit,
1408 2877 1461 2925 et
1498 2882 1762 2926 consessu
1801 2866 1981 2924 Patris
2014 2872 2099 2921 sui

523 2969 832 3028 honoravit.

593 3065 746 3133 Agna
779 3057 1129 3114 immaculata
1162 3056 1298 3129 (15),
1332 3056 1834 3128 prophetarumque
1884 3060 1939 3108 et
1961 3066 2101 3106 mar-

525 3167 700 3227 tyrum
730 3153 1103 3224 pulchritudo,
1134 3151 1225 3205 ubi
1260 3162 1310 3204 te
1335 3151 1547 3221 Agnum
1590 3147 1644 3201 in
1694 3147 1843 3217 ligno
1870 3160 2100 3215 suspen-

2205 634 2293 689 λαι
2316 636 2582 707 ὴλάλαζες
2616 639 2909 708 βλέπουσα,
2945 647 3183 713 παναγία
3221 648 3628 726 Μητροπάρθενε.

2219 837 2319 894 Ἐκ
2359 840 2465 895 τοῦ
2495 843 2753 909 κανόνος
2793 843 3332 972 τιῆςθηαρασκευῆς
3379 855 3459 921 εἰς
3484 858 3578 912 τὸν
3608 864 3717 933 ὀρ.

2948 936 3076 972 οον.
3121 960 3124 964 .

2296 1021 2481 1093 Ῥῆσις
2528 1024 2727 1077 σεπτοῦ
2774 1029 3053 1097 προφήτου
3102 1029 3468 1099 πεπλήρωται’
3511 1038 3716 1109 ῥομφαία

2204 1116 2315 1187 γὰρ
2364 1116 2461 1188 τὴν
2502 1118 2733 1189 καρδίαν
2774 1120 2874 1192 τὴν
2924 1122 3023 1189 σὴν
3051 1122 3285 1193 διῆλθεν,
3320 1123 3403 1177 ὅτε
3443 1128 3495 1179 ὲν
3532 1137 3718 1207 ’σταυρῷ

2204 1210 2584 1281 λογχευθέντα,
2612 1214 2899 1280 Δέσποινα,
2929 1216 3019 1269 τὸν
3056 1217 3146 1269 σὸν
3175 1217 3299 1270 Υῐδν
3330 1218 3559 1291 ἔϐλεψας,

2291 1305 2623 1377 Γεραίρουσί
2665 1324 2724 1360 σε
2766 1309 2952 1373 τάξεις
2990 1308 3101 1363 τῶν
3149 1311 3467 1382 ἀσωμάτων⁸
3493 1317 3574 1370 τὸν
3608 1322 3711 1377 πάν.

2203 1416 2310 1453 των
2331 1401 2437 1471 γάρ
2462 1401 2739 1471 Δεσπότην
2759 1403 3151 1483 σωματοφὸρογ
3172 1403 3410 1475 ὲκύησας
3430 1408 3513 1463 τὸν
3524 1409 3719 1469 λύσαντα

2201 1492 2291 1546 διὰ
2336 1491 2497 1558 ξύλου
2527 1492 2784 1565 δεσμίους
2828 1496 3095 1562 ἅπαντας,
3138 1496 3299 1569 Κόρη
3349 1498 3730 1575 Θεόνυμφε,καὶι

2204 1584 2428 1649 πιστοὺς
2459 1585 2794 1659 συνδήσαντα
2821 1589 2888 1659 τῇ
2918 1592 3117 1661 στοργῇ
3134 1590 3322 1648 αὐτοῦ.

2277 1678 2629 1749 Σεσάρκωται
2657 1679 2717 1747 ἐξ
2739 1681 2918 1749 ἀγνῶν
2938 1700 3042 1738 σου
3088 1684 3337 1756 αίμάτων
3374 1686 3401 1739 δ
3430 1686 3658 1760 Ὕψιστος
3676 1691 3723 1745 δν

2203 1770 2495 1842 βλέπουσα,
2525 1772 2791 1844 πάναγνε,
2822 1772 2963 1848 ξύλῳ
2996 1776 3197 1842 ἀδίκως
3224 1777 3517 1852 ὑψούμενον
3543 1782 3724 1848 ἔστενες

2132 1904 2172 1960 Β
2202 1861 2545 1960 δακρύουσα,
2594 1864 2692 1920 καὶ
2758 1868 2855 1939 τὴν
2903 1868 3069 1923 αὐτοῦ
3116 1869 3514 1943 εὐσπλαγχνίαν
3557 1874 3725 1945 ὲμεγά-

2202 1956 2379 2021 λυνες.

2291 2048 2352 2103 ’θ
2382 2048 2571 2115 νώτοις
2615 2051 2900 2123 Χερουϐὶμ
2944 2052 3003 2105 ὲν
3050 2051 3303 2122 οὐρανοῖς
3346 2052 3639 2127 θεοπρεπῶς

2200 2138 2419 2210 ἀληθῶς
2452 2140 2766 2213 ὀχούμενος,
2793 2138 2916 2205 ταῖς
2955 2142 3225 2211 ἀγκάλαις
3253 2161 3349 2198 σου
3379 2146 3571 2218 ἐποχεϊ,
3594 2158 3730 2201 ’σταυ-

2206 2230 2401 2300 ρωθεὶς
2426 2230 2640 2297 πάντας
2664 2233 2875 2305 φθορᾶς
2902 2234 3190 2292 διέσωσεν.

2282 2415 2400 2469 Ἵνα
2427 2414 2606 2490 οεὼσῃ
2648 2416 2742 2472 τὸν
2786 2417 3095 2490 ἄνθρωπον,
3134 2412 3210 2473 ὲκ
3242 2418 3362 2487 σοῦ,
3400 2420 3731 2491 παρθένευμ-

2201 2526 2390 2563 κτεται
2420 2508 2573 2576 θεὸς,
2620 2510 2718 2566 καὶ
2756 2511 3111 2585 σταυροῦται,
3156 2514 3250 2567 κώ.
3284 2512 3513 2567 θανάτου
3547 2515 3730 2585 γεύεται

2200 2601 2536 2657 ἀποκτείνων
2566 2602 2657 2657 τὸν
2684 2604 2783 2675 ἐμὲ
2805 2605 2867 2657 τὸ
2892 2606 3020 2675 πρὶν
3050 2606 3461 2664 ἀποκτείνοντα.

2278 2694 2549 2749 Παλάτιον
2576 2694 2831 2767 ηεμψυχον
2856 2696 2949 2751 τοῦ
2988 2695 3272 2768 βασιλέως,
3320 2699 3417 2752 καὶ
3457 2695 3626 2769 θρόνος
3650 2717 3731 2752 πυ-

2203 2786 2491 2858 ρίμορφος,
2528 2788 2800 2860 Παρθένε,
2828 2786 3188 2857 ἀναδέδειξαι,
3221 2791 3279 2844 ἓν
3320 2784 3373 2860 ᾧ
3406 2791 3727 2861 καθεζόμενος

2202 2877 2411 2941 πάντας
2440 2878 2693 2948 ἐξήγειρε
2741 2877 2838 2931 τοῦ
2884 2879 3158 2951 προτέρου
3206 2878 3494 2951 πτώματος
3525 2878 3732 2951 βροτοὺς,

2208 2969 2301 3022 καὶ
2331 2969 2583 3041 συνεδρίᾳ
2611 2969 2823 3042 Πατρδς
2856 2971 3147 3041 ἐτίμησας.

2283 3061 2347 3114 Ἦ
2370 3062 2598 3131 ἄμωμος
2614 3061 2821 3132 ἀμνὰς,
2852 3061 3145 3133 προφητῶν
3179 3078 3237 3115 τε
3269 3063 3367 3116 καὶ
3402 3060 3676 3133 μαρτύριον
3705 3060 3735 3128 ἡ

2202 3152 2493 3226 ὼραιότης,
2516 3152 2715 3237 ὥσπερ
2749 3154 2921 3225 ἀμνόν
2948 3171 3007 3207 σε
3045 3155 3430 3226 ἀνηρτημένον
3479 3155 3566 3207 ἐπὶ
3600 3152 3735 3218 ίξύλου

525 3264 646 3304 sum
673 3247 835 3313 vidit,
874 3245 1254 3316 cmpit‘amare
1287 3242 1436 3308 ﬂere,
1468 3251 1630 3312 atque
1677 3238 1751 3294 ita
1790 3240 2014 3295 dicere:
2052 3234 2096 3293 0

2206 3245 2516 3317 θεασαμένη
2534 3234 2729 3301 κεκλαιε
2744 3249 2960 3320 πικρῶς
2990 3248 3086 3302 καὶ
3110 3247 3327 3317 ἔλεγενο
3370 3249 3432 3301 ’1⁷1
3460 3244 3737 3301 obscured“

524 3352 791 3397 creatura:
820 3354 1033 3401 omnes,
1068 3352 1191 3407 qua:
1239 3338 1291 3390 in
1345 3349 1527 3391 rerum
1568 3340 1763 3388 natura
1813 3332 2099 3393 exsistitis.

524 3431 748 3486 laudate
768 3429 1092 3494 Dominum,
1118 3440 1170 3482 et
1201 3423 1605 3497 supereraltate
1636 3437 1762 3479 eum
1816 3423 1871 3477 in
1916 3422 2101 3478 omnia

525 3524 742 3580 saecula.

601 3613 883 3670 Solarium
940 3611 1297 3681 splendorum
1354 3609 1707 3681 pulchritudo
1756 3625 1785 3663 a
1839 3615 2103 3663 consueto

527 3723 693 3763 cursu
724 3705 955 3772 destitit,
986 3718 1111 3759 cum
1133 3702 1268 3757 vidit
1301 3713 1373 3769 te,
1422 3718 1454 3757 ο
1500 3701 1591 3757 Sol
1619 3698 1869 3770 iustitiae,
1902 3699 1955 3752 in
1984 3713 2105 3753 cru-

530 3814 651 3854 cem
694 3797 1003 3853 voluntarie
1041 3795 1337 3851 sublatum.
1374 3796 1441 3848 At
1485 3791 1653 3863 Virgo
1682 3806 1807 3846 eum
1837 3790 2105 3860 discipulo

529 3894 762 3966 virgine,
807 3906 998 3946 amaro
1034 3889 1242 3960 eiulatu
1264 3888 1426 3944 verba
1460 3886 1866 3950 intermiscens,
1897 3883 2103 3940 clama-

532 3990 622 4041 bat
652 4004 665 4041 :
692 3976 1382 4054 Qttoduamispectaculum
1418 3989 1502 4036 est
1532 3980 1636 4036 hoc
1696 3993 1897 4033 novum
1945 3984 2108 4046 atque

529 4077 887 4134 inusitatum?

781 4203 864 4259 Ea:
893 4220 1093 4257 canone
1112 4201 1331 4258 Sabbati
1366 4202 1432 4254 ad
1476 4197 1829 4253 Matutinttm.

605 4332 941 4388 Veneranda:
976 4331 1257 4394 mulieres,
1287 4345 1408 4399 quae
1442 4328 1577 4382 dura
1597 4325 1988 4381 exercitatione
2014 4324 2105 4378 de-

526 4433 900 4487 certaverant,
933 4432 989 4477 at
1020 4423 1276 4477 athletice
1302 4423 1515 4476 hostem
1550 4429 1965 4489 superaverant,
2003 4422 2110 4472 eir-

529 4527 868 4571 eumstantes
903 4526 974 4580 te,
1006 4530 1038 4569 o
1081 4514 1170 4569 Dei
1198 4513 1467 4576 Genitrix.
1498 4513 1843 4567 lartabautur.

2203 3340 2440 3411 ὑμνείτω
2469 3340 2560 3393 τὸν
2598 3341 2805 3412 Κύριον
2830 3342 2979 3395 πᾶσα
3002 3341 3176 3407 κτίσις
3198 3342 3293 3395 καὶ
3322 3332 3738 3414 ammonens,-

2204 3434 2417 3499 πάντας
2449 3434 2575 3499 τοὺς
2602 3433 2823 3499 αἰῶνας.
3390 3427 3395 3431 ’

2274 3618 2586 3687 Φωστήρων
2618 3616 2813 3681 κάλλος
2863 3617 3064 3689 δρόμου
3101 3614 3197 3671 τοῦ
3238 3615 3503 3688 συνήθους
3546 3612 3738 3679 ἀπέστη.

2206 3710 2292 3762 ὅτε
2329 3724 2389 3760 σε
2438 3703 2600 3775 εἶδεν,
2621 3708 2777 3762 Ἥλιε
2804 3709 2903 3778 τῆς
2941 3708 3314 3780 δικαιοσύνης,
3349 3707 3639 3779 ἐπηρμένον
3668 3703 3743 3755 tsi

2204 3800 2300 3854 τοῦ
2329 3800 2563 3871 σταυροῦ
2616 3800 2906 3873 θελήματι,
2935 3803 2969 3872 ὴ
3022 3803 3081 3857 δὲ
3108 3802 3390 3873 Παρθένος
3418 3803 3515 3853 σὺν
3563 3796 3745 3868 μαθητῇ

2208 3892 2462 3965 παρθένῳ
2479 3893 2714 3963 ἠλάλαζε
2733 3895 2965 3965 πικρῶς,
2987 3896 3135 3966 οἴμοι
3159 3896 3173 3949 1
3198 3895 3514 3957 ἀναϐοῶσα,
3544 3890 3603 3946 Τί
3618 3888 3747 3944 τοῦτο

2208 3984 2268 4037 τὸ
2308 3984 2457 4051 ξένον
2496 3984 2672 4056 θέαμα
2689 4001 2706 4053 ;

2224 4207 2323 4259 Ἐκ
2359 4204 2465 4260 τοῦ
2487 4205 2743 4270 κανόνος
2765 4204 2871 4259 τοῦ
2904 4204 3210 4261 Σαόὄάτου
3260 4200 3354 4271 εις
3384 4203 3488 4257 τόν
3511 4200 3743 4269 Ὂρθρσν.

2281 4331 2347 4383 Δί
2375 4330 2604 4402 ἀσκήσει
2635 4330 2877 4402 στέρῤῶς
2925 4331 3301 4402 ἠγωνισμέναι
3348 4330 3442 4385 καὶ
3486 4322 3746 4395 ἀθλητικῶς

2214 4421 2542 4477 καθελοῦσαι
2576 4423 2667 4477 τὸν
2695 4424 2885 4496 ἐχθρὸν
2904 4426 3113 4494 ’σεμναὶ
3142 4427 3373 4493 γυνναῖκε
3385 4418 3749 4489 ;,“Θεοκυῆτορι

2216 4516 2276 4568 σὲ
2304 4516 2668 4585 περιεστῶσαι
2689 4517 3092 4587 εὐφραίνονται.

600 4610 737 4665 Cum
791 4610 1048 4664 omnibus
1098 4606 1389 4676 prophetis
1455 4606 1738 4674 sacrisque
1788 4602 2102 4658 mulieribus

2286 4610 2439 4663 Μετά
2468 4610 2684 4663 πάντων
2722 4610 3019 4681 προφητῶν
3044 4610 3138 4664 καὶ
3171 4608 3415 4677 γυναίων
3447 4602 3601 4676 ἱερῶν
3620 4598 3750 4661 Θεδν,

532 4706 733 4758 obnixe
758 4716 1003 4772 precare,
1032 4717 1071 4755 ο
1098 4699 1285 4771 Virgo,
1322 4699 1475 4754 illurn
1501 4698 1595 4769 qui
1637 4714 1701 4753 ex
1744 4707 1795 4753 te
1822 4708 1981 4751 natus
2006 4707 2109 4760 est,

532 4804 592 4850 ut
624 4796 949 4849 misereatur
974 4793 1168 4847 nostri.

617 4889 857 4943 Montem
888 4886 1184 4942 virtutibus
1218 4886 1538 4940 umbrosum
1576 4885 1710 4939 vidit
1742 4893 1815 4948 te,
1846 4899 1877 4937 o
1918 4882 2113 4953 Dcipa-

537 5001 619 5049 ra,
654 4984 919 5054 propheta
950 4980 1228 5046 llahaeuc,
1261 4998 1324 5035 ex
1358 4996 1469 5050 quo
1506 4978 1867 5050 inexplicabili
1903 4977 2114 5031 ratione

536 5079 682 5133 Deus
730 5077 1006 5148 apparuit,
1069 5076 1161 5145 qui
1216 5076 1413 5127 virtute
1484 5088 1581 5126 sua
1650 5070 1865 5140 operuit
1919 5068 2111 5130 cmlos,

531 5183 694 5241 atque
724 5171 974 5224 homines
1001 5168 1159 5239 261
1197 5168 1265 5221 ab
1290 5165 1512 5219 interitu
1542 5163 1795 5218 salvavit.

605 5262 961 5318 Satn-tissime
989 5260 1174 5328 Virgo,
1201 5265 1527 5328 martyrum,
1578 5255 1978 5317 confessortnn,
2009 5264 2112 5304 car-

534 5367 885 5424 terorumque
912 5352 1187 5423 justorum
1223 5350 1416 5421 gloria,
1450 5348 1518 5400 ah
1561 5346 1713 5401 omni
1749 5344 2105 5400 tetttatiOnutn

533 5447 822 5519 tyrannide
857 5448 1008 5514 eripe
1043 5459 1163 5498 nos.

610 5624 721 5693 (15)
758 5624 966 5693 Agriani
1000 5636 1218 5691 quoque
1243 5617 1649 5693 imtuaculatam
1684 5615 1970 5693 Qeiparant
2007 5629 2110 5693 vo-

532 5684 659 5749 cant
774 5684 1030 5748 A‘itdrezts'
1052 5684 1333 5747 Cretensis
1358 5704 1567 5743 canone
1608 5689 1659 5741 in
1690 5684 1870 5740 Mariae
1897 5684 2108 5738 Nativi-

534 5763 1046 5826 tatetu,etJaeohus
1078 5761 1382 5816 lllOltat‘blIS
1415 5761 1567 5813 Orat.
1601 5758 1652 5811 in
1681 5757 1926 5810 eamdem
1960 5755 2109 5809 Nati-

533 5838 774 5896 vitatetn,
806 5848 1039 5902 querum
1092 5833 1251 5885 Vt'l'ha
1285 5830 1404 5882 tletli
1440 5831 1490 5902 in
1524 5830 1663 5902 notis
1695 5830 1763 5902 all
1794 5827 2012 5902 Mat'iale
2046 5826 2103 5879 S.

531 5906 786 5959 Germani
819 5898 1137 5973 patriarcha:
1177 5898 1764 5968 Consttntinupolitzttti
1818 5913 1937 5967 pag.
1978 5898 2099 5951 185.

2219 4701 2485 4773 Παρθένε,
2513 4702 2605 4755 τὸν
2633 4703 2892 4773 τεχθέντα
2932 4704 2999 4756 ὲκ
3045 4703 3141 4757 σοῦ
3194 4702 3507 4757 ὲκδυσώπει
3550 4694 3751 4756 ἐκτενῶς

2215 4794 2309 4847 τοῦ
2350 4796 2693 4865 οἱκτειρῆσαι
2722 4797 2892 4866 ἡμᾶς.

2292 4888 2453 4956 Ὀρος
2480 4886 2781 4941 κατάσκιον
2823 4886 3007 4957 βλέπει
3066 4904 3125 4940 σε
3166 4886 3393 4958 ἀρεταῖς
3426 4889 3453 4940 ὁ
3484 4882 3752 4954 προφήτης,

2218 4977 2480 5043 Θεοτόκε,
2540 4976 2878 5047 Ἀϐὁακοῦμ,
2921 4980 2979 5042 ἐξ
3035 4972 3096 5032 οὗ
3147 4978 3390 5046 ἐπέφανε
3424 4976 3561 5039 Θεὸς
3608 4967 3754 5040 ἀφρά-

2220 5086 2360 5133 στως
2388 5070 2556 5140 ἀρετῇ
2588 5069 3154 5140 καλύψαςόύρανοὺς,
3184 5070 3278 5125 καὶ
3300 5072 3363 5124 τὸ
3405 5070 3560 5138 γένος
3586 5062 3757 5133 ἀνθρὼ-

2218 5178 2334 5215 πων
2364 5160 2635 5224 διασώσας
2663 5163 2725 5214 ἐκ
2755 5161 2981 5231 φθορᾶς.

2290 5255 2537 5323 Παναγία
2562 5255 2825 5327 Παρθένε,
2859 5255 2918 5308 τὸ
2944 5254 3205 5326 καύχημα
3224 5256 3333 5310 τῶν
3360 5262 3658 5326 μαρτύρων,
3688 5245 3760 5299 καὶ

2216 5346 2519 5411 δσίων,καὶ
2566 5347 2791 5402 δικαίων
2826 5350 3006 5420 πάσης
3061 5350 3206 5420 ἡμᾶς
3248 5347 3562 5417 τυραννίδος
3612 5334 3762 5405 ἐξελοῦ

2220 5438 2327 5491 τῶν
2352 5440 2697 5509 πειρασμῶν.

2219 5615 2574 5687 Perspicuum
2605 5624 2787 5671 autem
2835 5618 2978 5687 apud
3030 5631 3117 5672 me
3142 5627 3224 5672 est
3254 5614 3319 5669 Β.
3349 5612 3619 5683 Virginem
3650 5603 3761 5687 falso

2220 5683 2507 5740 dicendam
2604 5683 2887 5757 absolute'
2941 5703 3137 5757 agnam
3232 5687 3662 5741 Immaculatam,
3719 5683 3764 5750 ul

2217 5771 2333 5809 eam
2368 5757 2602 5826 appellat
2644 5756 2934 5827 Josephus,
2969 5756 3011 5811 si
3069 5759 3119 5811 in
3172 5759 3351 5827 primo
3405 5757 3765 5827 momento‘sut

2214 5841 2349 5908 esse.
2397 5824 2698 5949 silirduisset
2757 5824 2990 5897 macula,
3024 5824 3333 5898 cujuémodi
3395 5837 3478 5881 est
3525 5824 3764 5893 peceatum

2215 5913 2424 5949 oriema
2455 5913 2506 5949 e.

2215 5913 2506 5967 originale.
