4038 6610
337 473 479 538 ῈΞὩΊ

1699 451 2067 516 MARIALE.

3434 430 3569 494 1:253

416 585 573 654 ’Δγία
628 580 883 648 Θεοτόκε,
919 578 1146 647 ἁγίασον
1187 575 1346 646 ἡμῶν
1396 575 1520 636 τοὺς
1579 569 1931 639 λογισμοὺςμ

2073 563 2116 617 Ο
2145 562 2343 617 Sancta
2366 556 2613 627 Deipara,
2639 549 2888 608 santilica
2920 545 3279 618 cogitationes
3335 553 3573 609 nostras,

337 679 432 733 καὶ
455 677 516 730 τδ
557 675 815 746 φρόνημα
843 669 1116 743 στήριξον,
1149 671 1245 723 καὶ
1294 667 1464 720 σῶσον
1496 667 1560 719 ἐκ
1587 663 1697 722 τῶν
1732 660 1901 731 βελῶν

335 769 430 824 τοῦ
447 766 688 838 πονηροῦ
701 763 976 835 ἀτρώτους
1001 761 1149 833 ἡμᾶς
1171 758 1490 827 δοξάζοντας
1515 773 1609 809 σου
1643 754 1703 809 τὸ
1734 753 1902 816 ἔλεος,

337 861 501 931 ἁγνή.

409 952 566 1008 Μετὰ
625 947 951 1022 μαρτύρων,
996 945 1255 1016 ἄχραντε,
1296 942 1391 1000 καὶ
1428 940 1589 994 ὁσίων
1625 937 1907 1005 Πατέρων,

340 1044 438 1105 καὶ
461 1041 780 1114 προφητῶν,
811 1037 999 1096 πασῶν
1027 1053 1100 1094 «rs
1125 1036 1219 1090 καὶ
1259 1034 1368 1094 τῶν
1397 1031 1566 1086 ὁσίων
1614 1027 1909 1098 γυναικῶν,

337 1136 430 1190 τὸν
488 1135 548 1188 ὲν
612 1131 786 1200 ἁγίοις
840 1128 999 1200 μόνον
1059 1123 1547 1192 ἐπαναπαυόμενον
1609 1117 1911 1172 ὲκδυσώπει

341 1228 490 1298 ἡμᾶς
531 1223 887 1292 καθαγιόισαι,
936 1218 1097 1290 ἁγνὴ,
1123 1218 1307 1286 ἁγίαις
1337 1217 1395 1270 ὲν
1441 1213 1646 1285 φωναῖς
1683 1210 1806 1272 τοὺς
1830 1208 1915 1262 δο-

342 1318 696 1386 ξολογοῦντας
733 1313 895 1369 αὐτὸν
924 1313 1006 1376 είς
1033 1311 1161 1374 τοὺς
1187 1309 1413 1372 αίῶνας.

409 1407 724 1478 Θεοκυῆτορ
746 1405 919 1476 ἁγνὴ,
950 1403 1090 1476 μετὰ
1119 1401 1336 1456 πάντων
1366 1395 1682 1471 μαρτύρων,
1703 1409 1917 1466 προφη-

340 1501 470 1566 τῶν,
503 1500 599 1574 καὶ
629 1497 926 1563 “iamnon.
948 1496 1121 1566 ἁγίων
1151 1491 1425 1562 γυναικῶν
1455 1488 1552 1545 καὶ
1596 1482 1920 1560 ίερομαρτύ-

345 1607 476 1663 ρων,
509 1589 957 1660 κατοικτειρῆσαι
995 1587 1142 1658 ἡμᾶς
1169 1585 1260 1639 τὸν
1283 1584 1510 1655 Σωτῆρα
1538 1580 1796 1636 δυσώπει.

409 1772 836 1844 Φιλοικτίρμονα,
857 1769 990 1831 Θεὸν
1027 1770 1070 1840 ἡ,
1093 1768 1354 1840 κυήσασα
1395 1764 1579 1835 σαρκὶ.
1618 1761 1756 1831 μετὰ
1788 1759 1924 1812 πάν-

342 1880 454 1917 των
502 1861 683 1932 ἁγίων
718 1860 1044 1919 καθικέτευε
1092 1859 1183 1913 ἀεὶ
1234 1855 1496 1914 κινδύνων
1524 1853 1671 1928 ἡμᾶς
1727 1850 1920 1916 σῶσαι,

343 1953 776 2025 Μητροπάρθενε
795 1952 957 2023 ἁγνή.

1007 2150 1193 2205 ΗΧΟΣ
1238 2149 1314 2204 Γ’.

363 2269 458 2322 Ἐκ
478 2267 583 2323 τοῦ
603 2267 860 2334 κανόνος
905 2264 1017 2334 τῆς
1053 2259 1334 2330 δευτέρας
1385 2259 1474 2325 είς
1506 2257 1612 2312 τὸν
1651 2257 1925 2325 Ὄρθρον.

425 2375 671 2444 Παναγία
691 2375 950 2446 ἄχραντε,
979 2370 1318 2442 ἁμαρτωλῶν
1349 2365 1593 2437 βοήθεια,
1614 2363 1925 2418 πιπτόντων

354 2468 748 2540 ἐπανόρθωσις,
772 2465 1060 2538 μετάνοιαν
1080 2462 1220 2516 δίδου
1257 2477 1347 2531 μοι
1381 2456 1726 2521 κατανύξεως
1755 2453 1929 2508 πολλὰ

352 2559 741 2631 ἡμαρτηκότα.

423 2652 613 2723 Μαρία
631 2649 943 2722 κυριώνυμε
980 2647 1194 2712 πολλοῖς
1225 2643 1586 2716 κυριευθέντα
1636 2659 1702 2712 με
1731 2637 1930 2695 πάθεσι

352 2741 715 2818 ψυχοςροόροις
744 2740 1111 2814 ὲλευθέρωσον
1145 2735 1463 2810 πρεσϐείαις
1489 2751 1605 2788 σου.

423 3017 576 3072 Δίδου
597 3032 708 3089 μοι,
738 3015 897 3088 ἁγνὴ,
919 3015 1093 3087 ἀληθῆ
1122 3013 1432 3086 μετάνοιαν,
1461 3009 1667 3064 παῦσον
1695 3009 1805 3063 τῶν
1829 3026 1930 3063 πα-

355 3112 466 3167 θῶν
497 3129 600 3183 μου
624 3111 716 3165 τὸν
747 3109 928 3176 σάλον,
955 3107 1380 3181 ἁμαρτανόντων
1411 3106 1448 3178 ἡ
1475 3102 1808 3176 προστασία.

2009 655 2288 724 animique
2320 654 2553 708 'sensum
2595 644 2909 709 cor-robora,
2937 650 2991 697 et
3035 656 3066 694 a
3114 637 3337 706 maligni
3385 635 3580 706 jaculis

2007 763 2108 806 nos
2156 746 2276 802 sine
2345 743 2567 799 vulnere
2625 751 2923 801 conserva,
2975 733 3104 788 dum
3166 744 3313 786 tuam
3371 729 3583 785 miseri-

2010 838 2276 904 cordiam,
2303 852 2337 892 o
2371 835 2732 905 Virgmcasta,
2767 827 3157 900 glorilicamns.

2083 929 2205 990 Una
2240 945 2362 984 cum
2409 925 2764 997 martyribus,
2824 920 3139 989 sanctisque
3186 915 3446 970 Patribus
3515 927 3580 966 ac

2012 1022 2312 1095 prophetis,
2339 1019 2709 1088 omnibusque
2739 1016 2946 1072 sanctis
2973 1008 3295 1067 mulieribus
3321 1004 3585 1076 supplici-

2014 1124 2116 1176 ter,
2153 1128 2184 1168 ο
2218 1110 2404 1182 Virgo,
2428 1124 2525 1165 ora
2549 1108 2701 1162 illum
2724 1106 2816 1176 qui
2840 1103 2989 1161 solus
3010 1103 3066 1159 in
3094 1101 3300 1157 sanctis
3366 1097 3586 1167 requie-

2016 1207 2142 1270 scit,
2176 1214 2234 1260 ut
2264 1201 2567 1262 sanetilicet
2604 1214 2733 1266 nos,
2781 1196 2876 1268 qui
2900 1195 3102 1277 sanctis
3148 1191 3376 1250 vocibus
3432 1189 3585 1245 illum

2017 1298 2382 1373 gloriﬁcamus
2406 1295 2460 1353 in
2489 1293 2710 1352 szecula.

2089 1389 2188 1446 Dei
2227 1387 2474 1446 Genitrix
2505 1400 2640 1456 pura
2684 1392 2738 1440 et
2777 1393 2966 1448 casta;-
2996 1394 3122 1437 cum
3167 1375 3423 1435 omnibus
3461 1388 3591 1445 pro-

2019 1483 2220 1556 pinetis,
2275 1479 2628 1550 martyribus,
2683 1484 2737 1531 et
2791 1471 3225 1537 confessoribus,
3278 1470 3591 1540 sanctisque

2021 1572 2346 1630 mulieribus
2400 1585 2464 1625 ac
2505 1564 3017 1638 hieromartyribus,
3067 1577 3293 1635 precare
3338 1562 3587 1617 Salvato-

2023 1682 2160 1732 ren),
2195 1675 2254 1720 ut
2281 1665 2611 1719 misereatur
2640 1659 2836 1717 nostri.

2093 1755 2138 1813 Ο
2167 1756 2358 1818 Mater,
2389 1753 2557 1824 Virgo
2589 1751 2904 1824 purissima,
2937 1764 3059 1820 qua:
3089 1756 3392 1804 amatorem
3424 1746 3588 1801 mise-

2026 1850 2275 1908 ricordiae
2303 1848 2471 1904 Deum
2509 1849 2563 1902 in
2608 1861 2774 1901 carne
2823 1844 3078 1915 peperisti
3117 1861 3130 1898 :
3174 1857 3391 1913 semper
3441 1841 3590 1896 illum

1955 1921 1996 1977 Β
2025 1945 2337 2014 deprecare,
2359 1956 2469 1998 una
2495 1955 2622 1996 cum
2661 1939 2920 2004 omnibus
2950 1935 3177 2001 sanctis,
3217 1943 3276 1990 ut
3310 1948 3411 1990 nos
3446 1947 3479 1988 a
3501 1946 3594 2003 pc-

2025 2035 2218 2099 riculis
2247 2033 2430 2093 salvos
2468 2031 2762 2088 custodiat.

2631 2139 2864 2199 TONUS
2894 2140 2982 2196 lll.

2273 2255 2356 2309 Ex
2377 2269 2574 2309 canone
2607 2253 2756 2324 ferite
2795 2268 2833 2307 ιι
2855 2251 2926 2306 ad
2969 2249 3322 2305 Matutinum.

2099 2365 2266 2436 Virgo
2298 2363 2646 2421 sanctissima
2679 2377 2744 2418 ac
2774 2361 3092 2433 purissima,
3116 2357 3381 2413 auxilium
3405 2369 3597 2427 pecea—

2028 2467 2232 2522 torum,
2262 2457 2537 2528 lapsorum
2571 2455 2798 2519 erectio,
2839 2453 2995 2518 mihi,
3032 2452 3127 2524 qui
3178 2450 3347 2506 multa
3375 2457 3594 2519 peccata

2030 2549 2358 2622 perpetravi,
2383 2546 2818 2618 eompunclionls
2843 2545 3218 2617 paenitentiam
3244 2542 3501 2600 concede.

2099 2641 2143 2698 0
2165 2641 2355 2710 Maria,
2389 2640 2548 2711 cujus
2581 2654 2778 2694 nomen
2813 2637 3098 2693 Dominam
3145 2645 3325 2701 sonat,
3368 2649 3457 2690 me
3498 2633 3600 2690 sub

2035 2736 2324 2792 multarum
2363 2735 2706 2804 passionum,
2729 2731 2968 2787 animam
3007 2746 3183 2786 meam
3216 2729 3288 2785 ad
3319 2728 3599 2784 interitum

2031 2827 2486 2898 pertrahentium,
2517 2823 2799 2880 dominatu
2835 2837 3158 2894 oppressum
3205 2820 3374 2876 libera
3430 2819 3600 2874 intor-

2033 2917 2371 2974 cessionibus
2403 2917 2530 2972 tuis.

2105 3007 2302 3064 Veram
2360 3009 2491 3063 mihi
2553 3006 2925 3077 paenitentiam
2979 3004 3253 3072 concede;
3305 3016 3595 3074 compesce

2034 3099 2353 3170 passionum
2391 3111 2638 3153 mearum
2669 3096 3069 3152 tumultuantes
3101 3094 3332 3160 ﬂuctus;
3367 3109 3401 3150 ο
3430 3091 3600 3164 Virgo

2038 3199 2212 3253 casta,
2245 3188 2558 3258 prmsidium
2594 3196 2968 3259 peccatomm.

437 3303 506 3358 Ἦ
545 3301 682 3373 μόνη
722 3299 812 3355 διὰ.
839 3299 1000 3369 λόγου
1050 3297 1146 3352 ἐπὶ
1193 3296 1296 3366 γῆς
1345 3293 1445 3350 τὸν
1500 3291 1673 3361 Λόγον
1725 3289 1928 3355 τέξασα

2103 3282 2266 3354 262
2289 3282 2333 3336 0
2361 3289 2441 3346 tu,
2465 3296 2588 3352 qua:
2613 3281 2726 3337 sola
2767 3280 2822 3334 in
2862 3278 3022 3334 terris
3049 3293 3148 3349 per
3185 3277 3412 3333 verbum
3463 3274 3602 3331 Ver-

357 3397 456 3454 καὶ
503 3394 938 3468 παρθενεύουσα,
968 3391 1078 3446 τῶν
1105 3389 1314 3458 ἀλόγων
1349 3404 1416 3459 με
1463 3385 1630 3456 ῥῦσαι
1679 3383 1932 3454 πράξεων

355 3484 539 3554 λόγοις
576 3484 795 3547 σεπτοῖς
823 3481 971 3547 ὅπως
1005 3478 1230 3557 ἀνυμνῶ
1261 3493 1343 3532 σε.

428 3671 544 3740 Τὴν
566 3665 800 3725 κιϐωτὸν
827 3666 928 3738 τῆς
956 3665 1252 3738 Διαθήκης,
1281 3661 1378 3734 τὴν
1415 3660 1582 3731 ἁγίαν
1614 3659 1784 3725 ὅντως
1803 3660 1938 3733 τρά-

359 3763 555 3830 πεζαν,
583 3762 646 3816 τὸ
690 3761 1004 3832 ἱλαστήριον
1055 3757 1237 3830 ἡμῶν,
1257 3756 1350 3811 τὸν
1393 3755 1521 3810 ναὸν
1548 3754 1684 3808 Θεοῦ
1719 3753 1810 3807 τὸν
1840 3753 1940 3826 ἐμ-

357 3859 553 3928 ψυχον,
601 3854 700 3929 τὴν
734 3854 1051 3925 πάγχρυσον
1088 3849 1336 3923 λυχνίαν,
1374 3847 1474 3921 τὴν
1508 3846 1684 3921 ἀληθῆ
1710 3846 1942 3919 Μητέρα

358 3947 456 4006 τοῦ
489 3943 871 4018 πλαστουργοῦ
897 3941 1265 4014 ἀνυμνοῦμεν.

444 4038 509 4092 Ἦ
544 4038 721 4110 κρήνη
771 4037 807 4108 ἡ
857 4031 920 4090 τὸ
957 4031 1100 4105 ὕδωρ
1127 4031 1229 4102 τῆς
1251 4029 1500 4100 ἀφέσεως
1553 4027 1816 4100 βρύουσα,
1843 4025 1942 4091 τὰς

361 4130 651 4193 ἑκϐλύσεις
679 4128 792 4182 τῶν
829 4125 980 4197 ἐμῶν
1028 4124 1388 4195 πταισμάτων
1429 4121 1686 4191 ξήρανον,
1709 4135 1942 4192 παρεχο-

366 4224 506 4293 μένη
536 4239 625 4293 μοι
648 4219 888 4292 ὄμϐρους
915 4215 1193 4287 δακρύων,
1245 4216 1395 4280 ὅπως
1424 4231 1486 4270 σε
1513 4214 1601 4270 ἀεὶ
1636 4212 1712 4277 ὡς
1746 4213 1941 4268 Θεοτό·

360 4335 462 4374 κον
485 4315 660 4386 ὕμνῶ.

449 4408 754 4480 Ὑπερϐολῇ
811 4403 1080 4470 ἁσωπείας
1144 4402 1222 4475 τῷ
1272 4401 1374 4475 ᾅδῃ
1417 4401 1535 4456 νυν)⁸
1585 4401 1944 4472 προσὴγγισα

362 4499 1026 4577 ὑπερϐάλλουσανιιίόρη,
1043 4494 1446 4567 εὐσπλαγχνίαν
1463 4494 1686 4565 ἔχουσα,
1713 4493 1787 4557 ὡς
1811 4491 1944 4545 Θεὸν

361 4597 456 4650 τὸν
483 4591 858 4664 εὔσπλαγχνον
911 4590 1172 4663 ἀρρήτως
1197 4587 1472 4658 ξτεκοῠσα,
1499 4584 1822 4658 οἰκτείρασά
1871 4601 1940 4656 με

365 4705 444 4744 σω
450 4703 562 4748 σον,

435 4868 698 4926 Φωτεινὺν
727 4865 823 4922 τοῦ
854 4865 1128 4920 Δεσπότου
1164 4863 1449 4925 παλάτιον,
1473 4856 1621 4915 οἷκον
1671 4861 1844 4927 δεῖξόν
1876 4879 1943 4930 με

369 4960 547 5031 φωτός
582 4974 600 4992 °
646 4957 922 5013 ἀδιόδευτε
985 4955 1151 5025 πύλη,
1183 4952 1473 5018 ύπάνοιξόν
1522 4969 1612 5022 μοι
1658 4952 1946 5021 μετανοίας

365 5054 526 5118 ὁδούς
575 5067 594 5088 ο
621 5051 694 5122 γῆ
744 5049 897 5120 ἁγία,
925 5048 1063 5121 πρὸς
1117 5046 1222 5118 γῆν
1255 5063 1325 5116 με
1359 5044 1581 5116 πραέων
1630 5043 1894 5112 ὁδήγησον
1929 5056 1944 5073 ο

369 5147 662 5207 Δέσποινα,
699 5141 881 5206 πάσης
915 5157 982 5212 με
1021 5139 1190 5207 δεῖξον
1226 5137 1544 5201 δεσποτείας
1602 5133 1795 5190 παθῶν
1838 5134 1946 5188 ἀπ-

369 5235 676 5304 ελεύοερον.

381 5351 488 5404 Ἐκ
522 5345 630 5400 τοῦ
679 5343 940 5408 κανόνος
991 5341 1102 5411 τῆς
1133 5342 1326 5409 τρίτης
1391 5343 1477 5406 είς
1519 5339 1628 5393 τὸν
1674 5339 1944 5408 Ὄρθρον.

456 5451 787 5516 ’Δθανασίας
818 5451 996 5522 μάννα
1024 5449 1256 5521 Χριστὸν
1290 5449 1551 5520 φέρουσα,
1585 5448 1827 5516 στάμνος
1858 5450 1945 5500 λο-

375 5547 529 5619 γικὴ,
563 5545 793 5618 πικρίας
841 5541 1200 5614 ψυχοφθόρων
1231 5541 1420 5594 παθῶν
1469 5539 1806 5622 ὲκλύτρωσαί
1859 5555 1946 5607 με,

376 5637 624 5711 Παρθὲνε
669 5633 934 5704 παναγία,
973 5634 1122 5695 ὅπως
1176 5630 1358 5684 πίστει
1400 5627 1664 5696 δοξολογῶ
1693 5643 1752 5680 σε
1793 5625 1950 5680 εὐσε-

375 5731 511 5794 δὼς.

449 5818 878 5892 Παρθενομῆτορ
895 5816 1152 5888 ἄχραντε,
1177 5811 1564 5887 μετανοοῦντας
1591 5811 1738 5882 ἡμᾶς
1760 5809 1850 5863 καὶ
1875 5806 1952 5878 τῷ

377 5911 604 5986 Χριστῷ
639 5910 1072 5983 προστρέχοντας
1103 5908 1196 5962 καὶ
1225 5907 1334 5962 τῶν
1388 5905 1746 5976 πταισμάτων
1797 5901 1950 5957 λύσιν

2036 3373 2162 3428 bum
2194 3373 2430 3443 genuisti
2481 3387 2545 3427 ac
2597 3370 2882 3442 peperisti,
2924 3379 2978 3425 et
3035 3369 3190 3438 virgo
3233 3367 3608 3439 pcrmansisti,

2035 3464 2202 3520 libera
2239 3480 2322 3520 me
2344 3465 2412 3519 ab
2445 3463 2749 3520 actionibus
2780 3459 3108 3529 brutalibus,
3131 3469 3191 3516 ut
3226 3459 3408 3516 verbis
3438 3474 3601 3516 vene-

2035 3557 2248 3613 ratione
2276 3556 2455 3628 plenis
2485 3566 2536 3613 te
2567 3556 2890 3614 collaudem.

2107 3650 2302 3705 Arcam
2332 3648 2690 3716 Testamentl,
2731 3665 2974 3705 mensam
3019 3662 3146 3704 vere
3198 3657 3467 3710 sanctam,
3509 3658 3609 3710 no-

2038 3750 2212 3798 strum
2288 3741 2753 3812 propitiatorium,
2811 3739 3073 3809 templum
3128 3738 3220 3792 Dei
3283 3738 3608 3798 animatum,

2039 3832 2321 3886 lucernam
2365 3841 2532 3886 totam
2561 3847 2806 3895 auream,
2843 3846 3027 3887 veram
3072 3829 3300 3886 Matrem
3333 3827 3610 3885 Creatoris

2039 3921 2436 3979 collaudamus.

2109 4011 2154 4070 0
2183 4013 2328 4080 fons,
2377 4013 2471 4083 qui
2523 4029 2717 4084 aquam
2765 4011 3113 4084 indulgentiae
3167 4025 3232 4067 ac
3272 4010 3614 4067 remissionis

2039 4106 2294 4172 scaturis,
2354 4115 2700 4176 peccatorum
2757 4118 3004 4158 meorum
3079 4110 3368 4158 manantes
3438 4085 3610 4172 aquas

2040 4197 2276 4264 exsicca,
2309 4197 2674 4269 lacrymarum
2713 4196 2916 4250 imbres
2951 4193 3082 4249 mihi
3113 4192 3442 4258 concedens,
3477 4202 3537 4248 ut
3562 4203 3615 4250 te

2041 4306 2257 4360 semper
2277 4299 2533 4361 tanquam
2557 4291 2840 4359 Dciparam
2870 4287 3121 4342 laudibus
3146 4287 3426 4342 extollam.

2114 4381 2368 4437 Luxuriae
2409 4392 2575 4452 atque
2606 4379 3056 4450 gintemperantiae
3111 4392 3344 4434 excessu
3399 4376 3615 4433 inferno

2044 4488 2190 4529 nunc
2224 4473 2657 4544 appropinquavi
2690 4492 2704 4528 :
2737 4482 2815 4540 tu,
2842 4488 2875 4526 ο
2916 4470 3123 4535 Puella,
3158 4485 3281 4540 quae
3307 4471 3524 4527 excedis
3559 4471 3613 4526 in

2045 4569 2348 4624 visceribus
2394 4567 2806 4632 misericordiae,
2849 4576 3012 4636 utope
3045 4578 3168 4635 qua:
3198 4563 3364 4619 Deum
3400 4565 3616 4620 miseri~

2047 4660 2435 4716 eordissimum
2468 4659 2818 4716 ineﬂ‘abiliter
2842 4656 3128 4731 peperisti,
3180 4656 3442 4712 miserere
3485 4657 3614 4722 mei,

2045 4763 2098 4810 et
2118 4754 2266 4809 salva
2301 4770 2409 4808 me.

2118 4846 2165 4902 0
2199 4849 2457 4918 palatium
2495 4846 2590 4901 Dei
2626 4846 2983 4912 luminosnm,
3031 4847 3117 4904 fac
3154 4862 3239 4902 me
3272 4845 3494 4901 domum
3535 4843 3618 4895 lu-

2048 4938 2128 4994 cis
2165 4957 2180 4993 :
2211 4955 2244 4994 ο
2270 4947 2423 5009 porta
2451 4938 2736 5008 impervia,
2760 4938 2912 5008 aperi
2950 4937 3083 4992 mihi
3109 4938 3222 4993 vias
3249 4933 3617 5007 paenitentiae:

2048 5046 2081 5085 ο
2102 5042 2243 5087 terra
2273 5042 2484 5097 sancta,
2504 5030 2679 5085 deduc
2707 5045 2792 5084 me
2837 5029 2892 5083 in
2922 5040 3121 5085 terram
3159 5037 3567 5083 mansuetorum
3597 5043 3612 5079 :

2048 5139 2082 5180 ο
2116 5123 2365 5191 Domina,
2390 5123 2560 5178 libera
2589 5138 2673 5178 me
2703 5122 2771 5177 ab
2797 5122 2948 5176 omni
2988 5125 3310 5193 passionum
3345 5118 3615 5175 dominio.

2296 5328 2379 5380 Ea:
2417 5340 2614 5378 canone
2651 5323 2799 5394 feria:
2830 5339 2892 5379 ιιι
2918 5324 2987 5378 ad
3020 5323 3364 5380 Matutinum.

2121 5433 2166 5492 0
2206 5449 2342 5489 urna
2375 5435 2678 5500 rationalis,
2719 5449 2840 5503 quze
2875 5433 3158 5490 Clu-istum
3195 5435 3625 5492 immortalitatis

2053 5544 2249 5583 manna
2276 5529 2468 5595 tulisti,
2495 5528 2662 5583 libera
2691 5543 2797 5590 mc,
2826 5525 2989 5597 Virgo
3019 5527 3388 5595 sanctissima,
3413 5544 3444 5583 a
3475 5543 3625 5582 mor-

2053 5623 2334 5679 tiferarum
2364 5624 2682 5693 passionum
2716 5622 3103 5689 amaritudine,
3146 5631 3206 5678 ut
3229 5637 3358 5678 cum
3402 5623 3527 5691 title,
3559 5638 3625 5677 ac

1981 5779 1986 5784 ,
2054 5716 2253 5786 pietate
2293 5726 2343 5771 te
2369 5716 2686 5786 gloriﬁcent.

2129 5805 2293 5877 Virgo
2311 5805 2483 5862 Mater
2503 5805 2785 5886 inviolata,
2807 5814 2863 5860 tu
2881 5804 3257 5875 quaaomnium
3282 5821 3341 5862 es
3367 5806 3621 5871 Domina,

2056 5900 2292 5961 concede
2311 5898 2467 5958 nobis
2485 5898 2739 5966 omnibus
2751 5896 2844 5969 qui
2866 5895 3186 5971 paenitentia
3203 5897 3350 5956 ducti
3374 5898 3438 5954 ad
3465 5897 3624 5954 Clu-i-
