4038 6600
520 450 656 517 1299

1636 455 1696 513 S.
1738 456 2047 515 JOSEPHI
2094 453 2652 513 HYMNOGRAPIII

3589 447 3708 515 1300

518 574 660 618 stum
689 561 1047 626 rccurrimus,
1077 572 1129 615 ct
1162 572 1502 632 peccatorum
1546 562 1943 620 absolutionem
1978 566 2070 621 de-

2199 567 2427 629 ιέλοντας
2454 566 2658 631 λαϐεῖν,
2698 563 2888 619 τοῦτον
2916 563 3056 617 ῦεον
3074 562 3185 625 τοῖς
3206 558 3381 614 ’πᾶσιν
3406 559 3708 632 ἀπέργασαι,

518 655 841 717 sideramus,
869 660 926 705 ut
952 653 1098 706 illum
1134 653 1421 722 propitium
1452 655 1689 723 reperire
1720 657 2012 724 possimus.

585 740 764 804 Salve,
798 756 828 793 ο
852 739 1031 793 Puella
1065 740 1358 794 multorum
1408 744 1686 797 nominum
1718 747 2079 815 appellatione

517 832 832 901 conSpicua,
871 848 934 886 ex
968 848 1070 900 qua
1106 830 1342 887 Verbum
1380 842 1567 888 natum
1602 844 1709 903 est,
1743 840 1885 906 quod
1925 854 2023 892 nos
2048 854 2077 892 a

519 922 781 977 [telarum
838 924 1108 976 actionum
1172 923 1589 981 irrationalitate
1643 928 1857 983 liberat.
1890 929 2077 995 Salve,

519 1015 690 1069 nubes
715 1014 912 1080 lucida,
932 1030 1052 1084 quze
1076 1024 1275 1070 nostra!
1302 1017 1775 1085 pusillanimitatis
1798 1035 1861 1074 ac
1893 1036 2079 1075 socor-

518 1106 621 1160 dia:
657 1107 825 1160 nubes
841 1105 1097 1174 dispellit.

589 1199 748 1269 263
780 1200 938 1255 Partu
984 1208 1099 1263 tuo,
1145 1216 1177 1255 ο
1210 1200 1417 1265 Puella,
1449 1202 1609 1274 primi
1644 1203 1885 1273 parentis
1912 1203 2080 1258 male-

518 1293 808 1347 dictionem
842 1292 1136 1355 sustulisti,
1174 1302 1228 1348 et
1260 1295 1416 1349 nobis
1442 1295 1835 1351 benedictionis
1860 1296 2080 1350 ﬂumina

519 1401 776 1442 emanare
823 1384 1018 1448 fecisti,
1052 1386 1145 1454 qui
1186 1395 1235 1440 te
1268 1386 1669 1453 benedicimus,
1707 1396 1760 1442 et
1802 1403 1925 1444 cum
1977 1389 2080 1443 ﬁde

520 1479 909 1551 gloriﬁcamus.
1909 1484 1911 1488 ‘

589 1575 820 1647 Ojanua
860 1593 1073 1643 eorum,
1126 1578 1217 1648 qui
1257 1592 1352 1646 per
1400 1576 1555 1631 fidem
1607 1574 1833 1629 salutem
1892 1588 2084 1628 consc-

523 1678 764 1739 quuntur
798 1687 810 1722 :
843 1684 875 1723 ο
897 1678 1049 1741 porta
1088 1684 1180 1739 per
1211 1684 1372 1739 quam
1409 1668 1668 1723 solusillc
1696 1667 2073 1737 pertransivit,

523 1764 615 1836 qui
646 1772 863 1832 propter
888 1779 987 1817 nos
1019 1762 1333 1817 incarnatus
1364 1771 1480 1827 est;
1521 1761 1667 1831 aperi
1711 1760 1867 1815 nobis
1900 1769 2085 1832 portas

518 1856 765 1925 justitize,
790 1857 880 1927 qui
906 1864 954 1911 te
981 1855 1206 1911 fideliter
1232 1855 1627 1911 collandamus.

593 1946 638 1997 υ
669 1925 825 1999 casta
848 1943 1009 2015 Virgo
1043 1956 1324 2015 perpetua,
1354 1945 1520 1999 libera
1554 1960 1639 1998 me
1669 1944 1736 1997 ab
1766 1940 2085 2014 ignorantia:
2119 1925 2160 1984 Β

523 2041 838 2112 peccatique
866 2041 1124 2103 tenebris.
1170 2057 1291 2108 qua:
1332 2056 1417 2095 me
1453 2040 1815 2110 undequaquc
1861 2039 2090 2095 circum-

524 2135 654 2187 dant
683 2143 734 2189 et
790 2134 1437 2205 constringuntpquippe
1464 2149 1586 2204 quae.
1640 2134 1789 2188 illum
1828 2131 2089 2203 peperisti

524 2226 617 2303 qui
644 2226 894 2280 universa
925 2235 978 2280 et
1002 2226 1243 2281 continet
1269 2234 1322 2279 et
1355 2224 1629 2294 astringit.

598 2317 889 2388 Speciosus
918 2317 1089 2374 forma
1126 2318 1391 2375 Dominus
1423 2335 1541 2375 cum
1572 2327 1624 2374 te
1647 2318 1881 2388 speciem
1924 2314 2091 2371 Jacob

529 2410 825 2476 dilexisset,
862 2427 895 2467 ο
936 2411 1463 2477 immaculatissima,
1513 2411 1838 2466 inhabitavit
1878 2420 2089 2465 uterum

529 2512 717 2571 tuum;
747 2511 801 2558 et
833 2504 1132 2559 cmlestium
1163 2503 1429 2558 donorum
1466 2502 1871 2572 pulchritudine
1902 2502 2094 2556 huma-

531 2612 658 2651 num
693 2612 865 2666 genus
899 2596 1192 2651 decoravit.

604 2687 680 2743 Te
712 2689 913 2743 nubem
943 2689 1176 2743 lucidam
1210 2688 1469 2759 propheta
1494 2688 1760 2756 praevidit,
1788 2702 1853 2743 ex
1876 2702 1980 2757 qua
2013 2684 2093 2740 sol

535 2792 767 2847 magnus
799 2778 1053 2833 Christus
1093 2776 1234 2834 Deus
1283 2777 1535 2848 apparuit
1582 2778 1763 2843 nobis,
1791 2786 1844 2831 et
1884 2792 1945 2832 ea
1976 2791 2096 2846 qua:

534 2869 687 2941 prius
720 2869 954 2925 tenebris
980 2868 1196 2941 perfusa
1256 2880 1411 2924 erant
1438 2870 1781 2924 illuminavit.
1836 2870 2093 2924 Eumdem

534 2978 688 3032 ergo,
728 2977 761 3016 ο
790 2962 1207 3032 benignissima,
1243 2978 1487 3032 precare,
1518 2970 1576 3015 ut
1597 2961 1909 3031 passionum
1943 2975 2095 3015 mea-

536 3070 656 3110 rum
688 3055 859 3112 nubes
876 3056 1127 3126 dissipet,
1159 3056 1452 3126 divinaque
1478 3054 1600 3110 luce
1625 3070 1709 3109 me
1738 3054 2026 3109 illuminet.

784 3181 866 3237 Ex
888 3198 1083 3237 canone
1111 3183 1259 3253 ferite
1302 3198 1355 3236 tv
1395 3182 1464 3236 ad
1503 3181 1847 3236 Matutinum.

608 3312 869 3384 Snpernis
914 3313 1193 3370 ordinibus
1244 3314 1530 3370 sublimior
1566 3312 1887 3384 apparuisti,
1926 3310 2097 3367 Deum

537 3404 773 3461 Verbum
818 3406 871 3460 in
917 3406 1076 3462 terris
1112 3406 1297 3473 enixa,
1330 3420 1363 3460 ο
1415 3405 1786 3471 immaculata,
1817 3405 1832 3474 1
1859 3403 1952 3475 qui
2000 3390 2102 3459 nos

538 3500 887 3569 passionibns
920 3500 1055 3566 suis,
1090 3507 1145 3555 et
1185 3515 1349 3554 cruce
1384 3499 1622 3569 pretiosa
1676 3505 1896 3569 propter
1947 3511 2101 3554 suam

541 3592 833 3647 bonitatem
863 3587 930 3643 ad
956 3589 1197 3645 coelestia
1228 3604 1393 3659 regna
1437 3588 1652 3644 reduxit
1682 3603 1747 3644 ac
1773 3587 1995 3656 recepit.

610 3682 746 3737 Cum
787 3680 1061 3737 Christum
1095 3682 1150 3735 in
1200 3696 1365 3736 cruce
1418 3695 1740 3749 suspensum
1799 3678 2036 3742 videres,
2070 3693 2103 3734 ο

542 3769 790 3839 innupta,
813 3785 936 3826 cum
960 3770 1147 3825 dolore
1175 3770 1394 3825 dicebas
1424 3789 1436 3825 :
1462 3768 1700 3834 Occidis,
1719 3784 1752 3824 ο
1782 3767 1872 3824 Sol
1896 3768 2101 3838 glorire,

539 3864 610 3919 ab
632 3865 807 3920 oculis
839 3865 996 3930 meis,
1031 3864 1123 3935 qui
1156 3866 1211 3919 in
1242 3864 1475 3920 tenebris
1496 3873 1778 3919 versantes
1804 3863 2100 3920 illuminas.

614 3954 878 4013 Volumeu
899 3966 949 4013 te
971 3958 1263 4029 quondam,
1299 3974 1331 4012 ο
1357 3956 1540 4014 Puella
1574 3956 1945 4021 immaculata,
1973 3971 2099 4026 pro-

538 4050 700 4121 pheta
735 4049 1036 4120 conspexit,
1063 4049 1118 4104 in
1148 4064 1259 4119 quo
1306 4047 1481 4104 Patris
1522 4048 1715 4118 digito,
1751 4045 1986 4102 Verbum
2019 4045 2102 4099 in-

539 4153 823 4203 carnatum
856 4143 1182 4212 descriptum
1242 4141 1382 4207 fuit;
1427 4150 1480 4195 et
1511 4140 1670 4211 primi
1708 4139 1943 4209 parentis
1980 4136 2102 4193 ehi-

540 4234 868 4304 rOgraphum
906 4233 1092 4289 lancea
1125 4233 1420 4289 rescissum
1447 4241 1552 4286 est.

608 4325 774 4399 264
796 4327 1054 4382 Naturam
1079 4335 1485 4395 nostram.quae
1520 4325 1671 4395 prius
1706 4322 2103 4392 obtransgres-

539 4416 1089 4487 sionemdeﬂuxerat.
1116 4416 1522 4481 turelormasti,
1556 4432 1677 4486 quae
1703 4415 1980 4471 Christum
2019 4414 2103 4467 in-

538 4510 835 4571 deﬂuenter
857 4509 1131 4580 peperisti,
1162 4524 1195 4563 ο
1236 4508 1462 4567 Domina
1497 4506 1865 4570 sanctissima,
1912 4503 2099 4575 prtesi-

539 4603 689 4663 dium
723 4601 1023 4655 animarum
1052 4607 1383 4661 nostrarum.

610 4693 745 4749 Cum
777 4693 932 4748 Verbi
959 4708 1022 4747 ex
1057 4696 1163 4746 tuis
1194 4690 1553 4762 sanguinibus
1587 4690 1851 4744 incarnati
1874 4695 2100 4743 mortem

540 4786 773 4850 videres,
816 4799 848 4840 ο
886 4784 1112 4839 Domina
1148 4784 1311 4855 Virgo
1348 4782 1517 4837 Mater
1559 4780 2101 4843 immaculatissima;

542 4888 787 4937 materna
851 4877 1047 4948 pietate
1090 4886 1362 4933 commota
1410 4875 1674 4945 cjulabas,
1727 4883 1782 4929 et
1824 4887 1947 4929 eum
2009 4874 2102 4941 qui

538 4974 663 5028 vita:
691 4980 883 5027 auctor
912 4980 1048 5034 erat,
1076 4970 1481 5042 magniﬁcabas.

611 5064 826 5129 Stabas,
852 5080 885 5121 ο
916 5064 1280 5127 immaculata,
1309 5065 1577 5135 aspiciens
1613 5062 1920 5124 Christum,
1942 5073 2101 5130 quem

540 5177 826 5233 pepereras
877 5160 1029 5217 cruci
1070 5160 1309 5225 aiﬁxum,
1356 5170 1409 5214 et
1453 5160 1844 5215 exclamabas:
1906 5156 1985 5211 Ne
2023 5168 2108 5208 me

538 5256 745 5324 absque
768 5253 918 5327 prole
941 5252 1238 5322 relinquas,
1259 5269 1424 5324 quam
1455 5264 1575 5323 post
1592 5262 1805 5322 partum
1830 5248 2102 5319 Virginem

538 5345 899 5402 conservasti.

608 5436 745 5491 Cum
780 5445 907 5489 ante
944 5434 1143 5490 Christi
1186 5434 1421 5488 tribunal
1468 5436 1722 5499 tanquam
1777 5448 1902 5485 rcus
1959 5430 2107 5499 iudi-

542 5528 752 5582 candus
786 5527 1090 5583 conatituar
1120 5545 1134 5581 :
1172 5527 1397 5580 ostende
1426 5536 1475 5579 te
1506 5524 1660 5586 mihi,
1697 5540 1729 5577 ο
1760 5539 1915 5593 pura,
1951 5532 2010 5577 ut
2042 5523 2108 5575 li-

543 5620 698 5674 beres
730 5634 814 5673 me
848 5619 917 5675 ab
957 5620 1101 5674 omni
1149 5627 1419 5674 tormento
1484 5617 1881 5673 ferventissima
1929 5624 2109 5685 prote-

544 5713 727 5765 ctione
761 5720 873 5765 tua.

614 5802 673 5855 In
712 5811 953 5871 tempore
996 5802 1144 5856 illum
1188 5800 1462 5871 peperisti,
1513 5818 1545 5855 ο
1596 5799 1962 5861 ἰηιιιιίιριιιιιω,
2014 5796 2105 5865 qui

544 5903 628 5957 est
659 5895 913 5952 omnibus
953 5894 1286 5963 temporibus
1318 5892 1609 5962 antiquior,
1656 5899 1707 5945 et
1751 5889 1876 5943 Athe
1928 5897 2107 5958 proto-

2189 661 2403 713 πάντων
2418 658 2704 711 Δέσποινα.

2257 836 2583 908 Πολυώνυμε
2638 837 2816 909 Κόρη,
2846 837 3047 906 χαῖρε,
3078 834 3136 899 ἐξ
3186 827 3255 906 ἧς
3292 832 3458 901 Λόγος
3517 832 3709 902 ἐτέχθη,

2186 932 2406 1001 ἀλογίας
2437 932 2582 1001 ἡμᾶς
2608 929 2751 983 λύων
2775 928 2988 982 ἀτόπων
3019 926 3291 997 πράξεων,
3326 926 3505 995 χαῖρε,
3534 925 3709 994 νεφέλη

2188 1022 2422 1092 φωτεινὴ
2454 1022 2487 1092 ή
2531 1020 2864 1084 σκεδάζουσα
2898 1018 2965 1073 τὰ
3000 1018 3137 1087 νέφη
3173 1016 3273 1084 τῆς
3300 1014 3455 1086 ἡμῶν
3480 1012 3713 1084 ἀθυμίας.

2259 1300 2351 1373 Τῷ
2378 1300 2521 1370 τόκῳ
2537 1315 2629 1351 σου
2662 1293 3092 1364 ἀπεστείρωσας,
3120 1290 3293 1359 Κόρη,
3334 1287 3433 1358 τὴν
3462 1284 3551 1338 τοῦ
3596 1299 3715 1354 προ-

2191 1396 2423 1467 πάτορος
2466 1390 2624 1462 ἀρὰν,
2655 1389 2748 1442 καὶ
2773 1388 3054 1457 ὲπήγασας
3091 1385 3225 1454 ἡμῖν
3280 1378 3525 1446 εὐλογίας
3573 1392 3719 1430 ποτα-

2194 1486 2349 1557 μοὺς,
2374 1483 2487 1545 τοῖς
2517 1476 2796 1548 εὐλογοῦσι
2818 1493 2877 1530 σε
2906 1474 2996 1530 καὶ
3023 1471 3301 1537 δοξάζουσι
3336 1468 3535 1522 πίστει.

2273 1676 2333 1728 Ἦ
2360 1671 2498 1744 ϐόρα
2519 1669 2626 1724 τῶν
2654 1666 2860 1722 πιστῶν
2896 1662 3235 1733 σωζομένων,
3295 1659 3328 1729 ἠ
3389 1654 3528 1724 πύλη
3571 1654 3631 1722 ἦν
3658 1650 3725 1744 ότ-

2190 1765 2389 1823 ὡδευσε
2422 1741 2583 1833 μόνος
2613 1760 2642 1811 ό
2677 1756 2978 1829 σαρκωοεὶς
3011 1754 3076 1807 δι’
3110 1750 3276 1822 ἡμᾶς,
3308 1746 3482 1809 πύλας
3514 1744 3633 1815 ἡμῖν
3656 1741 3724 1794 δι-

2190 1851 2481 1921 καιοσύνης
2506 1845 2814 1912 ὑπάνοιξνιν,
2843 1846 2959 1907 τοῖς
2990 1840 3196 1903 πιστῶς
3223 1854 3282 1892 σε
3306 1834 3586 1907 ὑμνοῦσιν.

2272 2037 2361 2101 Ὦς
2382 2034 2473 2090 τὸν
2492 2032 2708 2088 πάντων
2735 2026 2969 2082 τεκοῦσα
3000 2020 3248 2093 συνοχέα,
3284 2016 3382 2072 τοῦ
3438 2013 3728 2083 συνέχοντος

2191 2129 2353 2199 ζόφου
2371 2126 2467 2195 τῆς
2503 2122 2721 2193 ἀγνοίας
2739 2121 2832 2176 καὶ
2859 2117 3130 2191 ἁμαρτίας
3160 2109 3459 2176 ἁνάλλαξόν
3491 2124 3578 2179 με,
3606 2105 3727 2175 ἁγνὴ

2204 2218 2574 2291 ’Δειπάρθενε.

2262 2313 2368 2367 Τοῦ
2401 2288 2601 2365 *Ἰακὼὸ
2624 2308 2721 2379 τὴν
2750 2303 3011 2373 καλλονὴν
3033 2303 3059 2355 ὁ
3094 2298 3293 2369 ὡραῖος
3335 2293 3523 2349 κάλλει
3552 2288 3731 2360 Κύριος

2190 2402 2492 2478 ἠγαπηκὼς
2522 2441 2537 2467 ,
2588 2400 2686 2471 τὴν
2734 2397 2916 2468 νηδὺν,
2976 2390 3351 2463 παναμώμητε
3375 2429 3391 2454 ,
3440 2384 3733 2455 κατῴκησεν

2192 2476 2493 2568 ἀνθρώπων
2521 2493 2619 2563 τὴν
2659 2490 2850 2546 οὐσίαν
2876 2490 2996 2551 ταῖς
3060 2484 3347 2545 καλλοναῖς
3400 2476 3734 2550 φαιδρὺνοντα

2190 2589 2300 2643 τῶν
2320 2588 2460 2657 ὑπὲρ
2488 2584 2611 2640 νοῦν
2641 2580 3010 2655 δωρημάτων.

2263 2650 2528 2746 Φωτοειδῆ
2566 2650 2882 2745 νεφέληνσε
2914 2672 2942 2725 ὁ
3001 2668 3284 2740 προφήτης
3333 2662 3562 2737 προορᾷ,
3588 2659 3641 2724 ἐξ
3679 2650 3736 2727 ἦς

2199 2774 2371 2844 μέγας
2392 2769 2543 2841 ἥλιος
2566 2764 2835 2835 ὲπέφανεν
2856 2764 2989 2835 ἡμῖν
3010 2758 3246 2831 Χριστὸς
3269 2758 3297 2811 ό
3312 2756 3468 2821 Θεὸς,
3499 2753 3582 2807 καλ

2196 2841 2312 2920 τισε
2334 2864 2401 2916 τὰ
2416 2861 2544 2931 πρὶν
2568 2855 2946 2927 ἐσκοτισμένα.
2970 2853 3142 2908 Αὑτὸν
3160 2845 3253 2904 οὖν
3277 2846 3542 2911 δυσώπει,
3559 2841 3736 2910 ἀγαῦὴ,

2197 2956 2266 3011 τὰ
2299 2954 2406 3009 τῶν
2457 2951 2647 3006 παθῶν
2709 2966 2809 3019 μου
2868 2947 3001 3016 νέφη
3033 2942 3286 3008 ἐκδιῶξαι
3341 2941 3439 2995 καὶ
3475 2937 3608 3009 φωτὶ
3628 2936 3738 3003 θείῳ

2200 3045 2607 3119 φαιδρυνθῆναι.

2212 3174 2315 3231 Ἐκ
2336 3173 2441 3229 τοῦ
2467 3171 2722 3236 κανόνος
2743 3167 2851 3237 τῆς
2899 3165 3182 3234 τετάρτης
3223 3162 3311 3229 εις
3339 3159 3453 3215 τὸν
3491 3158 3738 3225 Ὀρθρον.

2287 3301 2418 3357 ’Υπε
2428 3298 2591 3373 ρτέρα
2604 3297 2710 3350 τῶν
2735 3295 2845 3350 ἄνω
2864 3294 3047 3362 ὤφθης
3068 3289 3391 3360 ταγμάτων,
3419 3282 3641 3339 τεκοῦσα
3662 3278 3742 3373 ἐπὶ

2204 3395 2301 3467 τῆς
2327 3371 2577 3464 mea?»
2604 3390 2795 3457 Λόγον,
2825 3386 2915 3440 τὸν
2936 3384 3106 3456 ἡμᾶς,
3134 3383 3396 3451 ἄχραντε,
3423 3376 3558 3446 πρὸς
3666 3371 3741 3424 οὐ·

2206 3488 2386 3562 ράνια,
2415 3484 2605 3538 τούτου
2630 3484 2742 3544 τοῖς
2773 3478 3060 3547 παθήμασι
3088 3474 3182 3528 καὶ
3207 3471 3284 3542 τῷ
3324 3467 3548 3541 σταυρῷ
3583 3464 3653 3535 τῷ
3671 3482 3741 3516 τιο

2207 3579 2335 3652 μῑῳ,
2367 3574 2844 3631 ὲπαναϐιόἀσαντα
2869 3570 2937 3625 δι’
2960 3568 3292 3639 ἁγαθότητα.

2285 3650 2682 3738 Ἃναρτηοέντα
2729 3661 2909 3734 ὁρῶσα
2968 3663 3025 3714 ὲν
3064 3660 3142 3729 τῷ
3188 3656 3416 3729 σταυρῷ
3482 3650 3740 3727 Χριστὸν,

2203 3761 2564 3834 ἀπειρόγαμε,
2611 3754 2907 3827 ὀδυρομένη
2936 3752 3138 3822 ἔλεγεςο
3176 3749 3357 3816 Ἔόυς,
3400 3749 3555 3818 δόξης
3587 3742 3743 3805 Ἥλιε,

2205 3852 2264 3918 ἐξ
2297 3849 2590 3921 ὀφθαλμῶν
2620 3864 2745 3919 μου,
2770 3844 3018 3917 φωτίζων
3042 3843 3167 3905 τοὺς
3195 3843 3252 3894 ὲν
3286 3839 3494 3893 σκότει.

2275 3943 2453 4012 Τόμον
2503 3939 2562 3992 σέ
2608 3954 2739 3992 ποτε
2791 3939 2818 3989 ὁ
2846 3936 3152 4005 προφήτης,
3192 3931 3369 4001 Κόρη,
3407 3929 3666 3987 τεθέαται,
3695 3923 3746 3976 ἐν

2202 4028 2246 4105 ᾧ
2266 4035 2342 4106 τῷ
2369 4031 2615 4103 δακτύλῳ
2638 4030 2731 4083 τοῦ
2770 4028 2979 4097 Πατρδς
3008 4024 3367 4095 ἐναπεγρὰφη
3420 4022 3589 4091 Λόγος
3633 4032 3746 4084 σαρ-

2205 4126 2505 4197 κούμενος,
2573 4124 2667 4177 καὶ
2725 4122 2785 4174 τὸ
2846 4118 3190 4190 προπάτορος
3273 4114 3449 4185 λόγχῃ
3528 4108 3747 4182 ῥηγνύει,

2204 4215 2459 4287 ἅχραντε,
2487 4211 2869 4284 χειρόγραφον.

2287 4306 2581 4363 Ῥεύσασαν
2614 4305 2744 4375 πρὶν
2794 4300 3101 4374 παραϐάσει
3145 4298 3243 4369 τὴν
3272 4297 3459 4367 φύσιν,
3493 4294 3588 4363 τὴν
3639 4285 3744 4342 καθ’

2205 4402 2372 4473 ἡμᾶς,
2395 4400 2469 4465 ὡς
2499 4398 2812 4470 ἀῤῥεύστως
2861 4393 3098 4449 τεκοῦσα
3151 4391 3408 4463 Χριστὸν,
3439 4386 3745 4443 ἀνέπλασας.

2207 4494 2445 4563 παναγία
2466 4493 2756 4557 Δέσποινα,
2781 4488 3086 4561 προστασία
3112 4485 3222 4539 τῶν
3244 4482 3437 4552 ψυχῶν
3485 4482 3519 4550 ἡ
3529 4478 3658 4550 μῶν.

2274 4686 2558 4757 Νέκρωσιν
2593 4684 2775 4755 ὁρῶσα
2806 4679 2900 4734 τοῦ
2938 4682 3003 4734 ὲκ
3050 4679 3158 4731 τῶν
3186 4675 3294 4729 σῶν
3317 4674 3568 4744 αἱμάτων
3594 4666 3745 4757 Λόγον

2208 4753 2598 4849 σαρκωδέντος,
2630 4753 2979 4842 Ἵπανάμωμε,
3036 4767 3313 4840 μητρικῶς
3354 4763 3636 4835 ἡλάλαζες,
3666 4753 3748 4849 καὶ

2206 4847 2353 4938 ζωῆς
2393 4868 2523 4921 ὄντα
2569 4867 2742 4921 αἴτιον
2787 4863 3142 4935 ὲμεγάλυνες,
3185 4854 3613 4930 Μητροπάρθενε
3664 4847 3749 4901 Δέ-

2210 4978 2421 5014 σποινα.

2278 5051 2495 5104 Ἷστασο
2559 5046 2828 5119 βλέπουσα
2856 5045 3090 5118 Χριστὸν
3117 5042 3335 5114 σταυρῷ
3379 5037 3746 5107 ἀνυιῖιούμενον.

2206 5140 2263 5194 ὃν
2292 5139 2548 5208 ὲκὺησας,
2586 5140 2843 5207 ἄχραντε,
2876 5137 2969 5189 καὶ
2997 5134 3178 5197 ἐϐόαςο
3205 5132 3295 5202 Μὴ
3318 5128 3543 5184 ἅτεκνόν
3577 5141 3638 5196 με
3665 5120 3752 5176 δείο

2210 5232 2304 5303 ξῃς
2331 5233 2395 5303 ἣν
2424 5233 2696 5301 ἐτήρησας
2718 5231 2886 5298 ἁγνὴν
2918 5229 3010 5282 καὶ
3041 5226 3179 5298 μετὰ
3198 5226 3383 5279 τόκον.

2292 5416 2414 5471 Ἐπὶ
2440 5416 2531 5471 τοῦ
2552 5415 2790 5487 βήματος
2812 5414 3070 5485 Χριστοῦ,
3102 5415 3230 5467 ὅταν
3261 5410 3439 5483 μέλλω
3471 5402 3752 5477 κρίνεσθαι,

2210 5511 2285 5572 ὠς
2347 5508 2663 5592 ὑπερουνος,
2690 5507 2948 5577 ἄχραντε,
3006 5503 3205 5574 φάνηθί
3248 5518 3335 5572 μοι
3371 5502 3439 5553 ὲκ
3493 5498 3662 5567 πάσης
3694 5507 3751 5561 με
3783 5554 3791 5577 Ι

2211 5602 2444 5673 βασάνου
2481 5600 2715 5671 ῥυομέηνη
2742 5601 2809 5670 τῇ
2844 5599 3021 5668 Θερμῇ
3064 5613 3156 5648 σου
3188 5592 3517 5663 apostasia.

2297 5793 2386 5846 Ἑν
2418 5788 2593 5860 χρόνῳ
2612 5788 2928 5858 ἁπεκύησας
2953 5786 3042 5839 τον
3067 5785 3258 5855 χρόνον
3285 5779 3564 5839 ἐπέκεινα,
3582 5776 3754 5827 λύοντα

2211 5886 2277 5939 τὰ
2299 5884 2483 5955 χρόνια
2501 5883 2675 5953 δεσμὰ
2699 5884 2808 5945 τοῖς
2834 5880 3049 5950 δεσμοῖς
3081 5875 3266 5941 αὑτοῦ,
3294 5874 3551 5945 ἅχραντε,
3596 5866 3746 5933 Ἀδὰμ
