4038 6646
330 403 461 469 1301

1782 400 2144 462 MARIALE.

3426 396 3562 463 1302

323 519 419 572 τοῦ
468 516 918 587 πρωοπλάστου,
960 514 1055 569 καὶ
1110 516 1506 580 συνδεσμοῶτα
1555 514 1726 587 αὐτὴν
1781 514 1896 576 τοῖς

2023 512 2160 567 ιιοειί
2198 511 2435 574 vincula,
2477 511 2677 581 quibus
2720 509 2982 565 diuturno
3049 517 3293 580 tempore
3350 512 3568 565 vinctus

326 605 544 676 δεσμοῖς
569 604 668 675 τῆς
692 605 946 674 γλυκείας
977 604 1146 659 αὐτοῦ
1171 605 1521 677 ἀγαπήσεως.

398 788 568 861 Φέρον
582 788 822 861 βρότειον
846 790 1060 861 μορφὴν
1088 790 1154 857 ,τὸ
1174 789 1514 861 ἀπαύγασμα
1542 792 1635 844 τοῦ
1663 792 1901 862 Πατρὸς,

330 882 597 952 Παρθένε,
632 881 880 946 τέτοκας,
916 882 973 935 ὃν
1004 883 1308 954 ὑψούμενον
1339 882 1560 955 σταυρῷ
1583 884 1612 937 ὁ
1642 884 1795 953 ἥλιος
1826 884 1901 955 μὴ

333 975 520 1044 φέρων
538 974 671 1044 ὁρᾷν
687 976 711 1026 ὲ
721 974 1021 1043 μελαίνετο,
1054 976 1146 1028 καὶ
1175 975 1323 1045 ζόφῳ
1348 974 1600 1046 ἐμειοῦτο
1625 976 1725 1046 τῆς
1750 977 1904 1030 εἰδω-

332 1065 618 1135 λολατρίας
645 1082 659 1096 ο
689 1065 770 1118 διδ
800 1067 897 1119 σὺν
916 1066 1110 1136 ἐκείνῳ
1134 1084 1193 1119 σε
1226 1066 1620 1139 μεγαλύνομεν.

347 1266 449 1319 Ἐκ
476 1265 583 1321 τοῦ
602 1268 858 1336 κανόνος
880 1267 991 1337 τῆς
1022 1270 1297 1340 πέμπτης
1339 1272 1428 1338 εὶς
1485 1271 1593 1326 τὸν
1634 1273 1903 1342 Ὀρθρον.
1964 1274 1971 1281 ’

404 1378 520 1449 Τὴν
586 1379 817 1433 κιϐωτὸν
864 1380 964 1453 τὴν
995 1381 1145 1435 θείαν
1194 1382 1294 1453 τὴν
1321 1384 1650 1455 χωρήσασαν
1682 1385 1774 1438 τὸν
1814 1386 1908 1440 τοῦ

338 1470 504 1538 νόμου
548 1473 809 1542 πάροχον,
850 1474 1007 1544 ήμῶν
1033 1476 1131 1539 τὰς
1153 1476 1385 1546 ἀνομίας
1423 1477 1603 1541 πάσας
1643 1477 1911 1549 ἀφαιρού-

340 1579 502 1630 μενον
545 1564 613 1617 δι’
647 1566 1049 1637 εὐσπλαγχνίας
1100 1568 1272 1634 θείας,
1324 1569 1619 1639 ἀδιήγητον
1651 1571 1908 1640 πέλαγος,

337 1654 573 1728 Μαριὰμ
606 1657 703 1726 τὴν
728 1658 1106 1729 πανάχραντον
1141 1658 1448 1731 συμφώνως
1493 1663 1906 1734 μακαρίσωμεν.

2002 604 2199 667 fuerat,
2231 604 2480 659 dissolvit
2513 603 2748 659 vinculis
2794 604 2931 668 suis,
2967 611 3129 673 atque
3161 602 3413 657 emndcm
3445 603 3571 657 dul-

2000 699 2236 754 cissima:
2264 698 2545 752 charitatis
2575 711 2689 751 suae
2721 695 2951 750 vinculis
2990 695 3283 764 colligavit.

2076 791 2356 861 Peperisti,
2403 804 2437 843 0
2486 788 2670 859 Virgo,
2721 788 3064 857 splendorem
3115 787 3293 841 Patris
3333 785 3573 840 humana

2004 885 2178 941 forma
2202 885 2483 955 praeditum
2505 901 2520 950 ;
2556 899 2716 953 quem
2738 883 2790 937 in
2815 879 3369 937 cruccexaltatumsol
3390 880 3573 934 videre

2005 994 2111 1033 non
2144 978 2443 1040 sustinens,
2476 977 2797 1030 obscuratus
2826 984 2930 1038 est,
2958 982 3011 1029 et
3046 973 3283 1028 tenebris
3316 972 3575 1025 idoloma-

2007 1071 2110 1124 nia:
2137 1069 2441 1125 minoratus
2472 1087 2485 1123 :
2517 1076 2801 1138 propterea
2837 1082 2945 1122 una
2970 1082 3095 1121 cum
3123 1065 3215 1119 illo
3249 1076 3300 1119 te
3328 1062 3576 1128 magniﬁ-

2008 1179 2125 1219 eam
2133 1179 2213 1219 US.

2257 1274 2341 1328 Ea:
2366 1289 2564 1328 canone
2606 1271 2754 1342 feria:
2793 1287 2825 1324 v
2857 1272 2927 1325 ad
2964 1269 3309 1324 Matutiuum.
3369 1338 3383 1348 .

2079 1384 2277 1440 Arcam
2316 1381 2579 1447 divinam,
2605 1380 2969 1435 continentem
3013 1378 3143 1447 legis
3183 1380 3447 1439 (latorem,
3486 1374 3576 1443 qui

2012 1493 2204 1534 omnes
2247 1474 2561 1545 iniquitates
2610 1482 2830 1529 nostras
2867 1479 3091 1543 propter
3139 1473 3347 1526 viscera
3385 1468 3582 1524 divina:

2015 1569 2402 1626 misericordia:
2448 1584 2562 1624 sua:
2607 1566 2785 1623 aufert
2833 1583 2850 1620 :
2895 1566 3143 1636 pelagum
3188 1561 3578 1622 inenarrabile,

2014 1664 2236 1718 Mariam
2275 1662 2344 1716 ab
2397 1660 2547 1715 omni
2599 1659 2812 1715 macula
2852 1658 3176 1720 immunem,
3226 1670 3334 1711 una
3393 1669 3582 1708 omnes

2016 1772 2147 1812 vocc
2173 1756 2583 1827 magnilieemus
2618 1752 2752 1825 (l6).

408 1836 553 1901 Νοῦς
605 1838 807 1893 ἐννοεῖν
858 1840 916 1893 οὐ
952 1840 1175 1898 δύναται
1234 1842 1322 1897 τὸν
1374 1845 1510 1916 ὑπὲρ
1544 1847 1669 1901 νοῦν
1694 1848 1916 1903 τοκετὸν

2089 1844 2287 1918 Nequit
2314 1848 2575 1920 c0gitatio
2611 1846 2922 1916 exmgitare
2954 1841 3429 1913 inexcogitabilem
3457 1854 3585 1910 par-

337 1925 436 1995 τῆς
460 1925 780 1996 θαυμαστῆς
799 1929 1032 2001 Λοχείας
1064 1948 1180 1995 σου,
1200 1933 1564 2009 Θεογεννῆτορ
1578 1938 1912 2009 Μητροπὰρ-

339 2018 482 2083 θενε,
516 2017 618 2081 διὸ,
653 2019 881 2074 ἱκετεύω
912 2039 1011 2089 σε,
1047 2023 1137 2078 τὸν
1166 2024 1291 2079 νοῦν
1311 2044 1437 2098 μου,
1466 2031 1788 2100 χαρίτωσον,
1820 2032 1911 2086 τοῦ

339 2109 429 2161 ἀεὶ
466 2108 710 2175 δοξάζειν
741 2128 823 2166 σε.

412 2201 771 2271 Σαρκωθέντα
818 2204 911 2259 τὸν
952 2206 1126 2276 Λόγον
1176 2209 1450 2285 ὑπερϐολῇ
1511 2215 1915 2287 εὐσπλαγχνίας

340 2295 596 2365 ἀρρήτως
650 2297 996 2368 ἀπεκύησας,
1035 2302 1197 2357 αὐτὸν
1243 2304 1781 2380 δυσώπει,ἄχραντε,
1808 2313 1916 2365 τῶν

344 2387 625 2457 σαρκικῶν
671 2389 880 2455 πάντας
933 2393 1225 2462 μολυσμῶν
1282 2396 1731 2469 ἐκλυτρὼσασθαι
1759 2441 1775 2467 ,
1822 2403 1917 2456 καὶ

344 2479 563 2534 πάντων
599 2480 874 2555 δυσχερῶν
898 2484 1006 2540 τῶν
1034 2486 1129 2540 τοῦ
1171 2487 1313 2558 βίου.

428 2663 516 2728 Ὦς
549 2666 686 2737 μόνη
715 2667 822 2721 τῶν
866 2669 1115 2739 ἀγγέλων
1164 2675 1415 2746 χαρμονὴ
1449 2677 1623 2747 χαρᾶς
1653 2694 1754 2748 μου
1786 2679 1919 2749 πλή-

348 2773 545 2828 ρωσον,
568 2759 966 2831 Θεοχαρίτωτε,
996 2766 1095 2836 τὴν
1115 2766 1360 2822 διάνοιαν
1391 2769 1918 2839 σκυθρωπάζουσαν,

346 2848 440 2902 καὶ
460 2849 691 2923 ἀμελείᾳ
713 2852 1131 2928 βεὸυθισμένην.

419 3035 660 3106 υίκήσας
688 3038 716 3090 ὁ
735 3037 902 3107 Λόγος
927 3039 983 3093 ὲν
1012 3041 1209 3110 γαστρί
1240 3059 1356 3107 σου,
1393 3042 1488 3114 τὴν
1526 3045 1693 3098 πάλαι
1721 3048 1778 3100 ὲν
1818 3048 1912 3101 ἀν-

347 3127 586 3199 θρώποις
616 3130 868 3185 οἰκοῦσαν
883 3135 945 3203 τῇ
965 3134 1273 3205 παραϐάσει
1303 3136 1527 3208 φθορὰν,
1549 3139 1741 3211 Μῆτερ
1760 3141 1917 3211 ἁγνὴ,

348 3219 425 3285 ὡς
451 3220 609 3291 μόνος
636 3221 765 3287 Θεὸς
798 3222 1063 3294 ἐξῴκησε,
1095 3226 1183 3279 διὰ
1216 3228 1502 3300 σπλάγχνα
1536 3230 1739 3294 ἐλέους.

434 3494 565 3564 Ἐμὲ
591 3496 682 3549 τὸν
711 3497 941 3570 ἀμελείᾳ
994 3501 1091 3571 τὴν
1123 3500 1301 3571 ψυχὴν
1334 3502 1715 3576 σκοτιζόμενον
1782 3525 1926 3574 φωτ-

349 3584 663 3657 αγὼγησον,
698 3587 858 3659 ἁγνὴ,
889 3590 978 3643 τὸν
1006 3592 1103 3661 τῆς
1152 3594 1377 3661 καρδίας
1421 3611 1521 3663 μου
1577 3599 1925 3666 προσεπανά-

352 3696 563 3732 πτουσα
590 3680 803 3751 λύχνον,
827 3684 884 3736 ὲν
917 3685 1196 3756 προθυμίᾳ
1223 3687 1400 3758 ἀγαθῇ
1435 3689 1582 3752 ὅπως
1603 3689 1810 3755 δοξάζω
1842 3708 1923 3745 σε.

436 3771 607 3841 Ἰσχὺς
667 3776 759 3827 καλ⁵
812 3774 1045 3846 ὕμνησις
1090 3779 1324 3850 ὑπάρχει
1368 3783 1396 3834 ὁ
1430 3783 1495 3834 ὲκ
1552 3782 1648 3835 σοῦ
1689 3783 1923 3854 τεχθεὶς,

354 3863 697 3934 πανάμωμε,
743 3866 802 3920 ὃν
847 3868 1149 3922 ὲκδυσώπει
1194 3871 1431 3935 ἐκτενῶς
1472 3873 1803 3942 παρειμένον
1859 3892 1927 3945 με

352 3959 467 4019 τοῖς
511 3957 731 4025 πάθεσι,
768 3960 1035 4030 Παρθένε,
1070 3962 1352 4032 ἐνισχύσαι
1406 3963 1501 4017 τοῦ
1547 3965 1787 4021 ἐκτελεῖν
1826 3967 1928 4032 τὰς

356 4048 661 4120 σωτηρίους
698 4050 864 4103 αὑτοῦ
889 4052 1181 4120 διατάξεις.

425 4241 706 4310 Φωτισμός
748 4260 849 4309 μου
896 4244 1159 4314 σωτήριος
1215 4246 1502 4318 φάνηθι,’ή
1561 4251 1813 4319 κυήσασα
1868 4252 1930 4303 τὸ

355 4332 500 4399 φῶς,
521 4333 620 4403 τῆς
647 4332 824 4405 ψυχῆς
849 4353 951 4405 μου
978 4334 1047 4389 τὰ
1066 4337 1203 4407 νέφη
1235 4338 1506 4393 διώκουσα
1545 4343 1611 4394 τὰ
1634 4341 1806 4395 πολλὰ
1836 4344 1931 4397 καὶ

356 4423 591 4492 χαλεπὰ,
632 4425 778 4488 ὅπως
808 4426 920 4489 υἱὸς
945 4427 1157 4497 ἡμέρας
1209 4427 1394 4499 εὐχαῖς
1438 4447 1531 4483 σου
1574 4434 1929 4502 γεννήσομαι,

356 4512 614 4583 πράττων
633 4514 703 4567 τὰ
730 4515 872 4582 ὅσια,
914 4518 1007 4569 καὶ
1038 4518 1384 4587 ὑμνολογίαις
1413 4521 1498 4574 ἀεὶ
1523 4521 1815 4594 μακαρίζω
1848 4542 1929 4579 σε.

370 4605 471 4660 Ἐκ
501 4605 606 4660 τοῦ
631 4611 889 4678 κανόνος
934 4607 1046 4678 ’τῆς
1063 4613 1476 4734 ἔαρασκευῆς
1521 4618 1609 4683 είς
1651 4616 1759 4671 τὸν
1790 4619 1929 4688 "Op-

1100 4699 1227 4734 οον.

1093 4699 1227 4750 'por.

441 4769 507 4824 'H
532 4770 864 4843 περικαλλὴς
897 4771 992 4826 καὶ
1034 4773 1309 4845 Παρθένος
1342 4774 1630 4843 Δέσποινα,
1666 4778 1725 4831 ὃν
1762 4779 1930 4851 ἐκύηο

434 4928 543 4999 (16)
574 4928 693 4985 Jam
715 4932 819 4987 hoc
846 4931 902 4987 S.
932 4929 1152 5002 Josephi
1194 4943 1379 4989 votum
1403 4934 1750 5001 adimpletum
1777 4935 1932 4988 vide-

362 5016 506 5059 mus.
565 5002 694 5054 dum
759 5002 1053 5057 Christiani
1110 5004 1260 5057 orbis
1344 5006 1635 5068 antistites,
1689 5006 1931 5059 illustres

358 5073 721 5145 acatleinias,
759 5073 1148 5145 selectissim-is
1211 5089 1385 5143 rcges,
1448 5075 1681 5145 inclytos
1728 5075 1932 5144 princi-

360 5157 480 5209 pes,
512 5140 925 5216 ﬂorentissirnas
1000 5140 1359 5216 respublicas,
1394 5140 1603 5216 integra
1654 5140 1840 5216 regna,
1869 5150 1934 5199 ac

364 5222 539 5286 totum
574 5212 688 5267 fere
738 5214 975 5286 undique
1023 5215 1307 5278 mundum,
1344 5216 1400 5269 Β.
1440 5212 1739 5286 Virginem,
1773 5225 1831 5268 ut
1865 5217 1934 5269 ab

361 5282 792 5355 omni‘macula
858 5284 1179 5349 immunem,
1238 5300 1341 5339 una
1394 5282 1934 5355 voce'maguiﬁcare

360 5351 753 5425 conspicimus.
776 5355 1005 5425 Paucos
1026 5356 1127 5425 iam
1162 5367 1291 5422 puto
1313 5372 1434 5410 esse
1463 5357 1513 5409 iu
1542 5351 1804 5421 Ecclesia,
1832 5358 1923 5425 qui

361 5423 465 5491 pia:
492 5422 561 5476 de
587 5424 952 5496 immunitate
998 5424 1055 5477 Β.
1087 5423 1321 5493 Virginis
1344 5426 1411 5479 ab
1434 5427 1687 5496 originali
1716 5422 1925 5480 macula

360 5493 649 5547 sententiae
701 5496 1077 5564 refragcntur;
1112 5505 1165 5549 et
1191 5496 1405 5550 etiamsi
1429 5493 1624 5563 aliquis
1650 5498 1698 5549 in
1730 5497 1934 5551 scrinio

360 5565 447 5636 sui
487 5565 722 5636 pectoris
767 5567 1123 5619 arbitraretur
1176 5564 1397 5619 Mariam
1433 5566 1681 5636 originali
1724 5569 1933 5620 macula

360 5633 536 5689 luisse
588 5634 867 5698 inlectam,
911 5637 999 5689 hic
1046 5646 1395 5701 comparatus
1445 5633 1549 5697 his'.
1577 5636 1669 5705 qui
1725 5638 1928 5701 animo,

361 5719 553 5771 sensu,
580 5719 644 5759 ac
678 5720 811 5759 voi‘e
839 5706 1076 5759 clamant
1106 5705 1457 5772 purissimum
1510 5707 1749 5776 Deipara:
1796 5723 1931 5761 con-

361 5785 603 5847 ceptum.
631 5776 741 5841 jam
776 5778 956 5829 nullus
993 5777 1223 5839 videtur,
1254 5792 1372 5829 cum
1397 5794 1460 5830 ex
1489 5779 1653 5831 veteri
1702 5794 1928 5847 prover-

362 5844 476 5912 bio,
519 5863 661 5901 unus
692 5847 762 5901 sit
788 5848 986 5913 nullus,
1011 5862 1107 5901 nec
1140 5862 1433 5915 paucorum
1473 5844 1715 5904 habenda
1744 5851 1812 5903 sit
1842 5866 1927 5903 ra-

2015 1948 2128 1993 tum
2158 1938 2492 1993 admirandae
2529 1935 2917 2006 Conceptionis
2950 1943 3075 1999 tum,
3121 1946 3154 1986 ο
3206 1930 3298 1983 Dei
3343 1929 3585 1985 Genitrix

2018 2033 2182 2104 Virgo
2243 2031 2434 2086 Mater.
2481 2027 2637 2085 Unde
2683 2037 2734 2084 te
2794 2027 3060 2097 deprecor
3117 2034 3174 2078 ut
3221 2021 3585 2089 cogitationes

2018 2125 2215 2180 mentis
2246 2138 2377 2175 mea:
2394 2121 2567 2191 gratia
2596 2119 2832 2189 rcpleas,
2865 2126 2925 2172 ut
2948 2126 2999 2170 ιε
3020 2129 3233 2184 semper
3260 2111 3581 2181 gloriﬁcent.

2088 2216 2249 2288 265
2273 2215 2507 2270 Verbum
2529 2223 2750 2284 propter
2778 2225 3063 2266 excessum
3099 2207 3315 2278 pictatis
3335 2204 3585 2259 incarna-

2019 2319 2106 2365 tus
2134 2307 2477 2362 incﬂ‘abilitcr
2525 2303 2784 2375 peperisti
2810 2320 2824 2357 :
2851 2302 3027 2372 ipsum
3059 2299 3379 2370 suppliciter
3395 2311 3585 2361 exora,

2020 2418 2053 2455 ο
2083 2400 2456 2463 immaculata,
2489 2407 2551 2453 ut
2583 2413 2775 2452 omnes
2801 2411 2833 2450 a
2869 2394 3185 2449 carnalibus
3211 2390 3588 2460 inquinatur-n-

2021 2494 2092 2547 tis
2138 2502 2187 2545 et
2218 2490 2287 2545 ab
2327 2488 2602 2544 universis
2635 2487 2758 2542 vitae
2796 2485 3062 2541 molestiis
3103 2493 3264 2554 atque
3288 2481 3592 2537 adversita-

2024 2583 2172 2637 tibus
2205 2582 2524 2636 liberentur.

2092 2676 2196 2743 Tu,
2222 2689 2345 2747 qua:
2370 2674 2481 2730 sola
2516 2688 2575 2727 es
2606 2671 2927 2743 angelorum
2966 2668 3175 2733 lmtitia,
3206 2666 3391 2736 imple,
3421 2680 3452 2719 ο
3484 2665 3593 2720 Deo

2022 2767 2368 2828 charissima,
2387 2764 2584 2836 gaudio
2608 2773 2843 2818 mentem
2864 2776 3039 2815 meam
3063 2776 3170 2830 pra:
3201 2758 3418 2813 tristitia
3454 2773 3590 2811 mm-

2024 2874 2254 2931 rorcque
2286 2858 2576 2929 dejectam,
2606 2865 2769 2928 atque
2809 2856 2862 2923 in
2906 2855 3171 2911 socordiae
3202 2852 3469 2924 profunda
3498 2867 3593 2908 vo-

2023 2951 2212 3022 ragine
2245 2950 2571 3004 demersam.

2095 3042 2231 3097 Cum
2274 3039 2514 3094 Verbum
2576 3038 2630 3093 in
2664 3045 2822 3093 utero
2856 3046 2950 3094 tuo
2995 3036 3315 3101 habitasset,
3350 3048 3383 3088 o
3418 3031 3593 3087 Mater

2025 3147 2198 3205 casta,
2241 3138 2671 3208 corruptionem,
2718 3151 2838 3206 qua:
2882 3151 2910 3189 a
2952 3134 3213 3190 diuturno
3248 3140 3489 3201 tempore
3536 3130 3592 3184 in

2031 3232 2344 3286 hominibus
2410 3238 2631 3301 Propter
2683 3226 3179 3299 transgressionem
3234 3224 3592 3283 habitaverat,

2027 3324 2209 3394 eiecit,
2243 3335 2501 3392 tanquam
2525 3320 2676 3379 solus
2696 3319 2859 3387 Deus,
2890 3326 3112 3390 propter
3141 3317 3351 3372 viscera
3382 3314 3596 3371 miscri-

2027 3414 2226 3469 cordia'
2257 3430 2392 3469 sum.

2100 3508 2347 3562 lllumina
2382 3522 2489 3573 me,
2532 3522 2566 3562 ο
2604 3515 2776 3571 casta,
2810 3504 2967 3575 cujus
3013 3504 3195 3557 anima
3250 3500 3594 3572 negligentia:

2032 3602 2269 3656 tenebris
2298 3599 2469 3654 offusa
2492 3609 2594 3663 est,
2620 3598 2924 3654 accendens
2955 3597 3234 3652 lucernam
3260 3596 3441 3653 cordis
3470 3594 3598 3660 mei,

2030 3704 2089 3749 ut
2115 3703 2167 3748 te
2193 3710 2389 3764 magna
2420 3694 2586 3748 animi
2630 3693 2910 3747 alacritate
2939 3690 3258 3763 gloriliccm.

2105 3785 2293 3841 Virtus
2330 3798 2379 3841 et
2410 3787 2530 3841 laus
2562 3786 2652 3840 ille
2690 3793 2794 3849 est,
2828 3784 3007 3853 quiex
3035 3791 3086 3838 te
3115 3792 3277 3837 natus
3309 3791 3413 3848 est,
3458 3795 3491 3836 ο
3535 3782 3604 3835 ab

2030 3880 2178 3933 omni
2213 3895 2362 3933 naevo
2398 3877 2759 3932 mundissima
2800 3875 2968 3943 Virgo
2999 3876 3134 3946 (l7);
3168 3891 3329 3945 quem
3385 3885 3439 3930 tu
3477 3891 3600 3929 cum

2030 3971 2224 4026 aﬂ'ectu
2250 3970 2510 4040 dcprecar
2543 3978 2598 4023 ut
2625 3984 2709 4021 me
2738 3968 3085 4037 passiOnibns
3130 3968 3367 4022 fractum
3396 3969 3600 4022 virtute

2031 4063 2365 4129 corroboret,
2403 4072 2462 4116 ut
2496 4061 2759 4117 salutaria
2795 4062 2968 4131 ipsius
3001 4069 3270 4131 praecepta
3332 4063 3600 4130 perlicere

2033 4154 2261 4224 possim.

2108 4242 2239 4299 Esto
2263 4243 2520 4299 salutaris
2552 4242 2880 4298 illuminatio
2902 4258 3041 4309 mea,
3071 4250 3125 4297 tu
3158 4258 3275 4313 qua:
3304 4242 3481 4297 lucem
3513 4257 3606 4310 pe-

2037 4336 2265 4405 peristi;
2311 4335 2605 4406 dispellens
2638 4335 2837 4389 multas
2875 4342 2929 4388 et
2962 4348 3153 4405 graves
3184 4334 3358 4388 nubes
3406 4333 3603 4387 anima:

2039 4443 2195 4493 meae,
2234 4436 2293 4482 ut
2323 4427 2576 4498 precibus
2619 4428 2727 4482 tuis
2762 4426 2964 4481 emciar
2993 4426 3136 4481 ﬁlius
3182 4426 3309 4490 diei,
3343 4442 3605 4480 exercens

1969 4541 2010 4594 ι)
2041 4538 2203 4594 Opera
2235 4533 2443 4587 sancta,
2494 4530 2656 4590 teque
2698 4521 2933 4577 assiduis
2977 4520 3228 4576 laudibus
3265 4520 3603 4575 beatiﬁcans.

2288 4614 2372 4667 Ea:
2394 4631 2592 4670 canone
2617 4615 2766 4685 ferire
2796 4630 2848 4669 γι
2888 4614 2958 4668 ad
3011 4612 3358 4669 Matutinum.

2112 4780 2341 4835 Domina
2377 4776 2729 4849 pulcherrina
2777 4785 2833 4833 ει
2883 4774 3071 4847 Virgo,
3117 4788 3242 4830 cum
3290 4774 3501 4831 videret
3552 4775 3608 4830 in

2032 4934 2129 4997 tio,
2166 4941 2227 4987 ut
2287 4934 2363 4987 ait
2403 4931 2565 4988 Joan.
2602 4933 2851 4987 Damasc.
2890 4943 3032 4987 orat.
3086 4946 3099 4985 I
3134 4934 3201 4986 de
3250 4930 3604 4999 imaginibus.

2032 5005 2166 5070 Quis
2201 5014 2385 5057 autem
2427 5018 2625 5071 negare
2675 5003 2848 5071 possit
2893 5004 3033 5056 inter
3076 5001 3388 5057 Catholicos
3415 5006 3604 5070 paucis

2034 5075 2319 5128 maculata!
2410 5072 2782 5141 conceptionis
2858 5073 3232 5141 opinatoribus
3314 5071 3602 5140 plusquam

2032 5154 2247 5199 centum
2282 5143 2429 5198 mille
2465 5142 2741 5213 purissimi
2807 5152 3103 5210 conceptus
3158 5151 3461 5197 assertores
3508 5146 3610 5199 ob—

2033 5216 2153 5269 vios
2189 5230 2333 5269 nunc
2370 5230 2512 5277 esse,
2540 5220 2595 5268 et
2620 5214 2977 5283 irnanterum
3002 5213 3255 5283 futuros?

2107 5286 2219 5352 (Π)
2252 5285 2608 5354 Perspicuum
2657 5281 2800 5351 apud
2853 5299 2939 5337 me
2987 5293 3070 5338 est
3119 5284 3175 5337 Β.
3213 5281 3506 5353 Virginem,
3561 5285 3609 5340 si

2034 5354 2150 5409 hare
2189 5356 2241 5409 in
2293 5357 2467 5422 primo
2499 5355 2717 5408 instanti
2746 5354 2830 5408 sui
2861 5369 2984 5408 esse
3016 5355 3317 5410 sorduisset
3360 5354 3610 5423 originali

2034 5438 2254 5497 peccato
2300 5426 2465 5497 (quod
2498 5442 2605 5479 non
2646 5427 2823 5480 solum
2849 5440 3080 5497 Anaayus,
3112 5426 3212 5497 sed
3262 5425 3606 5497 turpissima

2044 5496 2256 5550 macula
2282 5493 2406 5565 est),
2437 5496 2571 5550 falso
2617 5496 2720 5551 dici
2769 5511 2798 5549 a
2842 5494 2898 5551 S.
2945 5493 3180 5563 Josepho
3226 5494 3498 5565 absolute,
3541 5495 3611 5547 ab

2041 5567 2188 5620 omni
2233 5563 2386 5620 ruevo
2425 5566 2836 5621 mundissimam
2872 5582 2884 5617 :
2918 5581 3041 5619 cum
3103 5565 3267 5635 igitur
3318 5563 3454 5619 falso
3502 5580 3608 5618 non

2040 5640 2275 5707 dicatur,
2326 5636 2421 5691 sed
2471 5652 2615 5698 vere,
2680 5638 2924 5707 sequitur
2974 5637 3147 5705 ipsam
3182 5705 3189 5707 _
3219 5652 3282 5689 ex
3362 5635 3603 5707 ejusdem

2041 5707 2096 5761 S.
2130 5706 2354 5789 .loscphi
2421 5716 2602 5762 mente
2655 5705 2937 5789 originalis
2988 5705 3374 5787 peccatinrcm
3413 5705 3467 5761 in
3508 5722 3608 5761 sua

2037 5777 2390 5847 conceptione
2418 5795 2542 5835 νει-ε
2575 5780 2993 5835 mundissimam
3029 5777 3323 5833 exstitisse.
