4038 6598
478 391 614 458 1307

1595 394 1654 452 S.
1697 391 2010 452 JOSEPIII
2051 391 2607 454 HYMNOGRAPHI

3553 395 3675 460 i308

542 503 880 560 Benedicur.t
929 516 1121 556 omnes
1154 508 1418 556 creatum
1471 500 1664 554 Filium
1717 513 1894 565 tuum,
1945 501 2036 569 qui

2216 505 2440 572 Εὑλογεῖ
2499 505 2650 558 πᾶσα
2705 503 2881 567 κτίσις
2933 501 3023 554 τὸν
3078 501 3234 553 τόκον
3267 517 3356 553 σου
3434 503 3679 572 εὐλογίακ

476 611 577 652 nos
599 593 1070 650 benedictionibus
1097 593 1402 657 coronavit,
1456 599 1510 645 et
1541 593 1758 646 sustulit
1821 593 2042 646 maledi-

475 689 753 749 ctionem;
786 701 820 741 0
850 687 966 742 sola
1009 686 1266 739 omnibus
1287 683 1758 738 benedictionibus
1791 684 2040 738 cumula-

477 778 686 832 tissima
715 777 850 847 (20),
889 776 1050 847 Virgo
1087 776 1352 847 gloriosa,
1398 790 1523 844 qua:
1576 790 1748 844 genus
1795 784 2040 830 nostrum

477 869 649 939 gratia
674 869 970 939 replevisti.

549 960 710 1016 Lucis
743 970 847 1015 tua:
869 961 1036 1014 radiis
1067 959 1330 1023 illumina,
1357 973 1389 1012 ο
1410 959 1624 1029 Sponsa
1657 959 1772 1020 Dei,
1803 958 2040 1012 animam

483 1067 660 1106 meam
698 1054 751 1106 in
783 1052 1106 1121 perditionis
1135 1051 1394 1122 voragine
1433 1051 1702 1120 jacentcm
1737 1063 2040 1118 :exsurgc;

479 1143 661 1198 hostes
691 1143 950 1212 proturba
989 1158 1052 1198 ac
1079 1143 1269 1211 dejicc,
1295 1144 1386 1213 qui
1428 1144 1674 1212 afﬂigunt
1701 1143 1920 1197 assidue
1947 1157 2044 1198 cor

480 1249 681 1298 meum,
708 1243 760 1288 et
793 1234 860 1288 ad
888 1236 1176 1290 sectandas
1225 1236 1513 1306 passiones
1565 1253 1714 1294 meas
1759 1237 2043 1308 impellunt

480 1339 588 1378 me.

621 1447 703 1502 Ex
723 1465 919 1504 canone
942 1449 1142 1519 duplici
1179 1451 1327 1520 feria:
1361 1463 1420 1504 Ill
1456 1451 1525 1504 ad
1553 1450 1898 1506 Matutinnm.

550 1554 984 1612 Tabernaculnm
1023 1558 1434 1613 immaculatum
1468 1560 1604 1631 (2t),
1633 1560 1851 1621 Arcam,
1892 1573 2044 1612 men-

481 1663 618 1713 sam,
645 1655 700 1702 et
729 1661 989 1712 montem,
1021 1665 1084 1704 ex
1117 1666 1225 1720 quo
1249 1651 1365 1706 sine
1396 1651 1634 1706 hominis
1669 1651 1922 1704 manibus
1946 1651 2042 1704 ab-

481 1737 688 1792 scissus
728 1749 812 1793 cst
837 1739 975 1808 lapis
1007 1741 1260 1796 Christus
1312 1741 1554 1795 omnium
1607 1742 1893 1808 Dominus,
1937 1741 2014 1794 lla

484 1829 620 1882 riam
657 1827 926 1898 Virginem
963 1830 1179 1902 hymnis
1213 1832 1568 1888 honoremus.

552 1919 598 1975 Ο
632 1922 803 1976 nubes
834 1921 1010 1975 lucida
1046 1920 1182 1991 (‘22),
1218 1923 1412 1977 animm
1442 1940 1572 1978 mea:
1623 1925 1794 1979 nubes
1845 1927 2046 1981 multas

481 2021 536 2064 et
559 2028 768 2082 graves,
816 2013 1190 2068 illuminativis
1239 2016 1729 2072 intercessionibus
1781 2017 1888 2072 tuis
1937 2018 2048 2072 dis-

484 2105 650 2168 solve,
687 2113 746 2159 ut
803 2105 984 2159 radios
1006 2105 1170 2176 269
1193 2106 1358 2172 illius,
1388 2107 1480 2178 qui
1512 2123 1575 2161 ex
1603 2118 1653 2163 te
1680 2119 1935 2179 tanquam
1966 2110 2046 2164 sol

483 2204 706 2249 exortus
739 2204 843 2259 est,
879 2196 1062 2251 videre
1096 2197 1324 2267 possim,
1361 2208 1414 2254 et
1457 2214 1520 2254 ex
1565 2209 1654 2254 tua
1710 2201 1832 2256 luce
1871 2203 2046 2258 lucem

485 2287 827 2342 iuocciduam
853 2289 1156 2359 acquiram.

556 2379 859 2434 Primorum
912 2389 1193 2450 parentum
1234 2381 1508 2436 tristitiam
1561 2383 1856 2448 abstulisti,
1911 2384 2038 2438 dum

485 2469 738 2538 gaudium
795 2470 949 2525 nobis
989 2471 1267 2541 peperisti,
1313 2487 1346 2525 ο
1414 2475 1758 2528 sanctissima
1797 2475 2048 2545 Dcipara.

487 2562 609 2615 vitm
638 2563 845 2618 scilicet
876 2563 1143 2628 datorem,
1171 2579 1234 2619 ac
1273 2563 1708 2634 Redemptorcm,
1747 2583 1905 2638 quem
1949 2567 2050 2623 int-

487 2667 657 2720 penso
700 2653 892 2710 ali'ectu
933 2670 1156 2726 precare
1193 2670 1291 2726 pro
1333 2656 1509 2713 salute
1556 2660 1860 2713 animarum
1919 2675 2049 2717 nos-

489 2751 720 2800 trarum.

565 2837 798 2893 Mundus
837 2853 931 2908 per
978 2848 1031 2894 te
1079 2839 1290 2894 veniam
1339 2849 1665 2897 consecutus
1723 2851 1825 2908 est,
1887 2841 2051 2914 Virgo

499 2929 685 2994 Mater,
715 2929 806 2998 qui
841 2938 1057 2999 propter
1087 2930 1576 3000 transgressionem
1619 2933 1823 2988 inutilis
1871 2933 2050 2991 laetus

492 3019 668 3077 fuerat
703 3038 718 3076 :
755 3031 1044 3092 propterea
1073 3022 1411 3078 canticorum
1447 3023 1565 3079 odis
1599 3035 1650 3079 te
1689 3026 1882 3080 merito
1919 3027 2048 3082 bea-

491 3123 597 3169 tam
627 3113 880 3183 appellat.

2141 595 2289 664 ἡμᾶς
2322 593 2758 663 στεφανώσαντα.
2788 595 2882 649 καὶ
2913 592 3010 664 τὴν
3034 592 3172 660 ἀρὰν
3203 591 3487 661 ὲξάραντα,
3531 613 3680 650 παντ-

2143 685 2399 754 ευλόγητε
2457 687 2592 756 μόνη
2621 685 3001 756 δεδοξασμένῃ,
3029 682 3142 754 ήτδ
3167 682 3324 751 γένος
3353 684 3502 754 ἡμῶν
3538 704 3680 759 χαρι-

2143 775 2384 832 τὼσασα.

2212 961 2392 1022 oms;
2415 960 2508 1015 τοῦ
2540 963 2596 1014 ἐν
2615 962 2696 1014 σοὶ
2719 961 3128 1031 μαρμαρυγαῖς,
3157 958 3456 1028 Θεόνυμφε,
3487 958 3684 1030 τὴνψυ-

2143 1057 2244 1127 χήν
2270 1073 2368 1125 μου
2416 1055 2842 1123 φωταγὼγησον,
2902 1052 3152 1123 κείμενον
3201 1051 3382 1122 βόθρῳ
3434 1051 3686 1118 ἀπωλείας

2143 1145 2448 1216 ἀνάστησυν
2495 1145 2728 1214 ὲχθρυὺς
2781 1145 3205 1214 καταράσσουσα
3268 1143 3394 1206 τοὺς
3432 1143 3685 1206 Θλίὸοντας

2143 1236 2228 1289 ἀεὶ
2272 1235 2370 1305 τὴν
2415 1235 2642 1306 καρδίαν
2677 1251 2800 1306 μου,
2833 1235 2928 1288 καὶ
2963 1233 3097 1304 πρὸς
3126 1233 3194 1287 τὰ
3243 1233 3388 1305 πάθη
3413 1233 3686 1288 συνωϐοὖν·

2141 1326 2240 1389 τὰς
2273 1343 2362 1396 με.

2155 1448 2257 1502 Ἐκ
2283 1445 2389 1500 τοῦ
2440 1445 2699 1512 κανόνος
2748 1443 2856 1512 τῆς
2878 1447 3081 1514 τρίτης
3147 1447 3234 1512 εις
3281 1444 3388 1498 τὸν
3441 1445 3686 1512 Ὀρορον.

2213 1557 2323 1628 Τὴν
2362 1555 2564 1624 σκηνὴν
2593 1555 2690 1624 τὴν
2718 1554 3006 1625 ἄχραντον.
3041 1554 3136 1609 καὶ
3171 1553 3424 1620 κιϐωτὸν,
3451 1553 3542 1606 καὶ
3577 1553 3691 1623 τρὶ-

2144 1648 2333 1714 πεζαν,
2360 1646 2419 1700 τὸ
2446 1646 2570 1718 ὅρος
2603 1641 2663 1701 οὗ
2685 1646 2891 1717 ἐτμήθη
2925 1645 3054 1700 ἄνευ
3078 1644 3256 1717 χειρὸς
3289 1643 3570 1714 ἀνθρώπου
3617 1645 3690 1695 λι-

2144 1740 2309 1806 0ος,6
2340 1738 2432 1792 τοῦ
2489 1739 2689 1803 παντὸς
2744 1738 2968 1811 Κύριος,
3026 1737 3260 1811 Μαριὰμ
3281 1737 3380 1808 τὴν
3441 1736 3703 1825 Παρθένον

2080 1839 2120 1898 Β
2152 1829 2341 1899 ὕμνοις
2362 1829 2706 1899 τιμήσωμεν.

2216 1921 2432 1991 Νεφέλη
2464 1920 2720 1992 eorum).
2744 1921 2844 1990 τῆς
2864 1919 3042 1991 ψυχῆς
3073 1935 3174 1990 μου
3193 1918 3262 1972 τὰ
3304 1919 3441 1990 νέφη
3489 1919 3552 1972 τὶ
3574 1918 3690 1970 πηλ-

2148 2009 2214 2065 λὰ
2274 2011 2362 2064 καὶ
2417 2009 2627 2079 χαλεπὰ
2681 2010 2798 2068 ταῖς
2843 2009 2966 2072 σαῖς
3005 2010 3357 2077 φωτιστικαῖς
3413 2007 3691 2076 μεσιτείαις

2147 2103 2415 2163 διάλυσον,
2445 2103 2591 2165 ὅπως
2624 2103 2717 2156 ῐδω
2739 2103 2837 2164 τὰς
2865 2102 3092 2164 ἀκτῖνας
3113 2099 3206 2154 τοῦ
3241 2102 3306 2154 ὲκ
3335 2100 3431 2154 σοῦ
3492 2097 3695 2155 ἀνατεί-

2148 2196 2357 2260 λαντος,
2379 2195 2471 2248 καὶ
2497 2195 2634 2264 φωτὶ
2651 2194 2764 2263 φῶς
2791 2192 3185 2266 προσλάϐωμαι
3221 2192 3438 2248 ἄδυτον.

2230 2393 2344 2434 ξων
2373 2379 2732 2450 προπατόρων
2770 2377 2964 2442 ἔλυσας
2991 2377 3090 2450 τὴν
3135 2377 3332 2448 λύπην,
3374 2376 3535 2449 χάριν
3582 2379 3701 2447 ἡμῖν

2151 2473 2422 2542 κυήσασα,
2444 2472 2534 2524 τὸν
2563 2469 2827 2540 ζωοδότην
2855 2470 2951 2523 καὶ
2974 2469 3292 2542 Λυτρωτὴν,
3311 2468 3553 2537 παναγία
3581 2469 3700 2522 Θεοο

2151 2563 2296 2629 τὸκε,
2325 2563 2383 2618 ὃν
2418 2561 2652 2628 ἐκτενῶς
2682 2562 2895 2618 ἱκέτευε
2924 2559 3163 2632 σωθῆναι
3183 2559 3284 2627 τὰς
3314 2559 3495 2633 ψυχὰς
3530 2560 3691 2632 ἡμῶν.

2225 2839 2442 2910 Κόσμος
2475 2838 2562 2892 διὰ
2596 2837 2688 2892 σοῦ
2723 2836 2952 2908 ὴλέηται
2976 2837 3004 2891 ὁ
3024 2839 3089 2910 τῇ
3119 2835 3430 2908 παραϐάσει
3490 2835 3702 2904 ἀχρειωο

2155 2931 2289 2996 θεὶς,
2317 2929 2748 3002 Μητροπάρθενε
2774 2946 2790 2961 ’
2824 2929 2912 2984 διὰ
2940 2928 3094 2984 τοῦτο
3130 2927 3294 3001 ᾠδαῖς
3350 2927 3606 3000 ᾀσμάτων
3621 2943 3706 2979 και

2154 3023 2397 3095 ταχρὲως
2431 3022 2722 3094 μακαρίζει
2753 3039 2831 3078 σε.

561 3203 636 3258 Te
669 3205 896 3259 salutem
933 3205 985 3259 in
1018 3205 1164 3260 omni
1195 3205 1319 3260 loco
1346 3216 1398 3262 ct
1428 3217 1669 3276 tempore
1705 3207 1898 3262 invoco
1929 3227 1942 3263 :
1978 3223 2044 3262 ne

2221 3207 2501 3279 Σωτηρίαν
2517 3207 2574 3260 ὲν
2603 3207 2762 3262 παντὶ
2797 3205 2972 3278 καιρῷ
2999 3206 3091 3261 καὶ
3116 3206 3287 3276 τόπῳ,
3321 3203 3701 3276 ἐπικαλοῦμαι,

490 3295 761 3365 despicias
789 3311 897 3358 me,
932 3311 966 3350 ο
1002 3297 1313 3366 purissima,
1357 3313 1479 3367 qua:
1522 3297 1688 3352 Deum
1724 3297 2050 3368 Redempto-

490 3405 601 3444 rem
629 3404 692 3443 ac
714 3388 1050 3444 Salvatorem
1083 3406 1260 3444 meum
1286 3389 1561 3460 peperisti.

562 3479 878 3548 Propitiatio
910 3496 972 3535 ac
1017 3482 1316 3550 redemptio
1364 3490 1546 3535 nostra
1583 3480 1833 3550 apparuit
1883 3479 2053 3534 Filius

491 3581 636 3634 tuus,
672 3587 704 3624 ο
738 3570 931 3640 Virgo;
973 3588 1132 3639 quem
1170 3573 1486 3640 suppliciter
1509 3587 1673 3626 exora
1727 3588 1824 3641 pro
1876 3571 2052 3627 salute

490 3679 679 3717 eorum
714 3663 803 3732 qui
834 3671 884 3717 te
922 3677 1046 3717 cum
1077 3663 1243 3722 animi
1278 3663 1694 3735 compunctionc
1723 3662 2049 3718 bcatilicant.

565 3838 818 3909 (90)"ac
889 3839 1051 3910 igitur
1099 3841 1259 3896 etiam
1315 3841 1688 3898 benedictione
1750 3841 2046 3904 cumulata,

491 3913 642 3983 quod
667 3913 790 3983 ipsa
809 3911 972 3965 fuerit
1009 3927 1206 3965 aurora
1231 3913 1394 3965 divini
1429 3915 1571 3966 Solis
1613 3913 2047 3983 nullaroriginali

491 3981 718 4049 caligine
743 3982 1053 4042 obscurata.
1074 3998 1197 4037 arca
1225 3997 1438 4050 semper
1460 3995 1739 4044 coronata,
1763 3991 1817 4037 et
1849 3981 1902 4036 in
1928 3983 2050 4034 nul-

493 4051 545 4121 lo
573 4051 831 4120 temporis
883 4061 1173 4112 momento,
1201 4053 1430 4105 dzemoni
1483 4069 1576 4121 per
1607 4063 1885 4120 precatum
1918 4051 2040 4104 sub-

487 4120 664 4190 jecta;
721 4121 912 4175 albedo
950 4121 1380 4190 splcntlidissima
1427 4120 1494 4175 in,
1519 4124 1662 4175 nulla
1696 4137 1932 4190 unquam
1965 4121 2044 4174 vel

494 4189 715 4260 minima
751 4191 958 4260 peccati
984 4189 1333 4246 obscuritate
1371 4191 1708 4259 deprehensa
1739 4209 1754 4245 :
1791 4189 1844 4245 et
1869 4191 2046 4244 amica

495 4259 586 4312 Dei
628 4259 1014 4331 totapulchra,
1044 4275 1208 4331 aqua
1251 4261 1428 4315 omnis
1469 4261 1677 4316 macula
1717 4276 1824 4314 non
1872 4261 2050 4314 solum

493 4329 742 4400 actualis,
770 4331 860 4384 sed
886 4329 1049 4385 etiam
1076 4331 1355 4400 originalis
1375 4331 1618 4385 criminis
1643 4347 1857 4399 semper
1884 4345 2048 4400 exsu-

494 4399 639 4469 lavit.
665 4399 832 4452 Porro
864 4419 883 4451 1
922 4400 1169 4454 Christus
1213 4402 1292 4463 (ut
1326 4402 1376 4454 in
1409 4415 1508 4454 suo
1561 4415 1726 4469 opere
1780 4401 1850 4453 De
1901 4399 2051 4452 Iaitd.

2157 3299 2232 3368 μὴ
2260 3297 2488 3368 παρίδῃς
2515 3315 2604 3368 με,
2630 3299 2962 3367 πανάμωμε,
2993 3297 3172 3368 ἡΘεδν
3198 3299 3454 3368 κυήσασα
3485 3298 3574 3350 τὸν
3604 3297 3702 3350 Λυ-

2151 3390 2364 3460 τρωτὴν
2384 3389 2518 3459 ὁμοῦ
2542 3391 2634 3444 καὶ
2666 3390 2896 3462 Σωτῆρά
2925 3407 3048 3460 μου.

2238 3481 2488 3549 ἰλασμδς
2554 3482 2686 3552 ἡμῖν
2737 3481 2831 3534 κα)⁸
2870 3481 3138 3552 λύτρωσις
3194 3479 3503 3550 ἐγνωρίσθη
3553 3481 3581 3533 ὁ
3627 3478 3707 3540 σὸς

2155 3571 2306 3635 Υἱὸς,
2337 3571 2602 3642 Παρθένε,
2638 3571 2696 3624 ὃν
2725 3571 2932 3625 ἱκέτευε
2977 3571 3148 3625 σῶσαι
3190 3571 3316 3633 τοὺς
3344 3572 3405 3625 ὲν
3433 3568 3706 3634 κατανύξει

2155 3679 2214 3717 σε
2252 3661 2431 3732 ψυχῆς
2467 3661 2885 3732 μακαρίζοντας.

2156 3841 2393 3905 culpam.
2442 3841 2576 3895 Nam
2633 3849 2848 3896 constat
2891 3841 3034 3910 quod
3074 3839 3456 3895 Tabernaculo
3520 3839 3707 3895 Christi

2156 3913 2292 3983 plus
2311 3912 2771 3983 clerogatpeccati
2804 3912 3105 3983 cor_ruptio,
3139 3927 3299 3980 quam
3321 3912 3413 3983 __in_
3451 3911 3707 3983 pidverem

2155 3980 2467 4103 respluéio.»
2499 3981 2588 4036 Sic
2609 3981 2696 4036 ille
2711 3981 2852 4051 apud
2877 3981 3126 4047 Bustum,
3151 3981 3364 4036 scrm.'6
3380 3981 3449 4036 de
3462 3980 3706 4052 Concept.

2155 4066 2250 4103 oar
2279 4068 2307 4103 e
2372 4091 2384 4102 .

2191 4061 2307 4105 arte
2329 4061 2384 4103 2.

2153 4066 2498 4190 pagglziluia
2527 4119 2677 4175 nullo
2700 4134 2938 4190 unquam
2987 4129 3229 4190 tempore
3257 4121 3490 4188 alicujus
3516 4119 3707 4190 peccati

2221 4135 2334 4190 (zz)
2362 4135 2498 4186 uuta
2527 4135 2677 4175 nnuo
2700 4135 2938 4244 unqtitam
2987 4135 3229 4184 tempore
3257 4135 3490 4188 anctuus
3516 4135 3707 4190 peccati

2154 4190 2474 4246 obscuritati
2507 4191 2768 4259 subjecu.
2849 4191 2934 4244 ine
2982 4190 3042 4243 D.
3079 4189 3442 4260 Hieronymus
3485 4200 3711 4246 tractans

2155 4261 2480 4315 versiculum
2534 4262 2682 4314 illum
2734 4260 2931 4314 Psalmi
2973 4261 3062 4314 77.
3105 4259 3302 4314 Eduxit
3338 4276 3436 4316 eos
3490 4263 3542 4314 in
3579 4261 3710 4315 nube

2155 4330 2282 4394 diei,
2319 4330 2454 4383 dixit
2484 4347 2496 4383 :
2535 4328 2669 4384 Ecce
2694 4331 2834 4384 Deus
2867 4329 3013 4384 venit
3043 4331 3096 4383 in
3141 4328 3432 4399 (Egyptum
3484 4332 3535 4384 in
3580 4330 3708 4383 nube

2154 4400 2289 4463 levi;
2320 4399 2526 4452 Nubem
2560 4402 2727 4454 levem
2789 4408 2882 4453 aut
2912 4401 3127 4468 proprie
3159 4416 3354 4467 corpus
3398 4399 3706 4458 Salvatoris,

397 4481 404 4486 '
494 4467 558 4522 Β.
587 4469 811 4548 Virginis
830 4469 1012 4548 librat,
1031 4469 1252 4548 fructJ,
1273 4467 1890 4548 inquitBartholomzeus
1909 4469 2052 4548 [iisa-
2086 4493 2128 4548 ο
2158 4471 2284 4548 quia
2316 4471 2430 4524 leve
2462 4469 2582 4548 fuit,
2614 4479 2669 4524 et
2695 4470 2842 4548 nullo
2869 4467 3090 4548 peccato
3112 4479 3418 4548 gravatum,
3456 4480 3552 4548 aut
3574 4478 3711 4524 certe

497 4539 620 4608 nus)
652 4537 798 4608 dedit
827 4539 1026 4606 majora
1053 4541 1216 4600 dona,
1247 4549 1300 4594 et
1347 4537 1526 4608 minus
1574 4541 1880 4594 necessaria
1931 4537 2052 4590 Vir-

496 4606 628 4674 gini.
667 4606 987 4678 Patet,qnia
1022 4626 1141 4678 eam
1189 4621 1344 4661 suam
1385 4607 1608 4661 Matrem
1654 4609 1950 4678 fecit,ergo
2001 4615 2055 4660 et

497 4679 707 4730 minora
761 4677 901 4730 dona
932 4677 1098 4740 dedit,
1132 4680 1338 4732 scilicet
1366 4680 1831 4745 pra-servationem
1871 4677 1904 4728 a7
1934 4691 2056 4743 pec-

497 4756 622 4818 cato
653 4746 922 4813 originali.
958 4747 1110 4810 Item,
1160 4748 1507 4817 praesen-vnit
1535 4745 1805 4818 Virginem
1830 4763 1860 4801 a
1897 4761 2053 4816 pinna

497 4813 639 4877 Eme,
665 4831 794 4886 ergo
823 4827 875 4869 et
897 4832 926 4869 a
951 4818 1127 4886 culpa,
1161 4813 1185 4868 1
1224 4829 1330 4870 ctr.

569 4887 680 4953 (2t)
712 4885 830 4956 Non
866 4888 1026 4940 aliam
1055 4887 1125 4941 ob
1161 4902 1402 4946 causam.
1437 4885 1536 4939 nisi
1564 4886 1687 4956 quia
1723 4887 1790 4939 ab
1815 4885 2055 4954 origina-

496 4955 564 5009 lis
602 4955 803 5024 peccati
833 4958 1039 5010 macula
1083 4973 1296 5025 semper
1339 4955 1594 5010 alienum.
1630 4956 1738 5009 Hac
1765 4956 1907 5008 enim
1942 4971 2052 5007 ma-

495 5027 638 5085 cula,
679 5027 781 5080 etsi
837 5029 902 5080 ad
941 5038 1276 5082 momentum
1337 5027 1526 5080 luisset
1568 5027 1932 5094 inquinatum,
1957 5040 2054 5079 nec

494 5112 641 5158 Ἶρι-ιι,
679 5112 778 5150 nec
806 5098 1049 5151 absolute
1089 5097 1492 5151 immaculatum
1531 5093 1654 5149 dici
1691 5105 1889 5163 posset.
1917 5093 2054 5148 Hinc

495 5165 943 5220 Bcrnardiuusde
979 5165 1145 5221 Busto
1193 5168 1246 5220 in
1288 5166 1492 5219 Marial.
1523 5181 1691 5219 ενι-111.
1723 5164 1757 5216 2
1795 5166 1860 5217 de
1903 5166 2052 5216 tion-

495 5245 633 5303 cept.
668 5246 818 5302 parte
835 5237 887 5299 '5,
911 5238 1021 5289 ait:
1055 5257 1070 5287 ι
1107 5237 1263 5296 Deus,
1288 5237 1447 5305 cujus
1479 5235 1714 5303 perfecta
1747 5242 2051 5305 suntopcra

500 5300 774 5368 ltettta‘ZZ,
810 5307 1234 5359 sacratissimum
1287 5300 1697 5360 tabernaculum
1733 5305 1790 5357 Β.
1817 5300 2054 5370 Virginis

495 5377 640 5427 (Illlltl
667 5377 899 5441 puritate
921 5391 972 5429 et
993 5377 1298 5429 innocentia
1332 5375 1749 5443 repletissimum
1779 5373 2050 5432 formavit,

497 5443 550 5496 in
603 5446 757 5514 cuius
811 5461 964 5498 saeta
994 5445 1179 5500 issimo
1233 5457 1386 5499 utero
1434 5445 1610 5498 factus
1662 5446 1822 5514 bunto
1865 5459 2051 5514 novent

498 5512 841 5574 mensibus”
881 5516 1132 5583 Magister
1189 5532 1404 5584 quoque
1460 5514 1660 5567 Paulus
1712 5513 1779 5566 de
1801 5513 1943 5565 Luca
1999 5512 2050 5564 in

496 5585 728 5650 quodam
783 5583 1237 5641 excellentissimo
1299 5601 1572 5646 sermone,
1619 5585 1670 5636 in
1703 5599 1811 5651 quo
1865 5583 2051 5635 decem

500 5653 690 5707 nnciiis
723 5659 910 5720 probat
943 5657 1345 5709 luttltaculntant
1384 5655 1440 5707 Β.
1473 5654 1706 5721 Virgini:
1748 5651 2055 5716 conceptio-

502 5737 644 5783 nrtn,
679 5723 815 5776 inter
841 5726 941 5778 alia
964 5728 1136 5792 inquit
1171 5741 1182 5774 :
1218 5763 1232 5776 .
1268 5727 1326 5776 ll.
1362 5725 1522 5792 Virgo
1555 5741 1656 5776 non
1684 5724 1783 5774 lu.t
1815 5723 2048 5774 resoluta

503 5794 558 5848 in
614 5795 905 5852 unlvcrcnt.
940 5794 1077 5860 Era-0
1126 5812 1222 5849 Im:
1263 5805 1519 5862 conci-pta
1572 5809 1662 5862 per
1730 5793 2048 5860 originalem

2156 4540 2416 4593 debemus
2460 4541 2704 4608 accipere
2753 4541 2979 4593 Mariam
3037 4540 3186 4592 nttllo
3217 4541 3424 4594 semine
3481 4541 3709 4592 humano

2154 4620 2564 4677 prmgravatam.
2592 4628 2608 4658 ι
2645 4609 2783 4664 Ecce
2813 4608 3070 4664 Dominus
3119 4610 3263 4679 venit
3318 4610 3370 4662 in
3430 4609 3707 4679 Egyptum

2156 4680 2340 4731 s:eculi
2395 4679 2554 4747 hujus
2585 4694 2678 4747 per
2728 4680 2919 4732 nubem
2953 4682 3121 4731 levem
3169 4677 3470 4744 Virginem,
3501 4677 3556 4731 et
3576 4677 3710 4730 iectu-

2157 4749 2235 4801 xit
2261 4764 2356 4802 eos
2385 4749 2437 4801 in
2465 4749 2604 4801 nube
2637 4748 2762 4802 diei.
2792 4748 3018 4802 Pulchre
3051 4767 3069 4798 ι
3104 4748 3239 4802 dixit
3274 4749 3326 4801 in
3363 4750 3508 4802 nube
3528 4749 3650 4812 dici.
3686 4766 3702 4798 1

2155 4817 2338 4873 Nubes
2367 4819 2512 4871 enim
2571 4818 2658 4871 illa
2706 4835 2810 4871 non
2843 4817 2942 4871 l'uit
2989 4817 3043 4871 in
3091 4819 3352 4878 tenebris,
3385 4821 3476 4872 sed
3511 4832 3710 4885 semper

2157 4887 2208 4940 in
2260 4887 2397 4941 luce.
2439 4907 2458 4939 1
2499 4888 2625 4940 ilrc
2652 4887 3032 4957 Hieronymus.
3066 4886 3195 4951 Quae
3224 4890 3468 4957 profecto
3523 4886 3710 4954 (inquit

2153 4957 2476 5012 Catharinns
2519 4959 2570 5011 in
2624 4973 2722 5011 suo
2772 4956 2952 5012 Tract.
2977 4957 3045 5010 de
3104 4956 3359 5025 Concept.
3387 4956 3452 5010 ad
3517 4957 3707 5025 Synod.

2159 5026 2404 5080 Trident.
2452 5036 2600 5094 parte
2648 5029 2687 5090 t)
2711 5027 2812 5081 nisi
2846 5027 3142 5095 sepliistice
3163 5036 3566 5095 pervertantur,
3599 5041 3711 5094 per-

2159 5107 2372 5164 pctuam
2409 5095 2648 5150 Dominae
2674 5097 2922 5166 gratiam,
2954 5105 3009 5150 et
3061 5097 3422 5150 innocentiam
3470 5109 3711 5164 compro-

2157 5166 2302 5221 bant.
2331 5167 2613 5235 Appellant
2635 5164 2779 5220 enim
2804 5164 3078 5234 Virginem
3111 5167 3308 5218 nubem
3348 5166 3497 5220 nullo
3532 5166 3710 5235 buma7

2156 5251 2226 5289 n0
2253 5233 2460 5290 semine
2482 5246 2890 5305 prargravatam.
2922 5235 3084 5300 Quid,
3105 5237 3355 5298 obsecro,
3378 5247 3460 5290 est
3489 5236 3588 5288 boc
3612 5233 3705 5305 nisi

2155 5314 2396 5373 apertius
2435 5303 2614 5360 dicere
2646 5306 2790 5359 illam
2847 5307 2995 5360 nullo
3024 5307 3227 5374 peccati
3277 5305 3540 5374 pondere,
3574 5303 3704 5371 quod

2154 5391 2216 5441 ex
2249 5376 2484 5430 humano
2510 5377 2716 5430 semine
2742 5375 3042 5438 descendit,
3077 5375 3244 5430 fuisse
3285 5375 3708 5443 prmgravatatn?

2158 5445 2219 5499 Et
2244 5446 2372 5514 quid
2406 5447 2506 5500 hoc
2535 5455 2616 5500 est
2641 5461 2747 5500 non
2777 5444 2945 5502 fuisse
2971 5447 3114 5499 illam
3159 5442 3354 5498 nubem
3387 5442 3622 5514 unquam
3657 5442 3706 5494 in

2157 5512 2415 5576 tenebris,
2452 5516 2544 5569 sed
2573 5531 2785 5582 semper
2835 5516 2888 5569 in
2927 5516 3064 5578 lucc,
3092 5516 3192 5568 nisi
3229 5512 3501 5582 nunquam
3549 5512 3708 5582 fuisse

2156 5584 2449 5638 involutam
2482 5577 2722 5652 peccato,
2751 5600 2844 5650 pcr
2869 5585 3013 5653 quod
3036 5586 3270 5638 tenebrre
3304 5577 3710 5653 signiﬁcantur?

2156 5654 2294 5718 Quid
2327 5653 2413 5707 hic
2463 5648 2657 5708 dicturi
2683 5648 2819 5725 sunt
2845 5648 3195 5725 quantumvis
3247 5648 3537 5725 ingeniosi,
3564 5659 3616 5705 et
3644 5648 3704 5703 ad

2156 5732 2456 5781 commenta
2487 5724 2734 5793 ceptosi?
2757 5724 2848 5778 Sic
2873 5723 3222 5779 Catbarinus.
