4038 6662
361 455 502 520 1309

1825 461 2185 525 MARIALE.

3397 488 3400 491 '
3469 463 3604 531 1⁸10

375 607 378 616 .
443 566 748 621 Ἀνάτειλὸν
776 582 886 637 μοι.
925 567 1207 630 Δέσποινα,
1233 569 1427 623 ἀκτῖνα
1457 567 1551 623 τοῦ
1595 568 1775 632 ἐλέους
1801 587 1919 637 σου,

2099 572 2241 628 Oriri
2274 573 2376 641 lae,
2421 589 2454 630 0
2481 573 2712 631 Domina
2748 573 2933 646 Virgo,
2965 574 3177 630 radium
3209 573 3600 632 misericordia:

358 657 438 727 τῷ
469 659 526 709 ἐν
552 657 628 728 τῷ
656 656 836 710 σκότει
865 656 974 710 τῶν
1017 658 1378 728 πταισμάτων
1399 661 1724 731 ὑπάρχοντι,
1780 661 1933 730 Παρ-

360 748 504 810 θένε,
525 748 620 801 καὶ
658 749 793 816 πρὸς
823 746 939 816 φῶς
971 747 1234 819 ὁδήγησον
1257 751 1564 820 μετανοίας,
1590 750 1827 822 ἁχραντε
1849 751 1938 804 ἶνα

360 839 546 892 πίστει
576 856 636 891 σε
667 839 847 908 δμνῶ.

431 932 544 1001 Τὴν
571 931 830 1000 καλλονὴν
858 931 1144 1003 ἠγάπησεν
1169 932 1298 995 Θεός
1317 949 1377 986 σε
1407 932 1500 986 τοῦ
1541 932 1752 997 Ἰακὼϐ,
1785 934 1938 1001 Παρ·

362 1021 483 1074 θένε
517 1023 692 1092 Κόρη,
735 1021 1187 1086 ὲπικαλλωπίξων
1243 1022 1453 1088 πάντας
1506 1025 1593 1078 διὰ
1615 1025 1708 1078 σοῦ
1755 1026 1937 1094 ἀμαυ-

361 1114 635 1184 ρωθέντας
657 1113 966 1184 παραϐάσει
999 1115 1059 1169 τὸ
1083 1116 1368 1187 πρότερον.

432 1223 676 1291 Παναγία
698 1222 958 1292 Παρθένε,
993 1223 1026 1293 ὴ
1052 1223 1354 1294 προστασία
1406 1223 1442 1276 ἀ
1463 1222 1680 1276 πάντων
1703 1221 1812 1276 τῶν
1842 1239 1936 1276 πι-

363 1311 530 1374 στῶν,
564 1313 852 1384 πρόστηθι,
871 1313 1032 1384 ῥῦσαί
1063 1331 1131 1380 με
1172 1314 1402 1385 ἀπειλῆς
1446 1314 1540 1369 καὶ
1569 1315 1798 1374 σκότους
1839 1313 1935 1368 τοῦ

362 1404 592 1476 φρικτοῦ
625 1406 909 1476 κριτηρίου
935 1406 991 1458 ὲν
1020 1404 1139 1477 ὥρᾳ
1171 1406 1271 1477 τῆς
1299 1407 1553 1476 κρίσεως,
1607 1405 1695 1458 ἵνα
1746 1405 1930 1459 πίστει

358 1497 451 1550 ἀεὶ
473 1497 630 1565 ὕμνῶ
660 1514 742 1552 σε.

427 1605 613 1676 Νόμου
639 1605 1004 1677 διετράνωσαν
1025 1605 1232 1669 εἰκόνες
1265 1604 1365 1676 τὴν
1419 1606 1518 1676 σὴν
1540 1603 1773 1678 φρικτὴν
1833 1604 1927 1658 λο-

357 1696 534 1768 κείαν,
557 1696 934 1769 Θεονύμφευτε
949 1741 964 1765 ,
1000 1691 1076 1753 ὧν
1097 1697 1195 1762 τὰς
1215 1697 1471 1762 ἐκϐάσεις
1493 1699 1652 1769 ἡμεῖς
1684 1698 1780 1752 νῦν
1797 1697 1932 1752 καθ-

354 1787 614 1859 ορῶντες,
633 1789 916 1859 Δέσποινα,
933 1789 1170 1855 ἐπαξίως
1189 1806 1248 1842 σε
1272 1790 1590 1859 δοξάζομεν.

426 1971 532 2025 Τὸν
555 1971 782 2043 Σωτῆρα
810 1973 903 2028 καὶ
940 1974 1094 2039 Θεὸν,
1130 1973 1226 2027 καὶ
1255 1973 1571 2044 Λυτρωτὴν,
1595 1975 1690 2028 καὶ⁸
1723 1941 1932 2030 Διεσπό-
1967 1939 2008 1994 Β

357 2077 456 2130 την
487 2062 648 2128 σαρκὶ
671 2061 927 2129 τεκοῦσα,
960 2064 1205 2131 πάναγνε
1230 2066 1520 2128 Δέσποινα,
1563 2063 1752 2117 τοῦτον
1809 2065 1919 2127 ἀεὶ,

356 2153 615 2221 ἄχραντε,
647 2153 908 2216 δυσώπει,
948 2155 1095 2218 ὅπως
1129 2153 1284 2208 λύσιν
1307 2154 1417 2208 τῶν
1435 2154 1625 2208 δεινῶν
1683 2155 1777 2208 καὶ
1807 2155 1935 2208 πο).-

355 2242 466 2297 λῶν
492 2245 778 2318 ἁμαρτιῶν
830 2246 928 2317 τὴν
984 2246 1178 2316 ἄφεσιν
1236 2246 1490 2311 λαϐόντες
1533 2246 1934 2317 ὑμνοὶογοῦμεν

354 2333 518 2390 αὐτοῦ
543 2338 668 2401 τοὺς
709 2336 850 2410 ὑπὲρ
870 2337 995 2393 νοῦν
1024 2337 1360 2411 οίκτιρμούςς

431 2636 760 2709 ’Λπαγωγῆς
785 2639 1049 2710 πονηρᾶς.
1075 2636 1170 2692 καὶ
1196 2637 1497 2708 προνομῆς,
1543 2635 1811 2708 Παρθένε,
1835 2634 1932 2690 καὶ

353 2729 454 2797 τῆς
468 2728 709 2794 δουλείας
724 2729 818 2785 τοῦ
839 2729 1136 2801 ἀλάστορος
1163 2731 1289 2794 τοὺς
1303 2730 1525 2792 δούλους
1552 2746 1644 2782 σου
1670 2728 1932 2798 φύλαττε,

351 2819 482 2884 τούς
512 2838 572 2874 σε
602 2823 747 2896 ψυχῇ
775 2825 866 2878 καὶ
887 2821 1108 2895 γλώσσῃ
1138 2825 1226 2877 ἀεὶ
1253 2822 1692 2893 δοξολογοῦντας.

437 2932 503 2986 Ἦ
528 2933 702 2988 κοιλία
737 2952 856 3000 σου,
886 2937 1220 3008 πανάμωμε,
1246 2936 1482 3007 θημονια
1540 2933 1748 3003 σεπτῆς
1793 2931 1928 2986 ἅλω-

353 3045 445 3087 νος
475 3026 688 3098 ἐδείχθη
723 3027 914 3099 κόσμῳ
950 3030 1093 3081 σῖτον
1152 3028 1394 3099 φέρουσα
1447 3027 1594 3096 ζωῆς
1649 3024 1740 3077 τὸν
1795 3023 1924 3090 τρέ-

355 3134 526 3186 φοντα
550 3117 620 3172 τὰ
649 3118 826 3173 πάντα
861 3136 876 3151 ⁸
903 3119 983 3173 διό
1018 3137 1073 3172 σε
1103 3123 1179 3182 ὡς
1209 3119 1386 3173 αίτίαν
1414 3119 1668 3174 ἁπάντων
1703 3115 1808 3169 τῶν
1835 3131 1934 3168 κα·

353 3205 465 3262 λῶν
483 3209 536 3263 οἱ
567 3210 746 3264 πιστοὶ
777 3208 1084 3282 συμφώνως
1099 3209 1339 3280 άνυμνοῢ
1348 3226 1466 3281 μεν.

460 3411 534 3476 Ως
561 3411 712 3484 πηγὴ
761 3411 861 3484 τῆς
892 3413 1049 3483 ἡμῶν
1066 3410 1442 3478 ἁναπλάσεως,
1480 3409 1835 3481 συντριϐέντα
1867 3427 1934 3477 με

355 3502 480 3556 ὅλον
503 3503 813 3559 ἀνάπλασον
842 3507 964 3568 ταῖς
988 3504 1319 3576 προσϐολαῖς
1369 3502 1462 3556 τοῦ
1532 3503 1730 3570 ὄφεως,
1783 3503 1934 3565 ὅπως

354 3592 541 3646 πίστει
560 3593 655 3647 καὶ
672 3594 822 3665 πόθῳ
845 3612 903 3648 σε
929 3593 1241 3666 μακαρίζω,
1268 3591 1497 3664 Θεοτόκε
1521 3591 1766 3663 Παρθὲνε
1786 3607 1928 3645 παν-

358 3700 568 3756 υμνητε
580 3725 596 3741 .

431 3794 704 3865 Φιλάγαθε
752 3792 926 3868 Κόρη,
954 3795 1045 3848 τὸν
1110 3793 1414 3866 φιλάγαθον
1467 3791 1602 3847 Θεὸν
1652 3794 1928 3862 κυήσασα,

359 3887 653 3956 άγάθυνον,
679 3889 788 3958 βοῶ
828 3905 932 3952 σοι,
964 3887 1364 3959 κεκακωμένην
1403 3886 1591 3948 δεινῶς
1633 3887 1728 3939 καὶ
1745 3885 1936 3938 ἀθλίαν

360 3995 466 4046 μου
496 3978 674 4050 ψυχὴν
715 3981 830 4044 τοῖς
870 3979 1067 4034 πάθεσι
1097 3978 1194 4033 καὶ
1238 3981 1358 4042 ταῖς
1411 3979 1676 4046 πονηραῖς
1717 3975 1936 4029 ἐπιϐου-

354 4070 474 4136 λαῖς
507 4072 603 4126 τοῦ
664 4073 889 4142 πλάνου,
935 4072 1022 4128 ἵνα
1074 4073 1258 4126 πίστει
1291 4089 1351 4125 σε
1398 4069 1552 4142 ὑμνῶ
1595 4069 1696 4139 τὴν
1742 4067 1933 4122 ἐλπίδα

357 4163 601 4220 πάντων.

427 4347 730 4418 Φιλάγαθον
751 4349 950 4417 τέξασα
971 4347 1124 4413 Θεὸν,
1149 4345 1414 4418 φιλάγαθε
1456 4345 1707 4410 Θεοτόκε,
1747 4343 1934 4398 τοῦτον

354 4443 580 4513 αἰτησαι
600 4440 781 4513 πάσης
807 4459 873 4513 με
904 4439 1172 4514 ῥύσασθαι
1204 4439 1424 4506 κακίας,
1453 4438 1548 4492 καὶ
1568 4436 1758 4491 τοῦτον
1784 4451 1937 4506 καρ-

2040 673 2162 725 tum,
2195 664 2347 730 mihi,
2385 666 2478 734 qui
2512 666 2563 720 in
2601 674 2946 735 peccatorum
2978 679 3221 720 meorum
3253 664 3491 720 tenebris
3521 665 3605 734 ja-

2038 767 2162 817 eeo;
2190 763 2246 808 et
2273 754 2341 808 ad
2367 755 2546 808 lumen
2578 755 2914 825 pmnitentia:
2942 755 3115 810 deduc
3144 770 3247 820 me,
3267 770 3301 808 ο
3326 755 3602 822 inviolata,

2038 850 2238 896 utrum
2267 843 2370 898 fide
2395 845 2697 900 collaudem
2727 855 2799 901 le.

2107 932 2184 986 Te
2216 937 2447 1003 speciem
2487 934 2656 990 Jacob
2698 936 2838 990 Deus
2877 937 3084 997 dilexit.
3133 952 3166 992 ο
3196 937 3364 1010 Virgo
3397 939 3602 1008 puella,

2036 1025 2128 1095 qui
2168 1036 2393 1080 exornat
2435 1027 2832 1096 pulchritudine
2870 1044 2932 1083 ac
2969 1028 3178 1096 fulgore
3206 1046 3301 1099 per
3336 1041 3386 1083 te
3410 1048 3605 1087 omnes

2035 1116 2123 1186 qui
2160 1117 2311 1185 prius
2344 1117 2552 1186 peccati
2588 1117 2868 1186 nigredine
2903 1119 3117 1173 fuerant
3152 1120 3463 1176 deformati.

2099 1223 2264 1293 Virgo
2294 1225 2664 1289 sanctissima,
2687 1225 2999 1294 prmsidium
3037 1227 3280 1280 omnium
3314 1225 3550 1281 fidelium
3587 1243 3602 1281 :

2035 1323 2156 1370 esto
2186 1313 2317 1368 mihi
2348 1313 2657 1382 prazsidium
2682 1322 2742 1367 ut
2768 1314 2963 1369 liberes
2996 1329 3080 1368 me
3109 1330 3138 1368 a
3169 1315 3352 1378 minis,
3381 1324 3432 1369 et
3455 1325 3606 1369 tene-

2036 1403 2150 1459 bris
2174 1403 2439 1458 tremendi
2468 1419 2762 1460 conscssus
2788 1405 2841 1458 in
2876 1405 3013 1459 hora
3040 1404 3256 1476 judieii,
3293 1415 3352 1460 ut
3389 1420 3605 1475 semper

2036 1506 2091 1554 te
2114 1513 2237 1553 cum
2264 1497 2369 1552 tlde
2397 1497 2724 1552 collaudem.

2110 1609 2268 1680 Legis
2302 1608 2568 1677 imagines
2600 1606 2970 1663 venerandum
3009 1613 3222 1675 partum
3258 1611 3414 1660 tuum
3440 1607 3609 1660 mani-

2035 1703 2175 1760 feste
2199 1706 2616 1769 expresserunt,
2643 1713 2676 1752 o
2709 1696 2920 1766 Sponsa
2956 1695 3078 1762 itci;
3110 1712 3342 1765 quarum
3376 1707 3604 1751 eventus

2035 1808 2139 1849 nos
2169 1805 2315 1847 nunc
2341 1790 2636 1854 intuentes,
2669 1803 2770 1858 pro
2797 1786 2994 1842 merito
3024 1794 3097 1852 te,
3129 1785 3379 1851 Domina,
3406 1786 3605 1856 glorili-

2036 1900 2248 1941 camus.

2107 1975 2441 2030 Salvatorem
2466 1989 2530 2028 ac
2553 1971 2719 2028 Deum
2739 2013 2755 2036 ,
2774 1970 3192 2040 Redemptorem
3225 1983 3289 2024 ac
3312 1969 3602 2030 Dominum

2036 2081 2158 2122 cum
2189 2065 2243 2121 in
2275 2081 2438 2122 carne
2480 2067 2773 2136 pepereris,
2819 2079 2853 2119 ο
2902 2064 3132 2118 Domina
3185 2051 3482 2132 purissima
3550 2073 3606 2116 et.

2035 2159 2372 2227 castissima;
2415 2160 2666 2215 eumdem
2710 2158 2924 2215 assidue
2952 2170 3174 2227 precare
3207 2171 3306 2225 pro
3333 2156 3512 2218 nobis,
3547 2167 3608 2208 ut

2038 2250 2304 2305 malorum
2336 2249 2665 2316 cessatione,
2695 2249 3103 2318 multorumque
3145 2256 3491 2314 peccatorum
3522 2245 3609 2298 ine

2036 2341 2314 2413 dulgentia
2368 2342 2678 2410 impetrata,
2725 2340 2966 2408 ejusdem
3021 2341 3426 2402 miserationes,
3468 2351 3608 2408 quas

2037 2434 2184 2488 nulla
2231 2449 2388 2489 mens
2430 2433 2893 2504 comprehendere
2920 2433 3084 2502 270
3115 2440 3314 2502 potest.
3353 2429 3608 2485 laudibus

2036 2524 2346 2581 etl‘eramus.

2107 2637 2152 2688 A
2179 2635 2494 2705 captivitate
2530 2635 2695 2696 mala,
2748 2649 2778 2687 a
2819 2633 3218 2704 deprredatione
3249 2647 3312 2687 ac
3346 2632 3609 2688 servitute

2038 2725 2402 2780 crudelissimi
2430 2723 2598 2778 hostis
2621 2723 2831 2778 custodi
2861 2737 3048 2777 servos
3075 2730 3222 2786 tuos,
3246 2737 3280 2777 ο
3305 2720 3488 2791 Virgo,
3512 2721 3608 2791 qui

2039 2825 2090 2871 te
2115 2815 2278 2871 corde
2307 2822 2359 2869 et
2383 2828 2479 2868 ore
2512 2827 2728 2882 semper
2756 2809 3086 2881 gloriﬁcant.

2107 2923 2310 2981 Venter
2347 2938 2495 2988 tuus,
2551 2938 2586 2976 ο
2645 2921 3032 2986 mundissima,
3097 2920 3420 2974 venerandae
3468 2933 3608 2972 area:

2037 3032 2268 3073 acervus
2301 3017 2478 3072 factus
2501 3027 2583 3071 est
2601 3017 2827 3078 mundo,
2855 3013 3088 3068 aﬂ‘erens
3105 3014 3228 3066 vitae
3257 3026 3472 3081 panem,
3496 3026 3608 3080 quo

2038 3109 2355 3165 nutriuntur
2377 3108 2668 3162 universa:
2703 3115 2991 3177 propterea
3013 3114 3064 3160 te
3097 3115 3354 3173 tanquam
3382 3115 3604 3156 causam

2038 3201 2282 3260 omnium
2332 3203 2596 3256 bonorum
2645 3215 2748 3257 nos
2789 3199 2973 3254 tldeles
3021 3195 3277 3253 concordi
3325 3209 3455 3250 voce
3489 3194 3606 3248 lau-

1957 3286 1999 3344 C
2033 3295 2252 3352 damus.

2115 3401 2396 3472 Tanquam
2441 3399 2562 3456 fons
2600 3397 3006 3455 reformationis
3047 3406 3267 3465 nostrae,
3309 3413 3397 3453 me
3433 3405 3604 3452 totum

2041 3493 2311 3564 serpentis
2347 3491 2551 3546 ictibus
2579 3489 2871 3545 contritum
2908 3489 3140 3540 reforma
3171 3501 3234 3541 ac
3274 3486 3602 3556 redintegra,

2040 3577 2100 3642 ut
2131 3602 2254 3642 cum
2299 3585 2404 3641 tlde
2452 3593 2506 3640 et
2548 3583 2742 3638 all'ectu
2797 3591 2850 3636 te
2911 3580 3237 3647 beatiﬁcem,
3277 3596 3310 3636 ο
3377 3579 3607 3650 Deipara

2039 3679 2200 3749 Virgo
2224 3677 2371 3734 omni
2402 3676 2561 3731 laude
2583 3674 2900 3746 dignissima
2933 3673 3065 3743 (23).

2108 3787 2151 3843 Ο
2185 3787 2368 3876 Puella
2396 3788 2664 3843 bonorum
2689 3787 2944 3850 amatrix,
2971 3801 3092 3855 qum
3110 3793 3410 3840 amatorem
3436 3787 3606 3841 hono-

2037 3897 2155 3935 rum
2191 3879 2355 3952 Deum
2394 3879 2684 3950 peperisti;
2711 3879 2778 3932 ad
2824 3887 2874 3932 te
2903 3879 3123 3933 clamo:
3157 3878 3353 3932 bonam
3387 3877 3473 3931 fac
3507 3879 3608 3932 mi-

2036 3968 2322 4023 serabilem
2370 3969 2608 4022 animam
2651 3981 2852 4030 meam,
2903 3965 3271 4033 passionibus,
3313 3967 3605 4036 pravisque

2035 4075 2100 4115 ac
2133 4059 2446 4114 insiodiosis
2467 4059 2772 4116 seductoris
2800 4058 3248 4128 suggestionihus
3266 4058 3605 4127 gravissimis

2033 4152 2195 4209 malis
2242 4145 2494 4205 infectam
2531 4168 2545 4205 :
2583 4159 2641 4204 ut
2687 4160 2741 4206 te
2793 4165 2918 4205 cum
2970 4150 3074 4206 fide
3114 4149 3336 4205 laudare
3374 4149 3603 4218 possim,

2036 4261 2185 4318 spem
2215 4243 2620 4299 universorum.

2104 4335 2149 4393 Ο
2178 4335 2429 4405 Deipara,
2463 4333 2730 4388 bonorum
2756 4331 2956 4394 amica,
2977 4340 3031 4385 et
3063 4331 3330 4384 bonorum
3362 4329 3602 4384 amicum

2037 4429 2204 4484 Deum
2229 4427 2410 4491 enixa,
2460 4423 2710 4480 eumdem
2741 4437 2896 4494 roga,
2930 4431 2991 4478 ut
3015 4436 3102 4476 me
3130 4421 3199 4476 ab
3231 4423 3380 4475 omni
3411 4419 3606 4476 liberet

427 4620 541 4683 (25)
571 4617 786 4688 Optime
811 4618 863 4672 in
896 4620 1034 4672 hanc
1065 4631 1176 4672 rem
1206 4616 1290 4688 vir
1318 4615 1598 4688 piissimus
1623 4613 1931 4688 ‘etudoctis-
1961 4610 2006 4669 D
2035 4607 2378 4688 est._concipi
2427 4620 2546 4688 Sine
2599 4613 2820 4688 peccato
2873 4601 3123 4688 originali
3177 4617 3298 4688 esse
3352 4616 3601 4682 magnam

357 4707 482 4746 mus
523 4683 838 4744 [monardus
872 4691 938 4744 de
956 4687 1238 4754 Negarolis
1265 4686 1317 4739 in
1337 4685 1575 4755 Epistola
1607 4683 1933 4742 dedieatoria

356 4763 444 4817 sui
479 4758 646 4815 Ollicii
672 4760 738 4812 de
765 4759 1114 4812 Immaculata
1136 4757 1502 4824 Conceptioue
1527 4756 1591 4808 ad
1623 4756 1834 4809 Sixtum
1868 4758 1933 4813 ιν

321 4847 325 4851 '
357 4831 608 4889 Pontilie.
630 4828 769 4884 Max.
789 4832 914 4884 dum
931 4829 1126 4883 ibidem
1147 4829 1284 4881 inter
1301 4825 1402 4879 alia
1424 4845 1436 4880 :
1453 4826 1668 4878 «Nullus
1689 4829 1741 4879 in
1757 4825 1936 4884 Maria:

360 4905 448 4956 tau
473 4903 550 4954 les
585 4915 961 4969 prorumpens,
986 4907 1211 4952 matrem
1235 4912 1354 4969 eam
1379 4897 1518 4969 (licet
1549 4896 1639 4949 Dei
1664 4896 1934 4969 simulque

359 4967 636 5041 quondam
685 4967 846 5026 tiliam
881 4968 1048 5041 fuisse
1075 4968 1297 5041 diaboli.
1333 4967 1640 5041 Deformem
1695 4968 1933 5041 profecto

361 5037 591 5095 reddidit
622 5041 918 5095 laudatam.
962 5039 1101 5094 Num
1140 5037 1362 5091 Matrem
1393 5038 1541 5092 dices
1580 5037 1764 5105 gratia-
1788 5053 1927 5100 eam,

357 5127 481 5180 que
524 5120 682 5165 antea
729 5110 947 5165 inimica
1009 5109 1279 5175 largitoris
1321 5107 1791 5180 gratiaeHngrati,
1822 5123 1927 5180 non

361 5176 634 5236 laudant’s
665 5191 746 5234 est
778 5181 1030 5235 ollieium.
1059 5176 1504 5247 Numquidviam
1543 5176 1607 5229 ad
1641 5177 1803 5229 vitam
1843 5179 1927 5231 af-

360 5253 605 5322 tiru‘inhis
641 5267 763 5322 quae
819 5262 870 5307 et
908 5253 1045 5322 ipsa.
1076 5250 1401 5317 quandoque
1452 5247 1720 5322 ignoravit
1752 5247 1930 5322 viam?

358 5321 437 5376 Te
471 5337 601 5376 sane
627 5317 938 5376 confundis.
965 5320 1199 5390 Spemne
1230 5319 1586 5388 peccantium,
1614 5326 1666 5370 et
1691 5317 1924 5372 medium

357 5393 426 5446 ad
459 5393 642 5445 omnia
691 5392 925 5446 tollenda
975 5399 1217 5460 peccata,
1249 5404 1368 5460 quae
1416 5396 1928 5460 peceatnm__gu5ta-

345 5462 540 5529 lverit?
569 5461 644 5515 'l'e
689 5461 863 5529 ipsum
903 5477 928 5512 a
965 5456 1191 5514 veritate
1240 5459 1474 5529 alienum
1504 5456 1788 5529 ostendis.
1819 5459 1926 5510 Ex-

357 5532 510 5587 tollis
545 5543 599 5586 et
642 5527 922 5598 deprimis,
958 5531 1298 5599 magniﬁcas
1326 5537 1380 5581 ct
1426 5527 1730 5599 vilipendis,
1762 5543 1924 5599 sanas

357 5613 412 5653 et
438 5601 692 5670 percutis,
715 5596 948 5670 teipsum
987 5596 1214 5656 censura
1255 5597 1638 5670 cireumveuis.
1674 5596 1923 5670 benedic~

359 5665 472 5724 tam
497 5672 634 5725 dicis
655 5672 742 5725 cui
776 5665 1095 5726 maledicere
1127 5685 1230 5723 non
1261 5667 1484 5722 desinis.
1512 5665 1782 5736 Visigitur
1805 5667 1924 5720 lau-

359 5741 492 5796 d.re
515 5742 574 5795 B.
617 5741 892 5810 Virgini-tn
959 5741 1144 5796 orbem
1213 5751 1476 5810 terrarum
1512 5739 1922 5810 introeuntem?

359 5812 442 5864 vis
491 5812 688 5866 festum
719 5807 882 5866 idiem
929 5810 1299 5866 constituere?
1349 5809 1454 5863 Eas
1511 5807 1697 5862 laudes
1744 5809 1921 5862 tribue

363 5899 483 5950 quae
507 5883 857 5948 ignominiam
891 5899 997 5939 non
1029 5892 1258 5939 servent.
1290 5900 1306 5931 ι
1342 5879 1498 5935 Certe
1537 5878 1668 5934 nulli
1690 5877 1916 5933 dubium

2039 4679 2246 4733 laudem
2273 4697 2287 4743 ;
2312 4671 2440 4745 ergo
2490 4671 2693 4742 Virgini
2744 4691 2850 4728 non
2904 4684 2983 4727 est
3017 4672 3355 4745 deneganda.
3384 4671 3470 4725 cui
3505 4687 3604 4726 nec

2039 4749 2284 4804 Ecclesia
2313 4744 2603 4802 abstulisse
2620 4747 2832 4800 videtur
2862 4760 2984 4798 eum
3007 4744 3151 4798 illam
3181 4752 3336 4796 vocat
3359 4754 3600 4797 sanctam

2040 4821 2090 4872 in
2127 4820 2498 4886 conceptione.
2521 4817 2680 4870 Aliud
2699 4827 2783 4870 est
2798 4831 2917 4869 esse
2933 4814 3340 4886 dignum,_aliud
3371 4823 3452 4867 est
3481 4828 3602 4886 esse

2035 4884 2415 4956 dignissimum
2447 4889 2624 4941 laude.
2644 4887 2828 4940 Laude
2855 4884 3052 4953 dignus
3077 4884 3601 4956 suﬂicieiiterextol-

2035 4953 2162 5012 lit'ur
2189 4959 2727 5013 nonnullislaudihus
2762 4957 2833 5009 illi
2860 4956 3076 5008 tributis
3099 4971 3112 5006 :
3133 4954 3221 5019 qui
3245 4969 3371 5004 vero
3395 4953 3602 5019 dignis—

2035 5029 2208 5082 simus
2227 5039 2304 5080 est
2322 5029 2502 5085 laude,
2522 5035 2756 5080 lueretur
2781 5027 2833 5078 in
2852 5025 3104 5076 omnibus
3129 5022 3356 5078 laudari.
3384 5038 3500 5088 qum
3524 5021 3598 5075 illi

2033 5114 2140 5151 non
2175 5105 2494 5165 repugnant.
2522 5097 2688 5149 Maria
2704 5111 2830 5162 ergo
2849 5109 2971 5145 cum
2995 5093 3059 5145 sit
3082 5092 3240 5165 laude
3257 5093 3598 5165 dignissima,

2033 5169 2084 5222 in
2111 5162 2366 5222 omnibus
2388 5177 2440 5219 et
2457 5181 2617 5232 super
2638 5181 2825 5218 omnes
2840 5164 3139 5217 extolli-nlla
3158 5171 3261 5225 est,
3287 5178 3349 5213 ac
3373 5162 3600 5228 proinde

2029 5241 2192 5294 etiam
2220 5239 2285 5288 de
2313 5239 2684 5305 concrptioue.
2707 5235 2821 5289 lloc
2856 5250 3036 5302 porro,
3071 5234 3346 5305 inquiebat
3376 5232 3597 5286 Emma-

2033 5311 2156 5362 nuel
2179 5303 2508 5376 l’almoiogus
2531 5307 2840 5376 imperator,
2867 5305 3079 5357 evenire
3100 5303 3352 5376 omnibus
3373 5317 3598 5355 necesse

2029 5388 2133 5441 est,
2165 5379 2256 5445 qui
2284 5373 2521 5444 aliquem
2550 5377 2615 5429 de
2648 5375 2808 5428 Maria
2841 5390 3146 5428 sermonem
3187 5373 3381 5445 habere
3413 5374 3600 5445 ιυιιυξτ

2030 5450 2158 5504 rint.
2186 5442 2426 5509 altenuin
2452 5447 2594 5500 enim
2623 5445 2688 5497 de
2713 5445 2922 5498 duobus
2950 5445 3072 5504 erit,
3094 5442 3316 5494 omnino
3343 5454 3434 5495 aut
3462 5442 3596 5496 nihil

2026 5518 2207 5572 dicere
2222 5518 2288 5572 de
2301 5515 2540 5585 Virgine,
2562 5524 2648 5569 aut
2667 5517 2708 5572 si
2730 5517 2900 5574 diras,
2916 5515 3157 5585 laudare.
3182 5511 3330 5564 Nulla
3351 5513 3494 5566 enim
3517 5527 3596 5562 ra.

2029 5590 2172 5642 tione
2222 5590 2331 5642 tieri
2383 5583 2558 5656 potest
2607 5596 2664 5640 ut
2729 5587 2966 5652 loquaris
3012 5584 3077 5637 de
3106 5583 3216 5656 illa,
3245 5591 3297 5635 et
3340 5585 3455 5635 laus
3488 5597 3594 5656 non

2026 5661 2116 5719 sit,
2148 5659 2290 5728 quod
2323 5651 2592 5725 loqueris;
2626 5651 3148 5728 quandoquidemct
3171 5653 3307 5728 ipsa,
3334 5660 3386 5728 et
3432 5651 3596 5728 quid-

2025 5722 2241 5796 quid-ad
2279 5722 2453 5797 ipsam
2503 5722 2714 5798 Spectat
2749 5725 3232 5782 celebratissiuiam
3269 5723 3430 5777 habet
3477 5722 3595 5792 glo-

2026 5801 2182 5854 riam.
2220 5801 2311 5854 Sic
2335 5800 2444 5854 ille.
