4038 6594
500 413 640 482 1315

1628 418 1687 476 S.
1726 415 2034 477 JOSEPHI
2080 417 2232 475 HYM
2248 416 2389 475 NOG
2402 416 2633 476 RAPIII

3608 410 3738 474 1316

494 524 681 578 obrem
714 537 805 592 per
827 523 1004 592 ipsum
1030 538 1129 578 nos
1150 523 1202 578 in
1235 523 1469 579 ﬁliorum
1492 523 1834 594 adoptionem
1859 523 2080 591 recepti,

2190 525 2308 578 ὅθεν
2341 524 2682 585 υίοτεοέντες
2706 524 2772 577 δι’
2804 524 2964 579 αὐτὸν
3003 526 3095 579 τὸν
3119 522 3369 594 οὐράνιον
3420 520 3743 591 εὐλογοῦμεν

497 617 773 671 caelestem
825 615 1038 671 Patrem
1072 618 1485 682 benedicimus;
1526 617 1731 688 tibique
1762 616 1948 671 laudes
1976 618 2071 671 de-

496 715 805 761 cantamus.

569 797 807 853 Laudem
836 798 947 854 Deo
973 797 1287 863 eﬂeramus,
1312 799 1402 868 qui
1428 816 1491 853 ex
1521 800 1736 869 Virgine
1765 800 2074 855 voluntarie

502 898 664 944 natus
716 899 819 955 est,
852 901 906 945 et
964 892 1150 946 choris
1182 894 1494 962 angelorum
1532 894 1818 947 mulierum
1878 894 2075 947 choros

502 981 773 1050 adjunxit.

575 1075 687 1140 llle,
715 1074 806 1143 qui
840 1082 893 1129 te
924 1073 1200 1145 Virginem
1268 1076 1673 1131 immaculatam
1713 1088 1833 1146 p05t
1861 1087 2075 1147 partum

502 1165 861 1229 coxiservavit,
914 1166 1151 1235 virgines
1200 1181 1392 1221 omnes
1438 1183 1559 1237 qua:
1605 1177 1655 1222 te
1703 1168 2077 1233 circumstant,

506 1255 867 1324 glorilicavit;
900 1271 1021 1309 cuin
1071 1256 1272 1325 quibus
1318 1258 1439 1311 sine
1494 1258 1802 1312 cessatione
1832 1272 2076 1325 precare,

507 1354 565 1397 ut
598 1345 797 1398 animae
830 1354 1032 1399 nostrae
1068 1346 1137 1401 ab
1181 1347 1327 1401 omni
1385 1348 1634 1418 angustia
1672 1362 1737 1403 ac
1784 1349 2082 1403 tentatione

505 1444 815 1491 SCH‘CDIUI‘.
1829 1484 1835 1490 .

582 1525 867 1592 Dominus,
897 1527 991 1597 qui
1052 1526 1315 1582 habitavit
1364 1527 1415 1581 in
1443 1538 1513 1591 te,
1541 1543 1573 1583 ο
1627 1526 1787 1597 Virgo
1821 1528 1890 1583 ab
1932 1527 2081 1582 omni

508 1618 719 1671 macula
761 1619 1037 1685 immunis,
1070 1619 1181 1691 (ἓῦ)
1216 1619 1379 1691 274
1410 1619 1534 1677 fecit
1575 1622 1821 1679 homines
1865 1624 2077 1678 habita-

509 1711 631 1766 cula
659 1712 854 1767 divina:
875 1712 1058 1783 gloria:
1077 1728 1208 1769 suae.
1924 1709 1933 1716 ’

578 1803 707 1871 Ore,
739 1804 942 1874 lingua,
993 1815 1047 1861 et
1076 1807 1240 1861 corde
1290 1806 1553 1863 conﬁteor
1583 1816 1653 1875 te,
1685 1823 1717 1862 ο
1742 1808 1935 1877 puella,
1994 1825 2085 1864 ca-

2182 619 2423 690 Πατέρα,
2446 619 2743 691 ὑμνοῦντες
2776 635 2860 675 σε,

2253 801 2419 860 Αἶνον
2446 804 2523 875 τῷ
2552 804 2672 873 Θεῷ
2705 804 3087 875 προσάξωμεν,
3115 802 3192 872 τῷ
3225 804 3289 855 ὲκ
3331 801 3432 871 τῆς
3470 799 3744 871 Παρθένου

2188 897 2544 968 ἀποτεχθέντι
2619 896 2940 967 βουλήματι,
2998 894 3274 963 γυναικῶν
3320 910 3380 945 τε
3423 895 3604 963 χοροῖς
3652 893 3748 960 ἀγ-

2185 989 2357 1057 γέλων
2387 989 2513 1051 τοὺς
2546 989 2739 1059 χοροὺς
2774 986 3192 1055 ὲπισυνάψαντι.

2272 1082 2331 1133 '0
2370 1080 2649 1150 Παρθένον
2679 1098 2737 1132 σε
2789 1080 3029 1148 φυλάξας
3066 1080 3204 1149 μετὰ
3236 1077 3391 1131 τόκον
3427 1074 3745 1146 ἀμώμητον,

2185 1172 2282 1235 τὰς
2309 1170 2609 1243 παρθένους
2631 1174 2804 1233 πάσας
2843 1188 2900 1223 σε
2933 1169 3304 1241 περιεστώσας
3326 1168 3601 1233 ἐδόξασεν,
3633 1167 3747 1237 μεθ’

2186 1258 2259 1316 ὧν
2294 1264 2588 1326 ἀπαύστως
2621 1262 2859 1316 δυσώπει
2909 1261 3270 1327 διασώζεσθαι
3303 1260 3485 1331 πάσης
3518 1258 3750 1328 θλίψεως

2188 1357 2282 1409 καὶ
2305 1355 2627 1426 πειρασμῶν
2653 1354 2751 1418 τὰς
2774 1354 2953 1426 ψυχὰς
2976 1354 3153 1426 ἡμῶν⁸

2274 1535 2331 1589 '0
2359 1535 2563 1607 Κύριος
2589 1539 2647 1590 ἐν
2672 1536 2754 1590 σοὶ
2785 1537 3138 1607 κατοικήσας,
3167 1534 3539 1607 πανάχραντε,
3566 1534 3753 1605 είργάο

2192 1646 2322 1684 σατο
2355 1631 2480 1693 τοὺς
2531 1628 2851 1700 ἀνθρώπους
2879 1629 2978 1692 τῆς
3016 1627 3181 1682 αὑτοῦ
3216 1628 3365 1692 θείας
3389 1627 3568 1699 δόξης,
3604 1628 3753 1699 [lap-

2191 1720 2333 1785 θένε,
2363 1720 2675 1789 οίκητήρια.

2262 1810 2498 1880 Στόματι
2560 1809 2655 1863 καὶ
2709 1808 2933 1881 γλώσσῃ
2980 1808 3075 1862 καὶ
3109 1808 3307 1881 καρδίᾳ
3359 1805 3608 1878 ὁμολογῶ
3674 1822 3753 1872 σε,

509 1901 649 1948 stam
717 1893 942 1949 Matrem
978 1894 1070 1950 Dei
1106 1897 1314 1965 nostri;
1347 1908 1402 1952 at
1447 1908 1502 1954 tu
1536 1900 1863 1954 mediatione
1893 1909 1984 1955 tua
2023 1901 2081 1956 al

2194 1902 2370 1975 Κόρη,
2412 1902 2503 1955 τοῦ
2544 1900 2681 1955 Θεοῦ
2709 1902 2867 1972 ἡμῶν
2918 1900 3089 1972 ἁγνὴν
3118 1901 3348 1972 Μητέρα
3372 1917 3386 1931 ·
3420 1899 3557 1954 ἀλλά
3591 1901 3662 1970 τῇ
3693 1900 3755 1971 τῇ

510 1996 731 2039 aeternae
750 1987 1121 2044 damnationis
1152 1990 1420 2046 sententia
1457 1991 1621 2047 libera
1656 2008 1764 2048 nte.

580 2075 783 2133 Videns
812 2079 941 2133 olim
964 2080 1235 2147 legislator
1248 2081 1523 2137 ﬂammam
1554 2098 1664 2137 non
1690 2085 2079 2140 eonburentem

509 2171 729 2237 rubum,
757 2171 947 2226 didicit
1012 2172 1157 2229 illam
1212 2189 1332 2230 esse
1385 2174 1611 2244 ﬁguram
1668 2184 1857 2245 partus
1914 2176 2013 2244 tui,
2048 2191 2081 2231 ο

512 2259 606 2314 Dei
648 2260 894 2316 Genitrix
930 2262 1046 2317 sola
1074 2263 1376 2319 benedicta.

580 2351 970 2423 Compassione
1006 2362 1094 2408 tua
1125 2356 1344 2424 dignum
1382 2369 1466 2411 me
1500 2354 1624 2420 fac,
1650 2371 1683 2411 ο
1714 2356 1805 2412 Dei
1837 2356 2079 2412 Geuitrix

510 2446 839 2511 castissima,
888 2461 1010 2517 qua:
1056 2447 1364 2518 piissimum
1418 2447 1651 2503 Verbum
1704 2450 1999 2520 peperisti;
2030 2458 2084 2505 et

511 2539 719 2592 salvum
744 2554 828 2594 me
850 2539 936 2594 lac
957 2540 1282 2596 clamantem
1305 2557 1319 2595 :
1342 2539 1667 2611 Benedicite,
1686 2544 1866 2597 omnia
1896 2558 2081 2613 opera,

512 2629 743 2684 Domino
770 2648 785 2695 ;
810 2631 1163 2693 laudate,etc.

584 2718 847 2787 Supernis
877 2718 1202 2779 Cherubinis
1231 2725 1478 2794 superior
1510 2725 1831 2795 apparuisti,
1866 2740 1899 2779 ο
1928 2741 2087 2778 ιιιυη-

423 2816 427 2823 ·
511 2809 757 2875 dissima,
793 2812 993 2883 quippe
1042 2829 1164 2884 qua:
1212 2816 1366 2872 illum
1415 2819 1642 2888 portasu
1695 2820 1786 2889 qui
1843 2818 2085 2871 continet

514 2902 814 2959 universa:
856 2905 941 2961 fac
980 2922 1198 2979 quoque
1253 2921 1490 2967 mentem
1515 2926 1691 2965 meam
1734 2910 2087 2981 passionibus

512 2992 695 3046 carnis
715 2994 1087 3064 superiorem;
1117 2999 1361 3057 tribuens
1382 3001 1512 3055 mihi
1533 3001 1805 3066 virtutem,
1846 3015 1953 3071 qua
1982 2998 2087 3055 Do-

516 3086 650 3140 mini
678 3087 1011 3144 voluntatem
1040 3094 1263 3163 exsequi
1294 3094 1521 3164 possim.

1001 3198 1234 3257 TONUS
1264 3200 1587 3259 PLAGIUS.

772 3307 856 3362 Ex
891 3327 1087 3366 canone
1129 3312 1276 3381 feria:
1312 3329 1347 3367 tt
1384 3313 1452 3367 ad
1489 3312 1833 3368 Matutinum.

584 3415 629 3469 υ
655 3425 808 3484 porta
844 3417 1041 3473 divinae
1092 3420 1297 3489 glorize,
1329 3421 1503 3491 pande
1540 3422 1668 3475 mihi
1707 3433 1888 3492 portas
1920 3424 2094 3493 νωιιί-

515 3508 719 3573 ιοηιὶςιν,
743 3516 798 3563 et
829 3523 859 3563 a
884 3510 1057 3579 portis
1090 3509 1247 3565 inferi
1278 3526 1430 3577 erue,
1460 3526 1679 3581 precor,
1724 3513 2091 3570 miserabilem

516 3602 753 3653 animam
786 3616 982 3656 meant.

594 3691 757 3761 Virgo
805 3687 995 3759 Mater,
1024 3708 1053 3748 a
1084 3708 1190 3763 qua
1224 3692 1364 3749 Deus
1386 3708 1582 3765 corpus
1621 3696 1948 3765 assumpsit;
1975 3711 2094 3751 sus-

2194 1996 2442 2068 μεσιτεία
2477 1995 2638 2066 ῥῦσαί
2673 2013 2740 2066 με
2764 1995 2981 2048 αἰωνίου
3005 1994 3399 2064 κατακρίσεως.

2260 2086 2437 2154 Φλογα
2471 2088 2572 2158 τὴν
2595 2086 2757 2158 βάτον
2790 2086 2957 2139 πάλαι
2988 2085 3063 2157 μὴ
3104 2082 3486 2155 πυρπολοῦσαν
3516 2080 3755 2153 βλέπων,

2191 2182 2220 2234 ὁ
2251 2180 2555 2252 νομοθέτης
2578 2179 2888 2234 ἔδιδάσκετο
2934 2178 3027 2231 τδν
3070 2177 3244 2230 τύπον
3290 2174 3385 2230 τοῦ
3420 2176 3583 2230 τόκου
3642 2192 3756 2242 σου,

2192 2272 2503 2343 Θεοκυῆτορ
2536 2271 2673 2341 μόνη
2700 2271 2785 2323 ἀεὶ
2818 2267 3177 2339 εὐλογημένη.

2265 2362 2618 2433 Συμπαθείας
2646 2362 2746 2431 τῆς
2774 2362 2874 2426 σῆς
2906 2378 2974 2431 με
3002 2360 3253 2427 ἀξίωσον,
3307 2358 3760 2428 συμπαθέστατον

2193 2457 2365 2525 Λόγον
2396 2457 2667 2525 κυήσασα,
2695 2454 3065 2525 θεογεννῆτορ
3097 2452 3362 2519 πάναγνε,
3415 2452 3509 2506 καὶ
3550 2451 3763 2521 βοῶντά

2197 2564 2262 2618 με
2300 2548 2491 2602 σῶσοψ
2536 2548 2720 2602 Πάντα
2751 2548 2820 2601 τά
2868 2546 3025 2619 ἔργα,
3056 2545 3350 2614 εὐλογεῖτε,
3399 2546 3621 2614 ὑμνεῖτε
3674 2544 3762 2598 τὸν

2194 2641 2418 2713 Κύριον.

2264 2735 2496 2787 Φανεῐσα
2521 2732 2629 2788 τῶν
2652 2732 2764 2788 ἀνω
2787 2732 3087 2804 Χερουϐὶμ,
3120 2731 3454 2801 πανάμωμε,
3484 2728 3761 2799 ἀνωτέρα,

2195 2825 2272 2889 ὡς
2299 2826 2616 2897 βαστάσασα
2644 2826 2732 2880 τὸν
2762 2826 2990 2896 συνοχέα
3023 2824 3132 2877 τῶν
3164 2824 3441 2888 ἀπάντων,
3490 2818 3763 2889 ἀνώτερον

2198 2919 2287 2971 τὸν
2317 2917 2441 2971 νοῦν
2486 2935 2587 2987 μου
2634 2918 2949 2990 ἁπέργασαι
3003 2914 3192 2971 παθῶν
3235 2914 3343 2967 τῶν
3394 2912 3495 2983 τῆς
3536 2912 3760 2982 σαρκὸς,

2196 3010 2511 3081 δυναμοῦσά
2541 3026 2607 3080 με
2630 3009 2691 3063 τδ
2720 3009 2809 3063 τοῦ
2836 3008 3109 3062 Δεσπότου
3145 3008 3404 3079 πράττειν
3429 3005 3673 3076 θέλημα.

2658 3210 2842 3264 ΗΧΟΣ
2883 3208 3178 3262 ΠΛΑΓῘΟΣ
3214 3205 3291 3261 A'.

2211 3324 2313 3377 Ἕκ
2354 3321 2458 3377 τοῦ
2482 3322 2738 3388 κανόνος
2776 3318 2886 3389 τῆς
2913 3318 3197 3389 δευτέρας
3234 3319 3322 3382 εὶς
3350 3316 3457 3371 τὸν
3484 3317 3762 3386 Ὀρθρον.

2273 3430 2424 3501 Πύλη
2460 3430 2559 3500 τῆς
2598 3429 2749 3493 θείας
2780 3428 2960 3499 δόξης,
3000 3426 3289 3499 μετανοίας
3314 3442 3404 3496 μοι
3428 3424 3605 3487 πύλας
3637 3426 3765 3479 ἀνα-

2198 3523 2453 3589 πέτασον,
2492 3524 2584 3576 καὶ
2626 3524 2691 3577 ὲκ
2716 3521 2896 3578 πυλῶν
2919 3520 3011 3575 τοῦ
3038 3520 3165 3591 ᾆδον
3194 3519 3520 3589 ὲξάρπασον,
3550 3516 3762 3588 δέομαι,

2195 3616 2297 3688 τὴν
2327 3616 2591 3686 ταπεινήν
2624 3631 2726 3685 μου
2746 3613 2944 3685 ψυχήν.

2264 3708 2709 3779 Παρθενομῆτορ,
2740 3708 2774 3777 ἡ
2820 3705 2953 3759 Θεδν
2998 3701 3399 3773 σωματώσασα,
3431 3700 3534 3764 τάς
3582 3700 3765 3771 φωνὰς

515 3784 635 3855 cipe
668 3801 827 3841 voces
877 3786 1231 3841 clamantium
1267 3786 1334 3841 ad
1385 3797 1435 3843 te
1490 3787 1730 3854 assidue,
1762 3798 1817 3843 et
1859 3804 1889 3842 a
1928 3788 2081 3844 variis

2197 3799 2487 3871 πρόσδεξαι
2507 3800 2755 3871 βοώντων
2783 3817 2865 3853 σοι
2888 3797 3143 3862 πάντοτε,
3173 3795 3267 3849 καὶ
3289 3792 3571 3863 λύτρωσαι
3610 3792 3763 3862 ἡμᾶς

516 3876 949 3934 adversitatibus
974 3878 1142 3933 libera
1169 3894 1291 3934 nos.

594 3970 671 4025 Ex
701 3973 853 4042 puris
890 3973 1253 4045 sanguinibus
1275 3974 1382 4030 tuis
1427 3971 1745 4031 incarnatus
1788 3986 1873 4032 est
1907 3975 2091 4031 Domi-

2194 3892 2301 3945 τῶν
2326 3892 2589 3947 ποικίλων
2615 3893 3007 3962 περιστάσεων.

2266 3986 2570 4058 Σαρκοῦται
2615 3986 2674 4054 ἐξ
2706 3986 2888 4055 ἁγνῶν
2932 3985 3181 4057 αἱμάτων
3213 4002 3307 4039 σου
3350 3986 3556 4058 Κύριος
3602 3982 3762 4055 μετά-

526 4079 655 4127 nus,
698 4079 730 4119 ο
800 4066 1057 4122 omnibus
1112 4066 1328 4138 hymnis
1392 4069 1738 4133 celebranda,
1788 4068 2081 4125 concedent

2197 4096 2347 4133 νοιαν
2373 4082 2484 4143 τοῖς
2508 4080 2710 4149 τιμῶσί
2736 4097 2794 4133 σε
2822 4079 3015 4146 διδοὺς,
3049 4078 3387 4150 πανύμνητε,
3428 4081 3495 4148 τῇ
3526 4079 3593 4147 σῇ
3635 4092 3763 4145 χρη·

519 4169 617 4223 per
654 4155 1098 4227 benignissimam
1144 4160 1586 4215 intercessionem
1618 4171 1786 4224 tuam,
1819 4161 2094 4230 paeniten-

527 4247 615 4301 tia:
654 4247 832 4302 locum
881 4249 1278 4305 honorantibus
1339 4260 1415 4317 te,
1449 4260 1635 4322 utpote
1682 4247 1982 4322 piissimus,
2015 4261 2095 4306 at-

518 4354 626 4407 que
671 4339 831 4394 unice
864 4341 1145 4395 hominum
1175 4354 1405 4398 amator.

586 4429 630 4483 0
661 4427 823 4499 Virgo
878 4432 1018 4486 inter
1050 4434 1308 4490 mulieres
1362 4436 1641 4490 benedicta
1677 4436 1818 4505 (26),
1847 4438 2083 4493 concede

517 4522 923 4578 misericordias
955 4534 1077 4578 tuas
1106 4526 1307 4595 populo
1336 4536 1425 4581 tuo
1450 4567 1464 4591 ,
1487 4528 1685 4598 quippe
1716 4543 1836 4594 qua:
1878 4529 2091 4583 miseri-

516 4612 697 4667 cordis
729 4612 896 4669 Mater
920 4614 1058 4669 facta
1089 4619 1184 4671 sis.

591 4793 700 4864 (25)
729 4794 891 4850 Favet
934 4796 1238 4855 Ricbardus
1265 4799 1331 4855 de
1375 4800 1430 4855 S.
1483 4799 1716 4864 Victore.
1761 4802 1887 4856 dum
1938 4810 2085 4858 trac-

516 4872 633 4940 tans
659 4866 787 4918 illud
840 4866 1071 4940 Cautio"
1108 4869 1239 4924 Tota
1305 4874 1525 4940 pulchra
1568 4882 1797 4939 es,ctc.,
1831 4875 1883 4927 in
1941 4874 2086 4927 hunc

515 4935 734 5010 modum
765 4938 953 5010 scribit
979 4955 993 4993 :
1042 4956 1074 5010 ιν
1099 4940 1264 4996 Nemo
1294 4935 1401 4994 tam
1433 4953 1675 5005 sanctus,
1696 4935 1791 5010 qni
1820 4944 2083 4996 maculam

515 5020 621 5082 non
654 5007 899 5082 habuerit
919 5009 1279 5075 etdefectum,
1299 5023 1487 5080 praeter
1510 5015 1681 5081 ipsam
1706 5007 1761 5066 Β.
1791 5012 2083 5082 Virginem.

511 5074 673 5150 Luna
697 5078 841 5150 enim
872 5093 992 5146 quae
1021 5093 1179 5135 nocte
1218 5074 1478 5150 splendet,
1512 5074 1565 5136 et
1604 5085 1775 5136 stella:
1820 5074 1924 5136 nuit
1962 5092 2090 5136 sunt

514 5147 727 5220 mundae
780 5148 979 5220 int-jus
1026 5147 1450 5220 comparatione.
1481 5154 1913 5205 Oblenebranlur
1942 5154 2086 5205 enim

512 5215 679 5291 stellae
712 5218 943 5291 caligine
970 5215 1217 5273 humana:
1241 5224 1539 5291 θωρακευά
1562 5224 1868 5275 beatissima
1886 5221 2075 5279 Maria.

516 5282 675 5353 Virgo
712 5282 842 5361 tota
868 5288 1239 5361 atlenipulcltra
1266 5282 1373 5356 est,
1398 5282 1562 5361 quam
1598 5300 1766 5344 lotam
1796 5292 2079 5361 illustravit

510 5366 564 5408 et
609 5355 845 5423 perfudit
878 5357 967 5410 Sol
995 5355 1237 5426 iustitia}.
1279 5355 1489 5415 utnec
1531 5364 1772 5415 maculas
1824 5360 2079 5413 habuerit

510 5441 605 5497 ne}:
634 5429 883 5479 tenebras
916 5436 1106 5496 enlpm.
1147 5450 1166 5482 ι
1210 5431 1333 5485 [Lee
1365 5430 1686 5485 Ricltardns.
1714 5432 1880 5497 Cujus
1914 5434 2073 5484 verba

510 5495 1096 5568 atterensktialltarinus
1145 5502 1195 5553 in
1226 5518 1324 5554 suo
1364 5510 1594 5553 tractatu
1640 5502 1712 5553 De
1743 5495 1973 5568 concept.
2009 5502 2073 5553 ad

509 5568 698 5640 synod.
732 5566 972 5620 Trident.
1004 5580 1151 5637 parte
1176 5588 1210 5634 t,
1242 5575 1493 5625 observat
1539 5574 1606 5624 de
1658 5566 1906 5640 originali
1963 5586 2077 5623 nta-

510 5638 630 5686 enlzt
665 5639 809 5703 loqui
857 5643 1139 5709 manifeste
1174 5642 1525 5702 lliebardunt,
1562 5650 1673 5693 tum
1727 5638 1850 5709 quia
1910 5642 2075 5693 indis-

514 5708 675 5757 t‘tmte
708 5708 985 5777 loquitur,
1013 5720 1120 5762 tuin
1173 5714 1297 5777 quia
1352 5708 1839 5763 auctoritatem’ex
1874 5710 1931 5762 Β.
1973 5709 2074 5762 Job

512 5776 761 5849 assumit,
798 5793 919 5845 qua:
961 5788 1036 5845 (ut
1063 5776 1282 5849 exponit
1327 5780 1384 5832 Β.
1422 5780 1720 5848 Gregorius
1752 5789 1801 5832 et
1842 5781 1900 5832 D.
1925 5779 2072 5831 Tho-

512 5844 651 5913 mas)
690 5850 752 5898 ad
782 5844 1057 5916 peccatum
1100 5844 1361 5921 originale
1397 5844 1642 5917 refertur,
1677 5866 1797 5903 cum
1824 5853 1895 5898 τξι
1926 5866 1939 5901 :
1967 5852 2074 5903 Ub-

2202 4173 2299 4239 στῇ
2338 4170 2607 4242 μεσιτείᾳ,
2658 4170 2733 4234 ῶς
2780 4168 3153 4239 εῦσπλαγχνος
3208 4168 3305 4222 καὶ
3358 4168 3517 4238 μόνος
3572 4166 3760 4236 φιλάν-

2197 4260 2432 4331 θρωπος.

2269 4436 2515 4508 Παρθένε
2546 4436 2605 4490 ὲν
2637 4437 2884 4507 γυναιξὶν
2906 4437 3270 4509 εὐλογημένη,
3308 4438 3377 4492 τὰ
3402 4438 3469 4491 σά
3498 4438 3626 4508 ὲλέη
3654 4455 3763 4489 πα-

2200 4531 2402 4599 ράσχου
2441 4529 2519 4601 τῷ
2547 4530 2662 4602 λαῷ
2696 4547 2788 4583 σου
2817 4546 2834 4563 ο
2883 4530 2979 4584 τοῦ
3028 4530 3319 4602 ὲλεήμονος
3354 4530 3462 4603 γάρ
3517 4528 3761 4600 ἐδείχθης

2116 4617 2169 4676 D
2199 4622 2419 4693 Μήτηρ.

2193 4802 2540 4857 tenebrentur
2576 4803 2808 4856 tenebrae
2849 4802 2902 4856 in
2926 4802 3156 4871 caligine
3185 4800 3324 4868 ejus.
3364 4818 3385 4853 ι
3415 4798 3603 4869 Neque
3630 4814 3757 4871 vero

2192 4874 2441 4943 humana;
2476 4873 2645 4943 culpa:
2688 4873 2861 4943 caligo
2891 4870 3108 4943 proprie
3138 4880 3312 4941 potest
3334 4871 3437 4924 nisi
3468 4874 3536 4924 ad
3595 4870 3757 4937 origi-

2193 4942 2312 4996 nale
2344 4941 2555 4997 referri.

2266 5011 2376 5080 (26)
2408 5010 2541 5077 ριιίι
2585 5011 2697 5064 sola
2753 5012 2891 5065 inter
2922 5012 3171 5065 mulieres
3200 5026 3229 5065 a
3263 5011 3538 5064 communi
3566 5007 3754 5080 Amale-

2195 5078 2431 5136 dictione
2482 5092 2534 5133 et
2577 5085 2945 5135 contractione
2992 5083 3268 5147 originalis
3317 5082 3517 5147 peccati
3564 5078 3752 5130 libera.

2198 5152 2333 5205 llinc
2359 5153 2662 5204 Attnandus
2693 5152 2967 5205 Riehelius
3000 5151 3061 5204 li.
3098 5151 3157 5203 Ε.
3219 5152 3511 5203 eardinalis
3568 5149 3619 5200 in
3655 5161 3755 5199 suo

2182 5221 2533 5280 Catechismo.
2573 5237 2666 5272 situ
2724 5222 3065 5274 Institutione
3120 5218 3451 5285 Christiana,
3496 5221 3613 5272 lect.
3658 5218 3751 5277 2.5,

2182 5293 2258 5343 ait
2289 5310 2302 5343 :
2341 5309 2358 5340 ι
2398 5290 2559 5343 Beata
2596 5288 2756 5359 Virgo
2786 5292 2985 5344 die.tur
3008 5292 3287 5345 benedicta
3327 5293 3381 5342 in
3406 5288 3748 5359 mulieribus.

2184 5361 2309 5429 quia
2346 5359 2507 5422 ;nulla
2547 5360 2647 5413 fuit
2680 5358 2776 5414 nec
2828 5377 3061 5430 unquam
3094 5362 3197 5413 erit
3250 5361 3364 5412 sine
3402 5358 3601 5430 peccati
3638 5373 3753 5408 nta—

2184 5433 2597 5505 eulaconcepta
2646 5446 2767 5505 cum
2807 5429 3136 5505 plenitudine
3171 5432 3342 5505 gratia
3380 5429 3690 5505 sicutipsfi.
3728 5443 3746 5474 ι

2181 5495 2609 5553 Bartholomzeus
2665 5495 2826 5553 etiarn
2889 5500 3115 5554 Pisanus
3174 5495 3245 5552 De
3316 5500 3461 5550 laud.
3498 5501 3563 5550 Β.
3606 5495 3747 5561 Virg.

2183 5571 2273 5643 itb.
2310 5570 2553 5643 t,_l’rttetu
2588 5571 2639 5623 7.
2689 5588 2707 5621 ι
2746 5569 2932 5634 Maria,
2968 5569 3161 5643 inquit,
3212 5568 3411 5621 dicitur
3464 5567 3751 5643 Benedicta

2181 5640 2233 5691 in
2268 5639 2607 5711 mulieribus,
2634 5643 2929 5693 secundum
2987 5639 3460 5711 Hieronymuntet
3499 5639 3753 5711 Augusn-

2182 5725 2331 5781 num,
2363 5710 2412 5761 id
2459 5719 2560 5770 est,
2591 5725 2752 5781 super
2800 5726 2989 5765 omnes
3034 5710 3316 5781 mulieres.
3354 5710 3750 5781 Ergo_puntas

2180 5780 2298 5831 aliis
2329 5793 2610 5841 concessa,
2639 5780 2815 5833 Mariae
2846 5796 2951 5834 non
3015 5780 3174 5833 debet
3237 5776 3447 5843 negari.
3501 5776 3635 5843 Ergo
3702 5776 3747 5824 si

2182 5850 2287 5902 livu
2314 5865 2342 5902 a
2363 5849 2471 5903 Deo
2510 5851 2865 5905 mundissima
2883 5859 2964 5905 est
2998 5849 3161 5915 facta,
3196 5865 3363 5920 quare
3390 5860 3443 5903 et
3474 5846 3653 5900 Maria.
3694 5860 3715 5893 ι
