4038 6604
373 434 507 502 1317

1831 433 2199 496 MARIALE.

3480 400 3623 501 1319'

442 545 707 618 Παρθένε,
734 543 844 599 τῶν
878 543 1085 598 πιστῶν
1114 543 1146 614 ἡ
1186 542 1510 614 προστασία,
1536 541 1801 612 ῥωσθῆναι
1832 541 1942 595 ἀπὸ

2111 542 2156 597 υ
2206 539 2372 614 Virgo
2444 541 2759 612 praesidium
2827 542 3104 608 ﬁdelium,
3161 542 3450 598 Dominum
3523 546 3619 600 de-

374 642 554 712 πάσης
580 639 851 710 ἁμαρτίας
886 635 1128 691 δυσώπει
1177 637 1270 689 τὸν
1300 635 1504 709 Κύριον
1539 637 1665 699 τοὺς
1715 635 1940 700 δούλους

370 750 488 787 σου.

435 821 740 892 Εὐλογητὸς
763 817 835 887 εἴ,
864 820 1060 886 ὁΘεὸς,
1092 823 1121 874 ό
1151 821 1366 892 μήτραν
1393 819 1671 890 Παρθένου
1695 820 1939 874 καθυπο-

366 915 486 979 δὺς,
519 915 616 967 καὶ
650 912 831 977 σώσας
868 913 960 967 τὸν
1013 912 1320 984 ἄνθρωπον,
1349 914 1377 966 ὁ
1432 913 1808 984 ὑπερύμνητος
1845 911 1940 965 καὶ

371 1005 758 1076 ὑπερὲνδοξος.
1513 1073 1516 1078 ι

451 1097 546 1150 Ἐκ
576 1095 670 1149 σοῦ
718 1095 852 1160 Θεὸς
907 1096 1174 1163 ἀνέτειλε,
1211 1098 1303 1152 καὶ
1333 1097 1632 1172 θεογνωσίᾳ
1663 1096 1938 1168 κατελάμ-

369 1207 540 1261 πρυνε
560 1190 685 1254 τοὺς
719 1189 1160 1260 ἑσκοτισμένους,
1195 1189 1519 1262 πανύμνητε
1555 1189 1828 1263 Παρθένε.

438 1372 628 1442 Φέρεις
648 1370 838 1443 ὥσπερ
873 1371 1061 1442 θρόνος
1095 1378 1321 1440 πύρινος
1375 1372 1608 1443 νεύματι
1642 1371 1734 1426 τὸν
1763 1372 1940 1427 πάντα

367 1462 624 1532 φέροντα,
659 1462 753 1516 καὶ
785 1461 1059 1532 θηλάζεις,
1093 1463 1358 1533 Παρθένε,
1398 1462 1490 1516 τὸν
1519 1463 1698 1517 πάντα
1722 1461 1940 1534 διατρέ-

369 1569 560 1623 φοντα.

406 1699 508 1752 Ἐκ
541 1697 648 1752 τοῦ
687 1699 946 1763 κανόνος
979 1694 1089 1766 τῆς
1138 1697 1340 1766 τρίτης
1392 1698 1480 1764 εἰς
1504 1696 1613 1752 τὸν
1644 1700 1910 1767 Ὄρθρον.

449 1823 638 1879 Ῥὖσαι
669 1823 958 1894 συνηθείας
1005 1841 1094 1894 με,
1153 1822 1298 1894 ἁγνὴ
1333 1823 1602 1906 Παρθένε,
1667 1828 1934 1896 πονηρᾶς,

2041 650 2289 706 precare,
2315 643 2376 690 ιιι
2403 636 2472 691 ab
2498 634 2648 690 omni
2678 644 2900 706 peccato
2929 634 3122 690 liberet
3149 650 3334 692 servos
3365 645 3511 691 tuos.

2112 819 2273 890 275
2297 818 2618 874 Benedictus
2639 835 2718 882 es,
2739 817 2901 885 Deus,
2921 819 3014 888 qui
3043 827 3252 872 uterum
3276 817 3514 888 Virginis
3541 821 3624 874 in-

2041 929 2280 984 gressus,
2347 912 2658 966 hominibus
2744 912 2980 966 salutem
3029 909 3260 966 attulisti
3293 928 3308 966 :
3339 913 3623 982 superlau-

2043 1004 2241 1059 dabilis
2273 1020 2353 1069 es,
2383 1012 2436 1057 et
2469 1003 2910 1074 supergloriosus

2114 1099 2190 1152 Ex
2223 1107 2293 1162 te,
2329 1113 2362 1152 o
2396 1097 2554 1166 Virgo
2581 1097 2953 1162 celeberrima,
2981 1104 3238 1166 tanquam
3278 1093 3357 1152 sol
3395 1103 3619 1148 exortus

2039 1197 2125 1244 est
2150 1188 2318 1251 Deus,
2345 1197 2400 1242 et
2428 1203 2523 1242 eos
2546 1189 2636 1257 qui
2671 1189 2724 1241 in
2757 1187 2996 1242 tenebris
3019 1186 3394 1250 versabantur,
3422 1183 3620 1238 divina:

2039 1279 2368 1351 cognitionis
2389 1278 2507 1334 luce
2536 1278 2844 1334 illustravit.

2112 1371 2306 1426 Gcstas
2341 1381 2598 1441 tanquam
2658 1371 2886 1424 thronus
2921 1370 3112 1439 igneus
3151 1369 3324 1435 illum,
3365 1368 3454 1439 qui
3485 1377 3619 1422 nutu

2041 1472 2218 1534 gestat
2246 1464 2540 1528 universa;
2572 1471 2626 1516 et
2657 1463 2794 1517 lacte
2826 1463 3024 1526 nutris,
3056 1479 3088 1517 ο
3120 1460 3306 1532 Virgo,
3340 1461 3490 1516 illum
3521 1461 3618 1530 qui

2040 1554 2300 1610 omnibus
2331 1555 2423 1609 dat
2451 1554 2794 1610 alimentum.

2165 1695 2252 1750 Fx
2283 1712 2483 1751 canone
2513 1696 2718 1766 duplici
2763 1695 2916 1766 ferite
2964 1712 3028 1751 ιιι
3065 1695 3134 1750 ad
3158 1695 3502 1752 Matutinum.

2116 1825 2311 1880 Libera
2343 1841 2452 1893 me,
2485 1824 2649 1894 Virgo
2700 1834 2873 1890 casta,
2909 1839 2938 1880 a
2979 1839 3145 1896 prava
3180 1823 3572 1880 consuetudine
3603 1839 3618 1878 :

369 1912 623 1987 στήριζον
661 1916 756 1970 ἐπὶ
805 1915 1012 1988 πέτραν
1049 1915 1278 1969 ἐντολῶν
1334 1902 1801 1987 περιτρεπόμενον
1834 1935 1935 1986 με-

2048 1917 2193 1971 lirma
2217 1933 2378 1986 supra
2409 1927 2618 1987 petram
2650 1916 2957 1971 divinorum
3019 1915 3426 1977 mandatorum,
3451 1932 3484 1971 ο
3515 1915 3618 1971 Do-

371 2007 602 2072 θοδείας,
634 2007 924 2072 Δέσποινα,
979 2006 1076 2059 τοῦ
1136 2004 1370 2061 παλαιοῦ
1416 2008 1763 2079 πτερνιστοῦ,
1834 2010 1931 2064 καὶ

367 2096 601 2164 ἀξίωσον
630 2099 729 2169 ἐμὲ
755 2097 978 2171 Χριστῷ
1006 2098 1374 2170 εὐαρεστῆσαι
1401 2099 1580 2164 καλῶς
1611 2099 1806 2172 ᾅδοντα
1839 2103 1936 2154 καὶ

365 2191 638 2262 cauom
662 2189 931 2245 ἐπινίκιον
961 2189 1128 2262 ᾠδήν.

397 2350 681 2438 ⁸Τέτοκας
744 2373 1072 2445 ἀποῤῥήτως
1126 2372 1333 2427 ὠδίνων
1379 2373 1604 2428 ἄνευθεν
1650 2373 1709 2427 ὃν
1745 2373 1938 2447 Πατὴρ

371 2466 479 2537 πρὸ
543 2464 757 2519 αἰώνων
824 2465 1145 2537 ἀρῤεύστως
1182 2465 1545 2535 ἀπεγέννησε,
1623 2465 1939 2538 πανύμνητε

378 2558 674 2622 Δέσποινα,
726 2557 786 2610 ὃν
805 2556 1046 2611 δυσώπει
1081 2557 1355 2622 σώζεσθαι
1381 2557 1490 2611 ἀπὸ
1523 2555 1702 2630 πάσης
1736 2559 1940 2631 βλάϐης

369 2646 496 2710 τούς
522 2664 605 2700 σοι
632 2649 1096 2720 προστρέχοντας.

445 2741 558 2811 Τῆς
602 2742 892 2811 μετανοίας
937 2741 1112 2807 πύλας
1167 2739 1265 2795 νῦν
1301 2757 1390 2811 μοι
1437 2739 1747 2809 ύπάνοιξον,
1793 2743 1938 2812 πύλη

349 2834 573 2900 τρωτὸς,
601 2832 867 2905 Παρθένε,
902 2834 999 2888 καί⁸
1028 2833 1268 2897 εἰσόδους
1309 2832 1419 2887 τῶν
1466 2833 1656 2887 παθῶν
1683 2833 1938 2888 άπόκλει·

375 2937 466 2975 σον
493 2923 591 2994 τῆς
615 2925 880 2996 ταπεινῆς
913 2942 1014 2996 μου
1047 2926 1248 2996 ψυχῆς.

451 3014 608 3084 ’Δγία
654 3016 1098 3088 Παρθενομῆτορ,
1152 3018 1288 3090 μόνη
1346 3019 1683 3090 πανύμνητε,
1739 3018 1940 3090 ἐγκλη-

375 3106 564 3176 μάτων
600 3107 790 3179 μώμου
820 3110 969 3179 ὴμᾶς
1009 3108 1342 3179 ἀπάλλαξον,
1391 3110 1626 3181 φώτισον
1657 3111 1814 3182 ἡμῶν
1847 3111 1940 3163 τὸν

2042 2009 2342 2076 ιηὶιισ,;ιῐιθ,
2371 2007 2466 2077 qui
2514 2007 2909 2063 circumvertor
2950 2021 3014 2062 ac
3043 2005 3434 2077 circumagitur
3480 2007 3620 2060 insi-

2038 2099 2144 2156 diis
2178 2101 2605 2170 supplantatoris
2644 2099 2890 2166 antiqui:
2932 2109 2988 2153 et
3027 2099 3252 2169 dignum
3295 2113 3380 2151 me
3418 2096 3526 2163 fac,
3556 2107 3615 2151 ut

2040 2205 2092 2250 et
2117 2209 2218 2265 ego
2255 2193 2476 2248 Christo
2507 2174 2720 2263 placere
2761 2191 2963 2262 possim
2999 2190 3226 2262 pulchre
3250 2188 3517 2256 canendo,
3547 2203 3612 2244 ac

2037 2285 2316 2357 psallendo
2339 2285 2612 2339 canticum
2641 2284 2904 2339 victoriae.

2111 2376 2374 2448 Peperisti
2404 2375 2750 2432 ineﬁ‘abiliter
2781 2375 2910 2441 _sine
2943 2372 3228 2429 doloribus
3260 2373 3412 2428 illum
3450 2388 3613 2444 quem

2046 2471 2205 2526 Pater
2236 2481 2363 2524 ante
2389 2469 2585 2524 saecula
2620 2465 3103 2536 incorruptibiliter
3125 2466 3435 2536 generavit;
3454 2481 3616 2536 quem

2052 2563 2376 2634 deprecare,
2426 2578 2460 2618 ο
2512 2559 2740 2616 Domina
2790 2558 3196 2624 laudatissima,
3238 2567 3298 2612 ut
3347 2557 3416 2612 ab
3467 2557 3616 2612 omni

2037 2655 2258 2710 la'sione
2283 2661 2566 2710 serventur
2597 2651 2632 2706 ii
2667 2652 2759 2722 qui
2790 2658 3090 2706 accurrunt
3113 2650 3177 2704 ad
3211 2661 3282 2704 te.

2109 2745 2450 2802 Pcenitentiaa
2481 2755 2664 2815 portas
2695 2744 2842 2814 aperi
2898 2757 3045 2798 nunc
3078 2742 3234 2807 mihi,
3267 2740 3432 2811 Virgo
3459 2751 3616 2813 porta

2039 2839 2202 2904 lucis,
2234 2847 2288 2894 et
2317 2839 2508 2892 claude
2545 2838 2825 2907 ingressus
2865 2836 3180 2907 passionum
3236 2834 3460 2890 misellae
3488 2835 3610 2888 ani-

2041 2946 2141 2985 mze
2167 2946 2319 2983 ηιριιξ.

2113 3021 2312 3075 Sancta
2347 3019 2513 3089 Virgo
2537 3018 2728 3086 Mater,
2773 3033 2879 3073 una
2910 3017 3058 3073 omni
3085 3016 3244 3072 laude
3274 3016 3618 3086 dignissima,

2043 3131 2072 3169 a
2107 3114 2427 3168 delictorum
2463 3111 2688 3166 maculis
2721 3111 2884 3165 libera
2939 3125 3038 3163 nos
3074 3127 3088 3164 :
3125 3107 3371 3163 illumina
3409 3117 3616 3162 urentes

372 3196 651 3268 λογισμὸν,
676 3199 904 3268 ἁγίασον
921 3201 1169 3272 καρδίαν,
1198 3203 1292 3256 καὶ
1312 3203 1535 3267 αἰωνίας
1552 3204 1704 3274 ἡμᾶς
1732 3201 1939 3266 πάντας

2048 3216 2302 3275 nostras;
2369 3205 2649 3260 sanetiﬁca
2747 3203 2910 3257 corda
3007 3210 3233 3266 nostra;
3318 3214 3616 3267 omnesque

372 3289 647 3362 λύτρωσαι
669 3293 964 3365 καταδίκης
984 3294 1235 3366 δεόμεθα.

456 3383 524 3436 Ἦ
572 3385 850 3454 πάναγνος
898 3386 1185 3452 Δέσποινα,
1246 3389 1668 3461 ἁμαρτανόντων
1715 3391 1750 3460 ἡ
1804 3407 1939 3460 προ·

376 3475 592 3539 στασία,
639 3477 748 3529 τῶν
799 3479 1110 3533 πιπτόντων
1161 3482 1195 3552 ῆ
1241 3481 1358 3536 θεία
1411 3481 1802 3554 ἐπανόρθωσις,
1863 3481 1941 3545 ὡς

373 3564 509 3618 Θεὸν
543 3566 780 3622 τεκοῦσα
802 3567 1106 3634 δοξάζεται.

463 3750 714 3822 Ἐλέησόν
774 3770 864 3823 με,
923 3753 1060 3826 μόνη
1116 3755 1455 3827 πανύμνητε,
1532 3756 1623 3811 τὸν
1675 3757 1942 3828 ἐλεήμονα

377 3843 511 3896 Θεὸν
545 3845 816 3918 ὑπερϐολῇ
847 3847 1182 3917 ἀγαθότητος
1232 3847 1653 3920 ἁνερμηνεύτως
1685 3849 1938 3915 τεκοῦσα,

376 3934 472 3987 καὶ
499 3933 663 4005 ῥῦσαι
691 3933 912 3988 αἰωνίου
939 3935 1243 4001 κολάσεως.

447 4113 600 4184 Πύλη
633 4115 904 4170 ἁδιόδευτε
931 4117 1028 4189 τῆς
1047 4116 1228 4189 δόξης,
1257 4117 1514 4190 ἄχραντε,
1549 4119 1814 4188 διάνοιξόν
1850 4137 1942 4189 μοι

377 4209 478 4280 τῆς
513 4209 803 4279 μετανοίας
859 4210 1058 4273 πύλας,
1092 4209 1454 4283 τπροξενήσας
1506 4211 1606 4283 ¹μοι
1645 4214 1743 4277 τὰς
1794 4212 1942 4278 θείας

377 4298 616 4362 εἰσόδους
647 4301 741 4353 καὶ
769 4301 867 4370 τὴν
897 4301 1018 4367 ἐκεῖ
1049 4299 1415 4354 κατάπαυσιν.

454 4479 587 4534 Θεὸν
613 4481 837 4552 ἀρρήτῳ
862 4481 1028 4552 λόγῳ,
1053 4481 1498 4555 Παρθενομῆτορ,
1529 4485 1768 4554 ἑκύησας
1811 4483 1944 4555 ἡμῖν

2044 3314 2145 3354 nos
2174 3299 2241 3350 ab
2279 3305 2494 3351 aeterna:
2524 3294 2890 3349 damnationis
2922 3292 3188 3347 sententia
3226 3291 3393 3360 eripe,
3430 3299 3478 3344 te
3500 3305 3621 3360 prc-

2041 3403 2252 3445 camur.

2113 3483 2432 3540 Castissima
2496 3481 2746 3544 Domina,
2805 3490 3149 3551 peccatorum
3215 3475 3617 3547 patrocinium;

2043 3577 2355 3632 cadentium
2378 3575 2580 3630 erectio
2614 3574 2818 3640 divina,
2854 3587 2974 3640 qua:
3013 3571 3182 3624 Deum
3232 3568 3463 3640 peperit,
3500 3566 3617 3637 glow

2043 3670 2310 3724 riﬁratur.
3504 3703 3509 3708 .

2119 3759 2377 3816 Miserere
2410 3755 2533 3821 mei,
2559 3770 2591 3808 o
2625 3754 2737 3809 sola
2770 3753 2839 3808 ab
2867 3751 3133 3807 universis
3159 3749 3464 3815 laudanda;
3495 3762 3619 3818 qua:

2044 3851 2452 3908 misericordem
2503 3847 2673 3900 Deum
2706 3845 2775 3898 ob
2803 3844 3024 3897 nimiam
3067 3842 3236 3911 ipsius
3292 3840 3615 3906 bonitatem,

2043 3942 2206 3997 modo
2249 3937 2598 3995 inenarrabili
2641 3935 2896 4007 peperisti
2929 3953 2942 3989 :
2977 3943 3028 3988 et
3055 3935 3122 3987 ab
3157 3930 3377 3986 aeternis
3405 3930 3616 4000 suppli-

2044 4035 2143 4090 ciis
2163 4033 2313 4101 eripe
2339 4045 2445 4085 me.

2113 4121 2597 4183 O'immaculata,
2665 4128 2815 4190 porta
2873 4118 3055 4188 glorize
3110 4131 3205 4186 per
3253 4129 3414 4186 quam
3480 4113 3614 4168 nulli

2054 4216 2286 4272 transire
2333 4213 2496 4284 276
2534 4212 2681 4274 licet,
2714 4209 3040 4282 pmnitentia:
3069 4217 3252 4278 portas
3283 4205 3430 4275 aperi
3461 4204 3613 4267 mihi,

2053 4308 2303 4380 pandens
2363 4305 2494 4360 mihi
2562 4304 2767 4358 aditum
2829 4302 2894 4357 ad
2958 4301 3170 4356 divinos
3235 4298 3514 4369 ingressus
3564 4306 3618 4352 et

2046 4403 2113 4457 ad
2160 4401 2405 4471 requiem
2438 4398 2718 4452 futuram.

2120 4491 2296 4546 Verbo
2346 4489 2599 4545 inell'abili
2651 4491 2816 4544 Deum
2868 4486 3143 4559 peperisti,
3175 4501 3207 4541 ο
3236 4483 3401 4556 Virgo
3425 4483 3615 4544 Mater,

387 4574 526 4625 πᾶσι
562 4571 851 4642 μετάνοιαν
879 4572 1090 4628 δίδοντα
1118 4577 1231 4638 τοῖς
1260 4574 1430 4628 πολλὰ
1459 4575 1710 4628 πταίουσι
1730 4575 1818 4628 διά
1845 4592 1941 4645 με·

2048 4583 2134 4655 qui
2165 4582 2488 4654 paenitentiae
2517 4583 2748 4651 spatium
2790 4581 2883 4635 dat
2913 4581 3069 4634 nobis
3109 4577 3362 4633 omnibus
3411 4576 3618 4631 multo-

381 4663 584 4724 σιτεία;
613 4678 706 4716 σου
733 4661 835 4732 τῆς
865 4663 1097 4734 ἀγαθῆς,
1130 4664 1422 4734 καταφυγὴ
1444 4662 1552 4716 τῶν
1599 4663 1806 4718 πιστῶν
1849 4661 1948 4718 καὶ

379 4753 566 4824 λιμήν.

450 4843 826 4914 Θεοχαρίτωτε
856 4844 1049 4922 σκηνὴ,
1084 4844 1176 4898 τοῦ
1205 4844 1541 4915 άγιάσματος
1569 4845 1740 4917 σεπτὴ
1778 4847 1944 4900 κιὸωι

377 4938 466 4999 τὲ,
498 4936 688 5007 λυχνία
711 4936 858 4990 θείου
885 4938 1084 5007 φωτὸς,
1114 4938 1278 5008 ἄρτου
1301 4939 1447 5008 ζωῆς
1473 4939 1742 5010 τράπεζα,
1770 4941 1946 5008 Λόγου

376 5028 643 5082 παλάτιον
662 5028 927 5100 ἔμψυχον,
960 5024 1108 5083 οἰκον
1141 5029 1456 5101 Πνεύματός
1491 5047 1558 5100 με
1579 5031 1768 5095 δεῖξον.

454 5213 725 5281 Καταιγίς
756 5213 983 5283 χείμαζέ
1043 5231 1111 5284 με
1161 5212 1454 5282 ἁμαρτίας,
1499 5213 1734 5284 ἄχραντε
1784 5216 1943 5282 ἁγνὴ,

381 5305 619 5359 σπεῦσον
670 5305 948 5371 ἐξελέσθαι
1010 5323 1078 5374 με
1116 5307 1414 5376 εἰσάγουσα
1479 5307 1769 5377 μετανοίας
1812 5308 1948 5371 τοὺς

376 5395 510 5456 τοὺς
542 5393 790 5462 λιμένας,
823 5396 1154 5466 πανάμωμε.

452 5484 635 5553 Λιμὴν
667 5485 930 5554 σωτήριος
971 5485 1216 5556 ἐδείχθης
1261 5487 1447 5551 πᾶσιν,
1473 5487 1636 5558 άγνὴ,
1669 5486 1856 5542 παθῶν
1888 5487 1950 5541 τὸ

381 5573 674 5628 κλυδώνιον
700 5577 1184 5647 καταπραΰνουσα,
1231 5579 1366 5648 πρὸς
1388 5579 1631 5650 γαλήνην
1656 5597 1714 5632 τε
1741 5579 1946 5643 πάντας

383 5665 701 5734 μετάγουσα
750 5666 852 5738 τῆς
901 5670 1212 5738 μετανοίας,
1257 5670 1454 5741 σεμῧὴ,
1501 5671 1625 5734 τοὺς
1653 5672 1709 5724 ὲν
1744 5673 1814 5741 γῇ
1856 5687 1948 5724 τα-

381 5773 624 5822 πεινους.

2049 4692 2170 4732 rum
2221 4677 2470 4746 lapsuum
2524 4677 2652 4740 rcis,
2682 4689 2777 4743 per
2823 4673 3114 4741 benignam
3170 4668 3614 4724 intercessionem

2049 4779 2222 4833 tuam,
2255 4783 2287 4822 ο
2309 4765 2598 4837 refugium,
2627 4775 2678 4820 ct
2708 4777 2892 4834 portus
2933 4764 3193 4818 ﬁdelimn.

2117 4856 2162 4913 Ο
2195 4858 2300 4910 Deo
2351 4856 2733 4910 chariSsimum
2796 4853 3249 4906 tabernaculum:
3290 4864 3417 4904 arca
3462 4863 3621 4902 vene-

2049 4949 2216 5002 randa
2265 4944 2751 5007 sanctiﬁcationis;
2788 4942 2982 4994 divinae
3020 4942 3156 4994 lucis
3197 4938 3615 5002 candelabrum;

2049 5048 2237 5088 mensa
2266 5033 2421 5101 panis
2454 5031 2598 5096 vitae,
2627 5030 2884 5099 palatium
2924 5028 3088 5084 Verbi
3124 5027 3456 5082 animatum:
3494 5025 3618 5096 Spi-

2051 5126 2187 5181 ritus
2213 5124 2388 5179 sancti
2421 5122 2680 5192 templum
2717 5122 2865 5177 efﬁce
2893 5139 2999 5176 me.

2118 5214 2474 5270 Peccatorum
2531 5222 2854 5284 tempestate
2885 5215 3083 5282 jactor,
3115 5229 3148 5268 ο
3191 5211 3358 5281 Virgo
3407 5225 3622 5266 summe
3713 5254 3716 5256 .

2062 5322 2221 5377 pura,
2253 5311 2401 5362 casta
2433 5316 2488 5362 et
2509 5308 2886 5372 immaculata;
2911 5307 3100 5362 festina
3130 5315 3188 5360 ut
3209 5305 3407 5373 eripias
3437 5319 3545 5369 me,
3569 5313 3623 5357 et

2050 5400 2115 5454 ad
2147 5399 2478 5468 paenitentia:
2509 5409 2696 5468 portus
2733 5398 2986 5453 deducito
3019 5414 3125 5452 me.

2120 5489 2318 5544 Portus
2389 5491 2644 5545 Salutaiis
2696 5490 2834 5544 facta
2898 5505 2955 5544 es
3012 5489 3298 5551 universis,
3359 5502 3392 5540 o
3458 5484 3623 5555 Virgo

2050 5591 2225 5648 casta,
2263 5596 2385 5651 quae
2419 5583 2732 5650 passionum
2786 5590 3135 5652 tempestates
3193 5581 3500 5649 ﬂuctusque
3537 5597 3626 5634 se-

2023 5673 2148 5727 -das
2175 5689 2238 5727 ac
2263 5688 2510 5738 serenas,
2543 5684 2704 5744 atque
2745 5690 2936 5731 omnes
2974 5675 3068 5746 qui
3109 5676 3160 5728 in
3197 5684 3338 5730 terra
3372 5683 3498 5728 sunt
3523 5671 3625 5724 mi-

2051 5765 2333 5830 serabiles,
2367 5765 2432 5819 ad
2487 5767 2819 5837 ptenitcnlia:
2875 5769 3345 5842 tranquillitatem,
3388 5781 3421 5822 ο
3465 5778 3626 5821 vene-

2051 5859 2242 5926 randa,
2275 5861 2550 5930 perducis.
