4038 6610
1608 444 1670 503 S.
1720 437 2032 502 JUSEPHI
2074 434 2638 496 HYMNOGBAPIII
3569 437 3691 505 1320

2236 549 2378 601 Νέον
2432 546 2757 616 ἀπεκύησας
2815 546 3046 609 παιδίον,
3102 546 3429 619 πανάμωμε,
3481 552 3692 623 Χριστὸν

2156 643 2259 713 τὴν
2291 642 2597 696 ἀναπλασιν
2630 640 2788 710 ἡμῶν
2853 639 3220 710 ἐργαζόμενον
3264 640 3371 694 τῶν
3405 645 3693 703 itemitem-

2159 735 2339 806 μὲνων
2366 736 2434 805 τῇ
2477 732 2679 805 ἀρχαίᾳ
2705 729 3038 801 παραϐάσει.

2242 826 2518 896 ’Δγγέλων
2554 821 2840 895 καύχημα,
2903 820 3117 894 βροτῶν
3166 820 3477 892 διάσωσμα,
3515 824 3695 898 ἑτγυη-

2156 919 2259 990 τῆς
2296 935 2397 990 μου
2426 915 2611 987 γενοῦ,
2662 914 2856 985 Μῆτερ
2887 912 3046 981 Θεοῦ,
3097 914 3246 977 ὅπως
3291 914 3587 986 ἐπιστρέψω
3612 920 3696 972 καὶ

2159 1012 2475 1083 κομίσωμαι
2522 1009 2678 1064 λύσιν
2708 1008 2818 1063 τῶν
2868 1009 3387 1081 προημαρτημένων
3429 1010 3485 1062 ὲν
3525 1009 3697 1078 γνώσει

2159 1106 2251 1159 καὶ
2278 1104 2491 1176 ἀγνοίᾳ.

2232 1195 2499 1266 ’Υψωσας
2547 1194 2696 1266 ἡμᾶς
2752 1192 2830 1265 τῷ
2876 1191 3068 1265 ὕψηλῷ
3104 1208 3196 1246 σου
3240 1192 3386 1263 τόκῳ
3440 1191 3699 1264 βαράθρων

2163 1286 2562 1359 συμπτώσεως,
2614 1286 3011 1357 Θεοχαρίτωτε,
3045 1285 3167 1338 ὅθεν
3215 1285 3422 1355 φωναῖς
3466 1299 3523 1336 σε
3566 1301 3700 1356 χαρι-

2162 1379 2410 1451 στηρίοις
2468 1379 2677 1446 πίστει,
2734 1377 2911 1450 Κόρη,
2960 1374 3335 1449 ἀνυμνούμεν,
3391 1375 3469 1439 είς
3519 1376 3701 1439 πάντας

2162 1474 2289 1537 τοὺς
2322 1472 2548 1535 αἰῶνας.

2232 1564 2538 1635 Φωτοειδὴς
2567 1562 2789 1634 νεφέλη,
2814 1561 3203 1633 προηγουμένη
3251 1559 3377 1613 νέου
3417 1557 3542 1613 λαοῦ
3584 1558 3703 1630 πῲ;

2162 1658 2269 1731 γῆν
2308 1655 2647 1725 ἐπαγγελίας
2690 1654 2930 1726 ἀληθῶς,
2975 1653 3373 1725 Θεοχαρίτωτε,
3399 1652 3704 1726 ἀνεδείχθης,

478 455 618 524 1319

544 571 757 629 Novum
798 580 1028 640 puerum
1060 560 1340 636 peperisti,
1367 555 1738 629 opurissima,
1772 552 2053 608 Christum
2090 558 2133 615 Α

480 664 713 726 scilicet.
744 663 837 733 qui
862 675 965 715 nos
991 656 1211 726 antiqua
1244 648 1679 723 transgressione
1705 647 2055 709 inveteratus,

482 756 539 809 in
562 769 755 809 novam
782 750 1044 805 reformat
1087 755 1421 801 creaturam.

552 844 885 915 Angelorum
914 840 1104 911 gloria,
1141 834 1537 901 hominumque
1566 828 1742 891 salus,
1777 833 1897 881 esto
1925 823 2056 879 mihi

482 913 823 1002 ﬁdeiussoris
854 930 993 991 loco,
1021 942 1055 981 o
1090 935 1260 979 mater
1288 923 1405 987 Dei,
1427 932 1485 975 ut
1513 924 1803 975 convertar
1833 924 1889 970 et
1924 913 2060 969 resi-

487 1028 718 1097 piscam,
750 1033 803 1078 et
827 1018 1217 1091 indulgentiam
1257 1024 1605 1085 peccatorum
1660 1008 2057 1079 praeteritorum

486 1135 583 1190 per
614 1116 901 1173 scientiam
931 1112 1350 1179 castitatemque
1380 1106 1639 1175 recipiam
1658 1143 1671 1157 .

554 1205 821 1265 Exaltasti
862 1222 966 1260 nos
997 1203 1217 1259 sublimi
1254 1209 1410 1271 partu
1446 1208 1539 1253 tuo
1572 1211 1602 1251 a
1643 1194 1902 1250 barathro
1934 1206 2062 1263 pec-

488 1313 736 1358 catorum
760 1318 774 1368 ;
801 1318 835 1355 o
861 1298 1046 1353 divina
1080 1294 1254 1367 gratia
1311 1290 1668 1364 plenissima:
1704 1286 2060 1357 quamobnem

485 1396 711 1452 vocibus
729 1391 1206 1466 gratumpanimum
1219 1382 1745 1447 demonstrantibus,
1767 1390 1839 1447 te,
1854 1378 2061 1451 puella,

486 1488 776 1545 laudamus
796 1485 851 1542 in
884 1483 1070 1540 omnia
1096 1478 1316 1537 saecula.

554 1580 600 1636 0
632 1580 742 1635 Deo
768 1577 1101 1649 gratissima,
1128 1584 1184 1630 tu
1213 1572 1352 1628 facta
1386 1585 1446 1626 es
1484 1568 1661 1624 nubes
1709 1564 1911 1628 lucida,
1938 1576 2063 1634 qua

487 1673 765 1744 praecessit
794 1684 997 1726 novum
1048 1666 1310 1738 pupulum
1336 1663 1405 1717 ad
1450 1671 1661 1717 terram
1712 1670 1899 1713 veram
1932 1670 2061 1725 Ρτ⁰⁶

487 1764 804 1831 missionis;
839 1772 893 1818 et
936 1767 1115 1831 porta,
1154 1772 1277 1829 qua:
1305 1755 1513 1809 aditum
1562 1752 1688 1808 fecit
1738 1750 1808 1806 ad
1841 1748 2006 1804 vitam
2044 1762 2060 1801 :

2174 1752 2261 1804 καὶ
2314 1749 2457 1822 πύλη
2504 1749 2804 1819 είσάγουσα
2848 1747 2987 1819 πρὸς
3038 1746 3182 1819 ζωήν
3210 1762 3225 1777 ⁸
3255 1746 3337 1803 διό
3370 1765 3451 1815 σε,
3483 1744 3708 1812 Θεοτόκε,

488 1866 770 1925 propterea
814 1862 938 1919 te,o
962 1851 1217 1921 Deipara,
1254 1844 1689 1916 magniﬁcamus.

2174 1840 2569 1913 μεγαλύνομεν.

560 1924 701 2000 Vere
732 1956 788 1999 tu
822 1943 963 1998 facta
996 1956 1079 2006 es,
1110 1956 1144 1993 o
1178 1936 1526 1993 immaculata
1548 1930 1734 2001 Virgo,
1772 1927 2063 1986 luciferum

2237 1930 2558 2002 «νωτοφόρον
2602 1930 2708 2002 δχη
2718 1947 2794 2001 μα
2821 1928 2913 1984 τοῦ
2950 1926 3137 1984 Ἠλίου
3162 1927 3353 2000 ὤφθης
3382 1926 3593 1998 ἀληθῶς
3630 1926 3711 1980 τού

489 2036 795 2092 vehiculum
854 2032 1000 2090 Solis
1055 2031 1228 2096 illius,
1251 2028 1343 2099 qui
1385 2042 1452 2081 ex
1479 2024 1782 2081 visceribus
1802 2022 1920 2078 tuis
1977 2036 2069 2077 re-

2174 2023 2486 2095 λάμψαντος
2510 2025 2575 2078 εκ
2598 2022 2708 2079 τῶν
2741 2024 2873 2087 σῶν,
2891 2024 3131 2096 ἃχραντε
3158 2022 3322 2094 ἁγνὴ,
3350 2021 3603 2091 λαγόνων,
3632 2021 3711 2075 καὶ

488 2127 659 2194 fulsit,
674 2126 837 2198 277
851 2134 905 2181 et
929 2124 1284 2199 gravissimas
1312 2119 1515 2175 fraudis
1537 2115 2069 2183 tcnebrasdissolvit;

2174 2116 2433 2182 λύσαντος
2457 2118 2557 2188 τῆς
2601 2117 2820 2186 ἀπάτης
2868 2116 3057 2181 σκότος
3086 2113 3327 2187 χαλεπόν
3351 2127 3370 2143 '
3404 2112 3523 2169 ὅθεν
3556 2113 3613 2167 tv
3639 2111 3714 2166 πί-

489 2219 630 2274 unde
656 2229 705 2273 te
729 2234 827 2290 pro
856 2220 1049 2273 merito
1066 2231 1130 2271 ac
1154 2213 1337 2270 debito
1361 2228 1483 2267 cum
1509 2210 1613 2266 fide
1630 2208 2069 2282 magniﬁcamus.

2174 2228 2290 2266 στει
2321 2228 2381 2265 σε
2415 2212 2739 2283 καταχρέως
2766 2208 3167 2282 μεγαλύνομεν.

729 2326 814 2381 Ex
838 2341 1038 2380 canone
1073 2324 1223 2395 feria:
1280 2339 1329 2377 tv
1363 2322 1433 2375 ad
1472 2318 1822 2375 Matutinunt.

555 2436 695 2492 Cum
750 2434 1046 2491 Dominum
1098 2449 1166 2491 ex
1200 2445 1365 2487 utero
1410 2439 1501 2485 tuo
1542 2437 1757 2492 uatum,
1784 2429 1839 2484 in
1890 2426 2073 2485 crucis

480 2530 639 2600 digno
666 2528 869 2599 injuste
893 2526 1191 2581 exaltatum
1214 2522 1704 2585 animadverteres,
1724 2534 1758 2575 ο
1781 2518 2041 2590 Virgo,la
2059 2552 2074 2564 -

491 2635 703 2692 crymas
750 2618 1036 2683 fundebas,
1065 2625 1122 2672 et
1150 2614 1308 2671 illius
1352 2627 1575 2684 prorsus
1625 2611 1898 2668 inﬁnitam
1956 2610 2070 2667 ltu-

482 2710 851 2769 miliationem
884 2707 1142 2764 laudibus
1163 2704 1485 2763 extollebas.

560 2800 812 2857 Laudant
840 2809 899 2856 te
930 2798 1083 2856 ebori
1131 2794 1387 2867 angelici,
1438 2807 1473 2848 o
1510 2792 1766 2851 omnibus
1812 2791 2075 2850 laudibus

492 2892 863 2957 celebranda,
919 2906 1041 2963 qua:
1102 2889 1224 2946 illos
1283 2886 1777 2957 incomparabiliter
1849 2900 2075 2956 superas

492 2983 755 3054 dignitate
784 3000 801 3052 ;
839 2981 1005 3038 Deum
1037 2981 1184 3037 enim
1220 2979 1277 3037 in
1306 2977 1787 3048 carnclpeperisti,
1824 2978 1917 3049 qui
1956 2992 2077 3033 ma-

480 3076 844 3133 .ledictionem
892 3089 993 3146 per
1032 3074 1237 3145 lignum
1297 3072 1525 3138 illatam,
1560 3070 1705 3142 ligno
1734 3070 1989 3139 abolevit,
2021 3079 2077 3130 et

494 3165 895 3222 benedictionis
915 3163 1119 3220 fontem
1150 3162 1415 3235 profudit.

562 3257 826 3325 Gladius,
901 3272 935 3313 o
1005 3258 1291 3314 benedicta
1374 3256 1472 3315 Dei
1539 3258 1710 3317 Mater
1747 3299 1762 3327 ,
1834 3256 2143 3340 animamc

495 3359 644 3404 tuam
682 3349 1057 3420 pcrtransivit,
1104 3365 1229 3405 cum
1272 3348 1470 3407 Filium
1528 3360 1681 3407 tuum
1728 3350 2073 3415 cruciﬁxum,

495 3452 552 3498 et
576 3443 825 3498 animam
851 3456 1009 3499 suam
1045 3440 1099 3498 in
1146 3458 1344 3500 manus
1366 3442 1543 3500 Patris
1572 3444 2074 3511 commendantem,

498 3528 705 3585 vidisti.

568 3619 647 3674 Te
702 3620 1275 3675 immaculatissimam
1318 3621 1409 3676 Dei
1465 3619 1794 3677 Gcnitriccm
1837 3620 2077 3691 appella-

499 3727 621 3766 mus
652 3711 788 3782 (Ἡ),
819 3728 1108 3782 perquam
1159 3712 1469 3769 maledictio
1501 3715 1716 3770 sublata
1767 3724 1849 3770 est
1910 3724 2075 3784 atque

498 3804 789 3868 exstincta,
828 3814 881 3858 et
910 3806 1036 3858 data
1068 3812 1153 3860 est
1175 3802 1498 3875 redemptio,
1522 3820 1574 3862 et
1609 3807 1935 3863 benedictio.

572 3895 928 3951 Admirabilis
960 3904 1044 3952 est
1073 3896 1256 3966 proles
1294 3907 1407 3960 tua,
1442 3911 1479 3952 ,o
1514 3896 1764 3969 Deipara,
1798 3914 1918 3969 qua:
1952 3896 2081 3954 facit

499 3987 769 4041 mirabilia
802 4001 1018 4057 magna,
1063 3996 1116 4041 et
1156 3987 1210 4041 in
1244 3989 1451 4044 sanctis
1481 3990 1835 4059 gloriﬁcatur,
1870 4006 1903 4045 ο
1961 3989 2078 4046 sola

498 4079 647 4135 Omni
678 4094 743 4135 ex
768 4088 921 4150 parte
950 4080 1286 4136 admirabilis
1322 4082 1578 4138 Domina.

568 4169 722 4227 Nova
754 4186 817 4226 ac
852 4176 1136 4242 peregrina
1167 4183 1249 4228 est
1278 4176 1566 4243 conceptio
1602 4186 1716 4241 tua,
1740 4191 1781 4231 ο
1813 4176 2081 4231 immacu-

500 4261 801 4331 latissima;
837 4263 1005 4319 Deum
1036 4265 1180 4319 enim
1228 4264 1482 4337 genuisti,
1517 4266 1609 4335 qui
1645 4266 1794 4336 ligno
1821 4266 2083 4323 exstinxit

502 4351 783 4407 ﬂammam
818 4356 1059 4419 malitiae,
1090 4365 1143 4410 et
1182 4356 1444 4411 mundum
1472 4357 1591 4413 luce
1621 4356 1879 4427 perfudit.

572 4445 809 4501 Astahas
871 4448 1040 4514 cruci,
1074 4463 1108 4502 o
1197 4448 1425 4505 Domina
1482 4450 1682 4519 puella,
1725 4450 2083 4519 considerans

504 4534 785 4591 Christum
818 4553 979 4606 quem
1014 4554 1327 4609 pepereras,
1357 4540 1409 4595 iu
1444 4516 1534 4595 ilia
1589 4516 1862 4596 contixuin
1894 4560 1906 4596 :
1943 4557 2083 4613 qua-

2182 2324 2283 2383 Ἐκ
2306 2324 2415 2380 τοῦ
2441 2322 2700 2391 κανόνος
2728 2320 2838 2392 τῆς
2869 2320 3155 2393 τετάρτης
3176 2322 3274 2388 εις
3336 2320 3447 2375 τὸν
3474 2319 3713 2390 Ὄρθρον.

2244 2434 2374 2489 Ὅτε
2395 2433 2488 2488 τὸν
2521 2434 2586 2488 ικ
2618 2432 2857 2504 γαστρός
2923 2448 3018 2487 σου
3067 2430 3327 2502 τεχθέντα
3372 2429 3570 2502 Κύριον
3603 2445 3716 2485 καρτ-

2174 2525 2404 2597 ενόησας
2423 2524 2566 2595 ξύλῳ
2590 2522 3206 2594 ἀδίκωςλάλιυψούμενον,
3234 2522 3501 2593 Raphiae,
3520 2521 3719 2590 ἐδάκρυ-

2174 2632 2296 2680 σας,
2323 2615 2416 2669 καὶ
2442 2614 2634 2669 τούτου
2675 2611 2925 2685 ὕμνησας
2955 2610 3122 2677 ὅντως
3154 2610 3252 2683 τῂν
3284 2610 3513 2682 ἀπειρόν
3540 2626 3718 2679 συγκα-

2172 2708 2422 2765 τάσασιν.

2254 2800 2549 2873 Ἱῖμνοῦσιυ
2569 2799 2854 2870 ἀξγγιλικοὶ
2870 2797 3031 2871 χοροί
3067 2815 3150 2865 σε,
3174 2797 3503 2869 πανύμκητε
3523 2837 3538 2861 ,
3570 2796 3720 2864 ἀσυγ-

2172 2894 2376 2966 κρίτως
2406 2894 2629 2958 τούτους
2658 2892 2756 2963 τὴν
2788 2892 3185 2963 ὑπερέχουσαν*
3219 2890 3447 2954 vitam
3473 2888 3578 2960 γάρ
3609 2887 3723 2942 Θεὸν

2162 2988 2233 3042 ἐν
2280 2986 2484 3057 σαρκὶ,
2532 2984 2624 3039 τὸν
2659 2984 2805 3056 ξύλῳ
2850 2983 2950 3054 τὴν
2991 2982 3234 3053 κατάραν
3285 2983 3390 3054 τὴν
3434 2981 3531 3037 ςδιὰ
3585 2980 3721 3046 εἶλον

2172 3078 2514 3150 ἀφανίσαντα
2532 3076 2675 3145 ,καὶ
2703 3076 2801 3149 τὴν
2824 3076 3085 3146 εὐλογίαν
3116 3074 3469 3145 «axioma.

2259 3259 2551 3333 Ῥομφαία,
2578 3258 2885 3329 Θεομῆτορ,
2907 3254 3092 3327 διῆλθε
3121 3272 3240 3319 σου,
3260 3253 3623 3327 εὐλογημένη.
3644 3249 3728 3317 τὴν

2177 3352 2379 3425 ψυχὴν,
2412 3350 2576 3424 ἡνίκα
2606 3347 2744 3414 εῐδες
2772 3347 3179 3420 σταυρούμενον
3209 3346 3300 3400 τὸν
3330 3348 3428 3400 σὺν
3466 3346 3625 3412 nov,
3649 3343 3728 3397 καὶ

2177 3448 2257 3510 εἰς
2284 3446 2470 3517 χεῖρας
2497 3442 2676 3515 ψυχὴν
2702 3442 2801 3507 τὰς
2833 3440 3110 3513 πατρικὰς
3130 3440 3539 3511 παραθέμενον.

2249 3620 2316 3673 Σὲ
2350 3620 2449 3690 τὴν
2483 3618 2892 3689 παναμώμητον
2935 3616 3072 3671 Θεοῦ
3115 3618 3488 3688 Δοχεύτριαν,
3512 3618 3577 3672 δι’
3614 3610 3727 3689 ἦςὴ

2180 3712 2395 3783 καταρά
2426 3710 2828 3783 ἀπεστειρὼθη,
2860 3711 2955 3767 καὶ
2985 3711 3019 3779 ἡ
3044 3709 3442 3781 ,ἀπολύτρωσις
3468 3711 3565 3767 καὶ
3594 3711 3624 3781 ᾐ
3652 3709 3731 3762 εύ-

2178 3806 2334 3876 λογία
2364 3804 2543 3875 ἐδόθη,
2576 3804 2977 3874 μακαρίζομεν.

2250 3897 2573 3968 Θαυμαστὸς
2602 3898 2630 3949 ὁ
2656 3896 2814 3958 τόκος
2844 3912 2963 3961 σου,
2981 3898 3008 3949 ὁ
3026 3895 3248 3967 μεγάλα
3274 3895 3534 3967 Θαύματα
3557 3897 3729 3959 ποιῶν,

2181 3991 2273 4045 καὶ
2306 3991 2365 4042 ὲν
2393 3991 2503 4051 τοῖς
2532 3988 2704 4056 ἀγίοις
2732 3985 3087 4057 δοξαζόμενος
3107 4028 3123 4054 ,
3154 3987 3385 4042 Θεοτόκε
3406 4028 3421 4055 ,
3455 3988 3586 4059 μόνη
3612 4004 3732 4042 παν-

2181 4082 2463 4152 οαύμαστε
2487 4082 2774 4138 Δέσποινα.

2249 4176 2389 4246 Ξένη
2430 4191 2527 4227 σου
2572 4176 2605 4245 ἡ
2639 4174 2891 4245 γέννησις
2934 4174 3208 4247 ὑπάρχει,
3237 4175 3575 4246 παναμωμε·
3617 4172 3753 4227 Θεον-

2182 4267 2291 4338 γὰρ
2339 4265 2580 4335 ἐκύησας
2625 4266 2716 4319 τὸν
2751 4266 2892 4337 ξύλῳ
2910 4270 3244 4338 ,μαράναρντα
3284 4267 3396 4339 ’τὴν
3436 4267 3609 4336 φλόγα
3649 4268 3731 4336 τῆς

2182 4358 2402 4423 κακίας,
2437 4359 2531 4412 καὶ
2554 4358 2861 4427 φωτίσαντα
2882 4358 2972 4413 τὸν
3000 4361 3226 4430 κόσμον.

2257 4451 2475 4505 Ἵστασο
2502 4450 2740 4521 σταυρῷ,
2766 4451 3133 4516 κατανοοῦσα,
3154 4453 3319 4524 ιΚόρη
3340 4492 3357 4521 ,
3389 4452 3729 4522 πηγνύμενον,

2183 4545 2474 4612 Δέσποινα,
2496 4545 2737 4613 Χριστὸν
2758 4544 3047 4609 διο-ἔτεκες·
3062 4545 3197 4599 ὅθεν
3212 4544 3517 4615 ..ὲὸόαςοΜὴ
3532 4540 3731 4599 ἄτεχνόν

506 4638 729 4698 propter
760 4630 1146 4698 exclamabas;
1175 4629 1254 4687 Ne
1285 4648 1370 4688 me
1408 4631 1563 4703 prole
1593 4642 1870 4687 carentem
1912 4632 2070 4690 relin-

2187 4655 2253 4709 με
2281 4637 2479 4709 δείξῃς,
2507 4638 2709 4708 ἀναρχε
2732 4638 2968 4708 ἀνάρχω
2999 4637 3211 4708 Πατρός
3240 4637 3338 4690 Υἱὲ
3368 4638 3463 4691 καὶ
3474 4636 3642 4705 Λὰγε.

505 4736 663 4790 quas,
693 4735 726 4774 o
755 4732 954 4777 a:terne
978 4725 1164 4778 azterni
1200 4724 1373 4781 Patris
1406 4726 1507 4781 Fili
1539 4735 1591 4780 et
1623 4723 1881 4780 Verbum.

578 4813 948 4867 Plantatorcm
987 4814 1266 4886 religionis
1294 4832 1358 4871 ac
1383 4817 1620 4887 pictatis,
1650 4818 1828 4888 ipsum
1870 4818 2078 4874 scilich

2186 4874 2187 4877 η
2247 4820 2556 4889 Φυτουργὺν
2604 4820 2846 4888 ὲκύηωας
2896 4819 3211 4884 εὐσεϐείας,
3258 4819 3349 4873 τὸν
3412 4818 3733 4890 Δημιουργόν

505 4904 846 4970 Creatorem,
879 4907 1157 4977 peperisti,
1189 4909 1280 4979 qui
1318 4909 1371 4963 in
1400 4910 1557 4966 terris
1585 4926 1765 4965 veram
1791 4911 2075 4967 scientiam

2183 4912 2481 4981 φυτεύοντα
2509 4912 2603 4966 ἐπὶ
2626 4912 2729 4983 γῆς
2769 4912 2971 4982 γνῶσιν
3003 4898 3179 4981 ἀληῧῆ
3208 4913 3302 4966 καὶ
3329 4912 3429 4983 τὴν
3458 4910 3734 4980 exstum-

510 4999 797 5067 plantavit,
828 5011 882 5054 et
922 5003 1356 5059 maledictionem
1380 5044 1396 5069 ,
1428 5020 1548 5074 qua:
1575 5021 1641 5059 ex
1679 5006 2075 5075 plantapulln-

2187 5021 2355 5056 oasav
2385 5002 2493 5059 ἀπὸ
2521 5002 2687 5071 φυτοῦ
2718 5002 2907 5055 λύοντα
2922 5001 3091 5073 ἀρὰν,
3125 5002 3182 5056 ὃν
3218 5001 3630 5072 μεγαλύνοντες,
3665 5000 3732 5064 σε,

510 5092 739 5157 laverat,
790 5093 1086 5150 dissolvit:
1142 5111 1303 5165 quem
1354 5097 1519 5166 27s
1577 5097 1707 5151 dum
1765 5097 2078 5167 magnilica-

2188 5096 2450 5167 ιιαροένε,
2486 5095 2883 5166 μακαρίζομεν.

507 5202 655 5252 mus,
683 5195 990 5256 tequuque,
1028 5203 1061 5242 o
1090 5186 1276 5258 Virgo,
1309 5188 1517 5244 beatam
1551 5188 1904 5259 appellamus.

580 5308 692 5377 (‘27)
729 5306 793 5360 Et
823 5308 1041 5377 quidem
1084 5310 1283 5364 decens
1328 5310 1552 5364 omnino
1583 5312 1703 5374 fuit,
1733 5323 1790 5367 ut
1832 5313 2081 5368 Christus

510 5378 807 5432 fabricator
855 5377 1039 5432 Matris
1075 5396 1351 5447 suae,e:im
1396 5382 1596 5436 faceret
1640 5384 2082 5438 itmnaculatissi-

513 5457 677 5509 (nam,
707 5459 758 5501 et
780 5449 871 5500 tali
907 5450 1187 5503 decoraret
1218 5462 1450 5519 puritate
1482 5464 1539 5505 ut
1585 5462 1729 5509 esset
1768 5464 1889 5521 apta
1923 5462 1975 5507 et
2000 5453 2085 5507 di-

513 5522 728 5592 gnane
753 5534 856 5587 qua
886 5534 1103 5592 carnem
1143 5532 1463 5592 assumeret,
1496 5536 1563 5577 ne
1616 5524 1986 5592 dcspiceretur
2016 5523 2086 5577 ab

513 5590 818 5666 tulidclibus
852 5598 904 5641 et
932 5589 1223 5666 btereticis.
1248 5591 1315 5666 Et
1354 5594 1451 5646 hoc
1475 5592 1666 5666 probat
1690 5589 1983 5663 Augustin.
2022 5594 2082 5666 in

514 5660 634 5731 Iib_r_.
674 5673 701 5709 ν
733 5670 921 5711 contra
951 5664 1206 5722 bzerescs.
1244 5663 1442 5731 dicens
1476 5660 1529 5716 in
1577 5660 1802 5731 persona
1832 5664 2034 5719 Christi
2069 5680 2083 5717 :

519 5746 536 5775 ι
580 5726 892 5799 Haecquam
950 5731 1205 5799 despicis.
1240 5730 1555 5795 Manichaee,
1577 5726 1763 5788 'Matcr
1812 5750 1931 5789 mea
1973 5745 2075 5796 est,

516 5810 678 5848 manu
714 5797 969 5873 fabricata
1000 5797 1084 5873 est
1116 5816 1256 5855 mea.
1288 5801 1429 5871 Ergo
1468 5803 1688 5857 Matrem
1720 5819 1785 5857 ex
1817 5820 1923 5873 qua
1982 5820 2081 5856 na-

515 5882 719 5935 scerer,
740 5866 841 5922 fcci
873 5885 1008 5939 :t'gu
1043 5872 1181 5924 viam
1218 5866 1393 5928 itineri
1422 5888 1544 5930 meo
1574 5866 1891 5945 prmparavi,
1929 5891 1947 5924 ι
1978 5882 2085 5931 etc.

2179 5315 2237 5369 lu
2268 5312 2467 5382 quibus
2519 5312 2701 5367 verbis
2755 5311 2991 5366 ostendit
3032 5313 3392 5381 Augustinus.
3424 5311 3566 5382 quod
3603 5316 3737 5382 post-

2180 5381 2343 5454 quam
2383 5384 2634 5437 Chrisms
2694 5392 2951 5454 tanquam
3009 5382 3173 5454 Deus,
3204 5393 3259 5437 et
3301 5381 3522 5451 sapiens
3579 5381 3738 5454 archi-

2182 5451 2353 5508 tectus
2401 5454 2466 5506 ad
2518 5454 2731 5506 libitum
2780 5453 3065 5508 fabricavit
3090 5453 3315 5507 Matrem
3345 5468 3530 5520 suam,
3578 5451 3737 5506 taliter

2181 5540 2300 5579 eam
2332 5521 2621 5577 fabricavit
2660 5528 2777 5577 sine
2827 5523 3009 5594 aliquo
3062 5525 3294 5587 det'ecnu,
3328 5539 3396 5576 ne
3450 5526 3520 5594 ab
3575 5522 3738 5588 aliquo

2183 5595 2571 5663 despiceretur,
2607 5604 2660 5648 et
2692 5608 2814 5645 cmn
2848 5592 2996 5648 tanto
3048 5596 3264 5660 decore,
3292 5601 3342 5646 et
3402 5592 3735 5662 perfectione,

2184 5677 2243 5718 ut
2279 5662 2423 5719 esset
2450 5676 2597 5733 apta,
2622 5674 2675 5717 et
2704 5662 2887 5732 digna,
2922 5672 2981 5718 ut
3014 5680 3076 5719 ex
3101 5680 3160 5718 ea
3190 5679 3405 5719 carnem
3433 5669 3736 5719 assumeret,

2185 5743 2237 5787 ct
2304 5735 2383 5799 ,ab
2451 5736 2704 5789 omnibus
2774 5747 3143 5799 veneraretur,
3203 5748 3262 5788 ut
3338 5734 3390 5786 in
3484 5733 3737 5787 canticum

2185 5788 2512 5929 B.lYl;rginis
2566 5788 2892 5876 Magitilicat,
2930 5788 3189 5861 observat
3232 5804 3471 5860 Jacobus
3510 5802 3735 5860 chrism-

2188 5890 2295 5929 DOI
2361 5890 2484 5929 nus.

2187 5890 2484 5945 pontauus.
