4038 6652
344 455 477 518 1321

416 682 590 734 Πάλαι
616 683 722 735 τῶν
750 684 1045 753 προφητῶν
1070 700 1128 737 σε
1147 685 1305 755 χορὸς
1330 684 1588 738 ἐκάλεσεν
1609 683 1734 755 ὅρος
1759 684 1923 748 θεῖοι,

344 776 586 845 ΙΙαρθένε
612 817 626 837 ,
654 778 744 829 καὶ
774 777 951 846 πύλην
982 777 1308 843 ἀδιόδευτον,
1344 777 1488 843 ὅθεν,
1522 776 1883 847 δυσωποῦμεν
1910 817 1925 842 ,

342 868 639 936 μετανοίας
674 871 868 936 πύλας,
904 870 1355 942 Παρθενομῆτορ,
1383 872 1517 941 ἡμῖν
1547 869 1859 937 ύπάνοιξον.

408 1051 695 1124 Παρέστης
721 1056 785 1108 ἐκ
810 1054 1001 1120 δεξιῶν
1024 1055 1262 1127 Χριστοῦ
1289 1096 1304 1121 ,
1332 1055 1406 1120 ὡς
1440 1056 1730 1126 βασίλισσα
1761 1073 1927 1129 κροσ-

342 1149 533 1210 σωτοῖς
568 1149 842 1218 χρυσέοις,
871 1149 1265 1221 θεοχαρίτωτε,
1312 1149 1756 1221 περιϐεϐλημένη
1795 1152 1927 1223 ἀλη-

341 1237 472 1301 θῶς,
510 1239 644 1313 ἡμῖν
671 1240 771 1311 τὴν
802 1240 1085 1311 βασιλείαν
1131 1243 1240 1297 τῶν
1280 1243 1527 1314 οὐρανῶν
1555 1245 1621 1313 τῇ
1674 1244 1927 1317 μεσιτείᾳ

341 1347 461 1395 σου,
487 1332 664 1401 Κόρη,
692 1332 1034 1404 προξενοῦσα
1060 1335 1385 1407 πρεσϐείαις
1417 1353 1535 1390 σου.

420 1424 578 1493 Ἀγία
610 1425 862 1495 Θεοτόκε,
895 1428 1081 1501 βοήθει
1128 1447 1220 1498 μοι
1253 1432 1376 1493 ταῖς
1413 1431 1628 1501 ἡδοναῖς
1661 1431 1926 1503 διηνεκῶς

340 1515 685 1592 βυθιζομένῳ
717 1520 811 1575 τοῦ
862 1520 1153 1593 σώματος,
1207 1524 1302 1576 καὶ
1343 1522 1621 1595 ῥᾳθυμίας
1660 1526 1719 1578 ὲν
1763 1523 1922 1596 κλίνῃ

338 1610 427 1662 ἀεὶ
458 1614 845 1685 κατακειμένῳ
877 1616 972 1671 καὶ
1004 1617 1265 1674 στένοντι.

422 1704 480 1757 '0
511 1705 871 1778 ἀπερινόητος
896 1749 910 1774 ,
940 1708 1305 1780 θεοχαρίτωτε
1332 1751 1346 1777 ,
1377 1709 1608 1783 περιοχὴ
1669 1729 1923 1785 σωματο-

337 1797 503 1869 φόρος
536 1801 850 1872 γενόμενος,
880 1802 992 1875 ἔχει
1013 1822 1101 1875 με,
1136 1804 1361 1877 βροτοὺς
1378 1805 1738 1862 ἀπαλλάττων
1767 1820 1923 1877 περι-

335 1889 570 1963 εχούσης
598 1891 852 1965 θλίψεως.

409 2083 691 2156 Κυοφόρος
716 2084 999 2159 ἄνανδρος,
1029 2082 1333 2159 Θεομῆτορ,
1361 2086 1607 2159 πέφηνας
1635 2089 1805 2162 ἁγνή·
1829 2089 1918 2145 διὰ

331 2173 493 2228 τοῦτο
519 2177 700 2229 πίστει
728 2177 954 2236 ἱκετεύω
968 2196 1050 2246 σε,
1072 2164 1174 2249 τῆς
1197 2180 1374 2251 ψυχῆς
1395 2198 1499 2253 μου
1523 2180 1620 2254 τὴν
1646 2182 1917 2255 ρᾳθυμίαν

336 2265 633 2321 ἁπέλασον.

416 2358 513 2413 Ἐκ
545 2359 641 2413 σοῦ
676 2361 807 2433 ἡμῖν
861 2362 1104 2434 ἔλαμψεν
1152 2365 1453 2437 ἀνέσπερος
1497 2367 1669 2438 ἥλιος,
1716 2367 1915 2438 νεφέλη

330 2448 594 2520 ὁλόφωτε,
639 2453 875 2525 Χριστὸς
918 2455 948 2507 ὁ
987 2455 1118 2521 Θεὸς
1157 2457 1335 2529 ἡμῶν,
1387 2460 1639 2528 φωτίζων
1682 2462 1809 2526 τοὺς
1857 2463 1915 2516 ὲν

242 2585 248 2590 .
333 2543 518 2600 σκότει
544 2546 849 2614 ἀγνωσίας,
878 2546 1133 2603 Θεοτὸκε.

401 2727 589 2799 Σάρκα
616 2727 682 2782 δι’
720 2729 869 2799 ἡμᾶς
899 2730 965 2782 ἐκ
1013 2729 1108 2784 σοῦ
1148 2731 1282 2795 Θεὸς
1324 2732 1584 2802 φορέσας,
1631 2735 1803 2805 ἁγνήν
1854 2752 1915 2788 σε

332 2820 676 2889 πανάμωμον
698 2818 899 2884 παντὸς
918 2820 1013 2873 τοῦ
1041 2821 1232 2890 γένους
1256 2823 1413 2894 ἡμῶν
1446 2823 1616 2888 θείαν,
1645 2825 1913 2896 Παρθένε,

328 2908 565 2964 δεικνύει
596 2911 953 2984 προστασίαν·
973 2913 1195 2987 ὅθεν,σὲ
1221 2915 1501 2986 ὑμνοῦμεν
1525 2918 1709 2971 πιστοὶ
1743 2935 1916 2989 μεγαο

329 2999 609 3070 λοφὼνως.
1893 3080 1897 3084 .

396 3095 628 3167 Φαεινὴν
673 3095 896 3167 λυχνίαν
925 3113 985 3149 σε
1024 3098 1052 3150 ὁ
1094 3098 1383 3169 προφήτης
1429 3097 1695 3171 ἔϐλεψεν,
1751 3103 1911 3176 ἁγνὴ,

328 3184 636 3254 λαμπάδιον
673 3188 864 3258 νοητὸν
909 3187 1182 3260 φέρουσαν
1215 3188 1452 3260 Χριστὸν
1475 3231 1489 3256 ,
1523 3189 1591 3243 δι’
1625 3188 1687 3245 οὗ
1719 3194 1916 3263 ἐφωτί-

1717 455 2086 522 MARIALE.

353 575 453 625 ‘Ex
486 573 591 627 τοῦ
625 574 893 640 Κανόνος
921 572 1030 641 τῆς
1059 573 1357 643 πέμπτης,
1390 574 1478 639 εὶς
1507 573 1612 629 τὸν
1646 574 1919 642 Ὄρθρον.
1954 576 2000 633 Α

3478 469 3614 531 1322

2279 568 2363 625 Ea:
2390 570 2603 626 Canone
2624 571 2773 641 [erile
2801 588 2853 637 v,
2889 572 2958 626 ad
2991 570 3340 634 Matutinum.

2097 680 2239 736 Olim
2271 683 2660 754 prophetarum
2716 684 2923 742 chorus
2977 689 3192 745 vocavit
3243 700 3316 757 te,
3357 708 3391 748 ο
3421 688 3611 767 Virgo,

2028 784 2268 830 montem
2303 775 2571 843 divinum,
2611 787 2665 832 et
2696 788 2908 848 portam
2936 779 3438 854 impenetrabilem;
3467 790 3615 845 unde

2029 876 2084 923 te
2116 869 2394 939 supplices
2415 885 2697 941 rogamus,
2718 888 2751 928 o
2782 871 2942 946 Virgo
2972 873 3162 945 Mater,
3191 886 3250 933 ut
3280 880 3614 949 poenitentiae

2029 972 2217 1033 portas
2242 965 2460 1035 aperias
2493 966 2674 1022 nobis.

2099 1056 2335 1112 Astitisti
2387 1072 2417 1112 a
2473 1058 2680 1115 dextris
2729 1059 2931 1117 Christi
2998 1070 3256 1134 tanquam
3321 1065 3613 1138 Regina,o

2030 1147 2209 1203 divina
2235 1151 2407 1221 gratia
2429 1152 2859 1208 cumulatissime
2886 1154 3091 1224 Puella,
3111 1171 3238 1213 vere
3269 1159 3609 1216 circumdata

2029 1237 2259 1295 limbriis
2289 1242 2511 1309 aureis;
2548 1244 2874 1300 mediatione
2897 1254 2987 1300 tua
3043 1256 3097 1302 et
3124 1247 3613 1307 intercessionibus
3682 1219 3695 1259 δ’

2029 1326 2138 1382 tuis
2160 1328 2425 1385 cmlorum
2466 1347 2692 1401 regnum
2715 1334 2873 1391 nobis
2903 1337 3217 1407 acquirens.

2098 1416 2144 1473 Ο
2175 1417 2407 1491 Deipara
2469 1435 2682 1490 sancta,
2720 1425 2916 1495 adjuva
2981 1443 3069 1485 me
3109 1433 3390 1501 corporeis
3460 1433 3615 1489 volu-

2026 1513 2268 1582 ptatibus
2299 1517 2518 1573 assidue
2566 1519 2905 1586 immersam,
2936 1529 3101 1593 atque
3134 1523 3187 1578 in
3214 1526 3481 1582 socordia:
3530 1528 3611 1583 le-

2026 1606 2173 1661 ctulo
2204 1622 2420 1680 semper
2440 1610 2715 1680 jacentem
2772 1612 2935 1685 atque
2968 1615 3359 1686 suspirantem.

2094 1700 2210 1765 Illc,
2243 1703 2335 1772 qui
2386 1704 2532 1759 nulla
2585 1714 2762 1775 potest
2811 1707 3147 1780 cogitatione
3201 1713 3607 1781 comprehendi.

2025 1791 2166 1848 intra
2201 1796 2449 1865 corporis
2493 1798 2755 1853 ambitum
2795 1802 3004 1872 accepti
3038 1818 3066 1857 a
3099 1814 3172 1869 te,
3204 1817 3238 1858 ο
3268 1803 3452 1859 divina
3488 1821 3612 1875 gra-

2026 1887 2095 1941 tia
2149 1890 2495 1959 plenissima,
2521 1907 2643 1947 sese
2685 1893 2973 1960 conclusit,
3010 1905 3069 1949 ut
3109 1895 3365 1951 homines
3410 1898 3480 1952 ab
3511 1913 3611 1952 an-

2021 1982 2240 2053 gustiis,
2270 1984 2469 2053 quibus
2495 1984 3114 2055 cmnprchendebantur,
3149 1988 3425 2044 liberaret.

2092 2074 2137 2129 Ο
2171 2075 2265 2130 Dei
2315 2076 2504 2140 Mater,
2537 2093 2661 2133 cum
2714 2079 2833 2134 sine
2869 2080 2969 2133 viri
3005 2096 3172 2151 opera
3230 2083 3604 2153 concepisscs.

2021 2160 2188 2239 Virgo
2222 2178 2373 2224 easta
2418 2171 2718 2240 apparuisti
2748 2188 2762 2225 :
2789 2170 2911 2226 ideo
2956 2182 3006 2227 te
3053 2187 3179 2227 cum
3223 2171 3330 2229 ﬁde
3359 2189 3511 2243 rogo,
3551 2184 3610 2229 ut

2018 2260 2216 2316 animae
2242 2277 2374 2317 meae
2391 2263 2677 2333 segnitiem
2718 2263 2978 2335 depellas.

2090 2352 2269 2416 Exte,
2313 2368 2348 2408 ο
2415 2353 2666 2424 Deipara,
2701 2356 2860 2412 nobis
2916 2356 3093 2410 illuxit
3118 2357 3220 2423 sol,
3254 2358 3348 2429 qui
3395 2358 3609 2430 ignorat

2018 2461 2299 2512 occasum,
2328 2462 2361 2502 o
2391 2447 2563 2504 nubes
2594 2450 2958 2522 undequaque
2992 2452 3194 2521 lucida,
3216 2452 3470 2511 Christus
3498 2456 3605 2511 sci-

2018 2539 2144 2593 licet
2192 2539 2333 2593 Deus
2366 2551 2551 2596 noster
2600 2553 2661 2597 ut
2713 2558 2831 2610 eos,
2857 2545 2953 2615 qui
2985 2544 3309 2616 ignorantiae
3366 2549 3607 2604 tenebris

2019 2632 2434 2697 detinebantur,
2472 2634 2826 2691 illuminaret.

2089 2723 2225 2778 Cum
2270 2725 2409 2781 Deus
2453 2742 2519 2781 ex
2556 2737 2627 2792 te,
2667 2742 2700 2783 o
2765 2726 2943 2799 Virgo,
2974 2744 3139 2786 carne
3190 2730 3414 2788 indutus
3463 2747 3608 2789 esset

2019 2826 2241 2886 propter
2274 2833 2396 2881 nos.
2424 2819 2661 2875 universi
2692 2822 2906 2891 generis
2963 2825 3137 2878 nostri
3176 2832 3228 2879 te
3256 2826 3605 2894 purissimam

2019 2917 2182 2976 atque
2204 2911 2568 2966 castissimam
2593 2952 2608 2977 ,
2632 2913 2877 2968 divinum
2928 2917 3238 2982 praesidium
3282 2920 3566 2975 constituit
3592 2941 3604 2974 :

2018 3000 2377 3070 quamobrem
2414 3017 2515 3058 nos
2550 3004 2736 3059 ﬁdeles
2782 3016 2832 3059 te
2857 3022 3053 3079 magna
3086 3025 3218 3065 voce
3246 3011 3552 3070 laudamus.

2087 3090 2487 3149 Candelabrum
2518 3094 2787 3167 refulgens
2808 3100 2942 3154 vidit
2966 3110 3016 3156 te
3048 3104 3333 3173 propheta,
3359 3120 3391 3159 ο
3419 3103 3604 3177 Virgo,

2019 3183 2165 3253 quod
2226 3183 2525 3253 spiritalem
2564 3182 2864 3244 lucernam
2913 3191 3194 3248 Christum
3249 3194 3478 3261 ferebat,
3512 3212 3606 3266 per

329 3280 542 3354 σθημεν
559 3282 685 3352 οί,ὲν
707 3284 889 3338 σκότει
910 3285 1156 3356 κείμενοι
1177 3284 1388 3356 κακῶν,
1408 3304 1467 3339 σε
1493 3289 1909 3359 μακαρίζοντες,
1941 3311 1983 3371 c
2018 3292 2179 3347 quem
2202 3278 2369 3350 279
2387 3294 2509 3349 ηοε»
2527 3280 2618 3351 (1ni
2639 3282 2692 3336 Ῐη
2717 3284 2985 3340 malorum
3010 3288 3602 3357 ίεηθδτίεὶθοθυίηηιιε»

323 3373 559 3429 Θ-οτόκε
598 3373 973 3447 ’Δειπάρθενε.

340 3576 442 3631 Ἐκ
484 3577 589 3633 τοῦ
622 3579 893 3646 Κανόνος
930 3577 1494 3705 τῆςθπαρασκευῆς,
1534 3584 1620 3649 εἰς
1650 3583 1758 3638 τὸν
1781 3586 1915 3655 Ὄρ-

1073 3668 1200 3705 oar.

1066 3668 1200 3720 ιοον.

398 3737 536 3792 Νέον
596 3737 796 3811 βρέφος
846 3739 978 3810 ἡμῖν
1034 3739 1125 3793 τὸν
1180 3740 1411 3796 παλαιὸν
1471 3744 1718 3817 ἡμερῶν,
1772 3746 1911 3820 ἁγνὴ

322 3832 594 3905 Παρθένε,
627 3829 954 3902 ἀπεκύησας
996 3833 1407 3890 παλαιωθεῖσαν
1438 3837 1537 3908 τὴν
1586 3839 1749 3906 φύσιν
1776 3841 1910 3894 ἁνα-

321 3924 647 3978 καινίσαντα
684 3923 990 3995 ἀνθρώπων
1011 3965 1027 3994 ,
1077 3924 1393 3997 πανὰμωμε
1417 3966 1433 3993 ,
1461 3925 1540 3997 τῷ
1571 3927 1702 3999 θείῳ
1747 3929 1909 3984 πάθει

316 4014 515 4071 αὐτοῦ.

402 4112 559 4181 Ζωῆς
590 4106 722 4182 ἡμῖν
753 4109 1035 4182 πρόξενος,
1068 4110 1230 4181 ἁγνὴ,
1261 4108 1438 4166 θανὼν
1465 4112 1523 4165 ἐν
1550 4111 1690 4185 ξύλῳ
1720 4114 1909 4169 ἀναδέ-

2016 3369 2309 3427 illuminati
2366 3387 2578 3441 sumus,
2604 3384 2659 3431 et
2693 3385 2766 3444 te,
2799 3392 2832 3432 ο
2894 3393 3111 3451 semper
3158 3378 3325 3452 Virgo
3353 3380 3602 3453 Deipara,

2016 3464 2229 3521 beatam
2256 3480 2545 3522 vocamus.

2266 3574 2349 3629 Ea:
2381 3574 2597 3633 Canone
2620 3576 2766 3648 ferite
2793 3594 2870 3646 Vl,
2904 3581 2973 3635 ad
2998 3581 3336 3638 Matutinum.

2086 3737 2291 3795 Novum
2318 3738 2582 3796 infantem
2616 3741 2873 3813 peperisti
2927 3743 3112 3807 nobis,
3136 3745 3424 3815 antiquum
3483 3748 3603 3802 die-

2014 3844 2159 3894 rum,
2191 3829 2555 3884 ocastissima
2601 3839 2765 3899 atque
2815 3833 3109 3901 purissima
3145 3832 3333 3904 Virgo,
3370 3837 3460 3905 qui
3519 3838 3593 3891 di-

2013 3921 2140 3974 vina
2179 3919 2433 3990 passione
2478 3935 2599 3988 sua,
2634 3923 2991 3979 inveteratam
3027 3925 3312 3982 hominum
3346 3936 3601 3983 naturam

2013 4013 2326 4068 renovavit.

2086 4102 2223 4160 Vitae
2254 4105 2413 4162 nobis
2453 4114 2663 4174 auctor,
2691 4107 2935 4165 moriens
2991 4109 3044 4164 in
3087 4109 3259 4181 ligno,
3296 4110 3471 4168 lactus
3517 4124 3603 4168 est

315 4204 533 4259 δεικται
560 4205 588 4257 ὁ
630 4203 721 4267 σὸς
755 4203 884 4267 Υἱός
930 4220 989 4256 τε
1032 4204 1128 4257 καὶ
1164 4203 1389 4276 Κύριος,
1424 4206 1453 4259 ὁ
1491 4204 1732 4273 δοξάζων
1782 4208 1909 4271 τοὺς

2036 4198 2185 4255 "ilius
2215 4204 2269 4254 et
2302 4197 2567 4255 Dominus
2592 4209 2741 4267 tuus,
2770 4214 2804 4255 o
2832 4210 3006 4266 casta,
3042 4201 3136 4272 qui
3171 4202 3442 4273 gloriﬁcat
3482 4205 3601 4259 lan-

315 4295 632 4368 ὕμνοῦντάς
659 4312 744 4350 σε.

400 4389 491 4451 Ὠς
533 4388 789 4461 ἑώρακας
838 4388 896 4443 ἐν
944 4388 1023 4461 τῷ
1054 4388 1274 4460 σταυρῷ
1305 4389 1541 4461 Χριστὸν
1572 4391 1632 4445 ὃν
1676 4392 1865 4460 ἔτεκες
1889 4435 1904 4460 ,

314 4482 481 4553 ἁγνὴ.
515 4480 908 4553 ἀπεθαύμαζες
938 4482 1038 4553 τὴν
1062 4481 1268 4551 ἄφατον
1299 4482 1465 4537 αὐτοῦ
1494 4485 1903 4558 μακροθυμίαν·

310 4575 441 4630 ὅθεν
473 4577 570 4631 σὺν
595 4575 745 4647 αὐτῷ
780 4592 840 4629 σε
870 4574 1190 4646 δοξάζομεν.

2007 4294 2231 4349 datores
2254 4300 2408 4350 titus.

2080 4387 2218 4443 Cum
2249 4386 2545 4456 videres‘jn
2569 4402 2732 4443 cruce
2755 4386 3059 4457 Christum,
3088 4404 3251 4461 quem
3288 4405 3596 4461 pepereras,

2009 4495 2043 4536 ο
2080 4495 2242 4550 pura,
2272 4477 2598 4534 ineﬂ‘abilem
2654 4479 2797 4535 illius
2830 4482 3152 4557 patientiam
3183 4484 3549 4540 admiraberis
3590 4510 3628 4557 -,

2010 4588 2181 4646 quare
2212 4581 2409 4628 tecum
2433 4572 2527 4625 illo
2561 4572 2957 4642 glorilicamus‘.

401 4669 610 4728 Ἰὂοῦσα
642 4669 733 4724 ἐπὶ
780 4669 922 4743 ξύλῳ
953 4671 1284 4725 ύπνώσαντα
1311 4670 1403 4724 τὸν
1436 4672 1736 4745 Δεσπότην,
1773 4672 1906 4747 θρη-

2084 4665 2221 4720 Cum
2253 4662 2486 4718 vidisses
2514 4662 2808 4717 Dominum
2842 4678 3007 4734 super
3035 4664 3215 4721 crucis
3246 4664 3454 4737 lignum
3504 4664 3597 4719 ob-

309 4762 481 4819 νοῦσα
508 4762 797 4834 ἡλάλαζες,
824 4761 1256 4835 Παρθενομῆτορ
1286 4763 1618 4835 πανάμωμε.

393 4953 674 5023 Ῥομφαία
696 4950 794 5024 τὴν
818 4950 1049 5022 καρδίαν
1075 4968 1169 5004 σου
1196 4950 1432 5023 διῆλθεν,
1457 4952 1619 5021 ἡνίκα
1644 4955 1903 5025 σταυρούο

2014 4758 2320 4823 dormisse;
2355 4756 2408 4810 in
2462 4756 2698 4812 lamenta
2747 4766 2802 4812 et
2860 4755 3019 4812 ﬂetus
3072 4759 3384 4830 erupisti,o
3433 4755 3590 4828 νῆις(

2014 4862 2193 4908 mater
2220 4850 2542 4923 purissima.

2083 4946 2315 5001 Gladius
2341 4945 2695 5014 pertransivit
2743 4958 2839 5000 cor
2877 4952 3053 5006 tuum,
3087 4958 3120 4996 ο
3150 4941 3315 5013 Virgo
3346 4945 3416 4999 ab
3447 4948 3595 4999 omni

310 5065 479 5119 μενον
527 5046 620 5100 τὸν
668 5045 909 5116 Κτίστην
948 5042 1235 5107 τεθέασαι,
1286 5043 1530 5114 Παρθένε
1564 5046 1897 5118 πανάμωμε,

2036 5054 2235 5095 ινοιευε
2268 5038 2388 5090 labe
2442 5037 2706 5092 immunis
2731 5036 2875 5109 (28),
2907 5051 3033 5090 cum
3071 5033 3387 5091 Creatorem
3445 5039 3594 5092 cruci

307 5143 409 5196 καὶ
436 5142 607 5213 λόγχῃ
636 5138 787 5194 θείαν
821 5136 1066 5210 πλευρὰν
1094 5136 1541 5209 ὲξορυττόμενον.

382 5381 697 5459 (πλὴνςι
743 5380 904 5459 Joan‘.
953 5378 1245 5459 geometra
1276 5376 1556 5459 ίιγιιιιιοίόΔ
1576 5376 1643 5433 de
1673 5376 1736 5433 Β.
1774 5377 1896 5434 Vir-

302 5449 454 5529 gine,
476 5449 621 5510 'dum
654 5454 827 5523 ipsam
860 5452 920 5507 Β.
953 5450 1229 5520 Virginem
1258 5451 1338 5505 sic
1360 5449 1566 5504 salutat
1599 5466 1613 5504 :

593 5547 721 5615 Ave,
756 5545 995 5617 prim-(nvi
1047 5544 1215 5599 libera
1244 5542 1361 5597 labe
1405 5542 1609 5597 Patris.

300 5645 471 5703 Favet
521 5641 688 5701 etiam
754 5641 1004 5710 hymnus
1047 5636 1329 5705 cujusdam
1402 5634 1899 5710 Missjlis‘antiqni

300 5718 449 5786 apud
502 5706 824 5783 Bolingkem
860 5710 916 5764 in
969 5709 1243 5763 Parnasso
1290 5706 1559 5774 Mariano,
1581 5706 1672 5761 ubi
1712 5708 1791 5762 sic
1824 5709 1899 5763 le-

300 5792 474 5859 gitur.

669 5879 793 5943 Are,
820 5875 1022 5945 Regina
1062 5874 1333 5928 calorum.

663 5950 820 6004 Omni
842 5949 1001 6002 laude
1042 5948 1387 6015 dignissima;

614 6047 879 6109 PATROL.
936 6042 1052 6103 Gn.
1098 6039 1220 6100 CV.

2008 5128 2254 5195 allixum,
2294 5136 2349 5182 et
2394 5125 2644 5186 divinum
2696 5126 2820 5197 ejus
2869 5125 3015 5181 latus
3063 5124 3251 5182 lancea
3291 5124 3596 5196 perfossum

2006 5222 2213 5279 vidisti.

2443 5363 2576 5436 Qua’
2619 5374 2868 5436 concepta
2894 5381 2946 5419 es
2992 5365 3240 5420 uitiorum

2441 5430 2568 5491 Sine
2599 5437 2715 5491 labe
2750 5430 3064 5507 p'urissima.

2460 5528 2637 5589 Salve.
2672 5527 2826 5599 Virgo
2856 5530 3171 5598 singularis,

2453 5601 2581 5656 Vere
2616 5618 2771 5655 sacra
2812 5602 3131 5670 margarita.

2436 5675 2614 5736 Salve,
2658 5676 2785 5742 quia
2818 5673 2979 5725 stella
3019 5672 3205 5738 maris,

2445 5746 2513 5799 Et
2544 5748 2657 5801 sine
2680 5745 2796 5799 labe
2813 5754 3084 5813 concepta.

2024 5868 2136 5924 Sed
2170 5878 2223 5923 et
2248 5866 2308 5922 S.
2338 5863 2636 5935 Gregorius
2671 5875 2835 5933 papa,
2869 5866 2939 5935 qut
2982 5856 3169 5935 _relert
3200 5856 3506 5935 {0.yitalis
3542 5859 3597 5913 in

2029 5941 2338 6012 Defensario
2392 5930 2475 5993 ΒῘ
2532 5930 2766 6007 Virginis
2826 5931 2923 5989 lib.
2970 5932 3005 5990 4
3044 5944 3164 6002 cap.
3207 5930 3261 5996 2,
3305 5930 3595 6002 Deiparam

3140 6023 3217 6084 1s?
