4038 6598
428 424 429 427 γ
479 460 614 523 i323

1610 452 1667 510 S.
1708 449 2017 510 JOSEPIII
2069 449 2626 511 IIYMNOGRAPIII

3609 462 3742 525 13.21

544 576 671 631 Post
723 579 937 642 partum
974 568 1148 640 virgo.
1181 567 1359 638 qualis
1402 576 1527 622 ante
1582 577 1795 636 partum
1852 563 2053 628 fueras,

2226 566 2378 619 Μετά
2412 566 2574 620 τόκον
2596 607 2611 634 ,
2644 566 2802 639 ἁγνὴ,
2834 567 2914 632 ὡς
2942 570 3046 639 πρὸ
3077 569 3239 623 τόκου
3266 571 3579 643 διαμένεις·
3611 575 3745 638 Θεὶις

474 662 855 734 perseverasti.
886 660 1027 716 Deus
1051 660 1199 715 enim
1222 666 1341 715 erat
1364 657 1457 728 qui
1486 656 1839 719 nascebatur,
1869 662 1927 708 ut
1958 653 2055 707 ιιοο

475 755 651 809 mines
681 754 825 809 Deos
852 751 1074 807 faceret.

545 845 766 901 Gabriel
800 843 1108 900 divinarum
1140 842 1455 911 nuptiarum
1487 841 1811 896 conciliator
1844 859 1907 899 ac
1929 861 2057 915 pro-

476 936 656 991 nubus
684 936 748 990 ad
810 944 863 989 te
917 936 1144 1000 missus,
1172 932 1410 1004 oVirgo,
1452 936 1779 988 exclamavit
1826 937 2055 993 dicens:

477 1028 608 1091 Ave,
645 1024 1041 1080 lucidissimum
1096 1023 1357 1093 palatium
1414 1023 1615 1079 Christi
1670 1026 1918 1081 omnium
1975 1043 2062 1082 re-

477 1117 579 1189 gis,
605 1119 658 1171 in
694 1131 804 1188 quo
832 1131 957 1172 cum
991 1114 1339 1181 habitaverit,
1366 1130 1559 1170 omnes
1598 1115 1849 1171 borniues
1896 1117 2053 1173 deiﬁ-

477 1208 645 1264 t'abit.

540 1302 657 1354 Lux
697 1300 855 1355 nobis
910 1314 975 1353 ex
1016 1308 1146 1364 te,o
1180 1296 1367 1369 Virgo,
1391 1306 1581 1352 exorta
1635 1307 1721 1353 cst
1761 1296 1939 1365 Jesus,
1970 1302 2063 1369 qui

477 1392 772 1447 cruciﬁxus
830 1399 1115 1444 creaturas
1164 1404 1295 1444 suas
1343 1388 1502 1443 hilari
1535 1388 1655 1443 luce
1717 1389 1974 1459 perfudit,
2002 1406 2066 1447 ac

477 1491 740 1538 tartareas
778 1483 1032 1537 tenebras
1059 1481 1379 1536 climinavrt.

653 1612 820 1683 280
848 1610 930 1665 Ex
957 1608 1166 1667 Canone
1188 1607 1432 1677 Sabbati,
1464 1609 1532 1663 ad
1559 1609 1910 1664 Malutinum.

552 1738 631 1791 Ad
671 1748 746 1803 te,
788 1754 821 1793 ο
866 1738 1133 1792 erunibus
1182 1736 1346 1807 digna
1401 1735 1675 1800 laudibus,
1721 1737 2062 1792 clamamus:

478 1831 687 1895 Gaude,
737 1846 859 1899 qua:
911 1829 1166 1900 gaudium
1246 1829 1424 1899 ipsum
1488 1828 1766 1898 peperisti.
1820 1827 2065 1881 lllumina

2160 658 2272 729 γὰρ
2299 654 2366 731 ἦν
2391 662 2421 714 ὁ
2446 660 2680 731 τεχθεὶς,
2720 661 2806 715 ἶνα
2839 660 3022 735 θεώσῃ
3052 662 3300 735 βροτούς.

2232 843 2621 915 Νυμφαγωγός
2652 862 2733 899 σοι
2772 846 3046 917 Γαϐριὴλ,
3094 845 3376 916 Παρθένε,
3411 848 3745 903 ἀποστελλό-

2174 953 2357 1006 μενος,
2389 938 2584 1008 Χαῖρε,
2609 937 2804 1009 ἐϐόησε
2832 939 3029 1006 λέγων,
3054 940 3449 1007 φωτεινότατον
3481 942 3744 996 παλάτιον

2163 1025 2258 1079 τοῦ
2310 1027 2703 1097 παμϐασιλέως
2749 1027 3014 1100 Χριστοῦ,
3062 1029 3122 1084 ἐν
3170 1021 3216 1097 ᾧ
3257 1028 3486 1101 οἰκήσας
3516 1031 3745 1103 βροτοὺς

2166 1114 2365 1172 θεώσει
2389 1118 2619 1183 πάντας.

2237 1299 2357 1363 Φῶς
2381 1300 2512 1371 ἡμῖν
2538 1302 2603 1355 ἐκ
2637 1300 2753 1369 σοῦ,
2792 1301 2955 1375 ἁγνὴ,
2982 1302 3349 1361 ἀνατέταλκεν
3389 1305 3621 1377 Ἰησοῦς,
3648 1309 3749 1362 καὶ

2167 1392 2455 1463 ἐφαίδρυνε
2483 1392 2582 1464 τὴν
2614 1394 2790 1448 κτίσιν
2824 1395 3246 1468 σταυρούμινος,
3274 1398 3368 1453 κα)⁵
3391 1398 3661 1469 δαιμόνων
3686 1399 3751 1452 τδ

2170 1486 2361 1549 σκότος
2390 1486 2657 1554 ἀπεδίωξε
2666 1504 2716 1542 ν.

2180 1610 2277 1664 Ἐκ
2317 1610 2425 1664 τοῦ
2454 1613 2723 1679 Κανόνος
2748 1614 2853 1669 τοῦ
2875 1614 3204 1683 Σαόὄάτου,
3227 1618 3316 1683 είς
3342 1618 3452 1672 τὸν
3480 1620 3753 1688 Ὄρθρσν.

2240 1740 2435 1809 Χαῖρε,
2475 1741 2557 1795 σοὶ
2592 1741 2980 1814 κραυγάζομεν
3019 1745 3086 1815 τῇ
3127 1745 3382 1819 κυησάσῃ
3417 1744 3515 1815 τὴν
3548 1746 3750 1817 χαράν,

2173 1832 2493 1903 πανύμνητε
2519 1872 2533 1897 ,
2577 1834 2986 1906 φωταγώγησοι
3030 1835 3187 1905 ήμῶν
3232 1836 3323 1890 τὸν
3356 1835 3481 1890 νοῦν
3524 1838 3619 1890 καὶ
3651 1838 3755 1905 τὴν

478 1930 714 1977 mentem
744 1930 905 1992 atque
931 1922 1167 1975 animam
1192 1928 1456 1986 nostram,
1485 1930 1645 1990 atque
1666 1935 1855 1974 omnes
1874 1935 2069 1973 manu-

2175 1926 2373 1997 ψυχὴν,
2401 1927 2496 1979 καὶ
2524 1928 2661 1997 πρὸς
2691 1926 2911 1997 τρίϐους
2938 1928 3191 1997 γνώσεως
3217 1929 3430 1993 πάντας
3456 1928 3751 1999 ὁδὴγησον,

478 2016 583 2070 duc
644 2012 711 2069 ad
765 2013 986 2069 semitas
1021 2013 1302 2068 scientiae:
1339 2021 1393 2066 et
1430 2028 1651 2083 precare
1681 2009 1878 2067 Filium
1911 2022 2062 2065 tuum

478 2121 543 2162 ac
602 2105 798 2170 Deum,
839 2120 872 2161 ο
935 2105 1165 2161 Domina
1224 2106 1454 2172 illibata,
1480 2116 1539 2160 ut
1595 2104 1751 2160 nobis
1812 2104 2067 2159 omnibus

478 2200 745 2255 concedat
772 2199 1161 2269 indulgentiam
1216 2209 1587 2269 peccaturum.

552 2288 624 2347 Ut
646 2299 727 2357 te,
766 2310 799 2346 υ
836 2292 1118 2347 benedicta
1148 2293 1290 2348 inter
1316 2293 1593 2355 mulieres,
1613 2290 1743 2345 vidit
1774 2289 2063 2344 mulierum

480 2398 677 2451 costus,
707 2384 957 2440 certatim
992 2384 1129 2440 Filio
1162 2394 1255 2440 tuo
1299 2400 1419 2441 sese
1448 2384 1663 2449 obtulit,
1698 2398 1731 2438 ο
1760 2380 1925 2453 Virgo
1956 2380 2069 2435 Ma-

481 2485 590 2533 ter.

552 2568 648 2622 llle
682 2566 778 2639 qui
815 2576 933 2623 erat
972 2577 1233 2632 aeternus,
1265 2583 1415 2623 nunc
1445 2584 1510 2623 ex
1566 2580 1617 2625 te
1649 2569 1824 2627 factus
1854 2584 1938 2630 est
1966 2576 2068 2631 sub

483 2667 760 2729 tempore:
790 2660 1043 2714 eumdem
1071 2676 1215 2715 nunc
1238 2678 1426 2729 exora,
1462 2678 1494 2715 0
1539 2660 1723 2735 Virgo,
1763 2677 1822 2721 ut
1848 2679 2067 2737 peccata

484 2752 668 2808 omnia
726 2752 922 2807 anima:
970 2767 1104 2808 meae
1139 2770 1206 2808 ex
1240 2755 1401 2825 longo
1458 2764 1699 2827 tempore
1760 2772 2067 2831 perpetrata

483 2847 726 2903 aboleat.

557 2938 635 2995 Te
698 2938 1035 3006 Laudamus,
1084 2956 1117 2996 ο
1176 2939 1365 3013 Virgo,
1421 2958 1515 3013 per
1580 2959 1744 3015 quam
1817 2946 2070 3017 apparuit

484 3033 635 3091 Deus
658 3034 827 3091 factus
867 3035 1030 3091 homo
1058 3036 1110 3091 in
1138 3045 1304 3091 terra.
1333 3037 1493 3093 Salve
1535 3050 1681 3094 terra
1741 3040 2071 3099 fecundissi-

486 3143 599 3193 ma,
636 3142 757 3198 quae
789 3128 1074 3199 mysticam
1125 3130 1331 3200 spicam
1367 3129 1707 3188 frnctiﬁcasti
1740 3148 1931 3192 omnes
1957 3136 2069 3206 spi-

487 3221 629 3275 ritus
652 3219 1004 3275 ttttlt‘icntcm.

560 3310 667 3379 Tu,
701 3313 947 3379 Domine,
979 3315 1073 3386 qui
1129 3330 1159 3370 a
1224 3316 1492 3386 principio
1551 3317 1717 3373 Evam
1775 3318 2065 3389 formasti;
2100 3298 2142 3355 θ

487 3405 731 3477 Virginis
778 3416 993 3461 uterum
1039 3408 1343 3477 ingressus,
1375 3425 1550 3465 meam
1604 3414 1850 3483 operaris
1900 3412 2071 3470 refor-

490 3500 812 3567 mationem,
858 3499 1034 3555 forma
1065 3500 1207 3556 servi
1262 3501 1506 3569 indutus,
1532 3520 1655 3560 cum
1700 3505 1777 3561 sis
1810 3506 2069 3563 Dominus

492 3591 761 3646 omnium.

556 3681 669 3751 Qui
696 3692 748 3739 te
764 3682 1066 3740 orthodoxe
1088 3682 1374 3756 Deiparam
1392 3702 1514 3745 esse
1534 3689 1823 3755 sentimus,
1839 3691 1907 3747 ab
1925 3690 2067 3763 igne,

484 3776 850 3846 tenebrisque
892 3777 1118 3834 aeternis
1148 3778 1545 3836 intercessione
1599 3790 1693 3837 tua
1752 3783 2067 3850 liberemur,

488 3876 549 3923 et
580 3867 649 3922 ab
698 3867 949 3924 hostibus
1006 3868 1395 3939 invisibilibus,
1432 3873 1525 3944 qui
1585 3889 1688 3931 nos
1734 3884 2069 3947 Oppugnant,

491 3972 773 4012 cruamur.

567 4049 847 4107 Laudibus
885 4051 1221 4109 celebremus
1271 4052 1546 4125 Virginem
1603 4057 1778 4129 gratia
1835 4060 2069 4131 plenam,

498 4153 760 4215 tanquam
802 4154 1038 4215 portam,
1069 4162 1189 4216 qua:
1218 4146 1322 4202 fert
1351 4149 1418 4202 ad
1454 4148 1698 4204 divinum
1734 4151 2073 4221 ingressum;

498 4248 759 4308 tanquam
813 4240 1014 4293 scalam
1069 4240 1186 4306 Dei,
1231 4255 1324 4310 per
1353 4258 1517 4311 quant
1549 4242 1779 4298 feliciter
1818 4247 2072 4301 ascendi-

492 4338 898 4401 tur;tanquam
930 4342 1132 4387 certam
1167 4348 1232 4389 ac
1286 4349 1538 4391 securam
1594 4352 1787 4392 eorum
1820 4339 1913 4410 qui
1966 4341 2079 4395 sal-

494 4434 693 4480 vantur
724 4425 1050 4480 ductricem.

560 4518 777 4573 Insania
816 4519 1017 4575 mentis
1048 4520 1307 4578 incitatus
1356 4533 1574 4593 peccata
1602 4524 1770 4579 multa
1803 4525 2071 4590 commisi,

2169 2023 2263 2074 καὶ
2318 2020 2676 2090 πταισμάτων
2728 2021 2953 2091 ίλασμδν
3003 2020 3223 2092 δοθῆναι
3278 2023 3442 2076 πᾶσιν
3493 2022 3752 2093 αἷτησαι,

2168 2113 2439 2166 Δέσποινα
2474 2112 2732 2185 ἀχραντε,
2768 2113 2860 2167 τὸν
2890 2113 3019 2168 Υίόν
3051 2130 3144 2167 σου
3179 2116 3276 2168 καὶ
3308 2113 3463 2167 Θεόν.

2242 2294 2597 2367 Εὐλογημένη
2644 2294 2956 2364 γυναικῶν,
2994 2293 3053 2347 σὲ
3096 2294 3171 2350 ὼς
3214 2294 3407 2364 ἔϐλεψε
3450 2294 3755 2364 κατάλογος

2168 2388 2462 2459 γυναικῶν,
2484 2388 2746 2460 ἐνήθλησε
2774 2387 2868 2443 καὶ
2887 2387 2964 2459 τῷ
3008 2387 3085 2460 σῷ
3121 2387 3235 2458 Υίῷ
3268 2388 3713 2458 προσενήγκεναι
3734 2427 3752 2452 ,

2170 2482 2615 2553 Παρθενομῆτορ.

2252 2576 2311 2629 'U
2337 2576 2563 2646 ἄχρονος
2606 2574 2795 2642 γέγονε
2826 2572 2921 2627 νῦν
2956 2572 3059 2626 ὑπὸ
3086 2572 3281 2645 χρόνον
3324 2573 3389 2624 ἐκ
3423 2570 3517 2624 σοῦ
3544 2611 3561 2635 ,
3599 2573 3757 2639 Παρο

2170 2668 2314 2731 θένε.
2340 2667 2527 2721 τοῦτον
2550 2664 2773 2736 αῐτησαι
2792 2662 3043 2718 διαλῦσαι
3067 2663 3283 2717 ἅπαντα
3307 2662 3407 2735 τῆς
3434 2660 3617 2734 ψυχῆς
3644 2678 3759 2735 μου

2169 2760 2238 2814 τὰ
2260 2760 2452 2832 χρόνια
2484 2758 2824 2830 πταίσματα.

2254 2944 2564 3017 ’Υμνοῦμέν
2599 2962 2659 2998 σε
2681 2984 2696 3010 ,
2734 2942 2998 3015 Παρθένε,
3029 2941 3096 2996 δι’
3129 2937 3197 3015 ἦς
3228 2940 3401 3013 ἐφάνη
3431 2943 3459 2997 ὀ
3487 2941 3627 3007 Θεὸς
3664 2942 3758 2995 ἐπὶ

2171 3038 2299 3109 γῆς,
2332 3038 2522 3109 βροτὸς
2555 3038 2867 3108 γενόμενος’
2899 3037 3074 3108 Χαῖρε
3094 3077 3109 3099 ,
3134 3038 3207 3106 γῆ
3239 3035 3510 3107 εὔκαρπε,
3541 3037 3575 3106 ἡ
3612 3053 3756 3106 καρ-

2171 3130 2495 3203 ποφοροῦσα
2525 3130 2726 3201 στάχυν
2762 3130 3023 3201 μυστικὸν
3055 3132 3149 3182 τιν
3178 3127 3543 3199 διατρέφοντα
3569 3129 3759 3181 πᾶσαν

2172 3226 2361 3293 πνοήν.

2260 3314 2318 3369 ’0
2344 3313 2648 3377 διαπλάσας
2678 3314 2801 3368 κατ’
2832 3313 3005 3385 ἀρχὰς
3044 3312 3143 3385 τὴν
3170 3311 3335 3378 Εὔαν,
3369 3310 3543 3384 Κύριε
3566 3352 3582 3375 ,
3615 3329 3759 3382 παρ-

2173 3408 2326 3462 θένου
2352 3409 2514 3478 νηδὺν
2546 3405 2853 3471 καθυποδὺς
2883 3408 2980 3477 τὴν
3012 3406 3151 3476 ἐμὴν
3182 3404 3391 3477 ἐργάζῃ
3422 3404 3759 3467 ἀνάπλασιν,

2172 3500 2361 3555 δούλου
2396 3500 2583 3572 σχῆμα
2600 3499 2960 3571 ἐνδυσάμενος
2985 3499 3307 3569 ὀΔεσπότης
3336 3498 3444 3551 τῶν
3472 3498 3758 3552 ἀπάντων.

2256 3686 2345 3751 Ὠς
2375 3684 2637 3740 Θεοτόκον
2685 3700 2743 3737 σε
2790 3683 3117 3756 φρονοῦντες
3149 3680 3343 3753 γνώμῃ
3375 3680 3544 3747 εὐθεῖ,
3583 3682 3760 3754 πυρὸς

2174 3781 2519 3844 αίωνίζοντος
2546 3778 2642 3832 καὶ
2674 3778 2900 3840 σκότους
2928 3817 2941 3841 ,
2975 3780 3267 3843 Δέσποινα,
3302 3774 3645 3847 ρυσθείημεν
3688 3780 3753 3849 τῇ

2179 3874 2428 3947 μεσιτείᾳ
2470 3890 2562 3927 σου
2592 3911 2606 3939 ,
2662 3871 2755 3924 καὶ
2800 3870 3050 3943 ἀοράτων
3102 3868 3313 3942 ἐχθρῶν
3369 3868 3759 3940 πολεμούντων

2175 3971 2345 4033 ἡμᾶς.

2198 3987 2347 4122 ιμὲἑ
2388 4057 2562 4129 πύλην
2596 4058 2867 4129 φέρουσαν
2897 4056 3034 4128 πρὸς
3070 4055 3222 4111 θείαν
3267 4053 3497 4121 εἴσοδον,
3546 4052 3626 4118 ὡς
3668 4054 3760 4107 εῡ-

2176 4149 2431 4204 διάϐατον
2456 4150 2554 4221 τὴν
2584 4150 2827 4221 κλίμακα
2855 4147 3017 4214 Θεοῦ,
3048 4147 3156 4201 τῶν
3186 4146 3511 4216 σωζομένων
3538 4146 3757 4214 ἀπλανῆ

2178 4242 2425 4313 ὀδηγίαν,
2461 4243 2559 4314 τὴν
2601 4241 3057 4315 κεχαριτωμένην
3096 4240 3428 4312 ὕμνήσωμεν
3454 4239 3758 4311 Παρθένον.

2251 4518 2659 4593 Φρενοόλαδῶς,
2694 4518 2961 4591 Παρθένε,
2988 4519 3263 4591 ἁμαρτίας
3286 4518 3501 4588 πράξας
3534 4518 3758 4581 πολλάς,

498 4620 755 4680 superest
778 4628 923 4667 nunc
958 4623 1017 4668 ut
1072 4630 1157 4670 me
1185 4616 1452 4687 condigna
1504 4633 1667 4688 poena
1713 4634 2012 4690 sequatur;
2044 4636 2070 4675 a

2180 4616 2281 4685 τὴν
2316 4614 2538 4668 κόλασιν
2568 4613 2861 4684 ἐκδέχομαι
2899 4612 3105 4677 λοιπὸν,
3140 4611 3236 4682 ἀφ’
3275 4607 3343 4684 ἧς
3381 4629 3450 4682 με
3480 4611 3761 4683 λύτρωσαι

498 4719 609 4773 qua
636 4703 809 4757 libera
829 4719 937 4770 me,
958 4720 991 4759 ο
1036 4703 1225 4775 Virgo,
1267 4706 1399 4761 dum
1426 4710 1587 4765 corde
1615 4710 1772 4765 ﬁrmo
1801 4726 1865 4767 ac
1889 4712 2068 4767 stabili

2180 4708 2271 4761 τὸν
2300 4706 2609 4778 άδιστάκτῳ
2640 4705 2839 4777 καρδίᾳ
2880 4707 2944 4775 τῇ
2984 4703 3105 4776 θείᾳ
3143 4704 3324 4775 σκέπῃ
3360 4720 3454 4756 σου
3490 4705 3762 4776 προστρέ-

500 4795 568 4849 ad
616 4804 764 4849 tuam
815 4796 1054 4850 divinam
1109 4798 1502 4868 protectionem
1566 4816 1952 4873 recurro,qua:
1994 4815 2078 4859 est

500 4886 725 4945 unicum
751 4886 1067 4957 praesidium
1088 4890 1347 4945 fidelium.

889 4999 1049 5071 281
1076 5000 1311 5057 TONUS
1336 5003 1635 5061 PLAGIUS
1662 5005 1724 5063 ll.

755 5129 837 5184 Ex
867 5131 1077 5187 Canune
1100 5132 1247 5203 feria:
1270 5148 1329 5199 tt,
1367 5135 1436 5187 ad
1468 5135 1813 5190 Matutinum.

574 5254 692 5312 Una
748 5271 872 5311 cum
942 5260 1295 5332 martyribus,
1342 5271 1505 5331 atque
1562 5261 1818 5316 omnibus
1874 5260 2080 5330 angelis

504 5350 771 5419 supplica,
804 5363 837 5404 ο
870 5360 1040 5415 casta,
1070 5357 1312 5407 omnium
1356 5354 1587 5409 Domino
1639 5370 1736 5424 pro
1787 5354 1959 5408 salute
1983 5370 2074 5407 eo-

500 5458 621 5496 rum
650 5442 745 5512 qui
777 5454 828 5497 te
862 5458 986 5497 cum
1012 5444 1114 5499 lide
1140 5446 1473 5515 glorificant.

574 5536 759 5593 Novus
786 5540 1075 5609 paradisus
1100 5541 1257 5597 nobis
1293 5539 1435 5597 facta
1465 5556 1543 5606 es,
1576 5556 1609 5595 ο
1645 5538 1833 5611 Virgo,
1868 5539 2075 5594 liabcns

497 5692 779 5767 Virginem
811 5696 879 5749 ab
907 5696 1057 5750 omni
1092 5711 1319 5767 prorsus
1352 5696 1473 5752 labe
1499 5696 1751 5764 liberam,
1780 5709 2084 5767 agnoscens

498 5777 622 5820 eam
653 5765 923 5822 allocutus
942 5776 1024 5821 est
1042 5765 1228 5821 dicens
1252 5785 1264 5818 :

900 5858 1075 5924 Salve,
1110 5875 1221 5921 ave,
1255 5868 1441 5913 sancta
1475 5876 1687 5928 parens,

934 5931 1091 5984 Omni
1121 5946 1337 5998 prorsus
1370 5931 1486 5986 labe
1510 5946 1718 5989 carens.

2190 4815 2371 4871 χοντα,
2407 4798 2505 4869 τῆς
2539 4796 2706 4868 μόνης
2745 4793 3077 4865 προστασίας
3108 4795 3215 4848 τῶν
3251 4795 3480 4850 πιστῶν.

2642 4999 2829 5053 ΗΧΟΣ
2880 4998 3175 5052 ΠΛΛΓΙΟΣ
3223 5000 3299 5055 B'.

2195 5129 2297 5183 Ἐκ
2330 5126 2437 5181 τοῦ
2461 5126 2730 5189 Κανόνος
2761 5123 2872 5192 τῆς
2900 5122 3211 5193 δευτέρας,
3240 5128 3329 5191 είς
3353 5125 3461 5180 τὸν
3497 5130 3762 5199 Ὄρθρον.

2254 5258 2410 5313 Μετά
2434 5254 2750 5329 μαρτύρων,
2777 5252 2935 5324 ἁγνὴ,
2963 5254 3102 5324 μετά
3122 5254 3229 5307 τῶν
3249 5256 3465 5313 πάντων
3491 5260 3766 5329 ἀγγέλων,

2180 5354 2274 5408 τὸν
2318 5354 2543 5423 κτίττην
2580 5350 2690 5405 τῶν
2730 5349 2987 5403 ἁπάντων
3018 5347 3324 5403 ἐκδυσὼπει
3364 5352 3607 5424 σωθῆναι
3636 5356 3767 5420 τοὺς

2185 5442 2393 5506 πιστῶς
2423 5459 2483 5495 σε
2509 5441 2855 5506 δοξάζοντας.

2253 5536 2393 5601 Νέος
2436 5537 2567 5606 ἡμῖν
2615 5536 2945 5606 παράδεισος
2976 5533 3225 5606 ἐδείχθης
3264 5534 3439 5607 ζωῆς,
3487 5536 3652 5608 ἁγνὴ,
3706 5539 3766 5592 τὸ

2182 5691 2317 5747 Vide
2370 5690 2429 5746 S.
2488 5692 2745 5764 Ambros.
2800 5692 2974 5750 Serm.
3002 5692 3073 5749 22
3132 5694 3184 5749 in
3232 5696 3429 5764 psalm.
3493 5696 3617 5763 “8,
3672 5696 3765 5754 ubi

2181 5764 2511 5838 depraedicat
2540 5764 2597 5815 Β.
2630 5761 2909 5838 Virginem
2942 5780 3039 5835 per
3066 5761 3299 5838 gratiam
3348 5769 3418 5823 ab
3451 5761 3767 5825 omni’inte-

2182 5850 2333 5905 grain
2355 5833 2474 5889 labe
2500 5835 2694 5905 pccati.
