4038 6604
320 544 461 613 13ἓὸ

1694 558 2060 622 MARIALE.

3442 576 3579 644 1326

315 661 473 728 ξύλον
507 662 672 734 μέσον
705 664 878 736 ἔχων,
911 666 970 734 ἐξ
1021 662 1083 723 οὗ
1114 671 1336 739 φαγὼν,
1367 674 1605 744 ἄχραντε
1626 717 1645 741 ,
1671 676 1770 748 τῆς
1807 696 1852 731 νε

1960 722 1970 741 ι
1998 676 2052 731 in
2087 677 2267 733 medio
2302 680 2379 734 tui
2410 677 2617 751 lignum
2647 683 2790 752 vitat,
2823 700 2886 741 ex
2930 702 3041 759 quo
3064 692 3352 750 comedens
3382 696 3576 761 Adam,

312 755 574 827 κρὼσεως
610 756 780 827 ’Δδὰμ
810 758 911 827 τῆς
941 764 1187 833 πονηρᾶς
1214 764 1529 821 ἀπολύεται.

394 844 686 919 Ῥᾳθύμως
709 866 813 919 μου
837 850 937 922 τὴν
962 850 1107 923 ζωὴν
1134 854 1545 928 ὲκδαπανήσας,
1571 841 1730 931 ἀγνῆ,
1757 862 1895 931 πρὸς

307 932 406 1004 τὴν
436 934 537 1005 σὴν
565 936 890 1008 προστρέχω
919 941 1230 1012 ἀντίληψιν,
1269 946 1560 1017 οίκτειρον,
1595 949 1767 1004 σῶσόν
1799 968 1888 1022 με.

383 1226 501 1298 Τὴν
526 1227 782 1300 οὐράνιον
811 1231 989 1304 πύλην
1003 1233 1360 1309 ὕμνήσωμεν,
1384 1238 1434 1294 δι
1452 1234 1522 1313 ἦς
1551 1243 1749 1308 πάντες
1772 1246 1887 1300 εἰσ-

306 1320 558 1392 ἔρχονται
581 1323 898 1395 ἁμαρτωλοὶ
930 1328 1070 1400 πρὸς
1100 1330 1255 1396 ὁδοὺς
1283 1336 1705 1407 συγχωρήσεως.

380 1504 542 1576 Ἀγία
580 1508 756 1581 μῆτερ
787 1508 946 1579 Θεοῦ,
970 1512 1069 1584 τὴν
1087 1512 1489 1586 βεϐηλωθεῖσαν
1520 1517 1750 1590 καρδίαν
1780 1538 1883 1591 μου

299 1598 565 1671 πράξεσιν
601 1602 822 1672 ὲναγέσι
863 1606 1183 1677 συμπαθείᾳ
1229 1624 1323 1662 σου
1352 1609 1599 1675 ἁγίασον.

365 1693 565 1747 Δούλου
592 1697 811 1768 μορφὴν
836 1697 1109 1754 ὑποδύντα
1124 1702 1426 1773 Δεσπότην,
1454 1704 1629 1775 Κόρη,
1653 1705 1878 1775 τίκτεις,

297 1783 358 1838 ὃν
394 1787 606 1841 ίκέτευε
635 1788 745 1843 τῶν
775 1790 966 1845 παθῶν
998 1793 1097 1864 τῆς
1138 1794 1418 1864 δουλείας,
1451 1797 1627 1869 ἁγνὴ,
1663 1800 1881 1857 ἐλευθε-ο

293 1876 474 1948 ρῶσαί
501 1895 591 1950 με.

1998 785 2029 824 a
2066 771 2207 826 mala
2245 783 2420 830 morte
2445 776 2728 834 liberatur.

2070 863 2206 918 Cum
2247 879 2371 937 ego,
2399 882 2431 922 ο
2475 878 2624 924 casta
2660 866 2847 942 Virgo,
2880 872 3047 929 vitam
3084 891 3260 932 meam
3303 879 3357 935 in
3389 896 3581 938 socor-

1995 953 2081 1009 dia
2112 956 2340 1028 otioque
2369 960 2513 1015 malo
2540 962 2936 1035 absumpserim
2972 982 3038 1022 ac
3080 969 3481 1041 dissipaverim,
3509 977 3575 1030 ad

1996 1055 2146 1102 tuam
2194 1052 2536 1119 protectione
2575 1069 2837 1112 recurro:
2873 1059 3134 1118 miserere
3175 1064 3302 1130 mei,
3332 1074 3384 1121 et
3425 1071 3575 1123 salva

1991 1154 2099 1196 me.

2063 1249 2354 1310 Caelestem
2383 1268 2596 1328 portam
2629 1258 2881 1319 laudibus
2908 1264 3266 1335 celebremus,
3288 1283 3384 1353 per
3406 1284 3569 1339 quam

1988 1347 2372 1411 peccatoribus
2432 1351 2708 1411 universis
2764 1355 3112 1429 indulgentia:
3137 1347 3460 1433 aperiuntur
3507 1378 3572 1419 ac

1988 1444 2175 1505 patent
2207 1439 2512 1511 ingressus.

2058 1526 2230 1585 Mater
2266 1532 2359 1588 Dei
2400 1545 2614 1604 sancta,
2641 1553 2739 1594 cor
2765 1555 2946 1596 meum
2979 1544 3418 1615 coinquinatum,
3442 1563 3572 1619 ope-

1985 1618 2141 1676 ribus
2180 1624 2355 1692 puris,
2384 1626 2588 1696 pietate
2615 1638 2707 1685 tua
2734 1645 3033 1702 commota,
3077 1638 3386 1693 sanetillca.

2059 1712 2354 1770 Dominum
2390 1720 2534 1774 servi
2562 1720 2737 1777 forma
2770 1723 3020 1781 indutum
3045 1729 3326 1798 peperisti,
3349 1747 3381 1785 ο
3408 1731 3569 1787 Paci.

1983 1802 2033 1857 la
2059 1806 2412 1863 castissima:
2460 1826 2621 1881 quem
2672 1831 2899 1885 precare
2949 1828 3009 1875 ut
3068 1837 3154 1878 me
3187 1838 3217 1877 a
3274 1826 3566 1881 servilibus

1986 1896 2344 1966 passionibus
2367 1900 2582 1959 liberet.

372 1986 730 2062 ’Υπάρχουσα
773 1993 1022 2064 ἀγγέλων
1058 1999 1363 2071 τιμιωτέρα
1382 2040 1398 2067 ,
1428 2000 1561 2054 Θεὸν
1589 2001 1680 2056 τὸν
1720 2003 1852 2072 ἅγιοε

2050 2006 2275 2079 Angelis
2321 2010 2698 2071 honorabilior
2724 2033 2804 2084 es,
2840 2034 2875 2075 ο
2923 2019 3086 2093 Virgo
3141 2020 3394 2095 Deipara,
3430 1998 3565 2099 quae

286 2080 516 2147 τέτοκας
562 2084 1015 2157 ὑπερῦαλλόντως
1046 2090 1373 2160 ἀγιασθεῖσα
1395 2134 1410 2160 ,
1452 2094 1685 2151 Θεοτόκε
1720 2097 1871 2169 Παρ-

287 2173 410 2229 θένε
431 2191 445 2205 ·
479 2176 561 2230 διό
593 2195 695 2250 μου
720 2179 819 2251 τὴν
838 2180 1018 2256 ψυχὴν
1052 2183 1452 2260 καθοδήγησον.

350 2359 591 2416 Φώτισόν
631 2378 697 2432 με
750 2364 998 2438 ἁμαρτίᾳ
1053 2368 1415 2426 σκοτισθέντα
1441 2412 1457 2437 ,
1494 2373 1765 2439 ἀπαθείας
1807 2376 1872 2431 τὸ

284 2451 401 2521 φῶς
434 2455 467 2523 ἡ
499 2454 776 2526 κυήσασα,
802 2457 888 2511 ἵνα
918 2458 1077 2530 ὑμνῶ
1117 2477 1200 2527 σε,
1228 2461 1371 2536 ἁγνὴ
1415 2464 1795 2538 Ἀειπάρθενε.

331 2654 433 2710 Ἐκ
466 2657 571 2712 τοῦ
594 2659 864 2731 Κανόνος
894 2662 1004 2733 τῆς
1028 2666 1251 2735 τρίτης,
1286 2668 1370 2735 εις
1403 2669 1511 2725 τὸν
1549 2672 1829 2743 Ὄρθρον.

355 2806 566 2879 Ὠφθης
595 2809 737 2881 πύλη
771 2810 870 2883 τῆς
897 2811 1064 2883 ζωῆς,
1092 2812 1328 2869 θανάτου
1355 2816 1531 2883 πύλας
1556 2818 1636 2891 τῷ
1662 2820 1867 2894 τοκετῷ

281 2911 376 2947 σου
410 2894 642 2963 λύσασα,
663 2898 801 2972 ἁγνή
822 2917 837 2932 ·
860 2899 1048 2973 ὤφθης
1068 2902 1141 2974 γῆ
1165 2904 1401 2978 ὲκλεκτὴ
1422 2907 1491 2960 δι’
1516 2903 1585 2981 ἦς
1606 2910 1863 2984 ἀνυψὼθη

278 2986 389 3040 ἀπὸ
414 2987 516 3058 γῆς
541 2990 622 3054 είς
644 2992 909 3065 οὐρανοὺς
936 2992 998 3048 τὸ
1027 2994 1137 3049 τῶν
1164 2994 1470 3069 ἀνθρώπων
1503 3000 1756 3073 φύραμα.

348 3175 497 3247 Δόλῳ
529 3176 826 3244 ἀπαύστως
849 3182 878 3235 ὁ
912 3181 1108 3255 ἐχθρὸς
1158 3184 1379 3257 θηρεύει
1416 3205 1483 3259 με
1514 3190 1543 3244 ὁ
1589 3193 1857 3265 πονηρὸς,

275 3266 378 3339 τῆς
409 3269 577 3323 αὐτοῦ
611 3288 679 3342 με
718 3272 961 3345 ἐνέδρας,
1010 3277 1358 3350 πανάμωμε,
1389 3279 1701 3352 ὲξάρπασον
1722 3323 1737 3350 ,
1768 3288 1862 3342 καὶ

275 3361 453 3414 ποιεῖν
482 3360 576 3415 τοῦ
600 3362 877 3419 Δεσπὸτου
896 3408 911 3434 ,
938 3366 1195 3437 Θεοτόκε,
1229 3371 1510 3429 εὑόδευσον
1536 3374 1597 3428 τὸ
1626 3375 1858 3451 θέλημα.
1888 3407 1932 3467 ο

343 3543 675 3614 Συνέλαὸες,
727 3548 999 3623 ἄχραντε,
1056 3555 1150 3610 τὸν
1212 3559 1447 3631 συνοχέα
1507 3565 1712 3630 παντὸς
1761 3568 1854 3623 τοῦ

270 3634 501 3705 κόσμου⁹
534 3636 622 3693 διὰ
648 3640 838 3709 τοῦτο,
871 3644 1103 3702 ἱκετεύω
1132 3665 1216 3717 σε,
1251 3650 1527 3724 λύτρωσαί
1571 3674 1640 3728 με
1673 3660 1853 3733 πάσης

273 3729 613 3804 συνεχούσης
638 3733 935 3804 κολάσεως.

339 3916 546 3988 Θρόνος
589 3890 727 3974 Θεοῦ
771 3921 1042 3996 ἐδείχθης,
1067 3925 1323 3998 Θεοτόκε,
1354 3932 1415 3987 ἐν
1444 3926 1489 4002 ᾧ
1518 3939 1684 4007 σαρκὶ⁵
1720 3939 1853 3993 καθ-

264 4008 391 4073 ίσας
414 4008 509 4063 τοῦ
532 4010 766 4083 ἀρχαίου
789 4014 1046 4090 ἐξήγειρε
1074 4019 1371 4094 πτώματος
1385 4027 1513 4090 τοὺς
1528 4028 1851 4100 ἀνθρώπους

263 4101 327 4155 ὲν
351 4105 562 4170 φωναῖς
590 4108 969 4180 χαριστηρίοις
1000 4112 1307 4184 ὁμνοῦντάς
1338 4134 1421 4172 σε.

343 4212 703 4285 Ἐπτάφωτὸν
756 4238 818 4274 σε
857 4221 1082 4295 λυχνίαν
1109 4228 1182 4295 ⁴τὸ
1226 4229 1341 4300 πῦρ
1384 4231 1484 4302 τῆς
1516 4231 1847 4302 θεογνωσίας

263 4304 580 4376 φέρουσαν,
625 4311 822 4384 Κόρη,
866 4316 895 4368 ὁ
934 4319 1222 4391 προφήτης
1268 4321 1436 4377 πάλαι
1486 4326 1844 4398 προεώρακε,

262 4401 474 4469 φαίνων
499 4406 614 4471 τοῖς
647 4407 706 4460 ἐν
741 4410 925 4464 σκότει
953 4414 1348 4483 κινδυνεύουσι,
1384 4422 1715 4493 πανάμωμε,
1748 4424 1847 4496 τῆς

259 4492 561 4560 ἀγνωσίαςθ
588 4495 668 4550 διὸ
700 4498 808 4570 βοῶ
835 4519 941 4570 σοι,
967 4505 1203 4575 φώτισόν
1226 4525 1316 4581 με,
1344 4510 1558 4583 δέομαι.

328 4773 421 4845 Μὴ
444 4776 640 4850 κρίνῃς
671 4798 763 4851 με,
792 4782 987 4857 Κύριε,
1018 4788 1158 4842 κατὰ
1186 4791 1253 4844 τὰ
1287 4789 1422 4862 ἔργα
1453 4813 1577 4865 μου,
1609 4797 1842 4857 δυσωπῶ

257 4880 361 4930 σε,
404 4866 540 4921 ἀλλὰ
592 4871 750 4937 ἵλεώς
804 4893 895 4945 μοι
946 4880 1171 4951 φάνηθι,
1216 4884 1461 4941 δυσωπεῖ
1507 4906 1565 4942 σε
1609 4894 1707 4945 σὺν
1760 4894 1839 4966 τῷ

256 4955 545 5034 Βαπτιστῇ
582 4966 614 5035 ἠ
647 4968 886 5023 τεκοῦσά
920 4990 1001 5027 σε.

323 5067 476 5139 Πύλη
498 5071 795 5144 ἁδιόδευτε,
812 5079 1076 5147 διάνοιξον
1098 5085 1274 5153 πύλας
1299 5109 1410 5161 μοι,
1437 5094 1647 5165 δέομαι,
1670 5114 1836 5168 μετα-

251 5158 404 5224 νοίας
437 5162 700 5234 ἀληθοῦς,
734 5171 828 5223 καὶ
857 5172 1029 5239 δεῖξόν
1062 5195 1152 5247 μοι
1181 5180 1280 5252 τὴν
1300 5158 1495 5254 τρίϐον
1523 5158 1623 5256 τῆς
1654 5158 1832 5261 σωτη-

251 5254 400 5320 ρίας,
433 5255 598 5328 ἁγνὴ,
634 5261 666 5330 ἠ
702 5264 919 5319 πάντων
947 5266 1160 5340 ὁδηγία.

316 5434 726 5513 Πεποικιλμένη
752 5443 926 5510 θείαις
953 5448 1208 5519 ἀγλαΐαις
1224 5454 1315 5508 τὸν
1337 5458 1539 5529 ὡραῖον
1562 5463 1618 5515 ὲν
1642 5463 1828 5521 κάλλει

243 5522 511 5596 ἐκύησας,
544 5532 812 5603 Παρθένε.
837 5538 1012 5594 Αὑτὸν
1035 5540 1126 5595 οὖν
1148 5544 1234 5597 ἀεὶ
1257 5522 1565 5605 ὲκδυΙσώπει
1592 5555 1832 5628 σωθῆναι

312 5709 430 5792 (29)
455 5715 551 5810 I.Ab
576 5718 751 5810 omni,
802 5722 1027 5790 scilicet,
1060 5743 1212 5810 naevo
1246 5739 1353 5785 tam
1396 5735 1628 5810 actualis
1667 5755 1831 5810 quam

237 5783 521 5879 grigiqal‘i‘s
556 5783 794 5879 culpare
823 5809 933 5879 quo
955 5783 1049 5866 per
1072 5783 1316 5879 divinam
1325 5783 1574 5879 "gratiam
1611 5783 1832 5879 pr‘mser-

236 5862 364 5937 yata
398 5853 521 5937 luit.
572 5853 852 5937 lline_:lvo
893 5853 1720 5937 Ca'rnotensisHirri—seen)de
1722 5853 1829 5937 51;-

236 5925 381 5977 ttvit.
431 5927 647 5984 Domini
685 5933 856 6007 dixit,
895 5936 987 5992 Dei
1040 5925 1240 5995 Filium
1276 5925 1825 6007 inﬁMa‘treR-s'uavon‘i:

236 6006 592 6055 ncmnzevum
617 6002 898 6071 originalis
914 6011 1085 6079 culpae
1109 6013 1396 6087 delcvissc,
1414 6002 1819 6095 praeservando,

1976 2097 2149 2155 Deum
2187 2113 2437 2159 sanctum
2476 2108 2766 2178 peperisti,
2806 2110 2862 2165 in
2918 2114 3381 2172 excellentissimo
3433 2133 3564 2175 san-

1988 2191 2196 2249 ctitatis
2225 2198 2397 2267 gradu
2425 2201 2726 2258 constituto
2756 2221 2769 2258 :
2795 2214 3084 2276 propterea
3113 2208 3221 2265 dux
3249 2220 3367 2268 esto
3392 2227 3456 2269 ac
3479 2214 3564 2269 di-

1975 2286 2179 2341 rectrix
2221 2290 2421 2347 animae
2458 2307 2614 2348 meae.

2042 2375 2087 2433 Ο
2121 2394 2339 2452 semper
2372 2390 2523 2439 casta
2568 2383 2757 2457 Virgo,
2783 2402 2906 2458 quae
2950 2390 3412 2461 impassibilitatis
3467 2398 3558 2454 lu-

1972 2481 2091 2523 cem
2120 2474 2397 2542 peperisti,
2424 2476 2675 2533 illumina
2706 2494 2793 2535 me
2828 2485 3036 2551 peccati
3069 2488 3309 2545 tenebris
3341 2491 3559 2549 involu-

1973 2568 2110 2628 tum,
2144 2574 2201 2620 ut
2231 2577 2446 2623 cantem
2475 2569 2663 2628 Iaudes
2693 2580 2837 2630 tuas.

2101 2692 2184 2749 Ex
2209 2694 2423 2753 Conone
2442 2700 2643 2772 duplici
2675 2703 2823 2774 feriw
2849 2723 2933 2776 ιιι,
2967 2710 3037 2764 ad
3073 2709 3421 2770 Matutinum.

2050 2840 2177 2898 Vitae
2204 2843 2374 2914 janua
2422 2848 2561 2904 facta
2588 2866 2670 2919 es,
2701 2869 2733 2908 ο
2770 2856 2958 2927 Virgo,
2984 2876 3109 2929 qua:
3140 2876 3326 2933 portas
3361 2873 3558 2925 mortis

1968 2943 2128 3002 partu
2187 2945 2280 2991 tuo
2334 2939 2830 3010 dejecisti:Terra
2897 2952 3068 3010 electa
3134 2957 3278 3013 facta
3335 2977 3418 3025 es,
3460 2980 3555 3032 per

1964 3042 2133 3095 quam
2169 3028 2395 3088 humani
2429 3037 2647 3103 generis
2677 3055 2904 3099 massas
2930 3054 3075 3116 terra
3104 3048 3158 3103 in
3190 3052 3391 3107 emtum
3414 3057 3546 3111 sub-

1965 3118 2142 3176 levata
2169 3132 2278 3180 est.

2042 3216 2206 3287 282
2235 3217 2420 3276 Hostis
2442 3225 2716 3298 malignus
2740 3230 2963 3289 assidue
2982 3249 3069 3290 me
3090 3236 3230 3296 dolis
3253 3256 3318 3297 ac
3345 3243 3551 3301 fraudi-

1966 3303 2071 3363 bus
2097 3309 2214 3366 suis
2241 3323 2512 3385 venatur;
2546 3328 2626 3387 tu,
2653 3336 2687 3377 o
2714 3323 3034 3393 purissima,
3057 3328 3125 3384 ab
3155 3331 3373 3392 insidiis
3403 3338 3550 3397 illius

1966 3398 2115 3470 eripe
2174 3418 2297 3471 me;
2329 3415 2381 3461 et
2438 3423 2702 3481 prospere
2751 3415 2926 3487 dirige
2982 3436 3089 3489 me,
3122 3439 3157 3479 ο
3195 3426 3449 3499 Deipara,
3489 3447 3547 3490 ut

1967 3489 2185 3550 Domini
2208 3497 2542 3560 voluntatem
2567 3508 2790 3579 exsequi
2818 3510 3047 3571 valeam.

2034 3585 2368 3660 Concepistl.
2420 3610 2455 3651 ο
2529 3597 2810 3668 inviolata,
2864 3604 3017 3662 illum
3070 3611 3163 3681 qui
3225 3616 3543 3676 universum

1962 3680 2230 3737 mundum
2279 3689 2428 3757 capit
2486 3700 2539 3746 et
2590 3695 2873 3754 continet:
2904 3680 3191 3772 propterea
3242 3717 3292 3764 te
3355 3711 3546 3784 depreo

1945 3783 2078 3845 .cor,
2107 3781 2166 3827 ut
2196 3776 2266 3830 ab
2293 3781 2442 3835 omni
2491 3786 2763 3855 supplicio
2812 3789 3014 3847 inferni
3055 3799 3293 3856 carceris
3345 3803 3545 3862 liberes

1961 3875 2068 3919 me.

2033 3954 2290 4015 Tltronus
2348 3959 2442 4017 Dei
2501 3963 2642 4023 facta
2672 3984 2751 4036 es,
2786 3986 2820 4025 ο
2879 3972 3131 4047 Deipara,
3180 3980 3234 4034 in
3286 3998 3399 4053 quo
3451 3986 3543 4043 ille

1957 4047 2156 4104 sedens
2182 4050 2521 4123 incarnatus,
2547 4060 2618 4115 ab
2650 4063 2874 4135 antiquo
2903 4083 3034 4126 casu
3069 4076 3242 4130 erexit
3264 4077 3536 4147 boniines,

1886 4134 1891 4141 ’
1958 4141 2051 4209 qui
2092 4142 2298 4201 itlcirco
2333 4156 2384 4204 te
2416 4153 2587 4221 gratis
2614 4158 2843 4216 vocibus
2873 4163 3211 4223 collaudant.

2024 4248 2283 4310 Prazvidit
2336 4267 2387 4312 te
2420 4259 2550 4315 olim
2603 4267 2888 4336 propheta,
2937 4287 2971 4328 ο
3016 4272 3202 4332 Puella
3263 4281 3332 4337 ab
3385 4288 3532 4338 omni

1954 4354 2108 4396 naevo
2136 4342 2307 4402 libera
2358 4347 2498 4421 (29),
2527 4355 2915 4415 candelabrum
2973 4374 3179 4435 septem
3227 4370 3534 4429 luminibus

1952 4443 2230 4505 ornatum,
2264 4440 2473 4499 habens
2499 4444 2678 4516 ignem
2710 4449 2910 4509 divina:
2942 4457 3202 4529 scientiae,
3235 4466 3327 4533 qui
3356 4465 3531 4522 lucem

1953 4530 2151 4596 praebet
2182 4532 2269 4597 iis,
2310 4535 2402 4603 qui
2440 4537 2493 4592 in
2551 4539 2877 4612 ignorantim
2926 4551 3165 4608 tenebris
3217 4530 3534 4626 periclitan-

1951 4629 2040 4674 tur
2074 4639 2088 4675 :
2122 4623 2243 4680 ideo
2276 4628 2343 4683 ad
2376 4638 2428 4685 te
2467 4647 2629 4693 voces
2656 4638 2878 4706 extollo,
2911 4658 3239 4718 precorque,
3283 4650 3529 4708 illumina

1950 4728 2058 4769 me.

1876 4785 1919 4840 ί)
2017 4807 2063 4864 Ο
2102 4808 2349 4879 Domine,
2384 4831 2576 4886 precor
2625 4830 2695 4889 te,
2728 4841 2796 4881 ne
2835 4844 2922 4884 me
2968 4830 3183 4899 judires
3228 4840 3526 4900 secundum

1946 4912 2108 4967 opera
2137 4917 2278 4969 mea,
2305 4906 2399 4959 sed
2419 4911 2685 4978 propitius
2708 4924 2826 4971 esto
2850 4921 2981 4974 mihi
3005 4939 3018 4988 ;
3050 4926 3116 4980 de
3143 4910 3253 4994 quo
3273 4942 3525 4998 precatur

1944 5001 1997 5048 te
2022 5010 2146 5049 cum
2179 4998 2437 5070 Baptista,
2465 5003 2707 5064 Genitrix
2742 5023 2854 5069 tua.

2016 5101 2061 5158 Ο
2093 5117 2269 5175 porta,
2300 5126 2395 5180 per
2443 5130 2605 5183 quam
2668 5122 2805 5178 nulli
2864 5126 3148 5185 hominum
3206 5139 3522 5194 conceditur

1940 5194 2050 5256 via,
2075 5200 2222 5268 aperi
2266 5203 2420 5269 mihi,
2454 5222 2666 5277 precor,
2699 5228 2839 5271 vera:
2871 5221 3205 5288 paenitentia:
3237 5239 3442 5293 portas,
3471 5244 3519 5285 et

1938 5292 2165 5348 ostende
2227 5295 2360 5350 mihi
2414 5301 2665 5359 semitam
2726 5308 3007 5378 salutis,o
3042 5313 3206 5389 Virgo
3270 5324 3517 5379 omnium

1937 5380 2047 5435 dux
2077 5392 2131 5437 et
2165 5384 2420 5444 directio.

2011 5472 2323 5533 Divinorum
2352 5482 2703 5551 splendorum
2749 5490 3092 5573 circttntdnta
3135 5500 3513 5570 varietatibus,

1942 5567 2251 5636 speciosum
2276 5570 2450 5628 forma
2476 5579 2752 5648 peperisti,
2790 5599 2822 5638 ο
2866 5561 3055 5658 Virgo.
3098 5589 3361 5649 Eumdem
3413 5561 3517 5669 igi;

1938 5745 2649 5840 s‘ciligetwonlau_l'erendo,_
2669 5771 2729 5816 ut
2758 5765 2963 5840 optime
3018 5772 3252 5840 explicat
3274 5771 3512 5832 Joannes

1935 5818 2003 5869 A.
2056 5817 2115 5872 S.
2158 5820 2226 5903 bl.
2284 5823 2473 5913 doctor
2503 5817 3007 5913 tlteolngtts'ﬁallus
3034 5817 3233 5913 inrsuo
3257 5861 3418 5913 opere
3444 5851 3510 5903 de

1935 5892 2293 5979 copceptione
2321 5897 2466 5953 edito
2506 5892 2720 5957 Tolosae
2749 5921 2893 5979 anno
2922 5892 3253 5979 1649ξεῖξῶ
3293 5892 3509 5973 actuali-

1934 5960 2149 6031 delcvit,
2182 5963 2282 6022 hoc
2311 5978 2414 6036 cst,
2447 5975 2813 6041 prfeservavit.
