4038 6606
341 416 482 486 1329

1753 408 2123 470 MARIALE.

3465 412 3601 477 1330

405 532 620 607 Πατρδς
655 530 717 586 τδ
759 527 1122 598 ἀπαύγασμα,
1157 524 1274 589 πῶς
1313 524 1530 597 ἐπήρθη
1574 525 1633 578 ὲν
1677 524 1916 596 σταυρῷ,

2097 522 2385 590 Quomodo
2438 524 2694 595 splendor
2761 523 2940 581 Patris
2986 525 3041 581 in
3087 542 3304 583 crurem
3360 529 3607 586 sublatus

337 625 707 700 φωταγωγῶν
732 623 803 677 τὰ
831 622 1147 694 σύμπαντα,
1178 619 1274 673 καὶ
1312 618 1678 690 καταράσσων
1706 617 1930 681 σκότους

335 723 424 775 τὸν
454 717 699 790 ἀρχηγόν
724 733 740 783 ;
771 717 806 787 ἡ
838 714 1115 783 πάναγνος
1137 711 1408 766 Δέσποινα
1442 707 1727 783 μητρικῶς
1758 707 1928 780 θρηνο

334 807 472 880 ῳδοῦ
482 825 550 861 σα
585 804 985 876 ἀπεφθέγγετο.

418 989 479 1046 '0
513 990 776 1062 ὑπάρχων
800 985 1181 1049 ⁵ἁναλλοίωτος
1209 984 1432 1056 θεότητι
1459 983 1761 1056 ἠλλοίωσας
1793 999 1924 1056 κρε-

342 1084 592 1156 μάμενος
623 1082 847 1155 σταυρῷ
880 1080 1059 1135 κτίσιν
1084 1078 1327 1145 ἃπασαν,
1353 1079 1387 1151 ἡ
1413 1076 1691 1149 Παρθένος
1716 1074 1923 1155 ἔλεγεν⁹

342 1179 459 1243 Υἱὲ,
496 1179 590 1232 καὶ
632 1177 909 1249 βλέπουσα
953 1173 1464 1245 ταῦτα·θρηνωδῶς
1501 1168 1922 1245 ἑκπληττομένη

337 1272 436 1342 τὴν
463 1272 700 1343 φρικτὴν
732 1268 1045 1342 οἰκονομίαν
1076 1285 1193 1323 σου.

424 1458 620 1514 Ἰακώϐ
660 1476 720 1513 σε
754 1459 989 1530 προεῖδε,
1040 1455 1308 1528 Παρθένε,
1361 1456 1612 1526 κλίμακα
1645 1452 1785 1526 πρὸς
1818 1452 1918 1507 οὒ-

2037 628 2142 684 est,
2173 620 2266 690 qui
2328 620 2580 677 universa
2641 620 2762 676 luce
2825 620 3124 692 perfundit,
3160 633 3213 678 et
3259 623 3608 679 tenebrarum

2033 710 2334 781 principem
2384 711 2675 782 proturbat
2725 726 2789 768 ac
2839 709 3069 781 dejicit?
3124 711 3344 768 Dicebat
3382 711 3609 769 Domina

2033 802 2402 871 sanctissima,
2434 812 2696 876 tanquam
2750 813 2926 861 mater
2978 805 3351 877 ingemiscens
3394 820 3459 862 ac
3492 806 3613 877 plo-

2032 909 2181 951 rans.

2101 986 2460 1045 Immutabilis
2528 987 2831 1045 secundum
2904 988 3268 1057 divinitatem,
3325 990 3380 1046 in
3445 1005 3607 1047 cruce

2029 1094 2328 1150 suspensus
2358 1081 2604 1148 mutasti,
2632 1096 2666 1137 o
2689 1081 2816 1147 Fili,
2846 1096 3039 1139 omnes
3078 1090 3382 1147 creaturas,
3408 1085 3601 1139 aiebat

2027 1168 2228 1243 Virgo;
2269 1180 2326 1228 et
2374 1172 2488 1229 haec
2535 1174 2828 1244 aspiciens,
2873 1174 2928 1229 in
2969 1174 3211 1230 lamenta
3263 1176 3605 1245 erumpebat,

2026 1277 2149 1318 cum
2179 1273 2403 1337 stupore
2434 1268 2792 1324 considerans
2818 1269 3157 1325 tremendam
3190 1268 3607 1340 illiusdisposi-

2027 1356 2256 1413 tionem.
3044 1428 3055 1441 .

2095 1446 2351 1504 Praevidit
2394 1457 2447 1505 te
2494 1449 2684 1515 Jacob,
2715 1466 2749 1507 ο
2776 1450 2965 1523 Virgo,
2993 1454 3197 1510 scalam
3250 1471 3373 1526 quae
3406 1470 3508 1512 nos
3549 1457 3619 1515 ire

338 1559 524 1629 ράνιον
545 1554 678 1624 ὕψος
701 1553 850 1624 ἡμᾶς
875 1552 1202 1621 ἀνάγουσαν,
1226 1549 1353 1613 τοὺς
1380 1550 1461 1612 είς
1490 1547 1585 1602 τὸν
1609 1546 1773 1618 βυθὸν
1808 1545 1916 1601 τῶν

2034 1537 2355 1609 profundum
2392 1542 2660 1597 malorum
2701 1543 2950 1615 delapsos
3012 1560 3076 1600 ac
3120 1547 3359 1617 perditos
3390 1548 3455 1603 ad
3488 1564 3606 1604 cte-

339 1649 527 1703 κακῶν
553 1647 966 1719 ὀλισθήσαντας·
1016 1645 1140 1702 ὅθεν
1170 1661 1231 1699 σε
1276 1640 1577 1717 ὕμνοῢμεν,
1630 1638 1791 1713 ἁγνὴ,
1834 1641 1917 1706 είς

338 1743 467 1807 τοὺς
496 1740 723 1804 αἰῶνας.

2020 1630 2209 1688 lestem
2296 1633 2634 1690 altitudinem
2714 1651 2838 1693 eras
2936 1638 3342 1695 sublevatura:
3407 1656 3607 1711 quam-

2017 1725 2204 1781 obrem
2246 1740 2349 1782 nos
2402 1734 2471 1793 te,
2514 1741 2549 1782 o
2587 1742 2747 1799 pura,
2786 1728 3039 1787 laudibus
3065 1731 3378 1788 extollimus
3418 1733 3472 1787 in
3508 1747 3615 1788 sae-

2027 1815 2174 1873 cuia.

410 1926 649 1998 Φρικτὴν
694 1926 907 1998 λοχείαν
946 1924 1211 1995 ὑπέστης,
1248 1922 1538 1986 Δέσποινα,
1590 1921 1647 1974 ὲν
1678 1917 1758 1989 τῷ
1788 1934 1911 1989 φρι-

2081 1909 2308 1965 Partum
2377 1924 2535 1966 sacro
2604 1910 2833 1967 horrore
2910 1912 3152 1982 plenum,
3238 1928 3364 1969 cum
3422 1924 3473 1970 te
3554 1918 3608 1970 in

338 2014 486 2078 κτῶς
520 2031 580 2067 σε
614 2014 843 2080 τίκτειν,
877 2013 936 2067 ὃν
965 2014 998 2084 ἡ
1029 2015 1207 2075 κτίσις
1247 2008 1651 2082 σταυρούμενον
1679 2008 1737 2061 ὲν
1776 2004 1918 2076 ξύλῳ

2034 2002 2201 2057 lucem
2260 2002 2583 2059 mirabiliter
2632 2003 2799 2069 edidi,
2843 2004 3161 2061 sustinuisti
3200 2022 3215 2059 :

260 2098 265 2103 ’
337 2105 592 2174 Θελήσει,
633 2103 983 2177 μακρόθυμε,
1027 2100 1216 2174 ἔφριξε
1272 2100 1601 2171 καθορῶσα,
1661 2095 1835 2151 πάλαι
1883 2096 1917 2167 ἡ

339 2196 630 2266 ἄμεμπτος
652 2195 835 2249 ἔκλαιε
870 2194 1051 2265 βοῶσα
1084 2192 1369 2263 μητρικῶς
1390 2193 1457 2261 ἢν
1492 2189 1895 2262 μεγαλύνομεν.

3260 2006 3415 2062 Nunc
3479 2023 3619 2063 vero

2028 2108 2153 2151 cum
2188 2104 2454 2152 creatum
2495 2111 2687 2153 omnes
2745 2097 2962 2153 videant
3017 2106 3072 2154 te
3130 2109 3323 2170 sponte
3354 2102 3409 2155 in
3462 2102 3610 2169 ligno

2028 2185 2329 2252 conﬁxum,
2398 2188 2827 2253 exhorrescunt,
2891 2204 2924 2244 ο
2990 2189 3392 2258 patientissime
3472 2190 3603 2247 Fili.

340 2290 420 2345 Ita
472 2291 813 2346 exclamabat
865 2288 1017 2359 olim!
1039 2297 1344 2343 maternum
1378 2287 1449 2358 {in
1498 2299 1705 2341 morem
1741 2278 2104 2353 ingemiscens
2176 2282 2468 2352 purissima
2520 2282 2655 2354 tilla,
2716 2297 2880 2353 quam
2948 2300 3096 2342 nunc
3168 2285 3607 2357 magniﬁcamus.

352 2404 447 2457 Ἐκ
474 2402 578 2458 τοῦ
610 2402 877 2468 Κανόνος
909 2398 1020 2470 τῆς
1048 2400 1345 2471 πέμπτης,
1377 2402 1463 2466 είς
1494 2398 1603 2453 τὸν
1643 2399 1915 2467 Ὅρθρον.

420 2491 482 2547 ’0
508 2491 869 2565 συνυπάρχων
898 2488 1097 2563 Πατρὶ,
1126 2491 1155 2543 ὁ
1187 2490 1459 2553 πναῖδιος
1486 2489 1614 2552 Υἱὸς
1649 2488 1736 2541 ἐπ’
1764 2484 1920 2556 ἐσχά-

339 2603 452 2642 των
488 2586 769 2659 βουληθεὶς
793 2583 1086 2657 κατῴκησε
1112 2583 1213 2654 τὴν
1245 2584 1464 2656 μήτραν
1515 2599 1631 2649 σου,
1663 2580 1916 2646 Θεοτόκε,

342 2681 423 2743 είς
475 2679 635 2751 ἡμῶν
683 2679 790 2735 τῶν
841 2677 1053 2733 πιστῶν
1107 2678 1490 2749 ἀναγέννησιν,
1538 2676 1663 2731 ὃθεν
1715 2674 1919 2748 ὑμνοῦ-

393 2770 451 2825 έν
484 2787 563 2826 σε.

516 2789 563 2826 ε.

343 2789 585 2917 μεΧύσσιν
610 2864 763 2935 ἡμῖν,
812 2860 976 2935 ἁγνὴ,
1031 2860 1451 2937 ἁμαρτημάτων
1496 2861 1587 2915 τὸν
1623 2858 1918 2931 Λυτρωτὴν

2266 2393 2351 2449 Ea:
2376 2394 2587 2451 Canone
2612 2398 2758 2468 ferite
2789 2410 2823 2451 ν
2874 2397 2944 2451 ad
2972 2396 3321 2454 Matutinum.

2092 2485 2264 2542 Filius
2294 2497 2600 2544 coaeternus
2648 2488 2817 2554 Patri,
2854 2490 3029 2545 voluit
3058 2491 3113 2545 in
3145 2492 3253 2546 line
3281 2500 3592 2560 temporum

2029 2576 2088 2631 in
2144 2586 2302 2632 utero
2343 2587 2438 2634 tuo
2500 2578 2767 2647 habitare,
2798 2594 2833 2635 o
2872 2578 3121 2649 Deipara,
3153 2590 3213 2635 ut
3266 2596 3366 2636 nos
3426 2583 3613 2637 lidelos

2021 2681 2369 2739 regenerarct
2404 2687 2418 2725 :
2452 2686 2615 2743 quam
2654 2672 2725 2727 ob
2756 2686 2977 2729 causam
3015 2673 3111 2728 tibi
3151 2673 3386 2745 hymnos
3407 2674 3631 2729 decan-~

2034 2771 2235 2818 tamus.

2097 2855 2260 2926 285
2290 2853 2605 2924 Deprecare,
2644 2870 2678 2911 ο
2729 2865 2878 2913 casta
2896 2866 2949 2913 et
2970 2857 3247 2926 inviolata,
3276 2859 3605 2928 Redempto-

340 2956 562 3030 δοθῆναι
596 2953 921 3023 έκδυσώπει,
974 2956 1068 3011 τὸν
1118 2954 1453 3028 σκοτασμὸν,
1508 2955 1770 3025 ἄχραντε,
1808 2952 1919 3007 τῶν

2034 2962 2158 3012 rem,
2179 2956 2237 3002 ut
2261 2948 2416 3004 nobis
2444 2956 2796 3017 peccatorum
2843 2960 3161 3006 nostrorum
3193 2952 3604 3007 absolutionem

340 3047 531 3120 ψυχῶν
549 3048 707 3121 ἡμῶν
733 3048 967 3119 ἀεὶςταῖς
997 3048 1118 3114 σαῖς
1143 3046 1461 3121 πρεσϐείαις
1493 3046 1845 3111 σκεδάζουσα.

427 3234 768 3307 Ἀνύμιρευτε
824 3234 1129 3299 Δέσποινα,
1183 3233 1525 3304 εὐλογημένη
1595 3231 1927 3303 Θεοκυῆτορ,

340 3326 470 3391 τοὺς
500 3329 528 3379 ὑ
537 3325 802 3397 μνοῦντάς
826 3343 886 3381 σε
904 3325 1175 3400 περίσωξε
1196 3326 1376 3398 πάσης
1399 3325 1624 3397 βλάϐης,
1655 3325 1794 3398 μόνη
1818 3326 1928 3381 τῶν

342 3418 650 3490 ἀνθρώπων
689 3418 935 3489 βοήθεια.

430 3512 490 3565 Ὀ
520 3510 581 3564 τὸ
612 3506 750 3565 εἶναι
798 3513 933 3582 ἡμῖν
964 3510 1338 3583 παρεχόμενος
1367 3525 1389 3578 ·,
1422 3511 1518 3565 σοῦ
1557 3509 1657 3583 τὴν
1714 3512 1929 3584 μήτραν

345 3599 658 3673 κατῴκησε,
690 3600 943 3668 Θεοτόκε,
976 3600 1035 3657 ὃν
1074 3602 1302 3673 αῐτησαι
1338 3600 1580 3674 σωθῆναι
1615 3602 1786 3674 ἡμᾶς.

421 3783 663 3856 Παρθένε
724 3783 860 3855 μόνη
901 3780 1062 3854 ἁγνὴ,
1110 3782 1526 3855 κεχαριτωμένη
1565 3783 1788 3858 βοήθειά
1835 3804 1927 3858 μοι

342 3879 434 3932 ἀεὶ
458 3875 839 3949 χειμαζομένῳ
866 3878 988 3941 ταῖς
1014 3875 1110 3930 τοῦ
1142 3873 1260 3946 βίου
1291 3876 1701 3948 περιστάσεσιν.

419 4065 687 4118 Δέσποινα
718 4062 935 4117 πάντων
986 4063 1095 4117 τῶν
1134 4060 1457 4134 ἀνθρώπων,
1499 4060 1632 4130 ἁγία
1672 4062 1921 4129 Θεοτόκε,

347 4158 447 4229 τῆς
477 4156 720 4220 δουλείας
751 4172 818 4228 με
849 4154 956 4210 τῶν
980 4155 1168 4210 παθῶν
1197 4157 1320 4219 σαῖς
1348 4154 1669 4227 πρεσϐείαις
1696 4154 1924 4220 τελείως

347 4248 739 4319 ἐλευθέρωσον.

430 4340 738 4414 Ὕμνοῦμέν
777 4358 861 4407 σε,
910 4341 1155 4412 Παρθένε
1203 4340 1546 4414 Θεοκυῆτορ,
1597 4341 1667 4396 δι’
1700 4337 1767 4415 ἧς
1817 4343 1926 4414 ἀρὰ

2027 3041 2337 3095 concedat:
2375 3050 2538 3110 atque
2567 3041 2803 3098 assiduis
2854 3043 3481 3115 intercessionibus‘tuis
3505 3046 3607 3100 eli-

1945 3109 1988 3170 (ἶ
2032 3134 2180 3189 mina
2212 3133 2464 3191 tenebras
2489 3134 2793 3189 animarum
2822 3144 3156 3191 nostrarum.

2103 3225 2148 3283 Ο
2182 3226 2407 3283 Domina
2439 3227 2688 3297 innupta,
2723 3227 2816 3282 Dei
2846 3228 3079 3298 genitrix
3115 3226 3423 3294 benedicta,
3453 3231 3625 3285 salva'

2028 3335 2153 3387 nos,
2188 3320 2281 3391 qui
2322 3330 2374 3376 te
2420 3319 2731 3387 laudamus,
2763 3321 2831 3375 ab
2859 3322 3006 3375 omni
3039 3322 3223 3377 malo:
3262 3333 3317 3379 tu
3346 3325 3492 3380 enim
3547 3343 3623 3382 es.

2031 3414 2254 3469 unicum
2287 3413 2512 3468 humani
2542 3413 2758 3483 generis
2780 3414 3069 3469 auxilium.

2101 3506 2317 3578 lllequi
2369 3506 2518 3561 dedit
2574 3506 2732 3563 nobis
2782 3519 3180 3574 esse;uterum
3237 3518 3389 3566 tuum
3444 3513 3606 3567 inha-

2028 3600 2237 3666 bitavit,
2264 3615 2298 3655 ο
2336 3598 2585 3672 Deipara.
2624 3597 2891 3657 Eumdem
2920 3615 3020 3672 pro
3049 3610 3239 3659 nostra
3294 3605 3469 3662 salute
3515 3606 3609 3662 ἀοι

2032 3709 2279 3768 precare.
3206 3718 3207 3721 η

2099 3788 2144 3842 0
2171 3785 2339 3859 Virgo
2365 3786 2479 3842 sola
2512 3786 2803 3857 pura'(50),
2826 3794 2878 3842 et
2896 3787 3069 3857 gratia
3097 3787 3277 3858 plena,
3310 3797 3429 3843 esto
3467 3791 3625 3846 milii-

2029 3880 2316 3945 auxilium,
2349 3880 2584 3935 assiduis
2613 3880 2967 3935 adversarum
3002 3895 3204 3946 rerum,
3232 3888 3288 3935 et
3311 3881 3435 3937 vitae
3457 3883 3609 3938 cala-

2029 3972 2279 4027 mitatum
2308 3972 2570 4028 ﬂuctibus
2597 3972 2801 4043 agitato
2829 3990 2843 4027 :

2093 4064 2137 4120 0
2173 4063 2401 4119 Domina
2435 4066 2678 4119 omnium
2730 4064 3033 4128 hominum,
3075 4066 3429 4123 sauctissima
3484 4067 3610 4123 Dei-

2024 4173 2178 4230 para,
2210 4172 2239 4212 a
2264 4157 2538 4215 servitute
2572 4158 2887 4226 passionum
2918 4174 3163 4215 mearum
3197 4160 3308 4215 tuis
3344 4160 3608 4218 interces-

2025 4251 2273 4309 sionibus
2303 4251 2519 4320 penitus
2548 4250 2720 4305 libera
2764 4268 2874 4308 me.
3048 4262 3049 4265 η
3407 4268 3410 4272 λ

2100 4332 2413 4400 Laudamus
2444 4343 2547 4411 (te,
2578 4359 2611 4399 ο
2669 4342 2828 4415 Virgo
2872 4345 2963 4400 Dei
3014 4347 3273 4417 genitrix,
3316 4362 3413 4416 per
3442 4354 3604 4417 quam

348 4435 774 4508 ἀπεστείρωται,
804 4436 898 4489 καὶ
926 4434 1147 4503 εὐλογία
1177 4435 1342 4489 πᾶσιν
1370 4434 1574 4505 ἐπῆλθε
1604 4438 1719 4501 τοῖς
1760 4437 1920 4492 εἰδόσι

2034 4437 2345 4494 maledictio
2400 4436 2612 4491 sublata
2669 4451 2773 4498 εει,
2810 4446 2865 4491 et
2922 4438 3144 4493 advenit
3199 4439 3503 4494 benedictio
3537 4439 3604 4493 iis

350 4545 411 4583 σε
446 4528 615 4602 μόνην
646 4529 875 4601 Μητέρα
906 4527 1001 4583 τοῦ
1033 4527 1169 4582 Θεοῦ
1196 4528 1353 4600 ἡμῶν
1386 4528 1668 4600 ἄνανδρον.

420 4736 533 4809 (50)
560 4734 825 4810 Ecclesia
850 4736 913 4810 in
959 4737 1295 4810 catechismo
1323 4736 1619 4810 Clementis
1675 4737 1793 4793 Vlll
1831 4754 1927 4810 per

391 4807 511 4863 uem
556 4809 667 4879 iste,
686 4807 926 4879 pontifex
953 4809 1121 4879 jussit
1159 4807 1618 4879 Ecclesiteqﬂdeles
1638 4807 1844 4865 erudiri
1870 4810 1927 4866 in

391 4824 511 4863 uem
556 4824 658 4863 iste
722 4824 926 4863 ontuex
953 4824 1121 4879 iussu.
1159 4824 1410 4862 molestae
1434 4824 1618 4863 noctes
1638 4824 1841 4865 eruum
1870 4827 1926 4866 Ill

348 4827 601 4950 aoctrina
642 4824 977 4942 Cgristiana,
1028 4879 1116 4933 illa
1149 4879 1316 4950 verba
1346 4877 1705 4950 Salutationis
1757 4895 1926 4950 ange-

347 4954 468 5009 lica:
520 4948 710 5004 Gratia
743 4949 916 5017 plena,
964 4951 1037 5004 ita
1092 4949 1375 5020 explicat:
1429 4966 1451 5001 ‹
1514 4948 1696 5004 Gratia
1744 4948 1925 5020 plena,

347 5020 477 5094 quia
509 5022 657 5094 quod
710 5022 948 5094 primum
984 5018 1484 5094 gratiaieficctum,
1546 5018 1759 5076 scilicet
1803 5036 1928 5094 pec-

347 5090 458 5149 cati
483 5092 702 5157 deletio,
737 5090 901 5159 Virgo
936 5090 1286 5147 sanctissima
1320 5107 1600 5159 nunquam
1646 5092 1918 5146 maculam

349 5164 540 5220 habuit
564 5163 771 5235 peccati
787 5162 1091 5235 originalis,
1137 5169 1241 5235 aut
1262 5161 1510 5235 actualis,
1554 5160 1806 5235 mortalis
1817 5162 1920 5235 _vel

346 5230 602 5290 venialis.
641 5251 659 5285 ι
719 5230 1028 5289 Ludoivicus
1076 5233 1242 5287 etiam
1305 5230 1659 5287 Grauatensis
1713 5232 1923 5289 ordinis

347 5305 771 5361 Praedicatorum
814 5304 868 5358 in
929 5303 1259 5359 catecbismo
1290 5302 1789 5370 'l‘rigeshomiliario
1830 5304 1929 5359 hoe

349 5377 467 5431 mil.
486 5376 578 5438 27,
609 5375 802 5431 eodem
830 5374 1185 5429 Salutatiouis
1209 5373 1468 5442 angelica:
1511 5375 1698 5435 verba,
1728 5373 1922 5429 Gratia

344 5446 522 5517 plena,
573 5447 629 5501 in
675 5445 821 5499 hunc
854 5449 1074 5517 modum
1108 5444 1349 5517 declarat
1396 5461 1465 5499 ε(
1515 5442 1702 5517 Gratia
1742 5444 1919 5517 plena,

346 5515 455 5574 hoc
485 5525 587 5582 est,
620 5517 967 5586 singulariter
1015 5515 1184 5570 electa
1235 5515 1304 5568 ab
1354 5525 1557 5586 aeterno
1594 5515 1711 5586 Deo
1744 5515 1925 5570 omni-

345 5589 578 5660 potenti,
615 5596 671 5660 et
699 5584 1035 5660 annuntiata‘
1065 5585 1387 5660 mirabiliter
1421 5588 1489 5660 ab
1531 5584 1686 5638 initio
1731 5586 1917 5660 mundi

349 5656 447 5728 per
473 5659 863 5728 prophetarum
897 5657 1254 5728 revelationes
1278 5656 1522 5728 atquein
1556 5656 1915 5728 conceptione

346 5726 447 5785 sua
474 5726 746 5785 custodita
778 5728 1098 5783 admirando
1128 5737 1181 5780 et
1200 5727 1460 5797 singulari
1493 5726 1655 5781 modo
1678 5728 1745 5780 ab
1769 5726 1919 5780 omni

351 5802 564 5855 macula
623 5798 849 5868 peccati,
899 5809 1005 5853 tam
1043 5796 1315 5867 originali,
1374 5812 1535 5864 quam
1592 5813 1703 5851 sua:
1743 5798 1914 5865 ipsius

352 5888 623 5944 personae,
652 5873 883 5941 denique
911 5870 1177 5938 complete
1217 5869 1478 5924 adornata
1502 5868 1756 5922 oniuibus
1787 5886 1914 5939 gra-

2033 4531 2289 4589 omnibus
2331 4529 2421 4597 qui
2478 4538 2531 4584 te
2582 4529 2675 4584 Dei
2731 4530 2900 4585 nostri
2957 4531 3311 4600 purissimam
3358 4541 3523 4603 atque
3575 4548 3606 4587 a

2036 4624 2493 4682 viriadmistione
2520 4624 2925 4696 integerrimam
2957 4624 3183 4681 Matrem
3216 4635 3540 4697 agnoscunt.

2026 4738 2114 4794 tiae
2144 4735 2326 4793 donis.
2365 4754 2384 4788 ι
2419 4734 2557 4793 Vide
2586 4732 2644 4790 S.
2672 4736 3110 4793 Bonavmturam
3141 4747 3272 4795 tom.
3307 4739 3395 4802 Ill,
3432 4756 3603 4799 serm.

2023 4810 2082 4874 2,
2114 4808 2181 4863 de
2212 4807 2274 4862 Β.
2328 4805 2548 4880 Virgine
2592 4808 2693 4880 ubi
2721 4808 2897 4880 inquit
2923 4826 2939 4863 :
2972 4827 2990 4861 ι
3021 4810 3242 4866 Domina
3273 4822 3457 4866 nostra
3502 4811 3607 4870 fuit

2030 4881 2187 4949 plena
2245 4878 2828 4949 grartia’prtevenienle
2887 4879 2940 4932 in
2991 4895 3091 4935 sua
3149 4883 3603 4947 sanctiﬁcatione,

2026 4948 2203 5021 gratia
2231 4948 2440 5021 scilicet
2467 4948 2855 5021 praesertjativa
2876 4959 3064 5002 contra
3098 4950 3397 5021 fragilitatem
3432 4953 3601 5021 origi-
3682 4956 3685 4959 ’

2024 5016 2169 5076 ﬁalis
2185 5020 2395 5089 culpae.
2426 5036 2453 5070 ι·
2472 5016 2608 5071 Vide
2629 5018 2790 5089 etiam
2827 5016 3090 5089 Joannem
3130 5019 3372 5076 'Vitaltm
3407 5016 3601 5088 Hispa-

2027 5106 2158 5145 num
2204 5085 2602 5157 in’Defensione
2625 5087 2690 5142 Β.
2730 5085 2958 5157 Virginis
2991 5088 3081 5157 lib.
3118 5106 3189 5151 ιν,
3235 5106 3287 5147 c.
3322 5094 3373 5154 l,
3409 5085 3602 5148 ubi—ex

2027 5156 2596 5233 plenitudinegratiie,
2657 5156 2833 5228 quam
2874 5157 2933 5211 Β.
2986 5156 3191 5233 Virgini
3239 5163 3602 5233 annuntiavit

2033 5227 2279 5301 angelus,
2306 5227 2445 5301 hanc
2472 5227 2617 5301 elicit
2646 5227 3129 5301 consequentiam:
3174 5250 3195 5283 ι
3234 5230 3433 5287 Sancta
3475 5230 3602 5286 Vir-

2037 5298 2322 5372 go‘liabuit
2347 5298 2739 5372 plenitudinem
2779 5299 2999 5372 gratius,
3032 5302 3165 5355 utin
3208 5303 3446 5371 quodam
3476 5319 3601 5357 esse

2030 5368 2203 5426 fotali.
2248 5368 2390 5440 Ergo
2418 5371 2533 5439 ipsa
2558 5368 2659 5423 fuit
2680 5370 3022 5440 abpriginali
3052 5368 3435 5440 przcservataa
3468 5372 3601 5429 Vide

2026 5442 2249 5509 insuper
2277 5438 2730 5495 Bartlmlomaeum
2752 5438 3009 5494 Pisanum
3044 5438 3095 5495 in
3136 5443 3229 5499 lib.
3260 5458 3298 5508 ι,
3333 5448 3398 5497 de
3424 5444 3597 5502 Laud.

2025 5511 2088 5566 B.
2118 5511 2269 5582 Virg.
2306 5511 2485 5582 fructu
2520 5512 2573 5575 7,
2620 5511 2701 5582 sic
2740 5512 2810 5565 ibi
2840 5511 2980 5565 inter
3004 5513 3107 5567 alia
3140 5512 3343 5569 fantem
3380 5533 3393 5567 :
3437 5533 3455 5566 ι
3485 5514 3614 5567 Ma-

2025 5583 2104 5637 ria
2132 5579 2354 5653 vocatur
2393 5581 2559 5636 Mater
2614 5579 2831 5640 Gratia}.
2884 5582 3050 5651 igitur
3113 5587 3257 5639 nulla
3286 5587 3459 5653 gratia
3494 5586 3601 5641 sibi

2025 5654 2091 5727 de
2127 5652 2429 5727 fuitquoad
2447 5667 2756 5727 numerum,
2782 5653 3080 5727 secundum
3103 5652 3509 5727 Hieronymum,
3547 5666 3603 5713 et

2024 5724 2102 5800 sic
2144 5724 2321 5800 quoad
2358 5723 2744 5800 usum,»igitur
2792 5724 2980 5781 habuit
3010 5727 3238 5796 gratiam
3299 5723 3621 5800 praescwao

2024 5795 2188 5853 tionis
2211 5795 2279 5851 ab
2312 5793 2587 5865 originali.
2620 5812 2646 5847 ι
3014 5793 3037 5796 ’
3299 5793 3317 5800 ’
3615 5799 3620 5805 ’
