4038 6602
492 379 621 436 ιδθι

1592 374 1650 436 S.
1695 374 2012 436 JOSEPIII
2055 373 2619 439 HYMNOGBAPHI

3592 374 3712 438 1332

555 482 635 536 Tu
684 496 806 553 qua:
858 480 1036 539 lucem
1102 482 1357 554 genuisti,
1409 482 1594 541 cordis
1661 486 1770 542 mei
1825 486 2059 557 pupillas

2231 486 2352 551 Φῶς
2383 484 2754 557 τεκοῦσα,τῆς
2798 483 3029 557 καρδίας
3074 470 3177 555 μου
3230 482 3330 548 τὰς
3373 483 3535 555 κόρας
3575 486 3717 540 ἀϐλε-

487 585 781 631 excatcatas
825 574 1094 644 illumina,
1120 586 1179 631 ut
1224 592 1320 647 per
1377 585 1429 632 te
1498 577 1731 633 salutem
1789 592 2061 634 consecu-

484 676 596 728 tus,
629 664 819 723 laudes
854 676 977 724 tuas
1028 668 1342 735 concinam,
1379 682 1412 721 0
1459 671 1609 723 omni
1670 667 1829 725 laude
1854 668 2064 741 dignis-

478 775 642 817 sttna.

728 867 812 921 Ea:
844 866 1053 923 Canone
1083 868 1231 939 feriw
1262 885 1336 935 vt,
1363 870 1434 924 ad
1466 868 1818 928 Matutinum.

556 1052 692 1107 Cum
744 1061 798 1108 te
845 1053 1155 1124 speciosum
1205 1053 1405 1122 forma,
1437 1056 1643 1113 nullam
1700 1056 1754 1113 in
1810 1057 2067 1129 passione

480 1143 721 1211 speciem
755 1151 848 1198 aut
879 1143 1132 1200 decorem
1159 1144 1362 1202 habere
1382 1146 1589 1202 videret
1615 1148 1841 1218 innupta
1867 1148 2063 1218 puella,

480 1250 604 1304 qua:
660 1246 747 1291 est
796 1236 1038 1291 ﬁdelium
1078 1237 1244 1294 decor
1269 1247 1325 1293 et
1372 1248 2067 1297 ornamentumzmaterna

484 1328 685 1394 pietate
704 1337 980 1387 commota
1015 1328 1276 1400 ejulabat,
1304 1340 1465 1403 teque
1504 1348 1629 1389 cum
1669 1333 1867 1389 all‘ectu
1897 1333 2069 1405 glori-

485 1419 722 1495 ﬁeabat_

558 1516 695 1573 Cum
739 1518 918 1587 illum,
947 1519 1041 1591 qui
1075 1535 1141 1575 ex
1173 1526 1224 1575 te
1264 1528 1424 1575 natus
1477 1528 1616 1584 erat,
1658 1519 1845 1577 lancea
1878 1518 2071 1578 vulne-

488 1616 670 1664 ratum
700 1611 911 1679 vidisti,
941 1615 1285 1668 vulneratum
1319 1622 1403 1669 est
1422 1628 1519 1668 cor
1554 1623 1729 1681 tuum,
1748 1630 1783 1670 o
1812 1614 2072 1672 omnibus

489 1704 702 1759 sanctis
737 1706 989 1775 superior
1064 1706 1359 1777 purissima
1408 1704 1576 1778 Virgo
1606 1706 1719 1778 (51)
1753 1716 1807 1763 et
1848 1716 2073 1778 stupore

490 1795 765 1864 perculsa,
795 1796 978 1853 dixisti
1010 1813 1024 1850 :
1058 1797 1197 1865 Quid
1231 1797 1325 1855 tibi
1373 1798 1646 1868 retribuit,
1700 1814 1735 1856 o
1781 1799 1877 1866 ﬁli,
1904 1814 2075 1872 popu-

492 1888 579 1943 lus
611 1888 807 1944 divinae
832 1890 967 1961 legis
996 1891 1246 1947 violator.

564 1982 731 2053 286
759 1983 868 2053 Ego
897 1994 948 2039 te
969 1984 1089 2039 sine
1119 1986 1327 2043 doloris
1350 1988 1605 2059 passione
1633 1990 1817 2060 peperi
1838 2008 1854 2058 ;
1872 1999 2081 2063 etquo-

496 2076 657 2130 modo
675 2092 822 2131 nunc
846 2088 896 2133 te
914 2077 1069 2133 video
1091 2079 1439 2148 passionibus
1462 2079 1753 2136 admistum
1771 2082 2081 2153 ?quomodo

494 2167 593 2223 has
626 2167 855 2235 perfers,
897 2183 930 2223 o
966 2168 1067 2224 Fili
1103 2170 1347 2224 aeterne?
1380 2170 1638 2227 Glorilico
1696 2172 2080 2241 longanimita-

494 2268 602 2313 tem
636 2269 807 2317 tuam.
842 2261 921 2316 lla
961 2262 1278 2318 exclamans
1306 2264 1486 2319 aiebat
1518 2263 1728 2336 γίνεαι

564 2351 643 2406 Ex
692 2353 875 2409 radice
908 2352 1080 2422 Jesse,
1110 2372 1144 2410 ο
1177 2355 1365 2428 Virgo,
1400 2357 1701 2426 pullulasti,
1736 2366 1791 2413 et
1818 2365 2078 2430 tanquam

492 2446 680 2504 liorem
708 2447 980 2514 protulisti
1003 2458 1239 2505 saturem
1267 2450 1453 2505 mundi
1480 2492 1495 2516 ,
1526 2450 1618 2521 qui
1645 2450 1887 2522 ejusdem
1918 2467 2079 2507 mun-

495 2540 548 2593 di
577 2541 829 2595 surculos
857 2542 1085 2598 arefecit
1131 2544 1314 2600 divina
1336 2546 1517 2602 crucis
1541 2545 1745 2616 planta,
1781 2562 1946 2618 quam
1988 2562 2079 2603 se-

495 2633 739 2693 cundum
762 2649 982 2690 carnem
1014 2636 1279 2706 suscepit.

567 2726 703 2780 Cum
751 2735 1028 2796 pastorem
1078 2742 1144 2783 ac
1210 2726 1501 2783 Dominum
1560 2730 1783 2786 vidisset
1840 2746 1977 2803 agna
2023 2733 2078 2788 in

496 2819 644 2890 l‘gno
700 2820 992 2885 elevatum,
1034 2820 1085 2875 in
1141 2821 1398 2888 lamenta,
1440 2831 1630 2892 utpote
1678 2833 1873 2890 mater,
1895 2839 2078 2879 erum-

496 2928 632 2983 pvns
683 2912 980 2969 clamavit:
1033 2912 1315 2980 Quodnam
1371 2916 1685 2987 mysterium
1743 2932 1940 2972 novum
1994 2926 2080 2974 est

499 3006 622 3072 hoc,
659 3022 692 3062 o
735 3006 849 3061 liii?
880 3006 1167 3073 Quomodo
1193 3022 1317 3062 cum
1351 3008 1427 3064 sis
1458 3008 1785 3065 immortalis
1814 3009 1866 3063 in
1898 3024 2080 3065 essen-

500 3100 597 3164 tia,
622 3109 852 3155 mortem
888 3102 1176 3172 suscepisti
1209 3141 1224 3166 ,
1264 3101 1450 3158 volens
1498 3118 1529 3157 a
1581 3104 1932 3175 corruptione
1980 3107 2079 3163 bo-

501 3195 678 3252 mines
709 3196 981 3252 liberare?

569 3288 916 3361 Cruciligeris
972 3291 1298 3356 voluntarie,
1338 3308 1371 3348 ο
1402 3292 1507 3349 Fili
1539 3303 1765 3358 aeterne,
1801 3294 2078 3351 exclama-

499 3382 590 3437 bat
622 3381 847 3453 Deipara
872 3402 887 3451 ;
916 3388 1115 3441 etdum
1141 3402 1241 3455 ego
1265 3388 1495 3458 aspicio,
1521 3402 1665 3444 nunc
1699 3387 1908 3444 doloris
1943 3401 2083 3443 mm-

500 3477 757 3542 rorisque
804 3479 1128 3549 baptismate
1170 3480 1511 3550 immergitur
1546 3496 1729 3537 anima
1778 3498 1940 3538 mea:
1969 3481 2084 3537 Mo-

498 3569 638 3626 reris
664 3581 743 3634 tu,
769 3571 1121 3640 Redemptor,
1146 3572 1239 3643 qui
1279 3573 1485 3642 praebes
1518 3574 1680 3629 vitam
1704 3576 2028 3631 canentibus
2063 3591 2077 3631 :

499 3659 825 3716 Benedictus
850 3676 929 3725 es,
961 3660 1119 3728 Deus,
1150 3671 1257 3718 etc.

572 3747 616 3802 Ο
646 3747 747 3803 Fili
797 3750 1061 3807 altissime
1094 3760 1147 3808 et
1177 3762 1414 3818 aeterne;
1481 3764 1665 3825 sputa,
1697 3756 1921 3827 probra,
1952 3772 2080 3814 cru-

498 3854 615 3895 einn
676 3842 929 3910 toleras;
970 3845 1181 3900 calamo
1241 3862 1337 3916 per
1406 3847 1701 3904 ludibrium
1752 3852 2075 3920 percuteris,

500 3937 680 3990 ai-hat
727 3935 996 4007 Deipara;
1050 3954 1302 4009 magnam
1360 3940 1677 4009 patientiam
1738 3951 1886 3998 tuam
1914 3944 2081 4015 glori-

499 4028 776 4094 lico,l“ili,
807 4045 968 4099 quem
1004 4031 1155 4101 pueri
1207 4032 1555 4098 benedicunt,
1605 4036 1918 4094 sacerdotes
1966 4037 2083 4092 lau-

501 4132 652 4187 dant,
681 4123 865 4193 populi
892 4124 1299 4194 superexaltant
1336 4126 1386 4180 in
1410 4127 1633 4183 saecula.

576 4213 727 4279 Fers,
778 4230 812 4270 ο
873 4215 1101 4271 Domina
1152 4217 1432 4283 inviolata,
1463 4218 1729 4275 ferentem
1784 4220 1990 4287 omnia,
2028 4230 2084 4277 et

501 4316 655 4365 tenes
691 4308 744 4362 in
795 4308 1052 4365 manibus
1101 4318 1159 4365 ut
1205 4309 1491 4381 infantem,
1523 4312 1698 4379 illum,
1744 4314 1837 4383 qui
1888 4329 1988 4370 nos
2016 4316 2084 4371 de

500 4415 665 4455 manu
690 4400 967 4457 bellatoris
996 4402 1171 4459 hostis
1195 4403 1446 4460 liberavit
1472 4424 1485 4461 ε
1515 4415 1572 4465 ct
1595 4406 1827 4462 intueris
1855 4407 1907 4461 in
1937 4408 2083 4479 ligno

499 4494 693 4548 Crucis
726 4494 1045 4556 exaltatum.
1080 4495 1254 4559 illum,
1279 4496 1373 4565 qui
1427 4512 1494 4551 ex
1549 4496 1770 4551 malitiae
1820 4512 1920 4551 nos
1954 4512 2081 4567 pro-

499 4584 826 4641 fundissima
864 4586 1121 4657 voragine
1156 4588 1379 4657 eripuit.

744 4711 829 4767 Ea:
860 4710 1070 4766 Conone
1110 4714 1354 4779 Sabbati,
1381 4716 1449 4769 ad
1483 4713 1835 4769 Matutinum.

570 4838 866 4897 Cherubim
914 4848 1078 4910 atque
1129 4838 1413 4911 Seraphim
1469 4843 1761 4899 sanctitate
1827 4843 2079 4915 superior

569 5018 684 5089 (3i)
741 5016 909 5073 Favet
959 5019 1198 5076 Jacobus
1268 5018 1791 5091 ,Christopolitanus
1841 5021 1970 5076 dum
2028 5024 2081 5077 in

498 5090 815 5145 Cnnnnent.
881 5106 983 5145 suo
1032 5090 1197 5158 s’uper
1254 5090 1567 5158 Magniﬁca:
1612 5092 1755 5147 inter
1810 5093 1917 5146 alia
1973 5092 2082 5146 ait:

506 5180 527 5214 ι
562 5159 723 5233 Nulla
752 5159 1201 5233 fuitigratiadata
1230 5162 1389 5233 alicui
1423 5171 1707 5233 creaturae,
1761 5164 1891 5233 quin
1922 5162 2088 5217 fuerit

501 5234 628 5285 data
669 5232 874 5303 Virgini
908 5230 1113 5286 Marize.
1150 5232 1252 5288 Sed
1294 5232 1455 5303 primi
1495 5230 1793 5301 parentes,'
1810 5244 1863 5287 et
1907 5234 2082 5297 angeli

499 5302 728 5359 fuerunt
765 5302 931 5358 ereati
960 5304 1012 5355 in
1045 5304 1241 5372 gratia.
1301 5302 1442 5372 Ergo
1486 5304 1590 5358 hoc
1622 5320 1732 5358 non
1766 5303 1939 5357 defuit
1965 5302 2086 5355 Vir-

502 5376 612 5443 gini
650 5373 886 5428 Marias.»
932 5372 1023 5427 Sic
1046 5372 1156 5427 ille.
1192 5373 1624 5429 Bartholomaeus
1654 5375 1816 5429 etiam
1852 5376 1919 5428 de
1945 5374 2086 5427 Pisis

504 5449 554 5499 in
580 5460 682 5497 suo
707 5444 884 5515 Opere
906 5444 971 5497 de
1002 5443 1174 5498 Laud.
1207 5444 1271 5499 Β.
1316 5444 1462 5514 Virg.
1508 5445 1601 5500 lib.
1631 5445 1671 5511 ι,
1695 5445 1873 5501 fructu
1891 5445 1941 5507 Ἰ,
1970 5445 2045 5498 ait
2076 5462 2090 5498 :

507 5534 526 5564 ι
551 5515 664 5587 Non
689 5518 870 5571 minus
899 5515 1002 5570 fuit
1025 5517 1187 5585 digna
1214 5515 1383 5571 Mater
1403 5516 1629 5581 Christi,
1652 5533 1815 5586 quam
1840 5518 2087 5587 angelus,

466 5630 469 5633 ,
504 5586 677 5639 Adam
724 5597 778 5639 et
810 5587 917 5640 I‘Jva
946 5603 960 5653 ;
994 5587 1089 5641 sed
1122 5587 1173 5640 in
1195 5603 1294 5642 sua
1326 5587 1564 5643 factione
1588 5590 1791 5643 nullam
1822 5588 2086 5642 maculam

507 5656 831 5729 [tabuerunln
869 5657 1106 5729 Igitur...
1128 5676 1147 5709 ι
1176 5658 1306 5712 Item
1340 5677 1355 5713 :
1394 5677 1413 5710 ι
1439 5658 1554 5713 Νοη
1593 5662 1774 5715 minus
1803 5672 1885 5714 est
1920 5660 2086 5729 digna

503 5724 698 5799 Maria,
723 5724 1113 5798 quam—aliquis
1137 5729 1230 5797 qui
1257 5730 1484 5799 inpuris
1504 5730 1845 5786 naturalibus
1874 5724 2088 5785 creare-

511 5804 624 5870 tur.
649 5794 755 5870 Sed
787 5799 876 5870 ille
903 5794 1257 5870 non'liabéret
1282 5794 1583 5869 peccatum.
1609 5802 1779 5870 Igitur
1800 5817 1895 5855 nec
1919 5800 2086 5854 Maria

492 5865 718 5940 liabuit.
755 5886 772 5919 ι
801 5866 1169 5925 Brrnardinus
1198 5865 1413 5929 auouue
1438 5865 1717 5929 30:16"ng
1746 5873 1798 5927 in
1842 5887 1940 5928 suo
1968 5870 2087 5925 Ma-

2169 577 2431 643 πτούσας,
2461 577 2802 649 πανύμνητε,
2830 575 3089 647 φώτισον,
3120 574 3211 630 ἱνα
3258 574 3411 646 ὑμνῶ
3443 591 3500 628 σε
3528 575 3609 630 διὰ
3634 576 3715 631 σοῦ

2171 669 2502 743 σωζόμενος.

2184 872 2286 927 Ἕκ
2326 872 2432 928 τοῦ
2466 872 2734 940 Κανόνος
2766 871 2899 997 τῆςθ
2912 868 3335 939 Hapacrxsvﬁc,
3363 870 3449 936 εις
3478 870 3579 925 τὸν
3608 874 3719 942 Ὀρ-

2898 958 3032 997 por.

2892 958 3032 1011 vpor.

2243 1056 2454 1122 Κάλλος
2479 1058 2538 1112 ἑν
2568 1056 2646 1128 τῷ
2677 1055 2911 1127 πάσχειν
2930 1055 3135 1127 ὡραῖον
3162 1055 3222 1109 έν
3255 1053 3443 1108 κάλλει
3475 1053 3571 1107 οὐκ
3598 1050 3720 1120 εἶδος

2176 1150 2370 1222 ἔχοντα
2397 1152 2432 1223 ἡ
2470 1151 2845 1223 ἀπειρόγαμος
2874 1146 3217 1204 κατανοοῦσά
3247 1163 3306 1200 σε
3330 1146 3500 1218 Κόρη,
3526 1147 3625 1201 τῶν
3643 1165 3721 1200 πι-

2175 1241 2317 1296 στῶν
2340 1243 2402 1296 τὸ
2427 1240 2876 1313 ὲγκαλλώπισμα,
2897 1239 3180 1313 μητρικῶς
3202 1238 3462 1311 ἠλάλαζε,
3489 1238 3578 1293 καὶ
3593 1238 3722 1308 πόθῳ

2176 1350 2236 1389 σε
2272 1334 2545 1403 ἐδόξαζεν.

2247 1518 2320 1574 Σὺ
2342 1517 2435 1573 τδν
2468 1518 2535 1573 ὲκ
2567 1517 2664 1574 σοῦ
2695 1517 2959 1589 τεχθέντα
2996 1517 3074 1583 ὡς
3103 1516 3340 1588 causa;
3384 1514 3723 1586 τιτρωσκόμε-

2175 1628 2267 1667 νον
2304 1610 2494 1683 λόγχῃ,
2534 1610 2779 1683 ἑτρώθης
2835 1610 2936 1683 τὴν
2978 1608 3230 1681 καρδίαν,
3285 1606 3557 1678 ὑπεραγὶα
3604 1624 3725 1660 πανο

2178 1705 2399 1775 άμωμε,
2430 1704 2522 1759 καὶ
2553 1703 2908 1775 θαμὸουμένη
2935 1702 3149 1774 ἐλεγεςο
3168 1700 3235 1758 Τί
3252 1717 3335 1756 σοι
3355 1700 3620 1768 ἀπέδωκε,
3646 1700 3727 1755 τέ-

2180 1814 2327 1865 κνον,
2358 1796 2529 1868 δῆμος
2555 1796 2584 1849 ὁ
2612 1796 2965 1868 παρώλομοςς

2266 1980 2456 2048 Ἐκτός
2492 1999 2554 2036 σε
2588 1980 2800 2046 πάθους
2843 1979 3156 2053 ἀπεκύησα,
3200 1978 3297 2035 καὶ
3324 1977 3446 2042 πῶς
3476 1975 3646 2047 βλέπω
3679 1992 3729 2030 σε

2183 2075 2278 2131 νῦν
2312 2075 2474 2130 πάθει
2502 2074 2973 2148 προσομιλοῦντα;
3007 2073 3127 2137 πῶς
3152 2072 3341 2143 φέρεις
3366 2068 3559 2135 τοῦτο;
3592 2068 3733 2139 ἐκρα-

2183 2169 2296 2234 ζεν,
2313 2167 2523 2240 άναρχε
2551 2167 2671 2233 Υἱὲ,
2697 2168 2732 2239 ἡ
2764 2166 3064 2239 Παρθένος,
3091 2163 3300 2231 δοξάζω
3334 2178 3433 2216 σου
3456 2160 3517 2216 τδ
3546 2161 3733 2232 μακρό-

2182 2260 2376 2315 θυαον.

2392 2352 2570 2426 ρἱης,
2591 2350 2767 2422 Κόρη,
2783 2349 2986 2404 Ἰεσσαὶ
3016 2346 3360 2420 βλαστάνεις,
3384 2347 3480 2400 καὶ
3502 2346 3574 2411 ὡς
3598 2344 3737 2410 ἄνθος

2182 2446 2518 2520 προσφέρεις
2568 2443 2659 2498 τὸν
2696 2443 3003 2516 φυτουργὸν
3037 2441 3132 2495 τοῦ
3183 2440 3422 2513 κόσμου,
3468 2438 3734 2509 παραφυά-

2180 2542 2278 2604 δας
2331 2538 2645 2610 ξηράναντα
2675 2536 2805 2607 θεὶῳ
2849 2536 3002 2607 φυτῷ
3050 2534 3145 2590 τοῦ
3183 2533 3454 2607 σταυροῦ,
3497 2534 3554 2588 δν
3595 2532 3737 2603 σαρκὶ

2183 2629 2533 2694 κατεδέξατο.
3554 2698 3557 2699 ν

2250 2724 2355 2778 Τὸν
2387 2721 2623 2795 ποιμένα
2651 2720 2868 2795 πρῶτον
2901 2721 2997 2774 καὶ
3036 2718 3317 2787 Δεσπότην
3351 2716 3495 2788 ξύλῳ
3522 2715 3737 2788 ὁρῶσαή

2181 2816 2360 2887 ἀμνὰς
2390 2815 2856 2886 έναπῃωρήμενον
2882 2809 3234 2883 θρηνῳδοῦσα
3277 2808 3563 2881 μητρικῶς
3606 2806 3737 2859 ἐϐόα·

2186 2909 2252 2962 Τί
2286 2907 2467 2972 τοῦτο,
2512 2906 2720 2969 τέκνον,
2767 2905 2828 2959 τὸ
2868 2904 3053 2957 καινὸν
3085 2903 3428 2974 μυστήριον;
3472 2900 3585 2965 πῶς
3622 2898 3740 2954 aea.

2180 3017 2340 3064 νατος
2371 2999 2433 3053 τὸ
2465 2997 2585 3054 κατ’
2612 2997 2799 3050 οὐσίαν
2827 2995 3109 3066 ὑπάρχων,
3138 2993 3374 3048 θάνατον
3390 2992 3611 3059 δέδεξαι,
3634 2989 3741 3053 τοὺς

2183 3090 2404 3163 βροτοὺς
2431 3090 2600 3145 θέλων
2631 3091 2696 3143 ὲκ
2724 3087 2929 3160 φθορᾶς
2956 3084 3454 3158 ἀπολυτρώσασθαι
3478 3099 3493 3149 ;

2261 3277 2603 3353 Σταυροῦσαι
2652 3275 2906 3348 θέλων,ή
2956 3271 3221 3338 Θεοτόκος
3280 3268 3612 3343 ὲκραύγαζε·
3661 3264 3741 3322 καὶ

2185 3372 2612 3445 δρῶσα,άναρχε
2643 3371 2762 3437 Υἱὲ,
2788 3370 2935 3441 λύπῃ
2963 3369 3065 3441 τὴν
3089 3366 3271 3439 ψυχὴν
3301 3365 3403 3420 νῦν
3430 3359 3742 3420 καταδαπτὶ-

2185 3468 2372 3539 ζομαιο
2407 3465 2660 3535 θνήσκεις
2686 3464 2795 3536 γάρ
2825 3462 3081 3534 παρέχων
3109 3459 3257 3532 ζωὴν
3294 3460 3415 3524 τοῖς
3449 3454 3740 3531 μελῳδοῦσι’

2186 3559 2456 3632 Λυτρωτά
2479 3559 2507 3612 ὁ
2533 3558 2687 3625 Θεὸς,
2719 3556 3011 3629 εὐλογητὸς
3040 3548 3112 3609 εἴ.

2282 3747 2529 3821 Υψιστε,
2576 3746 2782 3818 άναρχε
2838 3744 2957 3810 Υἱὲ,
2996 3743 3189 3816 φέρεις
3235 3739 3635 3814 ὲμπτύσματα,
3663 3734 3744 3789 καὶ

2184 3841 2383 3911 ὀνείδη,
2408 3840 2503 3895 καὶ
2534 3838 2795 3909 σταυρὸν,
2820 3836 3051 3909 καλάμῳ
3078 3833 3394 3898 παικτικῶς
3414 3830 3743 3901 τυπτόμενος,

2184 3938 2218 4007 ἠ
2258 3935 2518 3998 Θεοτόκος
2551 3934 2714 3989 ὲ66α’
2756 3932 2965 3999 δοξάζω
3010 3930 3109 4002 τὴν
3146 3929 3245 4001 σὴν
3279 3926 3673 4000 μακροθυμίαν,
3696 3920 3745 3973 ὃν

2188 4027 2375 4091 παῖδες
2429 4026 2771 4095 εὐλογοῦσιν,
2823 4026 2991 4095 ἱερεῖς
3039 4021 3383 4094 ἁνυμνοῦσι,
3428 4019 3550 4074 λαοὶ
3576 4016 3746 4089 iamp-

2186 4118 2413 4189 υψοῦσιν
2443 4119 2522 4183 εἱς
2553 4118 2763 4181 πάντας
2793 4117 2920 4181 τοὺς
2945 4116 3171 4180 αἰῶνας.

2253 4210 2444 4283 Φέρεις
2470 4212 2561 4266 τὸν
2583 4212 2820 4283 φέροντα
2844 4209 3042 4276 πάντα,
3071 4209 3165 4263 καὶ
3191 4208 3451 4279 κατέχεις
3476 4207 3548 4271 ὡς
3572 4204 3746 4277 βρέφος

2185 4307 2243 4360 ὲν
2272 4305 2393 4369 ταῖς
2433 4304 2589 4375 χερσὶ⁵
2629 4304 2721 4359 τὸν
2762 4304 2827 4357 ἐκ
2864 4300 3047 4373 χειρδς
3090 4300 3400 4374 ῥυσάμενον
3438 4299 3580 4370 ἡμᾶς
3610 4293 3746 4347 πολεο

2189 4399 2312 4469 μὶου
2340 4396 2560 4471 ἐχθροῦ,
2593 4396 2833 4467 ἇχραντε
2869 4394 3159 4458 Δέσποινα,
3191 4392 3285 4447 καὶ
3320 4391 3462 4463 ὁρᾷς
3492 4390 3582 4444 lxi
3611 4385 3745 4452 ξύλου

2186 4492 2491 4563 ὑψούμενον
2521 4488 2759 4562 σταυροῦ
2787 4489 2877 4544 τὸν
2907 4490 2972 4542 ὲκ
2998 4486 3192 4558 βόθρου
3237 4484 3443 4547 κακίας
3487 4482 3628 4554 ἡμᾶς
3664 4480 3746 4549 ρυ-

2117 4584 2162 4639 D
2194 4586 2449 4656 σάμενον.

2203 4716 2303 4769 Ἐκ
2342 4711 2448 4767 τοῦ
2470 4712 2725 4775 κανόνος
2751 4708 2858 4763 τοῦ
2900 4705 3227 4771 Σαϐϐάτου,
3248 4707 3336 4772 εὶς
3357 4706 3468 4759 τὸν
3501 4704 3745 4772 Ὀρθρεν.

2267 4839 2592 4914 Ἵερωτέρα,
2640 4837 2810 4909 ἁγνὴ,
2860 4834 2971 4889 τῶν
3042 4830 3328 4905 Χερουϐὶμ
3389 4833 3486 4887 καὶ
3528 4826 3749 4901 Σεραοὶμ

2193 5024 2319 5077 riali
2353 5036 2520 5077 serm.
2551 5017 2692 5090 5,7de
2712 5014 3361 5090 _conceptione_pa_rte_t,
3387 5010 3463 5065 ita
3489 5008 3748 5090 loquitur:

2199 5113 2217 5145 σ
2265 5095 2401 5146 Cum
2443 5089 2652 5159 angelis
2711 5086 2979 5159 Dominus
3024 5084 3236 5159 dederit
3291 5084 3653 5159 innocentiam
3706 5084 3748 5127 tu

2193 5164 2471 5218 creatione
2513 5151 2846 5233 illorumtut
2877 5158 3111 5233 habent!
3134 5171 3171 5233 ιι
3200 5156 3365 5233 Sent._
3589 5158 3638 5204 et
3673 5160 3753 5233 per

2193 5234 2486 5305 Augustin.
2507 5234 2571 5305 _in
2596 5247 2716 5305 vim,
2747 5229 2822 5305 De
2854 5228 3001 5305 civit.
3023 5226 3194 5305 _Dei,_
3218 5234 3272 5279 et
3304 5223 3578 5305 _similiter
3610 5223 3752 5305 prfuit

2233 5288 2450 5358 arcntes
2501 5288 3232 5371 fuerintoriginalijustitia
3275 5294 3559 5371 _dec_orati,
3585 5288 3639 5346 ut
3668 5288 3750 5371 ita-

2233 5320 2450 5358 arentes
2501 5320 2703 5357 ruerint
2728 5320 2983 5371 orlglnatl
3014 5320 3232 5369 Jusuua
3287 5320 3559 5357 uccurau,
3586 5320 3639 5346 ut
3670 5320 3747 5366 uu-

2196 5320 2399 5429 Eetura
2448 5373 2738 5444 Theologis
2795 5374 2846 5444 in
2880 5370 2937 5444 2,
2971 5369 3026 5424 d.
3050 5367 3121 5423 29
3147 5379 3207 5444 _et_
3238 5367 3307 5421 ab
3356 5366 3616 5444 Anselmo

2204 5447 2311 5499 Ide
2351 5454 2615 5516 conceptu
2659 5431 2954 5516 virginali.1
3004 5438 3304 5516 requiritur
3349 5436 3497 5516 quod
3525 5434 3585 5516 si.
3627 5431 3750 5516 dicta

2194 5517 2367 5582 gratia
2394 5508 2661 5569 data'non
2695 5508 2888 5567 fuisset
2918 5510 2982 5564 Β.
3008 5508 3265 5582 Virgini,
3295 5508 3412 5582 suis
3446 5508 3618 5560 servis
3649 5508 3746 5582 ἰρξξ

2194 5568 2421 5661 inferior
2476 5568 2968 5661 exstitissetiquod
3010 5568 3301 5661 estvyalde
3350 5568 3751 5661 absonum}?

2191 5658 2313 5712 ilco
2347 5665 2431 5713 cst
2493 5646 2968 5728 concludendum,
3014 5649 3371 5728 quodetiam
3418 5648 3537 5728 ipsa
3586 5646 3747 5728 fuitin

2190 5744 2289 5784 sua
2326 5726 2688 5798 conceptione
2716 5722 3225 5798 originalijustitia
3271 5721 3532 5788 insignita
3567 5735 3580 5770 :
3614 5722 3744 5798 .gltlg

2190 5777 2298 5854 n6}.
2899 5777 3036 5848 Filio
3093 5777 3221 5862 suo,
3270 5777 3434 5863 qualn
3481 5777 3748 5859 angeli-Vel

2193 5871 2351 5937 primi
2383 5877 2657 5940 parentes.
2701 5888 2719 5921 ι
2755 5868 2845 5925 Sic
2869 5865 3088 5921 ltustus.
