4038 6606
309 442 450 505 i333

1675 480 1684 485 -
1734 442 2100 503 MARIALE.

3446 443 3588 506 1334

304 546 620 620 ἀνεδείχθης
665 543 902 601 τεκοῦσα
946 543 1037 598 τὸν
1082 545 1327 618 Ποιητὴν
1374 546 1475 617 τῆς
1518 546 1783 615 κτίσεως,
1831 548 1892 602 ὃν

2040 550 2172 617 iisti,
2199 566 2233 607 ο
2284 535 2470 624 Virgo,
2504 552 2909 625 qundoquidem
2938 564 3313 609 creaturarum
3341 557 3590 611 omnium

305 641 673 706 ἀναπαύστως
700 638 942 695 δυσὼπει
971 639 1314 714 οίκτειρῆσαι
1355 642 1483 706 τοὺς
1519 639 1739 706 δούλους
1780 658 1896 709 σου,

305 739 433 804 τούς
466 755 524 792 σε
550 734 895 804 δοξάζοντας.

2003 642 2289 701 Factorem
2319 646 2616 717 peperisti;
2655 661 2815 715 quem
2842 645 3075 701 assiduis
3109 645 3591 702 obsecrationibus

2004 752 2099 793 ora
2149 748 2206 793 ut
2237 738 2562 795 misereatur
2577 739 2742 810 287
2761 754 3050 795 servorum
3080 748 3320 803 tuorum,
3352 738 3447 809 qui
3482 738 3599 808 glo-

2006 833 2143 885 riam
2182 840 2331 887 tuam
2367 835 2681 888 deeantant.

379 927 446 980 Ai
473 927 563 981 τὸν
602 927 841 1000 Χριστὸν
874 928 1187 1001 ποθήσασαι
1211 928 1474 999 γυναῖκές
1509 944 1569 983 σε
1610 927 1711 1000 τὴν
1736 926 1902 983 αὐτὸν

2074 923 2354 992 Mulieres,
2379 940 2501 997 quae
2527 924 2732 982 Christi
2765 940 2957 981 amore
2991 940 3057 981 ac
3088 924 3364 980 desiderio
3396 923 3597 994 llagra-
3623 888 3645 1028 ι

307 1019 640 1090 ἁπορῤἡτως
673 1023 983 1086 τετοκυῖαν,
1025 1022 1376 1093 πανάχραντε
1403 1021 1695 1088 Δέσποινα,
1728 1036 1902 1091 γεγη-

2040 1026 2166 1086 ant;
2196 1018 2343 1074 circa
2400 1028 2474 1082 te,
2520 1034 2553 1073 ο
2608 1016 2839 1073 Domina
2899 1018 3597 1088 immaculatissima,qute

311 1112 425 1165 θότι
458 1110 701 1183 λογισμῷ
728 1113 1099 1185 περιεστῶσαι
1129 1114 1473 1187 χορεύουσιν.

394 1298 455 1351 '0
504 1296 729 1369 Κύριος,
769 1296 1026 1368 ἄχραντε,
1064 1298 1129 1352 ὲκ
1168 1296 1263 1353 σοῦ
1304 1297 1563 1371 ἀρρήτως
1592 1296 1774 1370 σάρκα
1802 1315 1904 1369 φο-

316 1390 503 1458 ρέσας,
528 1391 638 1444 τῶν
662 1390 904 1459 γυναίων
935 1391 1026 1444 τὸν
1049 1392 1352 1460 κατάλογον
1377 1392 1436 1446 ὲν
1452 1391 1673 1463 ἀνδρείᾳ
1698 1391 1903 1461 διηγω-

312 1483 567 1552 νισμένον
592 1484 933 1554 προσήκατο.

398 1595 665 1666 Ῥυομὲνη
692 1597 840 1667 ἡμᾶς
866 1596 1049 1668 πάσης
1073 1596 1273 1668 φάνηθι
1304 1596 1400 1652 τοῦ
1441 1595 1639 1669 ἐχθροῦ
1673 1595 1911 1669 βλάϐης,

311 1685 602 1754 Δέσποινα,
651 1687 975 1756 δυσωποῦσα
1018 1688 1253 1762 Χριστὸν
1300 1690 1393 1743 τὸν
1440 1690 1603 1762 μόνον
1627 1687 1906 1759 εὔσπλαγ-

312 1796 463 1849 χνον.

2003 1111 2258 1167 eumdem
2285 1111 2632 1168 inell'abiliter
2654 1126 2968 1184 pepereras,
3004 1111 3134 1167 laeto
3171 1112 3355 1167 animo
3378 1112 3609 1166 stabant

2008 1219 2074 1261 ac
2107 1203 2502 1274 tripudiabant.
3288 1276 3309 1283 _

2075 1294 2340 1351 Dominus
2366 1295 2477 1361 ille,
2518 1295 2612 1367 qui
2652 1311 2716 1351 ex
2748 1306 2833 1364 te,
2858 1312 2892 1351 ο
2922 1294 3214 1359 inviolata,
3247 1294 3604 1350 iueﬂ‘abiliter

2006 1402 2174 1444 carne
2205 1389 2440 1446 amictus
2470 1400 2575 1455 est,
2613 1388 2892 1455 mulieres,
2919 1404 3042 1459 qua;
3075 1397 3299 1444 strenue
3341 1388 3593 1444 decerta-

2006 1491 2224 1551 verunt,
2249 1483 2496 1539 virorum
2527 1482 2751 1539 fortium
2806 1483 3057 1554 cataIOgo
3088 1482 3365 1554 ascripsit.

2076 1592 2271 1649 Libera
2308 1609 2431 1661 nos,
2470 1594 2727 1659 Domina,
2754 1593 2824 1649 ab
2881 1594 3033 1649 omni
3082 1594 3291 1650 inimici
3349 1593 3600 1658 laesione,

2008 1686 2115 1741 tuis
2133 1685 2392 1756 precibus
2410 1686 2556 1756 apud
2574 1684 2863 1742 Christum
2878 1727 2891 1753 ,
2915 1686 3010 1757 qui
3032 1685 3183 1741 solus
3204 1685 3367 1741 habet
3388 1685 3609 1740 viscera

2009 1777 2421 1833 misericordiae.

380 1872 555 1944 Σαρκὶ
580 1872 819 1927 τεκοῦσα
856 1872 1094 1945 Χριστὸν
1134 1876 1233 1946 τῆς
1267 1850 1472 1947 σοῗρκός
1502 1893 1606 1946 μου
1635 1874 1706 1929 τὰ
1750 1873 1901 1945 πάθη

2076 1870 2157 1926 Tu
2197 1869 2381 1943 Virgo,
2410 1886 2534 1940 qua:
2570 1868 2850 1926 Christum
2888 1869 2942 1925 in
2975 1884 3144 1926 carne
3164 1868 3446 1941 peperisti,
3475 1886 3602 1926 car-
3664 1850 3669 1871 ³

310 1963 645 2028 θανάτωσον,
686 1963 778 2017 καὶ
821 1962 1065 2030 ζὼωσον,
1116 1964 1386 2037 Παρθένε,
1427 1966 1526 2038 τὴν
1571 1965 1753 2039 ψυχήν
1797 1981 1902 2035 μου

314 2054 570 2129 μεσιτείᾳ
610 2074 727 2112 σου.

393 2144 457 2197 ⁸0
493 2146 553 2199 σὲ
588 2146 858 2218 παρθένον
894 2147 1076 2214 δείξας
1099 2147 1269 2221 ἁγνὴν
1292 2150 1387 2202 καὶ
1411 2149 1553 2220 μετὰ
1589 2151 1770 2217 τόκον,
1799 2152 1911 2208 τῶν

312 2236 487 2305 ἁγίων
560 2255 622 2292 τε
686 2240 966 2310 γυναικῶν
1028 2241 1125 2306 τὰς
1188 2241 1417 2314 χορείας
1502 2242 1908 2310 ἁκολουθούσας

317 2330 589 2400 ἔσχηκας.

399 2423 574 2495 Ὅλην
601 2441 662 2477 σε
685 2422 915 2497 πλησίον
938 2425 1099 2493 Θεοῦ,
1139 2427 1410 2500 Παρθένε,
1442 2430 1601 2503 χορὸς
1626 2432 1908 2501 γυναικῶν

315 2515 630 2587 ἠγάπησεν,
678 2517 774 2571 καὶ
800 2517 895 2572 σοῦ
940 2519 1116 2573 ὀπίσω
1157 2522 1508 2594 προσηνέχθη
1558 2524 1637 2596 τῷ
1658 2525 1915 2597 Δεσπότῃ

313 2608 425 2663 τῶν
450 2609 587 2664 ὅλων
624 2611 932 2682 συμφώνως
967 2611 1295 2685 μακαρίζων
1322 2631 1404 2682 σε,
1439 2615 1699 2687 ἄχραντε.

397 2800 521 2864 Φῶς
557 2799 796 2856 τεκοῦσα
825 2798 1259 2876 φωταγώγησον,
1292 2802 1564 2875 Παρθένε,
1592 2804 1692 2877 τῆς
1732 2804 1911 2878 ψυχῆς

319 2910 425 2966 μου
461 2893 524 2948 τδ
572 2894 787 2964 σκότος,
830 2895 1105 2951 διώκουσα
1151 2896 1251 2966 τῆς
1296 2898 1597 2971 ἁμαρτίας,
1631 2899 1792 2972 ἁγνὴ,
1849 2900 1910 2954 ca

320 2987 386 3060 βα
397 2987 651 3060 ρύτατον.

874 3136 1079 3191 ΗΧΟΣ
1101 3135 1345 3194 ΒᾹΡΥΣ.

331 3259 437 3316 Ἐκ
473 3260 581 3317 τοῦ
602 3261 876 3332 Κανόνος
898 3261 1011 3335 τῆς
1038 3264 1345 3334 δευτέρας,
1376 3265 1463 3332 είς
1492 3263 1601 3320 τὸν
1632 3266 1897 3335 Ὄρθρον.
1927 3275 1973 3339 ρ

413 3404 482 3465 Ἦ
519 3412 823 3483 προστασία
857 3413 971 3467 τῶν
998 3412 1229 3478 πιστῶν,
1271 3414 1305 3486 ἡ
1346 3412 1457 3468 τῶν
1479 3412 1912 3485 ἁμαρτανόντων

318 3505 629 3577 ἐπιστροφὴ
672 3506 808 3578 πρὸς
840 3504 997 3573 Θεὸν,
1035 3506 1285 3578 Παρθένε
1317 3506 1648 3577 πανάμωμε,
1674 3508 1739 3578 τῇ
1781 3521 1915 3576 πρε-

322 3594 484 3666 σϐείᾳ
512 3612 630 3662 σου,
670 3596 845 3651 σῶσόν
892 3606 981 3667 με.

395 3686 547 3757 Μόνη
586 3688 824 3744 τεκοῦσα
857 3688 949 3742 τὸν
983 3689 1237 3761 οὐράνιον
1270 3689 1519 3761 βασιλέα,
1555 3690 1822 3763 Παρθένε,
1853 3692 1912 3745 ὲν

321 3780 450 3849 ἐμοὶ
504 3780 604 3851 τὴν
670 3780 1067 3853 βασιλεύουσαν
1119 3783 1398 3855 ἁμαρτίαν
1453 3783 1752 3850 κατάϐαλε,
1814 3784 1913 3838 καὶ

318 3870 643 3943 οἰκτείρασα
677 3873 854 3927 σῶσόν
886 3891 979 3944 με,
1016 3926 1025 3936 ,

395 3964 638 4035 Παρθὲνε
668 3965 828 4037 ἁγνὴ,
861 3964 1245 4036 θεοχαρίτωτε,
1278 3968 1635 4040 χαριτὼσασα
1661 3969 1752 4023 τὸν
1784 3968 1910 4023 νοῦν

324 4076 432 4129 μου
484 4057 579 4111 τοῦ
630 4063 943 4131 σκοτασμοῦ
990 4062 1089 4132 τῆς
1136 4060 1361 4130 ἀγνοίας
1412 4060 1631 4125 τελείως
1692 4060 1909 4114 ἐλευθέ-

326 4166 523 4221 ρωσον.

396 4247 496 4300 Διὰ
528 4246 646 4313 σοῦ,
681 4244 944 4315 παναγία,
979 4244 1063 4298 σοὶ
1104 4244 1333 4315 ποιήσας
1376 4243 1643 4313 μεγαλεῖα
1695 4245 1723 4298 ὁ
1772 4245 1908 4311 Θεὸς

322 4339 467 4409 ὑπὲρ
500 4339 659 4407 λόγον
704 4341 768 4393 ὲκ
808 4337 903 4393 σοῦ
938 4338 1303 4410 ἐσωματὼθη.
1352 4338 1527 4392 Αὑτὸν
1564 4332 1657 4393 οὖν
1694 4339 1911 4395 ἱκέτευε

321 4430 565 4493 ἐκτενῶς
590 4430 732 4502 ὑπὲρ
765 4430 1006 4484 πάντων.

407 4519 719 4591 Ὑμνοῦμέν
740 4537 820 4585 σε,
844 4518 1199 4592 ὐπερύμνητε
1218 4520 1394 4593 Κόρη,
1426 4522 1710 4592 κυήσασαν
1740 4523 1913 4595 ὑπερ-

2012 1962 2097 2019 ηἱε
2126 1977 2260 2018 meae
2276 1963 2560 2034 passiones
2592 1961 2887 2029 mortiﬁca,
2915 1971 2969 2018 et
2996 1962 3235 2018 animam
3267 1978 3442 2017 meam
3470 1963 3605 2018 vivi-

2012 2056 2113 2111 ﬁca
2145 2056 2539 2112 intercessibne
2564 2064 2679 2114 tua.

2078 2150 2191 2215 ille,
2215 2150 2311 2221 qui
2336 2160 2386 2205 te
2408 2150 2672 2221 virginem
2698 2150 2864 2206 etiam
2906 2159 3033 2222 post
3073 2159 3291 2221 partum
3332 2150 3608 2218 servavit,r

2010 2242 2227 2299 fecit‘ut
2264 2252 2581 2300 sanctarum
2612 2245 3099 2302 mulierumchori
3157 2244 3524 2315 tripudiantes
3551 2254 3604 2300 te

2011 2346 2392 2405 sequerentur.

2086 2430 2166 2487 Te
2228 2440 2401 2488 totam
2462 2431 2768 2503 proximam
2832 2430 3016 2497 Dei,o
3067 2429 3253 2500 Virgo,
3308 2431 3606 2487 mulierum

2011 2523 2215 2580 chorus
2260 2523 2560 2590 dilexit;et
2606 2532 2730 2595 post
2763 2531 2814 2579 te
2841 2523 3060 2579 oblatus
3098 2531 3180 2578 est
3218 2524 3464 2578 omnium
3498 2523 3605 2577 Do-

2013 2614 2184 2682 mino,
2216 2615 2479 2672 concordi
2524 2623 2747 2672 voce-te
2790 2613 3005 2671 beatam
3057 2613 3365 2685 appellans,
3397 2612 3600 2670 ointe-

2012 2714 2244 2762 merata.

2082 2797 2128 2854 Ο
2170 2797 2339 2870 Virgo
2398 2806 2574 2863 casta,
2625 2814 2748 2870 quae
2804 2797 2982 2855 lucem
3030 2796 3312 2870 peperisti,
3356 2796 3607 2854 illumina

2012 2892 2266 2947 tenebras
2294 2891 2492 2947 animae
2528 2907 2684 2955 meae,
2712 2891 3095 2963 gravissimam
3120 2906 3187 2947 ac
3216 2888 3611 2947 densissimam

2013 2985 2221 3057 peccati
2251 2986 2540 3056 caliginem
2576 2985 2891 3041 eliminans.

2542 3128 2776 3189 TONUS
2809 3129 3103 3189 GRAVIS:

2242 3265 2327 3320 Ea:
2360 3266 2575 3322 Canoue
2605 3264 2754 3336 feria:
2787 3282 2849 3331 η,
2884 3265 2955 3319 ad
2994 3262 3351 3320 Matutinum.

2096 3410 2141 3466 0
2172 3412 2338 3485 Virgo
2370 3421 2484 3469 tota
2516 3428 2678 3483 pura,
2708 3411 3077 3484 patrocinium
3125 3411 3389 3478 ﬁdelium,
3415 3426 3617 3483 pecca-

2016 3518 2194 3562 torum
2229 3506 2519 3563 conversio
2543 3506 2611 3562 ad
2640 3504 2850 3575 Deum;
2874 3505 3097 3562 salvum
3132 3520 3219 3562 me
3240 3505 3333 3562 lae
3353 3506 3612 3563 interces-

2015 3601 2169 3658 sione
2206 3611 2341 3656 tua..

2086 3694 2131 3748 Ο
2164 3691 2348 3764 Virgo,
2372 3708 2494 3763 qua:
2520 3692 2786 3763 singulari
2817 3692 3106 3765 privilegio
3134 3692 3409 3749 emlestem
3432 3708 3612 3763 regem

2015 3785 2311 3857 peperisti;
2349 3796 2633 3856 peccatum
2670 3787 2818 3857 quod
2859 3786 2914 3841 in
2944 3802 3031 3841 me
3053 3787 3389 3852 dominatur,
3413 3786 3610 3857 dejice,
3642 3842 3647 3843 ,

2013 3890 2067 3935 et
2104 3880 2367 3933 miserata
2393 3877 2606 3932 salvum
2639 3876 2724 3931 fac
2762 3892 2874 3932 me.

2084 3969 2134 4026 Ο
2180 3968 2346 4039 Virgo
2397 3981 2574 4035 caeta,
2609 3968 2813 4024 divina.
2846 3968 3023 4038 gratia
3078 3968 3415 4039 plenissima,
3448 3969 3611 4037 imple

2014 4062 2188 4133 gratia
2243 4071 2481 4118 mentem
2536 4077 2737 4127 meam,
2763 4070 2827 4117 et-
2860 4063 2929 4117 ab
2988 4062 3313 4134 ignorantiae
3365 4062 3609 4118 tenebris

2013 4154 2258 4225 perfecte
2288 4154 2460 4209 libera
2491 4170 2600 4210 me.

2085 4247 2188 4302 Per
2215 4257 2285 4312 te,
2306 4262 2340 4301 ο
2372 4248 2742 4314 sanctissima,
2776 4247 3063 4317 Dominus,
3086 4250 3177 4320 qui
3204 4248 3335 4304 fecit
3365 4246 3460 4302 tibi
3492 4262 3611 4301 ma-

2014 4338 2213 4410 gualia,
2239 4339 2407 4410 288
2431 4355 2597 4411 supra
2625 4341 2853 4397 rationis
2872 4351 3090 4411 captum
3115 4357 3181 4398 ex
3207 4350 3257 4397 te
3280 4352 3611 4412 corporatus

2013 4436 2115 4483 est.
2163 4426 2423 4482 Eumdem
2454 4444 2584 4499 ergo
2638 4445 2735 4499 pro
2774 4430 3051 4485 universis
3100 4430 3303 4486 obnixe
3359 4445 3609 4501 precare.

2084 4520 2402 4577 Laudamus
2432 4532 2504 4587 te,
2536 4537 2569 4576 o
2596 4522 2786 4578 Puella
2819 4523 2967 4579 omni
2998 4523 3159 4579 laude
3185 4525 3462 4594 superior,
3487 4539 3610 4592 qua:

334 4619 579 4684 ύμνητον
611 4614 811 4682 Λόγον,
844 4614 903 4668 ὃν
932 4614 1105 4669 πᾶσαι
1157 4615 1214 4668 αἱ
1272 4614 1534 4686 δυνάμεις
1586 4616 1914 4689 ἁνυμνοῦσιν

2040 4611 2265 4668 Verbum
2326 4614 2769 4684 superlaudabile
2826 4615 3108 4686 peperisti,
3141 4616 3286 4688 quod
3348 4617 3611 4671 universa!

326 4706 583 4778 οὐρανῶν
615 4708 901 4780 ἁσιγήτοις
933 4710 1165 4778 φωναῖς.

402 4895 574 4960 Bito;
608 4913 668 4949 σε
695 4895 1092 4968 προεικόνιζεν,
1142 4894 1303 4968 ἁγνὴ,
1344 4897 1421 4970 μὴ
1468 4894 1805 4969 φλεγομένψ
1856 4894 1918 4952 τὸ

327 4988 445 5060 πῦρ
479 4990 588 5060 γὰρ
616 4989 938 5059 ἀπεκύησας
968 4989 1031 5042 τδ
1064 4989 1350 5058 ἁστεκτον,
1385 4987 1655 5059 Παρθένε,
1688 4987 1771 5042 διδ
1807 4987 1918 5060 βοῶ

331 5097 438 5134 σοι·
474 5080 823 5151 Κατάφλεξόν
855 5098 957 5153 μου
990 5080 1060 5135 τὰ
1088 5079 1265 5154 ὑλώδη
1298 5080 1621 5153 παθήματα.

414 5263 611 5336 Ἐλύθη
659 5264 761 5336 τῆς
799 5263 1047 5337 κατάρας
1086 5264 1166 5338 τῷ
1190 5264 1338 5337 τόκῳ
1372 5280 1489 5329 σου,
1540 5261 1811 5334 Παρθένε,
1856 5262 1921 5317 τὸ

327 5359 682 5432 ἀνθρώπινον
714 5360 962 5433 φύραμα·
995 5359 1089 5415 τὸν
1134 5360 1244 5433 γὰρ
1290 5359 1731 5432 παντευλόγητον
1762 5358 1921 5414 εὐλο-

325 5452 479 5521 γίαις
502 5451 574 5507 τὰ
602 5452 778 5509 πάντα
802 5451 1115 5525 κοσμοῦντα
1137 5454 1399 5527 ἑκύησας.

406 5643 768 5706 Φωτιστικαϊς
804 5643 1188 5715 φρυκτωρίαις
1210 5642 1304 5696 τοῦ
1336 5641 1720 5705 ἀνατείλαντος
1745 5640 1921 5710 Λόγου

333 5738 402 5790 ἐκ
430 5734 548 5801 σοῦ,
577 5737 820 5807 Παρθένε
843 5736 1005 5808 ἁγνὴ,
1035 5734 1382 5804 καταύγασόν
1419 5752 1487 5808 με
1514 5732 1800 5809 ἁμαρτιῶν
1830 5732 1923 5787 καὶ

337 5828 530 5885 παθῶν
561 5830 619 5886 ὲν
646 5828 725 5902 τῷ
757 5829 939 5885 σκότει
971 5829 1405 5901 καλυπτόμενον.

2019 4706 2284 4763 caelorum
2348 4716 2649 4779 potestates
2703 4709 2934 4766 vocibus
2986 4726 3270 4783 nunquam
3322 4711 3629 4769 silentibus.

2019 4798 2358 4855 collaudant.

2092 4892 2564 4964 Praeliguravitte,
2596 4910 2629 4949 o
2656 4905 2809 4951 casta
2833 4937 2848 4963 ,
2886 4896 3081 4963 rnbus,
3114 4898 3207 4967 qui
3245 4914 3351 4954 non
3383 4901 3611 4954 combu-

2021 4985 2486 5056 rebatur;iguem
2550 4986 2753 5056 quippe
2808 4987 3209 5043 intolerabilem
3260 4990 3611 5059 pept-t'isti,.0

2021 5076 2211 5149 Virgo,
2238 5087 2521 5149 propterea
2544 5078 2721 5135 clamo
2750 5079 2818 5135 ad
2857 5088 2910 5135 te
2939 5097 2955 5137 :
2989 5080 3302 5136 Materiales
3323 5082 3611 5152 passiones

2022 5185 2174 5226 meas
2217 5171 2501 5226 combure.

2093 5262 2195 5317 Per
2221 5271 2436 5334 partum
2467 5272 2641 5325 tuum,
2675 5278 2708 5317 o
2744 5261 2927 5333 Virgo,
2961 5262 3201 5319 humana
3230 5280 3413 5322 massa
3440 5279 3470 5320 a
3498 5278 3610 5319 ma.

2025 5357 2317 5413 ledietione
2363 5356 2540 5411 soluta
2607 5366 2728 5411 est:
2761 5357 2959 5411 etenim
3012 5357 3165 5411 illum
3219 5367 3387 5412 totum
3447 5358 3610 5413 bencv

2025 5451 2230 5506 dictum
2256 5449 2530 5521 peperisti,
2556 5451 2649 5521 qui
2681 5451 2935 5506 universa
2959 5451 3428 5508 benedictionibus
3453 5467 3610 5508 exora

2028 5553 2143 5599 nat.

2100 5637 2481 5693 llluminativis
2538 5637 2922 5707 splendoribus
2990 5636 3155 5692 Verbi
3218 5640 3362 5709 quo-l
3421 5656 3485 5693 ex
3559 5649 3612 5699 te

2029 5732 2173 5785 velut
2231 5730 2313 5785 sol
2366 5740 2617 5785 exortum
2675 5741 2777 5796 est,
2830 5746 2863 5785 ο
2919 5730 3085 5801 Virgo
3140 5741 3313 5796 casta,
3366 5732 3629 5789 iliumina

2031 5842 2135 5886 me.
2188 5831 2539 5894 peceatorum
2601 5839 2666 5880 ac
2721 5825 3038 5895 passionum
3102 5826 3342 5882 tenebris
3398 5827 3609 5882 involm

2030 5928 2142 5971 tum
2154 5955 2165 5969 .
