4038 6594
494 408 633 474 1339

490 614 695 685 phetis,
726 612 1032 683 discipulis,
1063 622 1228 683 atque
1278 612 1533 667 omnibus
1580 611 1915 682 martyribus
1962 627 2085 681 gra—

494 705 624 758 tiam
657 703 884 774 largitus
904 718 983 768 es,
1000 711 1082 767 tu,
1108 702 1625 767 Deus,eorumdem,
1649 710 1702 754 et
1723 700 2084 759 immaculata:

493 792 686 848 matris
716 800 825 847 tua:
877 792 1387 859 intercessionibus,
1416 791 1691 846 universis
1726 792 1982 858 salutem,
2023 800 2080 847 et

496 884 958 950 misericordiam,
991 892 1180 955 utpote
1229 884 1656 955 benignissimus
1687 896 1751 938 ac
1799 884 2082 954 piissimus

496 976 758 1031 concede.

568 1067 886 1139 Oforceps,
940 1084 1062 1139 quae
1127 1068 1372 1124 divinum
1439 1068 1730 1123 carbonem
1792 1068 1846 1123 in
1905 1067 2079 1125 sacris

494 1158 800 1214 visceribus
846 1159 956 1215 tuis
1008 1159 1215 1230 absque
1262 1160 1371 1215 ulla
1423 1175 1649 1229 prorsus
1697 1159 2082 1214 combustiOne

494 1252 813 1321 suscepisti,
862 1252 1148 1319 combure,
1198 1266 1231 1307 ο
1307 1252 1642 1318 castissima,
1695 1260 1920 1321 peccata
1974 1267 2081 1307 no-

496 1352 634 1398 stra.

1593 406 1651 467 ς.
1688 405 2009 467 JOSEPHI
2048 404 2617 469 HYMNOGRAPHI

562 522 670 590 Qui
708 521 962 578 calestes
990 527 1290 592 potestates
1341 519 1510 575 verbo
1551 520 1749 575 creasti
1775 538 1789 586 ;
1812 520 1904 590 qui
1963 535 2090 590 pro-
2120 530 2160 583 Α

3629 409 3763 467 1310

2278 521 2337 576 '0
2404 522 2504 585 τὰς
2553 520 2811 591 δυνάμεις
2872 518 3123 591 οὐρανῶν
3180 519 3617 591 καθυποστήσας
3695 517 3798 589 τῷ

2190 614 2357 684 λόγῳ,
2390 616 2418 667 ό
2444 613 2754 685 προφήταις
2783 612 2944 684 χάριν
2978 614 3300 684 παρασχὼν,
3330 616 3426 669 καὶ
3456 617 3569 678 τοῖς
3602 618 3772 686 μαθη-

2190 709 2333 770 ταῖς,
2358 706 2453 759 καὶ
2480 707 2613 759 πᾶσι
2641 705 2936 776 μάρτυρσι,
2956 704 3165 758 τούτων
3191 706 3533 776 πρεσϐείαις,
3562 710 3590 761 ό
3617 707 3766 773 Θεὸς,

2190 801 2283 854 καὶ
2311 800 2411 869 τῆς
2438 798 2709 870 ἀχράντου
2728 798 2950 869 Μητρός
2977 815 3094 865 σου,
3119 797 3292 854 σῶσον
3320 800 3556 866 πάντας,
3573 799 3769 853 οἴκτειο

2193 910 2286 966 ρον
2314 892 2391 956 ὡς
2420 890 2814 962 εύσπλαγχνος.

2270 1074 2335 1128 Ἦ
2365 1072 2521 1138 λαόὶς
2556 1073 2589 1143 ἡ
2641 1073 2733 1127 τὸν
2765 1070 2907 1126 θεῖον
2940 1071 3190 1143 ἄνθρακα
3232 1070 3507 1143 δεξαμένη
3560 1074 3621 1126 ὲν
3663 1074 3772 1137 τοῖς

2187 1164 2355 1229 θείοις
2380 1182 2474 1217 σου
2518 1162 2867 1234 σπλάγχνοις,
2904 1163 3027 1234 μηδ’
3056 1163 3192 1227 ὅλως
3245 1163 3565 1234 φλεχθεῖσα,
3605 1164 3774 1218 κατά-

2186 1257 2383 1327 φλεξον
2411 1259 2444 1328 ἡ
2455 1256 2591 1328 μῶν,
2622 1256 2889 1325 πάναγνε,
2914 1256 2984 1310 τά
3014 1255 3360 1327 πταίσματα.

562 1435 606 1491 Ο
655 1437 748 1491 Dei
794 1434 966 1492 Mater
996 1437 1169 1492 electa
1196 1434 1333 1507 (52),
1375 1452 1483 1492 una
1534 1452 1661 1493 cum
1720 1439 1897 1495 sacris
1950 1438 2241 1508 apostolis,
2275 1436 2606 1510 martyribus
2645 1445 2700 1492 et
2758 1436 3040 1509 prophetis
3090 1436 3408 1507 deprecare,
3470 1444 3588 1490 uta
3628 1436 3771 1505 peri-

492 1531 652 1596 culis,
689 1530 1159 1597 tribulationibus,
1193 1530 1353 1601 292
1394 1540 1447 1585 et
1492 1532 1730 1601 peccatis
1776 1532 1916 1587 liber
1955 1544 2079 1587 esse
2106 1531 2339 1603 possim.

570 1624 613 1680 0
650 1625 1183 1691 immaculatissima,
1218 1640 1341 1695 quae
1400 1634 1675 1681 carentem
1729 1635 1971 1695 tempore
2023 1625 2077 1679 in

495 1733 665 1772 carne
721 1717 1002 1787 peperisti,
1044 1718 1297 1773 eumdem
1346 1733 1476 1788 roga
1509 1727 1566 1772 ut
1608 1734 1638 1773 a
1687 1717 2080 1789 temporalibus

2270 1624 2544 1695 Ἐκύησας
2594 1624 2655 1677 ὲν
2687 1622 2854 1693 σαρκὶ
2893 1621 2987 1675 τὸν
3011 1622 3262 1693 ἄχρονον,
3293 1621 3353 1676 δν
3401 1619 3645 1675 δυσὼπει
3670 1621 3774 1674 τῶν

2188 1718 2421 1791 χρονίων
2467 1717 2658 1770 παθῶν
2695 1716 2842 1788 ἡμᾶς
2890 1713 3273 1787 λυτρώσασθαι
3324 1713 3635 1785 ὑμνοῦντάς
3673 1731 3771 1781 σε,

495 1808 848 1879 passionibus
911 1808 1101 1864 liberet
1142 1824 1264 1877 nos,
1296 1810 1390 1880 qui
1444 1810 1634 1865 laudes
1687 1820 1808 1865 tuas
1864 1809 2082 1881 hymnis
2116 1845 2163 1906 Β
2196 1808 2530 1879 πανάμωμε.

496 1901 865 1956 celebramus.

575 1994 804 2049 Domine
838 1993 981 2050 Deus
1015 2009 1190 2060 meus,
1222 1994 1318 2065 qui
1353 2010 1419 2051 ex
1465 1994 1691 2066 innupta
1722 1995 1897 2066 puella
1927 2005 2091 2053 natus

493 2102 574 2151 es,
610 2087 855 2158 ejusdem
893 2095 946 2142 et
994 2088 1368 2159 apostolorum
1408 2098 1625 2144 tuorum
1668 2089 2088 2146 intercessioni-

498 2180 622 2245 bus,
656 2180 957 2251 propitiare
990 2183 1229 2254 peccatis
1257 2182 1426 2251 meis;
1456 2190 1511 2238 et
1548 2198 1579 2238 a
1605 2182 1792 2239 futuro
1820 2184 2088 2255 supplicio

493 2271 664 2327 libera
695 2288 806 2331 me.

572 2363 617 2419 0
648 2365 816 2421 Maria
839 2364 1066 2422 Domina
1091 2368 1337 2423 omnium
1363 2378 1765 2437 creaturarum,
1798 2378 1852 2425 et
1886 2370 1975 2425 Dei
2000 2386 2089 2441 ge-

493 2458 683 2526 nitrix,
746 2459 913 2516 libera
974 2460 1239 2516 miserum
1299 2478 1396 2519 cor
1446 2480 1626 2518 meum
1692 2465 1761 2520 ab
1828 2465 2075 2530 inimico,

495 2552 591 2622 qui
618 2552 968 2623 impudenter
997 2555 1192 2623 quaerit
1215 2554 1271 2609 in
1316 2555 1448 2611 illud
1472 2572 1727 2612 exercere
1755 2556 2077 2612 dominium.

572 2737 841 2802 lllumina,
872 2755 905 2794 o
940 2740 1081 2796 lucis
1114 2742 1370 2813 genitrix,
1406 2742 1644 2797 animam
1671 2758 1846 2797 meam
1874 2742 2086 2813 passio-

499 2847 633 2885 num
666 2831 908 2887 tenebris
938 2832 1266 2899 obductam;
1294 2844 1349 2888 et
1375 2848 1499 2888 cum
1531 2832 1812 2903 apostolis,
1847 2834 2084 2904 prophe-

503 2925 596 2987 tis,
636 2932 800 2994 atque
844 2926 1179 2997 martyribus
1227 2926 1542 2996 deprecare,
1581 2934 1639 2981 ut
1662 2926 1812 2980 omni
1844 2934 2084 2996 peccato,

492 3016 563 3070 ab
586 3015 736 3070 omni
785 3016 1005 3072 lzrsione
1030 3026 1194 3089 atque
1224 3017 1575 3088 improbitate
1630 3016 1833 3073 inimici
1888 3032 2076 3075 server

495 3109 806 3167 incolumis.

563 3200 795 3269 Medere,
834 3218 867 3258 o
896 3203 1210 3275 purissima,
1246 3203 1448 3259 infelici
1496 3205 1691 3261 anima:
1737 3221 1871 3262 meae
1914 3206 2065 3263 incu-
2098 3202 2142 3263 ὕ

495 3293 739 3351 rabiliter
767 3297 1073 3367 aegrotanti,
1101 3313 1166 3352 ex
1207 3298 1499 3353 mundame
1542 3299 1706 3369 hujus
1735 3300 1857 3355 vitae
1880 3299 2088 3357 fraudi-

494 3386 623 3452 bus,
661 3396 716 3441 et
748 3389 1044 3443 multorum
1082 3399 1431 3458 peccatorum
1474 3391 1764 3461 proﬂuvio.

570 3480 709 3534 Cum
761 3482 986 3552 angelis,
1042 3482 1329 3552 apostolis,
1370 3491 1425 3538 et
1485 3484 1838 3555 martyribus,
1887 3484 2083 3542 Filium

501 3578 659 3623 tuum
694 3585 757 3625 ac
790 3570 1082 3626 Dominum
1122 3587 1270 3643 roga,
1308 3589 1342 3628 o
1385 3574 1773 3641 mundissima,
1817 3584 1934 3630 uta
1970 3584 2087 3630 ten-

496 3660 821 3730 tationibus,
864 3663 1140 3734 periculis,
1188 3676 1242 3720 et
1290 3665 1559 3735 angustiis
1609 3675 1875 3721 eruantur
1930 3666 2077 3722 servi

497 3754 598 3810 tui.

569 3844 793 3904 Ocasta
854 3846 1082 3919 Deipara
1140 3849 1503 3921 undequaque
1558 3850 1866 3917 laudabilis,
1896 3850 2078 3906 omnis

492 3939 675 4013 lingua
706 3957 831 3997 cum
868 3944 971 3999 ﬁde
999 3943 1267 4014 gloriﬁcat
1288 3955 1361 4010 te,
1384 3960 1506 4014 quae
1539 3960 1599 4000 es
1635 3944 1806 4015 gloria
1837 3952 1892 4000 et
1914 3946 2084 4001 decus

491 4036 706 4103 generis
735 4036 931 4101 nostri,
954 4045 1008 4091 et
1031 4053 1218 4092 eorum
1249 4037 1342 4108 qui
1370 4046 1575 4103 errant,
1612 4037 1863 4093 directio.

574 4126 755 4198 Ignem
781 4128 1061 4199 peperisti,
1092 4139 1144 4185 et
1176 4128 1521 4184 incombusta
1547 4128 1822 4195 mansisti,
1849 4145 1881 4185 o
1919 4126 2083 4201 Virgo

496 4220 767 4276 maritalis
813 4220 916 4275 tori
949 4220 1135 4277 nescia
1166 4236 1179 4274 :
1216 4231 1501 4292 propterea
1531 4221 1683 4276 illum
1718 4236 1882 4277 exora
1918 4237 2081 4292 quem

492 4313 775 4386 peperisti,
809 4329 917 4370 una
973 4330 1098 4370 cum
1140 4316 1458 4387 angelorum
1508 4316 1717 4381 choris,
1743 4326 1910 4388 atque
1956 4332 2085 4387 apo-

490 4406 647 4464 stolis
669 4448 684 4473 ,
727 4416 785 4464 ut
818 4408 998 4465 salvos
1025 4407 1190 4465 iaciat
1222 4424 1339 4477 eos,
1372 4411 1613 4480 pSallunt
1648 4411 1877 4466 ﬁdeliter
1910 4427 1923 4464 :
1952 4410 2083 4466 Om-

488 4500 579 4555 nia
613 4516 779 4572 opera
813 4502 1050 4569 Domini,
1091 4504 1308 4560 laudate
1341 4504 1655 4570 Dominum,
1687 4515 1792 4561 etc.

559 4591 748 4649 Omnis
770 4594 959 4664 lingua
990 4596 1178 4651 laudat
1209 4606 1264 4651 et
1296 4596 1565 4667 glorilicat
1596 4602 1684 4662 te;
1717 4611 1749 4651 ο
1771 4594 1941 4668 Virgo
1974 4598 2067 4653 Dei
2112 4586 2160 4647 υ

561 4740 695 4813 ('53).
726 4739 1043 4813 Opportune
1096 4743 1151 4797 in
1185 4742 1287 4798 hoc
1310 4744 1367 4800 S.
1407 4742 1631 4813 Iosephi
1691 4745 1929 4813 elogium
1994 4747 2055 4803 Β.

488 4811 701 4883 Virgini
720 4812 983 4867 tributum
1042 4813 1470 4870 Bartbolomreus
1512 4811 1750 4873 Pisanus
1783 4811 1857 4871 De
1905 4817 2054 4873 laud.

498 4882 641 4959 Virg.
673 4882 768 4938 lib.
836 4898 871 4959 ιΔ
900 4882 1065 4939 fruct.
1099 4885 1163 4959 ’7,Δ
1214 4885 1343 4959 dum
1401 4886 1479 4942 ait
1507 4903 1519 4939 :
1553 4905 1591 4959 ιθ
1642 4887 1871 4959 Sapiens
1896 4886 2060 4959 debet

483 4954 871 5037 eligere‘qhuod
902 4964 987 5037 est
1038 4954 1334 5037 perfectius
1366 4967 1434 5037 et
1470 4954 1733 5037 meliust
1758 4958 1856 5037 sed
1899 4958 2061 5037 Chri-

484 5038 601 5081 stus
630 5032 713 5079 est
743 5023 1305 5095 Sapientiaincreata,
1325 5036 1523 5083 etcum
1558 5030 1751 5085 melius
1779 5028 1870 5094 sit,
1893 5030 2061 5086 eteli-

482 5095 704 5164 gibilius
739 5094 942 5170 habere
986 5094 1213 5170 Matrem
1268 5098 1386 5153 sine
1422 5099 1593 5170 omni,
1624 5101 1862 5170 macula,
1886 5116 2056 5170 quam

481 5182 607 5219 cum
656 5166 895 5237 macula,
920 5174 974 5220 et
996 5168 1174 5237 potuit
1214 5182 1335 5237 eam
1387 5169 1468 5222 sic
1515 5169 1735 5224 habere.
1797 5166 1986 5237 Igitur,
2027 5190 2046 5223 ι

478 5250 585 5290 οια.
638 5235 952 5304 Opportune
998 5235 1173 5291 etiam
1232 5236 1603 5295 Bernardinus
1662 5240 1730 5295 de
1785 5235 1950 5295 Busto
1992 5241 2046 5296 in

480 5304 899 5381 Marialiserm.
939 5307 990 5373 l,
1011 5308 1077 5381 de
1103 5318 1350 5377 coneept.
1374 5320 1646 5381 partem,
1670 5311 1800 5365 dum
1827 5311 2008 5381 inquit
2035 5328 2049 5367 :

486 5377 677 5451 [Cum
707 5376 961 5451 Christus
994 5378 1062 5451 ab
1091 5376 1295 5451 aeterno
1338 5376 1561 5451 elegerit
1591 5381 1649 5435 Β.
1692 5376 1965 5451 Virginem
1996 5382 2051 5436 in

480 5448 730 5520 Matrem,
786 5450 943 5518 juxta
1011 5448 1144 5503 illud
1219 5451 1367 5518 quod
1426 5448 1660 5516 canitur,
1712 5448 1889 5520 Elegit
1938 5468 2056 5507 eam

483 5518 645 5593 Deus,
687 5536 751 5593 ac
797 5521 1065 5593 prtl’elegit
1090 5536 1251 5583 eam;
1290 5521 1725 5577 concludendum
1757 5518 1840 5577 est
1909 5522 2057 5593 quod

482 5588 619 5662 ipse,
647 5590 734 5644 cui
768 5592 951 5644 omnia
986 5590 1169 5645 futura
1216 5598 1374 5645 erant
1431 5594 1743 5662 praesentia,
1777 5608 1807 5647 a
1846 5588 2062 5648 cunctis

481 5660 640 5714 malis
660 5698 673 5723 ,
706 5670 760 5715 et
798 5662 1014 5716 damnis
1034 5663 1237 5731 peccati
1270 5660 1550 5732 originalis
1586 5678 1707 5718 eam
1732 5664 1900 5717 voluit
1928 5680 2066 5733 prae-

481 5743 721 5804 scrvare,
742 5740 801 5786 ut
824 5733 1059 5787 bonililii
1085 5733 1325 5787 debitum
1360 5735 1701 5804 adimpleret.
1739 5752 1757 5785 ι
1786 5733 2063 5788 Etibidem

485 5814 656 5875 set‘m.
687 5801 743 5866 2,
780 5815 930 5872 parte
964 5819 1020 5858 ιιι
1053 5820 1067 5868 ;
1104 5823 1121 5855 ι
1170 5804 1319 5867 Quos
1357 5801 1599 5859 Dens—ad
1628 5805 1848 5873 aliquod
1876 5805 2062 5875 elegit,

483 5870 557 5927 ita
592 5870 880 5942 praeparat,
908 5884 961 5930 ct
998 5875 1255 5944 disponit,
1290 5886 1343 5930 nt
1376 5877 1441 5932 ad
1477 5876 1609 5931 illud
1644 5870 1886 5947 Apostoli
1917 5870 2059 5932 ll'ad

2262 1985 2437 2060 Κύριε
2486 1984 2515 2037 ό
2552 1982 2686 2047 Θεός
2722 1999 2846 2053 μου,
2889 1982 2918 2035 ό
2969 1979 3184 2052 τεχθεὶς
3236 1980 3301 2033 ὲκ
3335 1978 3507 2051 κόρης
3553 1978 3778 2047 ἀπειρο-

2190 2080 2372 2149 γάμου
2405 2119 2421 2142 ,
2466 2075 2674 2143 ταύτης
2727 2073 3110 2146 παρακλήσεσι
3165 2073 3261 2127 καὶ
3305 2071 3415 2125 τῶν
3460 2070 3778 2125 ἀποστόλων

2190 2189 2307 2237 σου,
2344 2170 2573 2240 ίλασμδν
2608 2166 2970 2238 πταισμάτων
3003 2182 3093 2238 μοι
3143 2163 3308 2231 δίδου,
3345 2163 3441 2217 καὶ
3476 2161 3779 2234 μελλούσης

2191 2264 2353 2335 ῥῦσαι
2378 2261 2679 2324 κολάσεως.

2257 2353 2445 2423 Μαρία
2497 2353 2679 2423 Κυρία
2745 2353 2929 2422 πάσης
2978 2348 3233 2413 κτίσεως,
3296 2346 3492 2419 ἐχθροῦ
3545 2344 3779 2409 ἀναιδῶς

2188 2444 2467 2517 κυριεύειν
2517 2443 2811 2515 ζητοῦντος
2869 2444 2970 2517 τὴν
3025 2441 3288 2514 ταπεινὴν
3355 2440 3588 2511 καρδίαν
3644 2455 3777 2508 μου,

2188 2542 2577 2614 Θεογεννῆτορ,
2610 2540 2882 2613 λύτρωσαι
2894 2580 2909 2594 .

2272 2735 2336 2789 Ἦ
2386 2736 2448 2788 τὸ
2502 2734 2617 2804 φῶς
2658 2732 2921 2799 τεκοῦσα,
2975 2731 3212 2802 φώτισον
3237 2729 3336 2797 τὴν
3382 2729 3780 2799 ὲσκοτισμένην

2189 2827 2369 2897 ψυχήν
2395 2843 2496 2897 μου
2525 2828 2637 2889 τοῖς
2665 2824 2884 2889 πάθεσι,
2913 2823 3007 2877 καὶ
3032 2824 3273 2877 δυσὼπει
3297 2823 3394 2877 σὺν
3424 2821 3775 2885 ἀποστόλοις,

2192 2920 2529 2991 προφήταις,
2567 2916 2666 2972 καὶ
2701 2919 3003 2988 μάρτυρσι,
3035 2914 3218 2987 πάσης
3257 2914 3559 2986 ἁμαρτίας,
3596 2915 3778 2984 πάσης

2194 3012 2421 3083 βλάϐης,
2453 3011 2635 3082 πάσης
2660 3009 2761 3081 τῆς
2790 3008 2991 3073 κακίας
3020 3006 3116 3061 τοῦ
3146 3006 3343 3079 ἐχθροῦ
3376 3004 3645 3077 ῥυσθῆναί
3680 3021 3774 3077 με.

2258 3197 2569 3269 ’ἰάτρευσον
2623 3194 2862 3260 ἀνιάτως
2927 3190 3214 3259 νοσοῦσαν,
3267 3189 3618 3263 πανάμωμε,
3678 3192 3781 3262 τὴν

2193 3292 2385 3363 ἀθλίαν
2412 3291 2592 3362 ψυχήν
2640 3306 2743 3361 μου
2792 3286 2887 3342 τοῦ
2923 3288 3039 3360 βίου
3065 3289 3185 3350 ταῖς
3218 3285 3476 3351 ἀπάταις,
3515 3284 3612 3339 καὶ
3646 3283 3779 3337 πολ-

2192 3385 2301 3440 λῶν
2332 3383 2620 3457 άμαρτιῶν
2650 3380 3027 3437 ὲπικλύσεσιν.

2265 3476 2422 3532 Μετὰ
2468 3474 2765 3546 μαρτύρων
2816 3471 3085 3541 ἀγγέλων,
3114 3470 3209 3525 καὶ
3248 3468 3587 3533 ἀποστόλων,
3647 3484 3780 3521 παν-

2194 3570 2415 3641 άμωμε,
2439 3567 2532 3622 τὸν
2557 3568 2648 3621 σὺν
2676 3566 2804 3620 Υίδν
2828 3562 3263 3631 ὲκδυσὼπει,καὶ
3290 3562 3519 3634 Κύριον,
3537 3560 3777 3629 σωθῆναι

2191 3664 2319 3728 τοὺς
2370 3661 2591 3725 δούλους
2649 3677 2744 3713 σου
2800 3658 3147 3732 πειρασμῶν,
3213 3656 3472 3710 κινδύνων
3526 3654 3623 3709 καὶ
3668 3652 3777 3705 θλίο

2190 3756 2359 3827 ψεων.

2265 3848 2490 3903 Ἅπασα
2537 3845 2761 3916 γλῶσσα
2815 3843 3001 3898 πίστει
3042 3841 3256 3910 δοξάζει
3291 3858 3372 3909 σε,
3421 3840 3585 3911 ἁγνὴ,
3620 3838 3777 3904 δόξαν

2191 3941 2639 4018 χρηματίζουσαν
2696 3939 2792 3993 καὶ
2829 3937 3093 4010 καύχημα
3121 3935 3216 3991 τοῦ
3250 3936 3441 4006 γένους
3472 3934 3654 4006 ἡμῶν,
3682 3932 3777 3988 καὶ

2190 4033 2416 4105 ὁδηγίαν
2441 4031 2552 4086 τῶν
2581 4031 2977 4103 πλανωμένων,
3012 4030 3241 4084 Θεοτόκε
3275 4027 3626 4100 πανύμνητε.

2266 4125 2568 4196 Ἀφλεκτος
2618 4122 2853 4177 τεκοῦσα
2900 4122 2960 4177 τὸ
3003 4121 3114 4194 πῦρ
3165 4120 3572 4191 διεφυλάχθης,
3632 4120 3775 4191 [Iap-

2194 4221 2314 4275 θένε
2348 4219 2730 4290 ἀπειρόγαμεο
2775 4217 2856 4273 διὸ
2898 4218 3112 4271 ἱκέτευε
3149 4216 3207 4271 ὃν
3252 4216 3461 4281 ἔτεκες,
3491 4216 3592 4268 σὺν
3627 4215 3773 4267 άσωο

2195 4315 2378 4387 μάτων
2408 4316 2610 4386 χοροῖς,
2643 4314 2741 4367 σὺν
2766 4313 3107 4379 ἀποστόλοις,
3134 4311 3262 4375 τοὺς
3292 4308 3501 4374 πιστῶς
3531 4308 3773 4380 σωθῆναι

2190 4408 2522 4478 ψάλλονταςο
2586 4407 2773 4461 Πάντα
2829 4406 2898 4459 τά
2956 4404 3093 4477 ἔργα
3148 4403 3379 4477 Κυρίου,
3413 4403 3508 4457 τὸν
3568 4403 3772 4476 Κύριον

2194 4502 2413 4572 ὑμνεῖτε
2467 4498 2562 4551 καὶ
2595 4497 2941 4569 ύπερυψοῦτε
2967 4499 3046 4560 είς
3077 4497 3285 4559 πάντας
3312 4494 3442 4558 τοὺς
3471 4493 3699 4557 αἰῶνας.

2270 4592 2460 4663 Ὑμνεῖ
2496 4606 2554 4643 σε
2580 4591 2730 4644 πᾶσα
2758 4587 2979 4659 γλῶσσα
3000 4587 3317 4655 δοξάζουσα,
3342 4587 3476 4641 Θεὸν
3500 4585 3771 4656 τδνύπερ-

2164 4745 2415 4803 Corinth.
2451 4749 2510 4799 in
2544 4762 2558 4799 :
2593 4744 2817 4800 ldoneos
2854 4761 2947 4800 nos
3004 4744 3129 4814 fecit
3184 4744 3454 4799 ministros
3494 4743 3636 4798 Novi
3675 4742 3769 4799 Te-

2166 4818 2439 4873 stamenti.
2484 4817 2726 4886 Sapiens,
2765 4816 2916 4871 enim
2951 4818 3229 4885 regulator
3258 4830 3342 4879 ea,
3375 4830 3500 4885 qua:
3533 4824 3665 4870 sunt
3698 4815 3765 4869 ad

2165 4890 2401 4958 aliquem
2436 4884 2597 4958 linem
2646 4884 2807 4958 debet
2848 4884 3097 4958 regulare
3146 4884 3478 4958 secundum-_
3518 4887 3766 4958 ordinem

2166 4955 2338 5030 ipsius
2371 4958 2518 5021 linis,
2557 4956 2713 5030 juxta
2748 4955 2959 5030 dictum
2988 4956 3299 5030 philosophi
3344 4972 3392 5030 _n
3435 4956 3673 5026 Metaph.
3703 4955 3768 5011 Et

2164 5026 2630 5101 probaturper’c.
2667 5026 2997 5101 Ρζοάεειῖὅ.
3030 5042 3085 5097 q.
3122 5027 3580 5101 quia_pr_inceps,_
3603 5042 3763 5101 assu-

2164 5096 2363 5155 inendo
2394 5096 2631 5170 aliquem
2663 5096 2731 5151 ad
2762 5098 2996 5170 ollicium
3027 5096 3214 5161 suum,
3244 5096 3447 5152 dicitur
3474 5096 3615 5170 velle
3641 5097 3765 5151 dis-

2160 5186 2393 5235 pensare
2419 5167 2542 5225 cum
2593 5184 2658 5224 eo
2708 5169 2920 5223 meliori
2959 5169 3142 5231 modo,
3178 5183 3288 5237 quo
3338 5177 3537 5237 potest.
3583 5167 3712 5221 Item
3746 5183 3762 5220 :

2158 5240 2263 5308 Qui
2319 5241 2433 5294 vult
2479 5255 2822 5310 consequens
2850 5239 2966 5294 vult
2995 5240 3158 5293 etiam
3188 5253 3348 5310 omne
3391 5238 3765 5310 necessarium

2161 5311 2503 5367 antecedens
2532 5328 2547 5366 :
2590 5320 2646 5366 et
2670 5309 2675 5310 ⁷
2701 5311 2911 5365 crimen
2963 5316 3047 5364 est
3082 5309 3356 5376 sacrilegii
3382 5309 3658 5369 dubitare,
3692 5323 3765 5361 an

2162 5384 2209 5452 is
2230 5383 2436 5452 dignus
2466 5382 2538 5436 sit
2570 5396 2733 5452 quem
2758 5380 3062 5452 imperator
3085 5380 3351 5449 elegerit?
3381 5378 3486 5432 Sed
3524 5379 3764 5449 gloriosa

2167 5450 2332 5521 Virgo
2362 5450 2528 5505 Maria
2564 5451 2664 5505 fuit
2691 5450 2862 5504 electa
2887 5450 3151 5505 divinitus
3180 5453 3247 5521 ab
3297 5458 3504 5503 aeterno
3548 5456 3765 5521 utesset

2169 5520 2338 5578 Mater
2365 5522 2481 5586 Dei,
2517 5522 2634 5590 ipsa
2682 5521 2897 5576 dicente
2926 5521 3057 5575 illud
3101 5520 3266 5575 Eccli.
3310 5536 3461 5585 uiv,
3490 5520 3569 5573 Ab
3610 5520 3762 5573 initio

2161 5604 2211 5650 et
2236 5605 2358 5647 ante
2397 5594 2595 5645 srecula
2621 5601 2802 5646 creata
2821 5608 2960 5646 sunt.
2984 5594 3047 5646 Et
3071 5591 3334 5647 Proverb.
3362 5606 3486 5645 vni.
3506 5591 3583 5644 Ab
3606 5601 3763 5646 teter-

2171 5681 2235 5718 no
2261 5665 2513 5717 ordinata
2544 5680 2679 5728 sum,
2712 5674 2761 5716 et
2792 5678 2857 5716 ea:
2894 5664 3129 5733 antiquis
3164 5672 3450 5733 antequam
3478 5672 3617 5715 terra
3644 5661 3761 5729 [ue-

2170 5737 2262 5801 rit,
2306 5750 2426 5805 qua:
2449 5735 2633 5789 omnia
2670 5734 2919 5789 attribuit
2964 5731 3209 5789 Eeclesia
3250 5733 3310 5789 Β.
3344 5731 3573 5802 Virgini.
3616 5733 3760 5805 Ergo

2170 5802 2340 5861 Deus'
2368 5822 2462 5875 per
2519 5805 2750 5875 gratiam
2810 5818 2967 5875 suam
3033 5820 3153 5875 eam
3206 5806 3269 5857 ad
3342 5812 3450 5861 tam
3514 5802 3758 5859 mirabile

2170 5893 2307 5949 opus
2366 5874 2613 5933 idoneam
2640 5874 3004 5948 praeservavit.
3036 5892 3054 5926 δ
3096 5874 3313 5931 Sicillc.
