4038 6606
290 430 428 499 1341

1709 439 2079 501 MARIALE.

3406 433 3554 499 1342

289 546 535 618 ὑμνητον
571 545 829 611 τέξασαν,
880 546 1130 617 Παρθένε
1176 546 1477 619 θεόνυμφε,
1530 549 1592 604 ὃν
1628 550 1871 607 δυσώπει

1987 567 2177 623 sponsa
2219 552 2356 625 (53),
2379 567 2505 623 qua:
2540 550 2711 608 Deum
2740 550 3240 621 superlandabilem
3258 551 3558 621 peperisti;

287 640 588 705 ἀπαύστως
616 640 789 696 σῶσαι
810 640 910 705 τὰς
931 640 1111 712 ψυχὰς
1139 643 1317 714 ἡμῶν.

360 820 771 892 Φωτεινοτάτην
819 820 1083 893 λαμπάδα
1132 822 1299 892 μέσον
1331 838 1391 877 σε
1443 822 1665 895 ἔχουσαι
1710 841 1874 896 χορο-

290 915 512 970 στασίαι
577 914 908 986 μαρτύρων,
968 915 1064 969 καὶ
1124 916 1466 982 ἀποστόλων,
1531 917 1694 988 ἁγνὴ,
1758 917 1875 987 φῶς

290 1008 798 1080 ἀπαστράπτουσαν
854 1007 1083 1062 ἐνθέων
1123 1010 1483 1080 χαρισμάτων
1550 1010 1876 1080 φωτίζονται

289 1100 492 1167 ἁῢλως,
524 1100 621 1155 καὶ
649 1099 858 1164 πάντας
896 1101 1021 1165 τοὺς
1058 1101 1117 1156 ἐν
1148 1101 1328 1157 πίστει
1365 1102 1777 1174 μγαλύνοντάς
1812 1119 1874 1156 σε

292 1193 644 1263 φωτίζουσιν.

362 1285 555 1357 Φέρεις
596 1284 692 1339 τὸν
736 1285 971 1357 φέροντα
1020 1288 1197 1342 πάντα
1247 1288 1305 1341 ἐν
1331 1290 1453 1352 ταῖς
1482 1287 1671 1357 ἁγίαις
1719 1287 1876 1358 χερσί

296 1394 415 1442 σου,
445 1376 505 1431 ὃν
528 1377 856 1445 ἑκδυσώπει,
886 1379 1049 1451 ἁγνὴ,
1082 1379 1176 1433 τοῦ
1206 1381 1489 1452 ἀλλοτρίου
1519 1382 1619 1453 τῆς
1640 1398 1878 1451 κακουρ-

292 1470 416 1539 γίας
440 1471 474 1542 ἡ
483 1471 591 1541 μᾶς
614 1471 946 1544 ἀχειρώτους
976 1471 1404 1543 περισώζεσθαι.

306 1688 403 1743 Ἐκ
438 1684 546 1745 τοῦ
583 1688 842 1757 κανόνος
874 1686 985 1760 τῆς
999 1689 1422 1817 ἕταρασκευῆς,
1469 1694 1558 1761 εὶς
1594 1692 1702 1749 τὸν
1739 1692 1877 1763 Ὄρ-

1028 1779 1161 1817 ρον.

1026 1779 1161 1831 per.

1977 656 2138 714 quem
2167 652 2224 699 tu
2261 645 2489 715 supplex
2515 659 2649 716 roga
2674 643 3080 700 incessabiliter
3104 659 3205 715 pro
3230 644 3407 700 salute
3438 645 3560 700 ani-

1977 750 2192 790 marum
2233 745 2545 791 nostrarum
2558 774 2574 790 ο

2046 828 2342 902 Martyrum
2394 840 2558 899 atque
2595 829 2963 900 apostolorum
3013 828 3167 883 chori
3199 828 3459 884 habentes
3485 838 3558 894 te,

1974 939 2009 980 0
2041 923 2228 994 Virgo,
2261 925 2313 979 in
2364 925 2568 991 medio,
2599 933 2859 994 tanquam
2917 922 3372 994 fulgentissimam
3423 923 3561 977 Iam-

1976 1017 2194 1088 padem,
2226 1018 2537 1073 divinorum
2575 1017 2737 1089 293
2782 1017 3191 1089 charysmatum
3240 1018 3426 1072 radios
3480 1017 3564 1072 ef—

1976 1110 2323 1172 fundentem,
2383 1108 3219 1180 spiritualiter.illuminantur;
3262 1107 3367 1178 ipsi
3431 1122 3562 1161 vero

1975 1218 2075 1259 eos
2104 1216 2320 1266 omnes,
2362 1216 2393 1256 a
2433 1202 2634 1272 quibus
2680 1212 2736 1256 tu
2792 1199 3182 1271 niagniﬂcaris.
3223 1199 3558 1253 illuminant-

2048 1296 2242 1351 Portas
2276 1311 2426 1361 eum,
2459 1296 2553 1366 qui
2599 1305 2778 1366 portat
2811 1295 3090 1359 universa,
3131 1295 3184 1348 in
3217 1293 3328 1350 tuis
3382 1294 3562 1347 maui-

1977 1388 2082 1445 bus
2134 1387 2354 1455 divinis,
2402 1402 2435 1443 ο
2495 1386 2680 1457 Virgo.
2716 1389 2897 1457 Ipsum
2965 1402 3114 1454 roga,
3151 1396 3211 1441 ut
3269 1389 3338 1441 ab
3397 1386 3563 1439 alieni

1979 1480 2321 1553 malignitate
2379 1496 2481 1537 nos
2537 1482 2761 1537 inutiles
2809 1491 2863 1535 et
2923 1479 3062 1534 nihil
3112 1480 3355 1535 valentes
3407 1488 3564 1534 tuea-

1980 1582 2091 1629 lUl‘.

2229 1694 2314 1753 Ea:
2342 1696 2550 1754 Canone
2590 1699 2738 1770 feria:
2773 1715 2823 1754 vr
2855 1697 2925 1753 ad
2959 1696 3312 1753 Matutinum.

367 1907 473 1962 Τὸν
518 1908 881 1963 ἀνατείλαντα
937 1910 1002 1964 ἐκ
1047 1910 1141 1964 σοῦ
1170 1910 1442 1983 ὑπερϐολῇ
1474 1910 1873 1982 εὐσπλαγχνίας

2048 1916 2187 1973 Cum
2228 1918 2462 1983 videres,
2493 1933 2526 1973 ο
2556 1916 2811 1981 Domina,
2852 1917 3031 1981 illum,
3068 1916 3162 1986 qui
3196 1931 3259 1970 ex
3295 1924 3345 1971 te
3401 1930 3563 1972 exor-

296 2003 355 2055 ἐν
391 2001 610 2074 σταυρῷ
652 2001 947 2075 καθορῶσα
992 2003 1309 2077 θρηνῳδεῖς,
1355 2005 1645 2072 Δέσποινα,
1685 2002 1875 2059 τοῦτον

292 2090 609 2159 δοξάζουσα.

367 2277 534 2335 Λύσιν
594 2278 729 2351 ἡμῖν
776 2278 1130 2351 ὀφλημάτων,
1199 2278 1338 2350 ἁγνὴ
1380 2277 1654 2349 Παρθένε,
1707 2274 1873 2344 δίδου,

291 2374 415 2436 ταῖς
456 2374 756 2443 μητρικαῖς
807 2390 901 2426 σου
948 2370 1287 2443 πρεσϐείαις,
1329 2370 1482 2443 ἡτὸν
1514 2369 1736 2441 σταυρῷ
1766 2385 1877 2425 πα-

294 2464 485 2533 γέντα,
506 2464 794 2538 ἄνθρωπον
818 2465 1134 2535 γενόμενον,
1158 2462 1291 2516 Θεὸν
1316 2462 1489 2534 Λόγον
1518 2461 1794 2534 κυήσασα.

377 2646 724 2720 Ἀπεκύησας
767 2648 898 2704 ἄνευ
950 2646 1179 2719 σπορᾶς,
1228 2647 1499 2719 Παρθένε,
1556 2645 1647 2700 τὸν
1681 2644 1877 2714 Λόγον,

290 2740 385 2795 τὸν
415 2739 637 2812 σταυρῷ
665 2739 1065 2808 ὲξαφανίσαντα
1095 2739 1194 2812 τὴν
1223 2737 1434 2811 φθορὰν
1462 2737 1783 2809 ἀγαθότητι.

377 2924 638 2996 Ἦγίασεν
672 2928 700 2982 ὁ
730 2926 863 2991 Θεὸς
902 2926 1000 2999 τὴν
1050 2926 1265 2999 μήτραν
1312 2940 1428 2989 σου,
1482 2923 1613 2993 ἁγία
1666 2922 1877 2994 σεμνὴ,

204 3020 225 3038 ⁸
295 3020 632 3092 κατοικήσας
666 3021 724 3073 ὲν
753 3019 915 3091 αὐτῇ,
947 3020 1041 3074 καὶ
1071 3021 1129 3073 ὲν
1165 3017 1383 3095 σταυρῷ
1430 3014 1751 3088 ὑψούμενος
1779 3014 1877 3089 τὴν

294 3110 474 3165 κτίσιν
505 3110 910 3182 συνανύψωσεν.

379 3218 725 3290 ’Υμνολογεῖς
768 3219 862 3274 τὸν
924 3221 989 3274 ὲκ
1040 3217 1136 3273 σοῢ
1184 3217 1556 3289 σαρκωθέντα,
1590 3217 1683 3270 καὶ
1714 3215 1877 3288 θρην-

293 3310 451 3381 ῳδεῖς
511 3310 572 3367 ὲν
623 3311 845 3383 σταυρῷ
910 3311 1226 3384 ὑψωθέντα,
1288 3310 1449 3363 αὐτὸν
1501 3306 1876 3381 κατανοοῦσα,

290 3399 725 3474 Μητροπάρθενε
748 3401 909 3475 ἁγνὴ,
941 3402 1350 3475 παναμὼμητε.

377 3583 443 3638 Ἦ
478 3584 723 3655 παναγία
756 3584 1023 3656 πανάγιον
1052 3585 1226 3656 Λόγον
1256 3584 1347 3640 τὸν
1381 3585 1441 3652 ἐξ
1471 3587 1641 3659 αὐτῆς
1668 3587 1884 3644 ἀνατεί-

293 3674 491 3746 λαντα,
521 3680 578 3731 ὲν
607 3677 683 3749 τῷ
724 3678 867 3751 ἁγίῳ
914 3678 1133 3750 σταυρῷ
1172 3678 1569 3751 ἀνυψούμενον,
1621 3682 1716 3736 καὶ
1749 3680 1883 3737 καθ·

290 3772 590 3841 αγιάζοντα
622 3772 748 3838 τοὺς
780 3771 1004 3847 βροτοὺς
1034 3774 1238 3848 ὁρῶσα,
1276 3775 1536 3848 ὠδύρετο.

380 3961 580 4028 Ἀγίων
622 3961 879 4034 τάγματα
916 3958 1293 4031 λιτανεύουσι,
1322 3965 1513 4034 Κόρη,
1554 3962 1648 4016 τὸν
1676 3964 1741 4016 ὲκ
1780 3978 1881 4031 γα-

295 4055 463 4129 στρός
505 4073 599 4110 σου
647 4056 979 4128 προελθόντα
1026 4057 1325 4129 Δεσπότην,
1374 4056 1465 4111 τὸν
1514 4055 1765 4122 δείξαντα
1815 4057 1874 4108 ὲν

293 4145 514 4217 σταυρῷ
554 4144 769 4212 τούτοις
808 4148 995 4221 τρίϐον
1023 4150 1326 4223 ἀθλήσεως,
1358 4147 1518 4221 ἁγνὴ,
1551 4147 1648 4202 καὶ⁸
1674 4146 1883 4216 6050M-

289 4240 485 4310 γοῦσιν
511 4239 587 4306 ὡς
611 4242 830 4298 πάντων
864 4242 1137 4314 βασιλίδα.

362 4427 635 4499 Φιλάγαθε
688 4428 798 4484 τῶν
831 4430 1113 4501 Χερουϐὶμ
1148 4430 1445 4501 ἁγιωτέρα,
1493 4431 1527 4501 ἡ
1580 4427 1716 4483 Θεοῦ
1748 4427 1883 4482 Θεὸν

290 4522 471 4591 Λόγον
521 4524 684 4594 σαρκὶ
741 4500 1108 4589 ἀποτεκοῦσα,
1171 4524 1260 4577 τὸν
1309 4500 1662 4594 mensem
1718 4500 1886 4591 autpr

1982 2018 2068 2065 tus
2091 2010 2291 2075 fuerat,
2324 2012 2396 2067 ob
2431 2026 2720 2067 excessum
2753 2009 3144 2065 misericordiae
3172 2024 3283 2064 sua:
3313 2009 3366 2063 in
3397 2024 3564 2064 cruce

1979 2104 2330 2176 pendentem,
2364 2103 2418 2157 in
2455 2102 2693 2158 lamenta
2725 2117 3040 2174 erumpens,
3072 2101 3323 2156 eumdem
3357 2101 3563 2170 gloriﬁ-

1977 2198 2165 2253 cabas.

2049 2287 2312 2344 Maternis
2370 2287 2482 2342 tuis
2539 2284 3030 2341 intercessionibus
3102 2282 3340 2339 concede
3404 2282 3564 2337 nobis

1979 2377 2291 2435 debitorum
2364 2379 2764 2442 remissionem,
2812 2393 2845 2433 ο
2921 2375 3110 2445 Virgo,
3181 2392 3303 2445 (lea:
3390 2375 3560 2428 Deum

1978 2468 2219 2527 Verbum
2273 2470 2550 2527 hominem
2602 2469 2805 2526 factum
2834 2481 2886 2525 et
2915 2468 3063 2525 cruci
3123 2468 3339 2522 alIixum
3406 2483 3567 2537 pepe-

1979 2563 2127 2620 risti.

2052 2654 2182 2710 Sine
2241 2653 2452 2709 semine
2511 2651 2753 2708 Verbum
2815 2652 3069 2723 genuisti,
3128 2667 3162 2707 o
3223 2650 3413 2721 Virgo,
3471 2649 3566 2719 qui

1980 2760 2078 2817 per
2117 2758 2337 2800 crucem
2377 2760 2443 2800 ex
2485 2742 2584 2800 sua
2615 2742 2948 2813 benignitate
2975 2742 3382 2812 corruptionem
3431 2741 3568 2795 abo-

1979 2838 2110 2894 levit

2051 2928 2418 2985 Sanctiﬁcavit
2450 2929 2595 2983 Deus
2625 2928 2842 2982 vulvam
2895 2935 3041 2980 tuam
3077 2926 3329 2981 habitans
3368 2926 3419 2979 in
3452 2924 3566 2990 illa,

1979 3037 2012 3079 ο
2078 3020 2240 3093 Virgo
2303 3021 2649 3087 veneranda;
2689 3029 2742 3077 et
2778 3020 2832 3074 in
2878 3010 3040 3076 cruée
3084 3021 3372 3085 exaltatus,
3402 3019 3568 3074 simul

1982 3125 2263 3172 creaturas
2291 3114 2573 3171 exaltavit.

2052 3226 2281 3300 Hymnis
2334 3228 2613 3283 collaudas
2669 3226 2822 3282 illum
2876 3226 2970 3296 qui
3025 3241 3090 3281 ex
3139 3233 3191 3281 te
3247 3225 3567 3281 incarnatus

1982 3331 2099 3389 est;
2127 3330 2181 3377 et
2236 3321 2290 3375 in
2330 3335 2494 3376 cruce
2543 3320 2734 3376 videns
2772 3320 3095 3385 exaltatum,
3135 3319 3390 3374 [uiuentis
3445 3335 3572 3386 pro-

1981 3415 2262 3485 sequeris;
2293 3428 2326 3469 o
2355 3422 2527 3469 mater
2583 3409 2752 3484 Virgo
2794 3420 2968 3477 casta,
3004 3412 3157 3466 omni
3205 3411 3366 3466 laude
3408 3412 3571 3467 deco-

1982 3508 2179 3563 randa.

2054 3600 2191 3656 Cum
2221 3598 2569 3657 sanctissima
2619 3598 2827 3654 videret
2861 3596 3273 3654 sanctissimum
3300 3594 3565 3659 Verbum,

1982 3693 2128 3766 quod
2158 3709 2225 3749 ex
2259 3696 2376 3764 ipsa
2410 3693 2541 3750 solis
2569 3693 2743 3748 instar
2761 3702 3014 3748 exortum
3049 3690 3252 3755 fuerat,
3284 3690 3338 3744 in
3375 3698 3567 3746 sancta

1984 3806 2147 3846 cruce
2201 3790 2526 3855 exaltatum,
2567 3798 2733 3857 atque
2784 3788 3037 3842 homines
3091 3786 3567 3848 sanctiﬁcantem;

1982 3880 2037 3936 in
2062 3883 2293 3934 lamenta
2326 3878 2599 3947 ﬂetusque
2640 3879 2985 3949 erumpebat.

2052 3968 2382 4024 Sanctorum
2428 3968 2704 4023 exercitus
2753 3968 3140 4034 deprecantur.
3181 3982 3213 4021 0
3246 3963 3565 4020 castissima

1983 4058 2185 4130 puella,
2217 4056 2506 4111 Dominum
2540 4055 2821 4125 illum,qni
2846 4070 2910 4110 ex
2952 4064 3109 4111 utero
3143 4061 3236 4109 tuo
3264 4054 3568 4123 processit;

1981 4159 2035 4208 et
2065 4150 2159 4222 qui
2216 4150 2270 4205 in
2337 4165 2500 4206 cruce
2551 4150 2793 4205 ostendit
2844 4149 2951 4205 illis
3007 4149 3149 4203 viam
3197 4159 3434 4203 strenuae
3473 4148 3569 4202 de-

1984 4244 2336 4314 certationis;
2388 4252 2549 4314 teque
2604 4250 2666 4299 ut
2727 4242 2978 4299 omnium
3039 4240 3307 4313 Reginam
3363 4238 3575 4312 gloriﬁ-

1985 4347 2134 4394 cant.

2057 4430 2101 4486 Ο
2126 4432 2390 4486 bonorum
2417 4430 2613 4495 amica,
2641 4429 2882 4485 sanctior
2910 4427 3226 4493 Cberubim,
3250 4442 3368 4497 quae
3400 4425 3569 4480 Deum

1990 4520 2083 4575 Dei
2113 4521 2350 4577 Verbum
2409 4522 2462 4575 in
2495 4536 2660 4577 carne
2691 4519 3056 4590 progenuisti,
3086 4518 3179 4589 qui
3211 4528 3264 4573 et
3320 4518 3375 4572 in
3408 4533 3571 4571 cruce

288 4613 515 4687 σταυρῷ
569 4614 911 4682 ἐθελουσίως,
956 4616 1096 4687 ὑπὲρ
1142 4617 1360 4671 πάντων
1412 4615 1645 4679 ἐκτενῶς
1687 4614 1873 4668 τοῦτον

1987 4613 2287 4668 voluntarie
2367 4612 2533 4685 294
2613 4613 2921 4668 secundum
2999 4623 3220 4666 carnem
3302 4608 3569 4662 exaltatus

289 4708 587 4781 πρέσϐευε.

298 4937 402 4992 Ἐκ
424 4936 532 4992 τοῦ
561 4937 819 5006 κανόνος
846 4939 954 4995 τοῦ
980 4938 1307 5007 Σαϐϐάτου,
1330 4940 1419 5007 είς
1450 4938 1558 4995 τὸν
1588 4941 1865 5011 Ὄρϐρον.

370 5062 673 5135 ’Υπερςιγία
702 5064 736 5135 ἡ
777 5062 911 5117 Θεὸν
949 5064 1249 5135 ὑπεράγων
1282 5065 1451 5133 Λόγον
1484 5067 1870 5140 ἀποκυήσασλ,

279 5155 515 5225 ἁγίασον
544 5153 790 5220 ἅπαντας
811 5155 935 5221 τοὺς
968 5156 1147 5210 πίστει
1179 5174 1237 5210 σε
1268 5157 1615 5223 δοξάζοντας.

354 5436 449 5508 Μὴ
476 5434 719 5499 κενώσας
744 5436 871 5501 τοὺς
892 5436 1125 5500 κόλπους
1146 5437 1271 5501 τοὺς
1298 5438 1596 5507 πατρικοὺς
1618 5439 1646 5491 ὁ
1672 5437 1871 5508 Λόγος,

354 5616 470 5686 (55)
512 5615 651 5671 Huic
682 5614 741 5669 Β.
793 5615 1036 5688 Virginis
1073 5615 1250 5688 elogio
1307 5616 1650 5686 splendorem
1699 5615 1864 5671 affert

279 5688 655 5742 Bernardiuus
687 5688 754 5742 de
789 5686 958 5743 Busto
990 5687 1042 5741 in
1092 5686 1316 5741 Mariali
1341 5704 1507 5743 serm.
1530 5690 1585 5751 ‘2,
1620 5689 1685 5743 de
1713 5688 1863 5742 Con-

278 5767 428 5825 cept.
486 5767 639 5827 parte
680 5773 761 5820 ιιι,
809 5760 938 5812 dum
1000 5758 1196 5813 ibidem
1231 5759 1306 5812 ait
1342 5774 1355 5809 :
1426 5776 1445 5810 ι
1483 5758 1864 5814 lndubilanter

281 5830 577 5899 tenendum
645 5829 788 5897 quod
842 5828 984 5884 Deus
1059 5829 1309 5883 dilectam
1370 5828 1638 5899 Sponsam
1702 5846 1858 5886 suam

285 5898 370 5969 (Β.
398 5897 700 5972 Virginem)
752 5910 879 5957 ante
928 5901 1256 5957 creationem
1301 5897 1489 5957 mundi
1520 5901 1744 5958 electam
1793 5902 1861 5957 ab

1973 4720 2100 4764 est:
2139 4710 2279 4781 apud
2335 4711 2589 4766 eumdem
2647 4724 2745 4779 pro
2796 4707 3070 4764 universis
3135 4713 3357 4760 strenue
3402 4704 3571 4758 inter-

1976 4803 2129 4859 cede.

2221 4927 2305 4983 Ea:
2337 4928 2546 4986 Canone
2573 4928 2814 4996 Subbati,
2851 4930 2919 4983 ad
2956 4926 3305 4983 Matutiuum.

2051 5058 2370 5115 Oomuium
2439 5066 2762 5113 sanctorum
2819 5056 3191 5120 sanctissima,
3222 5070 3344 5124 qua:
3396 5051 3566 5107 Deum

1980 5152 2219 5209 Verbum
2284 5153 2435 5209 omni
2509 5153 2798 5209 sanctitate
2881 5150 3211 5206 sanctiorem
3290 5147 3565 5217 peperisti,

1977 5246 2260 5303 sanctilica
2294 5260 2488 5303 omnes
2513 5246 2609 5316 qui
2653 5244 2859 5317 glorias
2908 5254 3030 5299 tuas
3058 5257 3182 5298 cum
3217 5241 3321 5296 lide
3368 5240 3568 5295 decan-

1978 5348 2118 5394 tant.

2051 5431 2289 5489 Verbum
2356 5446 2387 5487 e
2471 5429 2593 5487 sinu
2668 5429 2846 5485 Patris
2928 5442 3210 5499 nunquam
3278 5424 3564 5483 discedens

1972 5614 2395 5685 omnis‘peecati
2427 5613 2765 5685 turpitudine
2823 5618 3195 5685 praiservavit.
3248 5618 3383 5685 Quis
3411 5618 3558 5673 enim

1970 5695 2055 5759 est
2080 5687 2384 5751 hominum,
2408 5687 2524 5755 qui,
2554 5686 2599 5741 si
2644 5699 2832 5755 posset
2865 5705 3125 5759 sponsam
3164 5706 3317 5745 suam
3358 5690 3557 5755 facere,

1970 5758 2116 5883 iuam
2172 5773 2281 5813 non
2338 5759 2545 5829 absque
2594 5758 2744 5814 omni
2791 5758 3003 5817 maeula
3069 5762 3408 5831 procrearet?
3464 5761 3556 5819 Sic

1972 5845 1983 5883 ι
2030 5845 2080 5883 e.

1972 5845 2080 5884 me.
