4038 6598
514 418 651 484 1343

1605 423 1665 481 S.
1705 420 2018 482 JOSEPHI
2057 419 2621 481 HYMNOGRAPHI

3623 418 3755 485 13M

513 534 569 588 in
613 532 737 589 sinu
795 539 889 586 tuo
939 528 1213 587 utinlans
1256 538 1534 603 receptum
1574 541 1677 596 est,
1725 548 1759 587 ο
1821 533 2087 587 immacu-

2202 533 2249 583 ὲν
2283 533 2395 594 τοῖς
2424 531 2645 594 κόλποις
2678 547 2771 583 σου
2804 530 2881 594 ὼς
2920 530 3121 601 βρέφος
3159 529 3531 602 κρατούμενος
3562 530 3773 603 ῶράθη,

514 626 623 681 lata
657 640 672 678 :
708 632 764 680 et
794 639 860 679 ex
909 634 963 679 te
1016 623 1346 695 principium
1397 624 1779 695 sumpsitpqui
1830 633 1914 680 est
1967 625 2087 680 sine

516 718 811 789 principio.

589 809 845 875 Precare,
877 825 911 866 o
964 808 1360 875 laudatissima,
1393 809 1561 865 Deum
1593 823 1754 880 quem
1808 810 2087 882 peperisti,

519 908 577 953 ut
604 914 818 971 gregem
850 908 1003 954 tuum
1044 898 1114 953 ab
1172 898 1322 954 omni
1373 898 1732 955 tentationum
1766 914 1831 956 ac
1862 902 2091 957 tribula-

520 994 731 1047 tionum
768 1007 966 1064 genere
998 991 1209 1048 liberet.

589 1083 634 1139 Ο
670 1082 836 1153 Virgo
864 1084 1235 1150 sanctissima,
1262 1100 1383 1154 quae
1425 1084 1519 1141 Dei
1553 1085 1827 1141 thalamus
1854 1084 2092 1140 indisso-

520 1175 704 1231 lubilis
730 1174 873 1230 facta
895 1190 954 1232 es
980 1193 999 1233 :
1027 1176 1203 1232 eidem
1238 1177 1505 1248 supplica,
1534 1188 1593 1234 ut
1622 1194 1709 1235 me
1732 1179 1949 1235 thalami
1981 1178 2093 1249 spi-

519 1266 693 1321 ritalis
723 1265 891 1322 faciat
917 1266 1310 1325 habitatorem.

588 1359 635 1415 Ο
664 1358 829 1431 Virgo
861 1361 1231 1427 sanctissima,
1257 1378 1379 1433 qua:
1412 1362 1651 1419 Verbum
1685 1364 2094 1421 sanctissimum

520 1454 865 1509 incarnatum
911 1455 1192 1525 peperisti,
1222 1456 1368 1525 quod
1410 1456 1591 1512 omnis
1635 1456 1860 1526 spiritus
1909 1457 2095 1513 laudat

518 1556 573 1601 et
608 1548 931 1611 sanctiﬁcat,
964 1548 1248 1603 sanctiﬁea
1278 1563 1467 1604 servos
1492 1558 1635 1604 tuos.

594 1638 876 1711 Tanquam
912 1640 1117 1711 angelis
1143 1640 1603 1698 honorabiliorem
1638 1641 1919 1715 Deiparam
1940 1642 2097 1715 hym-

518 1732 607 1788 nis
635 1747 976 1788 veneremur.

593 1842 875 1898 Mulierum
924 1844 1168 1900 omnium
1213 1855 1408 1911 cretus,
1448 1862 1571 1917 quae
1616 1862 1738 1903 sese
1788 1847 1843 1903 in
1896 1847 2095 1904 virtute

2188 622 2362 693 ἀρχὴν
2386 624 2451 675 ὲκ
2486 621 2579 675 σοῦ
2599 621 2799 688 λαϐὼν,
2830 622 3088 696 άχραντε,
3110 622 3138 676 ό
3166 620 3426 693 ἄναρχος.

2269 802 2502 858 Ἰκέτευε
2536 803 2597 858 ὃν
2626 804 2866 876 ὲκύησας
2894 804 3047 872 Θεὸν,
3075 804 3415 875 πανύμνητε,
3447 806 3773 876 πειρασμῶν

2189 889 2546 945 παντοδαπῶν
2598 892 2694 946 καὶ
2768 892 3002 963 θλίψεων
3056 893 3323 965 ῥύσασθαι
3378 893 3479 966 τὴν
3534 896 3773 966 ποίμνην

2191 1000 2308 1038 σου.

2261 1077 2509 1149 Νυμφῶν
2543 1079 2879 1145 άκατάλυτος
2916 1082 3143 1151 ὀφθεῖσα
3188 1083 3348 1151 Θεοῦ,
3380 1086 3625 1139 δυσὼπει
3672 1087 3774 1141 αὐ-

2190 1171 2304 1239 τὸν,
2334 1173 2573 1242 παναγία
2605 1173 2871 1245 Παρθένε,
2916 1174 3206 1245 νυμφῶνός
3257 1194 3325 1247 με
3377 1178 3644 1249 οίκήτορα
3677 1180 3771 1233 τοῦ

2196 1263 2392 1334 νοητοῦ
2425 1266 2774 1336 γενήσεσθαι.

2277 1356 2549 1426 ’Δγίασον,
2600 1358 2841 1427 παναγία
2895 1360 3163 1432 Παρθένε,
3214 1362 3340 1426 τοὺς
3375 1362 3599 1427 δούλους
3651 1380 3769 1425 σου.

2192 1448 2284 1503 τὸν
2328 1449 2596 1517 πανάγιον
2644 1450 2819 1519 Λόγον
2863 1451 3031 1524 σαρκὶ
3081 1451 3445 1521 ἀποτεκοῦσα,
3493 1450 3555 1508 δν
3615 1455 3776 1525 ὑμνεῖ

2198 1541 2350 1595 πᾶσα
2380 1541 2519 1612 πνοὴ
2546 1541 2870 1611 άγιάξουσα.

2276 1633 2367 1698 Ὠς
2400 1633 2509 1689 τῶν
2534 1635 2782 1705 ἀγγέλων
2816 1637 3149 1709 τιμιωτέραν
3183 1636 3285 1710 τὴν
3313 1637 3576 1694 Θεοτόκον
3609 1639 3777 1710 ὕμνο-

2196 1725 2355 1796 λογοῦ
2364 1743 2485 1797 μεν.

2281 1836 2341 1892 '0
2379 1838 2487 1892 τῶν
2516 1838 2755 1909 γυναίων
2801 1839 3058 1894 ἁπάντων
3100 1840 3422 1907 κατάλογος,
3460 1840 3491 1893 ὁ
3542 1841 3775 1911 ἀσκήσει

519 1934 824 1990 exercendo
870 1951 934 1990 ac
979 1937 1328 2003 decertando,
1360 1938 1645 1993 Dominum
1694 1940 2087 2010 quaesiverunt,

2202 1929 2286 1985 καὶ
2328 1930 2555 2004 ἀθλήσει
2582 1974 2596 1999 ,
2636 1932 2965 2003 πανάμωμε,
3006 1933 3247 2004 ζητήσας
3282 1932 3373 1987 τὸν
3408 1931 3633 2005 Κύριον,
3667 1908 3779 1987 λιτ-

520 2026 730 2082 vultum
761 2038 912 2083 tuum
935 2027 1203 2095 divinum,
1235 2044 1267 2085 ο
1304 2029 1621 2100 purissima,
1653 2029 1873 2087 assidue
1900 2031 2095 2103 depre-

518 2128 734 2175 cantur.

576 2211 729 2267 'Cum
770 2214 1029 2283 peccandi
1064 2215 1165 2271 sim
1199 2216 1451 2287 cupidus,
1482 2218 1719 2273 tribunal
1761 2217 2094 2275 horrendum

523 2306 887 2362 contremisco
939 2306 1142 2377 judicis
1173 2310 1267 2379 qni
1322 2326 1387 2365 ex
1421 2321 1471 2366 te
1496 2320 1649 2368 ortus
1682 2320 1785 2379 est,
1821 2329 1853 2368 o
1880 2310 2047 2382 Virgo
2079 2327 2094 2365 :

524 2394 581 2449 in
630 2410 739 2465 quo
786 2406 843 2451 tu
896 2412 1001 2463 me,
1042 2408 1231 2469 utpote
1274 2398 1685 2471 benignissima,
1724 2400 2096 2456 indemnatum

525 2500 814 2543 οοιιεεηα.

966 2612 1198 2669 TONUS
1229 2614 1526 2673 PLAGIUS
1562 2614 1655 2674 IV.

776 2737 859 2794 Ea:
883 2739 1096 2797 Canam
1125 2742 1271 2812 feria:
1295 2759 1358 2811 ιι,
1386 2745 1457 2800 ad
1492 2743 1837 2803 Matutmum.

600 2864 865 2926 Medicam
911 2886 1133 2926 manum
1164 2881 1311 2927 tuam
1364 2874 1564 2930 adhibe
1599 2874 1756 2941 mihi,
1789 2875 2099 2933 mortifera-

526 2977 650 3017 rum
673 2964 920 3033 corporis
951 2972 1116 3035 atque
1150 2965 1318 3020 animi
1344 2967 1659 3037 passionum
1689 2969 1879 3024 morbo
1921 2969 2101 3040 gravi-

528 3063 610 3109 ter
642 3058 961 3124 aagrotanti;
1002 3056 1164 3128 295
1199 3066 1256 3114 ut
1283 3066 1356 3128 te,
1391 3075 1425 3115 o
1448 3070 1619 3128 casta,
1652 3076 1774 3116 cum
1804 3061 1908 3117 ﬁde
1956 3077 2101 3119 sem-

525 3162 623 3218 per
647 3147 857 3203 beatam
880 3150 1167 3219 appellem.

598 3238 696 3305 Tc,
740 3254 773 3294 ο
824 3242 1190 3310 sanctissima,
1247 3244 1528 3299 custodem
1591 3244 1643 3298 in
1702 3244 2093 3301 tentationibus

525 3329 729 3385 habeo:
750 3343 806 3386 tu
839 3347 918 3399 es,
956 3342 1075 3403 post
1106 3334 1299 3403 Deum,
1326 3336 1635 3406 praesidium
1670 3352 1850 3393 meum
1882 3352 2096 3407 semper

524 3423 1026 3492 vigilantissimum.
1065 3426 1161 3491 Te,
1208 3443 1241 3484 ο
1296 3429 1624 3495 castissima,
1654 3430 1709 3485 in
1764 3429 1851 3485 die
1901 3428 2096 3499 judieii

526 3515 889 3573 liberatricem
927 3518 996 3574 ab
1032 3520 1210 3577 omnis
1241 3521 1610 3577 damnationis
1638 3524 1905 3580 sententia
1943 3524 2097 3580 inve-

527 3606 696 3659 niam.

601 3695 677 3753 Te
705 3700 1059 3769 purissimum
1106 3700 1324 3759 Domini
1357 3706 1781 3775 receptaculum,
1811 3722 1936 3762 cum
1994 3706 2099 3764 ﬁde

528 3802 743 3857 precor,
810 3806 844 3847 o
908 3790 1002 3847 Dei
1035 3794 1300 3863 genitrix;
1358 3796 1427 3851 ab
1455 3795 1601 3851 omni
1666 3798 1879 3852 macula
1945 3799 2099 3869 purl-

526 3879 627 3933 lica
659 3896 765 3947 me,
788 3892 843 3938 et
878 3885 1165 3954 purissimi
1199 3884 1441 3957 Spiritus
1486 3887 1655 3944 divini
1688 3889 1911 3945 domum
1949 3890 2099 3947 elﬁce

526 3988 632 4029 me.

598 4068 783 4124 Puella
817 4079 992 4139 casta,
1028 4072 1215 4128 occide
1249 4066 1565 4143 passionum
1611 4090 1855 4131 mearum
1891 4084 2095 4143 motus,

526 4171 583 4216 tu
610 4178 730 4233 qua:
762 4172 917 4234 partu
953 4175 1046 4221 tuo
1073 4175 1354 4236 peccatum
1410 4167 1600 4225 vivens
1638 4168 1802 4240 primi
1858 4168 2099 4242 parentis

524 4258 797 4315 occidisti.

601 4368 669 4425 Ut
695 4377 767 4438 te,
796 4386 830 4426 ο
851 4370 920 4427 ab
961 4371 1111 4427 omni
1148 4372 1269 4428 labe
1293 4373 1588 4444 purissima
1630 4373 1765 4445 (54),
1798 4374 2097 4445 gratiarum

524 4463 760 4519 actionis
808 4464 1033 4521 vocibus
1078 4480 1293 4535 semper
1342 4466 1677 4537 gloriﬁcent;
1714 4467 1910 4523 anima:
1965 4484 2101 4524 meae

525 4558 775 4611 tenebras
827 4557 1084 4625 elimina;
1120 4567 1175 4613 et
1205 4558 1325 4615 luce
1373 4560 1705 4629 paenitentiae
1754 4575 1841 4616 me
1888 4560 2101 4617 delictis

525 4651 878 4704 obscuratum
920 4650 1186 4707 illumina.

594 4756 738 4813 Deus
777 4756 869 4813 Dei
904 4756 1161 4824 Verbum,
1204 4774 1327 4814 cum
1360 4761 1414 4814 ln
1448 4762 1583 4816 uteri
1621 4762 1697 4817 tui
1743 4763 2092 4821 tabernacula

526 4848 846 4915 habitasset,
871 4865 904 4905 ο
933 4849 1115 4905 divina
1145 4852 1319 4923 gratia
1357 4854 1706 4922 plenissima;
1745 4854 1871 4912 fecit
1903 4867 1955 4912 te
1980 4872 2099 4911 om-

524 4943 675 4995 nium
719 4942 809 5012 qni
854 4942 908 4997 in
945 4943 1243 4999 certamine
1290 4945 1707 5015 superabantur,
1736 4946 2045 5017 praesidium
2078 4960 2094 4998 :

521 5036 879 5103 quamobrem
910 5036 1148 5092 clamant
1183 5053 1196 5089 :
1228 5036 1516 5094 Beneditus
1549 5054 1628 5105 es,
1659 5038 1799 5094 Deus
1852 5048 2092 5109 patrum,

520 5142 627 5183 etc.

596 5219 696 5290 Tu,
738 5221 983 5293 oVirgo,
1013 5238 1204 5279 eorum
1250 5225 1342 5296 qui
1391 5234 1557 5293 stant,
1587 5239 1649 5281 es
1701 5224 1971 5293 ﬁrmitas;
1998 5241 2093 5283 eo-

601 5377 945 5453 (34)A.Fav_ere
971 5380 1183 5453 videtur
1210 5380 1270 5436 S.
1292 5380 1528 5439 Thomas
1556 5383 1799 5453 Aquinas
1841 5383 1969 5438 dum
1992 5382 2045 5436 in
2075 5397 2091 5437 ι

527 5450 679 5505 Sent.
705 5451 759 5505 d.
790 5451 882 5515 M,
902 5466 954 5504 a.
983 5451 1036 5515 5,
1064 5450 1115 5504 in
1150 5452 1295 5507 hunc
1346 5454 1562 5508 modum
1597 5450 1797 5509 scribit
1826 5474 1840 5509 :
1875 5453 2092 5508 Puritas

526 5522 828 5576 intenditur
847 5537 940 5590 per
969 5536 1244 5593 recessum
1274 5537 1303 5574 a
1339 5524 1634 5588 contrario,
1679 5534 1731 5578 et
1763 5525 1885 5579 ideo
1914 5532 2093 5593 potest

527 5593 748 5664 aliquid
791 5600 1034 5647 creatum
1102 5592 1352 5664 inveniri,
1386 5608 1494 5662 quo
1544 5595 1678 5647 nihil
1737 5592 1928 5664 purius
1973 5609 2096 5664 esse

528 5672 705 5734 potest
740 5663 791 5717 in
833 5663 997 5717 rebus
1030 5663 1247 5724 creatis,
1281 5664 1324 5734 Si
1352 5666 1499 5717 nulla
1531 5662 1849 5732 contagione
1889 5662 2097 5734 peccati

502 5733 869 5802 inquinatum
897 5735 987 5796 sit,
1039 5744 1091 5787 et
1127 5734 1252 5805 talis
1293 5733 1395 5788 fuit
1447 5735 1661 5805 puritas
1710 5736 1768 5789 Β.
1836 5733 2099 5805 Virginis,

526 5820 647 5866 mne
680 5818 710 5857 a
766 5803 1257 5873 peccatopriginali
1307 5806 1563 5873 inununis
1585 5804 1704 5859 fuit.
1770 5824 1789 5856 ι
1846 5803 1955 5859 Sic‘
1993 5805 2099 5856 ille.

2195 2022 2379 2080 ἀνεύει
2404 2024 2698 2091 ἀπαύστως
2727 2024 2789 2081 τὸ
2816 2025 2957 2080 θεῖόν
2984 2042 3077 2079 σου
3112 2026 3423 2097 πρόσωπον.

2264 2203 2585 2276 Φιλαμαρτή
2595 2221 2712 2276 μων
2746 2204 3101 2277 ὑπάρχων,τδ
3128 2205 3478 2279 δικαστήριον
3502 2204 3691 2277 τρέμω
3718 2204 3779 2259 τὸ

2197 2296 2427 2367 φοόερδν
2448 2296 2540 2351 τοῦ
2564 2299 2627 2351 ὲκ
2650 2296 2765 2361 σοῦ,
2789 2297 2950 2369 ἁγνὴ,
2974 2297 3279 2369 τεχθέντος,
3300 2299 3358 2353 ὲν
3383 2291 3428 2367 ᾧ
3456 2314 3547 2369 με,
3575 2296 3776 2368 άγαθὴ,

2199 2388 2565 2461 ἀκατάκριτον
2591 2390 2948 2462 συντήρησον.

2671 2615 2857 2671 ΗΧΟΣ
2894 2616 3187 2671 HAAI‘IOZ
3223 2622 3297 2671 A'.

2212 2742 2307 2797 Ἐκ
2350 2742 2456 2797 τοῦ
2487 2743 2746 2809 κανόνος
2776 2740 2884 2812 τῆς
2915 2744 3217 2815 δευτέρας,
3247 2746 3333 2814 εις
3359 2748 3467 2803 τὸν
3499 2749 3776 2819 Ὀρθρον.

2274 2870 2455 2927 Ἴασαι
2505 2867 2767 2923 νοσοῦντά
2824 2885 2891 2939 με
2942 2867 3195 2939 χαλεπῶς
3230 2870 3330 2940 τῆς
3384 2870 3777 2945 θανατηφόρου

2200 2959 2482 3025 ἀσθενείας
2516 2959 2624 3015 τῶν
2664 2959 2961 3030 σαρκικῶν,
2989 2960 3151 3031 ἁγνὴ,
3202 2960 3449 3032 ψυχικῶν
3496 2980 3557 3016 τε
3605 2963 3779 3035 παθη-

2204 3053 2412 3124 μάτων,
2440 3054 2587 3118 ὄπως
2611 3054 2670 3109 ὲν
2708 3053 2889 3109 πίστει
2923 3055 3010 3109 ἀεὶ
3045 3054 3334 3126 μακαρίζω
3363 3072 3444 3111 σε.

2270 3234 2337 3289 Σὲ
2365 3237 2622 3309 φρουρὸν,
2653 3236 2925 3307 παναγία,
2957 3239 3015 3294 ὲν
3037 3242 3361 3312 πειρασμοῖς
3390 3242 3692 3313 κέκτημαι,
3718 3243 3776 3297 at

2203 3331 2341 3403 μετά
2368 3331 2501 3385 Θεὸν
2529 3333 2866 3404 προστασίαν
2896 3333 3003 3405 ἔχω
3036 3334 3354 3406 ἀκοίμητον,
3390 3336 3449 3389 σὲ
3506 3336 3777 3407 ῥυομένην

2201 3441 2267 3495 με
2290 3424 2348 3477 ἐν
2377 3427 2441 3496 τῇ
2464 3425 2648 3498 ἡμέρα
2675 3422 2774 3497 τῆς
2806 3425 2960 3497 δίκης
2983 3426 3164 3499 πάσης
3190 3427 3569 3499 κατακρίσεως
3598 3428 3776 3500 εὕροι-

2201 3532 2315 3588 μοι,
2344 3517 2607 3587 πάναγνε.

2271 3702 2417 3760 Σὲίτδ
2436 3702 2676 3776 καθαρὸν
2690 3703 2890 3777 δοχεῖον
2911 3704 3003 3759 τοῦ
3023 3704 3290 3759 Δεσπότου
3316 3705 3495 3759 πίστει
3514 3705 3769 3773 δυσωπῶ,

2200 3795 2499 3866 καθάρισόν
2546 3815 2612 3867 με
2662 3797 2870 3871 πάσης,
2923 3800 3309 3873 Θεογεννῆτορ,
3367 3801 3615 3872 κηλίδος,
3680 3801 3772 3856 καὶ

2200 3881 2350 3943 οἷκον
2377 3888 2549 3955 δεῖξον
2574 3889 2668 3944 τοῦ
2697 3890 2938 3964 καθαροῦ
2961 3894 3055 3947 καὶ
3082 3892 3226 3947 θείου
3258 3893 3596 3965 Πνεύματος.

2274 4075 2591 4148 Νέκρωσον,
2624 4076 2787 4149 ἁγνὴ,
2820 4077 2929 4133 τῶν
2963 4077 3152 4134 παθῶν
3186 4098 3286 4150 μου
3317 4078 3384 4134 τά
3410 4081 3767 4153 κινήματα,η

2200 4168 2522 4239 νεκρὼσασα
2552 4169 2629 4243 τῷ
2657 4172 2801 4245 τόκῳ
2832 4190 2924 4227 σου
2957 4173 3054 4242 τὴν
3078 4171 3469 4247 ζῶσαν,Κόρη,
3503 4176 3770 4246 ἁμαρτίαν

2200 4261 2295 4317 τοῦ
2321 4264 2687 4335 προπάτορος.

2272 4372 2390 4427 Ἰνα
2440 4376 2645 4442 φωναῖς
2697 4374 3033 4447 εὐχαρίστως
3095 4377 3363 4444 πάντοτε,
3421 4383 3765 4454 πανάμωμε,

2199 4463 2408 4531 δοξάζω
2452 4483 2544 4531 σε,
2574 4466 2753 4538 ψυχῆς
2783 4486 2883 4539 μου
2916 4469 3105 4534 δίωξον
3133 4472 3196 4525 τὸ
3227 4472 3442 4538 σκότος,
3476 4475 3571 4528 καὶ
3610 4493 3767 4546 μετα-

2201 4556 2345 4621 νοὶας
2374 4557 2513 4626 φωτὶ
2535 4558 2605 4611 τά
2638 4558 2845 4631 ζοφερά
2871 4558 3030 4614 λῦσόν
3062 4578 3167 4632 μου
3191 4562 3541 4635 ἐγκλήματα.

2278 4764 2337 4819 '0
2385 4761 2521 4817 Θεοῦ
2569 4762 2701 4827 Θεὸς
2752 4763 2926 4831 Λόγος
2978 4765 3035 4818 ἑν
3082 4765 3280 4836 γαστρί
3318 4782 3414 4819 σου
3452 4767 3762 4837 σκηνὼσας,

2196 4858 2588 4928 θεοχαρίτωτε,
2627 4856 2883 4910 ἁπάντων
2916 4857 3254 4927 προστασίαν
3294 4858 3404 4911 τῶν
3434 4876 3764 4915 καταπονου-

2200 4946 2379 5018 μένων
2423 4945 2517 4999 καὶ
2551 4944 2799 5016 βοώντων
2850 4945 3088 5002 δεικνύει
3134 4963 3223 5000 σε·
3274 4947 3333 5002 ⁸0
3374 4948 3485 5002 τῶν
3527 4951 3765 5022 πατέρων

2198 5039 2355 5111 ήμῶν
2382 5038 2537 5106 θεὸς,
2570 5038 2863 5109 εὐλογητὸς
2893 5034 2965 5095 εἰ.
3463 5079 3493 5106 ,

2279 5224 2606 5298 ἰσταμένων
2653 5224 2946 5297 βεδαίωσις
2993 5226 3281 5298 ὑπάρχεις,
3339 5228 3437 5282 καὶ
3500 5229 3764 5283 πεσόντων

2196 5381 2419 5437 Νιιιὶνὶι.
2456 5381 2669 5438 Domini
2701 5399 2867 5453 prope
2894 5382 3221 5447 linem,dum
3264 5382 3467 5439 ibidem
3494 5385 3580 5440 his
3608 5386 3764 5437 utitur

2202 5453 2385 5507 verbis
2423 5470 2437 5507 :
2466 5472 2485 5506 ι
2522 5452 2711 5508 ουουίι
2737 5452 2963 5507 matrem
2998 5453 3088 5507 Dei
3124 5468 3245 5508 esse
3275 5456 3630 5523 purissimam
3662 5457 3763 5509 sine

2198 5524 2339 5587 labe,
2370 5525 2487 5579 sine
2520 5535 2765 5593 peccato,
2786 5526 2930 5579 unde
2958 5539 3063 5578 non
3095 5526 3273 5578 solum
3322 5526 3544 5594 quando
3576 5528 3760 5595 puella,

2200 5596 2292 5649 sed
2325 5595 2542 5662 quando
2571 5595 2816 5664 parvula,
2842 5595 3209 5659 sanctissima,
3252 5604 3306 5647 et
3358 5597 3411 5649 in
3440 5608 3600 5651 utero
3647 5610 3759 5648 san-

2201 5665 2465 5730 ctissima,
2497 5674 2549 5719 et
2596 5666 2648 5718 in
2677 5666 3042 5734 Conceptione
3079 5666 3445 5720 sanctissima.
3483 5665 3600 5720 Non
3630 5666 3756 5719 enim

2201 5737 2428 5791 decebat
2470 5737 2852 5805 sanctuarium
2889 5736 3004 5796 Dei.
3042 5736 3263 5789 domum
3292 5737 3609 5805 Sapientiae.
3650 5736 3759 5789 reli-

2203 5806 2474 5875 quiarium
2520 5804 2759 5876 Spiritus
2823 5808 3018 5869 sant-ti,
3049 5822 3241 5860 urnam
3293 5804 3506 5863 manna:
3536 5805 3757 5864 coelestia

529 5857 782 5931 Sanctus‘
831 5875 955 5929 item
988 5857 1234 5932 Tho‘lna—s
1283 5892 1312 5931 a
1366 5857 1500 5930 Villa
1531 5857 1703 5943 Nova,
1742 5857 2006 5943 sermnﬁ,
2037 5874 2103 5928 de
2208 5857 2632 5947 aliqnaznﬂinvse
2652 5857 2863 5933 habere
2886 5857 3138 5933 [alienun
