4038 6606
274 528 416 595 1345
1698 508 1931 568 MARIA

2028 508 2063 568 λ
3397 487 3539 553 1346

280 636 603 710 ἁνόρθωσις,
633 628 878 703 Παρθένε
904 643 917 656 ·
949 624 1032 680 διδ
1063 620 1489 678 καταπτωθέντα
1524 635 1592 691 με
1624 617 1863 688 ἀνάστη-
1892 621 1931 678 Α

2037 630 2087 669 m
2126 614 2217 684 qui
2253 611 2456 668 cadunt
2488 608 2691 665 erectio
2723 624 2736 661 :
2764 605 3117 676 quamobrem
3153 616 3238 655 me
3268 600 3381 670 jam
3427 597 3547 654 col-

239 792 249 823 ‘
282 692 399 793 σον,
422 727 508 781 ἵνα
538 692 601 779 σέ
624 692 834 789 δοξάζω
855 720 955 790 τὴν
982 715 1454 787 κεχαριτωμένην.

2028 723 2183 781 psum
2216 706 2382 777 erige,
2409 714 2467 759 ut
2497 713 2547 758 te
2574 701 2748 772 gratia
2780 697 2993 769 plenam
3026 692 3345 765 gloriﬁcem.

2043 798 2289 823 annua“-
2359 809 2553 823 ...νηπι-
2616 807 2647 823 Α
2700 797 2852 823 σπειρία
2919 786 3057 823 Iunia
3126 783 3317 823 nnninu

351 781 615 881 (ιίώτισον,
667 781 811 886 πύλη
865 781 960 867 τόῦ
1000 781 1201 882 φῶτδς,
1259 781 1358 879 τῆς
1392 781 1632 878 καρδίας
1666 820 1767 874 μου
1797 799 1867 855 τὰ

2043 798 2317 862 lllumina,
2359 809 2573 867 precor,
2615 807 2648 848 ο
2700 797 2854 863 porta
2919 786 3080 851 lucis,
3126 783 3318 840 oculos
3366 781 3548 837 cordis

282 919 531 989 δμματα,
581 875 811 979 δέομαι..
844 907 939 961 καὶ
992 875 1379 975 ἀπημαύρωσε
1428 875 1528 969 τῆς
1592 895 1866 969 ἁμαρτίας

2029 895 2101 958 ei,
2156 907 2294 963 quos
2343 888 2688 945 densissima:
2739 882 2946 956 peccati
2994 879 3232 934 tenebrae
3285 875 3551 930 obscura-

286 971 481 1069 σκότος
520 971 848 1074 βαθύτατον,
880 995 977 1050 καὶ
1026 971 1315 1067 μετανοίας
1352 1010 1453 1063 μου
1487 990 1661 1059 αὐγὴν
1694 986 1867 1041 κατά-

2028 1006 2134 1057 rre;
2164 999 2219 1045 et
2242 988 2431 1043 emitte
2453 984 2611 1048 mibi,
2651 980 2904 1043 Domina,
2937 974 3269 1049 paenitentiae
3302 971 3548 1033 radium;

290 1065 543 1169 πεμψον,
596 1093 885 1156 Δέσποινα,
946 1065 1041 1142 καί
1089 1087 1307 1141 αἰωνίου
1360 1084 1531 1156 πυρὸς
1573 1079 1870 1154 μεσιτείαις

2049 1077 2535 1136 intercessionibus
2566 1075 2696 1141 luis,
2727 1089 2760 1128 o
2783 1070 2951 1144 Virgo
2981 1080 3153 1135 casta,
3180 1066 3249 1121 ab
3278 1065 3400 1137 igne
3423 1077 3553 1133 per—

293 1207 413 1252 σου,
441 1186 604 1257 ἀγνὴ,
634 1182 1021 1252 ὲλευθέρωσον.

2028 1174 2098 1229 iui
2132 1173 2299 1227 libera
2322 1185 2429 1226 me.

357 1299 460 1354 Ἐκ
488 1294 598 1351 τοῦ
626 1294 898 1359 Κανόγος
927 1288 1035 1361 τῆς
1058 1290 1285 1359 τρίτης,
1307 1289 1393 1355 εις
1424 1286 1532 1341 τὸν
1559 1286 1833 1354 Ὀρθρον.

368 1406 677 1466 Μετανοίας
707 1420 819 1475 μοι,
855 1399 1119 1473 Παρθένε,
1156 1395 1544 1462 καθυπόδειξον
1574 1394 1745 1460 ὁδοὺς,
1778 1392 1874 1449 καὶ

300 1505 398 1575 τῆς
443 1496 770 1567 ἀπαγούσης
814 1513 880 1568 με
916 1496 1055 1567 πρὸς
1097 1492 1374 1564 ἁμαρτίαν
1404 1487 1731 1560 έπίστρεψον
1759 1485 1875 1559 τρί-

302 1599 416 1663 ϐον,
452 1597 540 1651 ἵνα
580 1613 640 1649 σε
690 1592 845 1667 ὕμνῶ
885 1590 985 1663 τὴν
1019 1586 1397 1659 πολυύμνητον
1441 1583 1537 1639 καὶ
1571 1578 1878 1653 παμμακά-

304 1708 512 1762 ριστον.

377 1780 858 1856 Κατεῤῥαγμένων
890 1774 1287 1847 ἐπανόρθωσις,
1315 1768 1568 1832 Θεοτόκε,
1600 1763 1884 1820 πωθὲντα

306 1878 519 1949 έγειρον
565 1876 631 1929 ὲκ
663 1872 857 1945 βόθρου
891 1869 1002 1925 τῶν
1052 1866 1239 1923 κακῶν
1273 1881 1400 1936 μου,
1429 1862 1523 1915 καὶ
1566 1858 1881 1930 έδραίωσον,

308 1969 594 2037 Δέσποινα,
629 1968 688 2022 έν
716 1965 894 2037 πέτρᾳ
919 1960 1028 2016 τῶν
1057 1958 1150 2014 τοῦ
1186 1956 1322 2012 Θεοῦ
1346 1952 1601 2010 ἐντολῶν.

387 2158 731 2228 Πανῦμνητε,
767 2150 1055 2214 Δέσποινα,
1089 2140 1494 2218 μεγαλοφώνως
1525 2155 1584 2192 σε
1613 2131 1887 2207 ἀνυμνοῦ-

319 2270 443 2326 μεν.
490 2250 779 2321 πλήρωσον
834 2246 1015 2315 πάσης
1063 2239 1236 2311 χαρᾶς
1277 2235 1374 2307 τὴν
1431 2234 1573 2305 ἐμὴν
1629 2230 1890 2293 διάνοιαν,

316 2321 665 2420 παρεχομένη
693 2356 784 2412 μοι
811 2334 1008 2398 πένθος
1033 2330 1260 2402 ἀγαθὸν,
1284 2328 1380 2383 καὶ
1404 2321 1693 2400 μετανοίας
1721 2321 1891 2391 ἀφορ-

320 2439 451 2512 μὰς,
476 2435 573 2491 καὶ
598 2432 801 2503 γνῶσιν
832 2428 1119 2499 σωτήριον.

404 2504 563 2599 Ἅγια
609 2527 861 2591 Θεοτόκε,
913 2522 947 2593 ἡ
996 2516 1268 2588 τὸνβιγιον
1312 2512 1486 2584 Λόγον
1528 2504 1896 2572 ἀποτεκοῦσα,

321 2624 491 2696 σαρκὶ
515 2619 926 2689 ἀναπαυόμενον
957 2613 1115 2687 μόνον
1131 2614 1189 2665 ὲν
1209 2610 1343 2665 πᾶσι
1361 2608 1475 2670 τοῖς
1497 2604 1695 2673 ἁγίοις,
1724 2600 1888 2671 ἁγία·

325 2695 419 2772 σόν
457 2731 560 2787 μου
592 2712 682 2767 τὸν
710 2711 835 2765 νοῦν
876 2709 997 2775 ταῖς
1032 2705 1300 2777 πονηραῖς
1338 2697 1628 2773 ἐργασίαις
1663 2695 1751 2750 ἀεὶ
1776 2695 1901 2748 ἑπι-

329 2812 580 2883 μένοντα.

412 2904 479 2957 Ἠ
515 2898 844 2972 μανναδόχος
888 2914 949 2951 σε
982 2894 1240 2965 στάμνος,
1273 2887 1527 2953 Θεοτόκε,
1563 2884 1693 2939 ποτὲ
1726 2900 1907 2957 προει-

329 2995 531 3059 κόνιζε·
588 2991 821 3063 Χριστὸν
879 2988 989 3059 γὰρ
1056 2984 1399 3053 ὲδλάστησας
1455 2979 1518 3034 τδ
1577 2978 1755 3050 μάννα
1805 2978 1905 3044 τῆς

330 3084 585 3156 γνώσεως
614 3080 1019 3153 ὲπομσρίζοντα
1049 3078 1183 3132 πᾶσι
1206 3076 1321 3139 τοῖς
1350 3069 1553 3145 τιμῶσί
1581 3087 1661 3124 σε.

419 3270 593 3341 ’Υπὲρ
623 3267 802 3323 αἰτίαν
828 3265 1033 3329 τίκτεις
1059 3261 1155 3318 τοῦ
1184 3261 1384 3326 παντὸς
1412 3259 1505 3315 τὸν
1532 3257 1723 3321 αἴτιον,
1747 3256 1912 3326 ὑπερ-

2222 1279 2306 1336 Ea:
2329 1279 2543 1335 Canone
2582 1276 2729 1348 feriae
2759 1289 2843 1340 ιιι,
2880 1271 2948 1327 ad
2983 1266 3309 1325 Matutinum

2049 1392 2392 1452 Pmnitentize
2434 1390 2553 1446 vias
2601 1388 2918 1443 demonstra
2967 1378 3125 1445 mihi,
3151 1392 3185 1432 ο
3212 1372 3402 1444 Virgo,
3431 1377 3486 1425 et
3527 1384 3561 1423 a

1978 1489 2172 1546 semita
2199 1502 2322 1556 qua:
2364 1497 2452 1537 me
2480 1482 2544 1536 ad
2577 1485 2861 1550 peccatum
2890 1470 3131 1534 deducit,
3158 1474 3341 1523 averte
3372 1478 3475 1526 me,
3501 1470 3563 1514 ut

1981 1581 2197 1636 laudem
2220 1555 2281 1632 te
2314 1576 2462 1630 omni
2504 1573 2664 1635 laude
2690 1566 3071 1641 dignissimam
3102 1567 3156 1617 et
3183 1558 3332 1613 omni
3385 1555 3563 1615 beati-

1981 1675 2171 1731 tudine
2209 1667 2726 1726 cumulatissimam.

2056 1767 2465 1822 Prostratorum
2497 1758 2725 1821 erectio,
2757 1770 2789 1809 0
2821 1752 3072 1823 Deipara,
3104 1764 3135 1804 e
3157 1744 3420 1804 barathro
3449 1754 3568 1795 uta-

1985 1862 2162 1916 lorum
2188 1872 2433 1912 meorum
2480 1866 2569 1907 me
2593 1849 2893 1917 collapsum
2920 1844 3104 1911 erige;
3132 1848 3187 1894 et
3212 1838 3264 1893 in
3305 1844 3456 1906 petra
3482 1831 3567 1886 di-

1909 1962 1961 2024 Β
1988 1956 2237 2010 viuorum
2278 1947 2444 2019 296
2472 1943 2852 2000 mandatorum
2907 1933 3163 1993 stabilem
3211 1934 3371 1987 tirma
3395 1941 3502 1991 me,
3534 1941 3568 1979 ο

1996 2048 2248 2105 Dcinina.

2065 2132 2522 2195 Laudabilissima
2581 2126 2834 2191 Domina,
2862 2121 3075 2191 magnis
3106 2126 3226 2174 tuas
3249 2111 3441 2171 laudes
3470 2124 3583 2167 νου.

1997 2236 2153 2295 cibus
2218 2230 2533 2288 extollimus
2577 2240 2594 2280 :
2648 2220 2813 2291 imple
2867 2214 3019 2273 omni
3070 2210 3268 2284 gaudio
3334 2212 3571 2261 mentem

2000 2345 2211 2395 meam;
2244 2327 2447 2383 luctum
2510 2318 2716 2380 utilem,
2758 2307 3134 2385 paenitentiam
3186 2308 3575 2375 opportunam,

2000 2430 2052 2479 et
2076 2417 2359 2477 scientiam
2381 2408 2727 2469 salutiferam
2763 2402 3070 2461 concedens
3098 2396 3258 2452 mihi.

2078 2513 2307 2582 Deipara
2337 2512 2548 2566 sancta,
2576 2514 2699 2572 quae
2732 2495 2970 2551 Verbum
3007 2498 3279 2555 sanctum,
3313 2484 3458 2557 quod
3488 2497 3582 2538 so-

2004 2608 2116 2664 lum
2142 2600 2401 2659 omnibus
2442 2596 2650 2653 sanctis
2675 2586 2995 2659 requiescit,
3026 2584 3370 2641 iucaruatum
3414 2590 3581 2645 pepec

2006 2698 2127 2755 risti
2153 2715 2167 2751 :
2197 2695 2477 2752 sanctilica
2505 2698 2743 2747 mentem
2773 2699 2971 2751 meam,
3007 2680 3062 2736 in
3094 2677 3279 2750 pravis
3330 2672 3585 2745 operibus

2006 2804 2220 2858 semper
2250 2788 2659 2842 immorantem.

2081 2881 2229 2945 Urna
2283 2879 2397 2944 illa,
2422 2877 2475 2931 iu
2502 2888 2610 2945 qua
2657 2883 2864 2926 manna
2906 2862 3310 2925 continebatur,
3335 2858 3465 2914 olim
3514 2865 3585 2916 tc,

2012 2975 2265 3046 Deipara,
2298 2965 2709 3042 praefiguravit:
2745 2960 3022 3046 Cbristum
3072 2955 3216 3011 enim
3248 2948 3589 3023 germiuas'i,

2014 3066 2108 3138 qui
2133 3038 2390 3122 omnibus
2419 3038 2818 3114 honorantibus
2842 3059 2895 3106 te
2919 3045 3163 3105 scientiae
3214 3055 3417 3099 manna
3446 3040 3592 3095 velut

2015 3158 2246 3213 imbrem
2280 3151 2541 3209 demittit.

2090 3250 2264 3318 Supra
2307 3258 2497 3301 omnes
2538 3253 2736 3297 causas
2781 3250 2845 3291 ac
2878 3232 3136 3294 rationes,
3169 3238 3391 3283 causam
3432 3229 3595 3291 atque

337 3363 469 3433 ϐολῇ
516 3317 881 3434 χρηστότητος
1174 3317 1540 3426 γεγενημένον
1563 3366 1578 3380 '
1608 3317 1732 3404 ὅθεν
1775 3317 1919 3419 συμ-

2028 3353 2302 3400 auctorem
2341 3333 2582 3393 universi
2634 3327 2911 3401 peperisti,
2934 3329 3157 3396 propter
3188 3317 3414 3375 nimiam
3436 3327 3591 3368 suam

2226 3432 2233 3434 λ
2456 3426 2468 3434 ·
2590 3424 2601 3434 ·
2770 3419 2793 3434 ι·
2859 3428 2966 3434 -m-
3057 3409 3213 3434 unus-
3254 3417 3304 3434 ι..
3354 3421 3384 3434 ι.
3432 3418 3565 3434 ...η-η

339 3459 535 3529 φώνως
567 3472 651 3523 σε,
683 3454 844 3526 ἁγνὴ,
879 3450 1282 3524 μακαρίζομεν.

415 3638 846 3714 Κυματοῦμενον
878 3634 1025 3706 σάλῳ
1074 3650 1143 3705 με
1177 3632 1276 3703 τῆς
1306 3628 1603 3702 ἁμαρτίας,
1655 3625 1817 3697 ἁγνὴ,
1853 3628 1919 3697 τῇ

346 3739 417 3806 σῇ
457 3730 705 3803 μεσιτείᾳ
733 3730 868 3800 πρὸς
921 3724 1193 3797 σωτηρίαν
1218 3720 1530 3792 μετανοίας,
1563 3716 1689 3788 βοῶ,
1720 3716 1922 3780 ίθυνον,

348 3829 641 3891 Δέσποινα,
683 3819 1067 3891 παγγαλήνους
1114 3816 1361 3885 λιμένας,
1393 3814 1542 3876 ὅπως
1590 3809 1768 3881 βλέψω
1807 3807 1926 3880 φῶς

353 3922 461 3993 τῆς
498 3916 771 3989 σωτηρίας
796 3916 825 3969 ὁ
846 3910 1230 3981 ὲσκοτισμένος
1260 3906 1346 3962 ἀεὶ
1378 3908 1445 3976 τῇ
1478 3902 1743 3977 ῥᾳθυμίᾳ.

430 4109 814 4171 Φωτιστικαῖς,
852 4100 1185 4171 παναμωμε,
1235 4095 1545 4167 ἀστραπαῖς
1594 4091 1692 4145 τοῦ
1718 4091 1784 4147 ὲκ
1830 4087 1931 4159 τῆς

360 4206 464 4276 σῆς
490 4200 849 4274 προελθόντος
878 4196 1092 4267 μήτρας
1118 4190 1249 4245 Υίοῦ
1281 4191 1375 4243 καὶ
1399 4185 1557 4252 Θεοῦ,
1590 4184 1715 4248 τοῦς
1752 4181 1933 4235 πίστει

359 4272 666 4371 ὑμνοῦντάς
727 4309 786 4346 σε
844 4288 1159 4360 φαίδρυνον,
1223 4283 1323 4337 καὶ
1373 4279 1601 4341 σκότους
1643 4276 1792 4347 ἡμᾶς
1839 4272 1933 4327 τοῦ

360 4367 638 4463 ἀξρεγγοῦς
680 4386 775 4441 καὶ
811 4385 912 4453 τῆς
947 4376 1309 4448 αίωνιζοῦσης
1349 4369 1840 4443 ἐξελοῦκολάσεως
1870 4367 1935 4437 τῇ

364 4490 434 4559 σι
470 4483 739 4557 μεσιτειςι.

378 4598 482 4652 Ἐκ
512 4592 620 4648 τοῦ
653 4588 923 4653 Κανόνας
945 4582 1052 4653 τῆς
1080 4579 1384 4649 τετάρτης,
1413 4578 1501 4643 εἰς
1521 4574 1629 4629 τὸν
1666 4572 1940 4641 Ὀρθρον.

442 4700 835 4777 Παρισταμένη
870 4695 948 4767 τῷ
995 4691 1214 4763 σταυρῷ
1262 4706 1378 4753 σου,
1409 4685 1604 4754 Κύριε,
1654 4684 1689 4756 ἡ
1724 4679 1945 4750 ἀπειρό-
1977 4683 2022 4739 D

372 4775 575 4872 γαμος,
604 4795 699 4850 καὶ
726 4792 823 4855 τὰς
851 4790 910 4843 ὲν
943 4788 1025 4841 σοὶ
1052 4784 1286 4857 τρώσεις
1322 4778 1632 4850 καθορῶσα,
1669 4775 1914 4828 Δέσποτα
1932 4812 1946 4837 ,

374 4867 791 4964 τιτρωσκομένη
839 4882 1024 4949 ἔλεγεν
1048 4894 1063 4910 ⁸
1101 4878 1283 4948 Οίμοι,
1319 4874 1506 4927 τέκνον
1536 4873 1548 4925 l
1582 4869 1779 4930 ὠδῖνας
1816 4867 1953 4920 ἀπο-

379 4957 628 5059 φυκοῦσα
669 4979 748 5051 τῷ
793 4977 939 5045 τόκῳ
985 4988 1105 5037 σου,
1154 4968 1252 5023 νῦν
1301 4963 1576 5037 ὀδυνηρῶς
1621 4957 1956 5031 κατατρύχο-

382 5098 481 5153 μαι
592 5112 601 5127 -.

464 5169 525 5224 'll
574 5166 917 5236 πολύμνητος
958 5158 1136 5232 ἀμνὰς
1176 5156 1268 5210 τὸν
1308 5153 1447 5223 ἄρνα
1476 5147 1789 5218 θεασαμένη
1822 5143 1959 5213 πρὸς

382 5264 631 5321 ἑκούσιον
666 5259 956 5330 ἑλκόμενον
988 5253 1179 5314 πάθος,
1217 5247 1313 5303 καὶ
1346 5242 1746 5313 σταυροὺμενον
1775 5237 1959 5309 σαρκὶ,

383 5356 620 5432 ἠλάλαζε
648 5327 975 5423 δακρῦουσα,
1005 5348 1101 5402 καὶ
1129 5345 1226 5415 τὴν
1259 5336 1642 5413 μακροθυμίαν
1674 5332 1833 5405 ὕμνει
1864 5327 1963 5400 τὴν

387 5452 579 5509 τούτου
604 5447 923 5514 δοξάζουσα.

464 5635 571 5691 Τὸν
596 5631 796 5701 ἑαυτῆς
824 5626 1023 5700 μόσχον
1045 5624 1078 5695 ἠ
1110 5620 1399 5691 ἄμεμπτος
1421 5612 1652 5685 δάμαλις
1680 5607 1971 5666 κατιδοῦσα

398 5730 542 5799 ξύλῳ
560 5722 965 5797 ἀναρτὼμενον,
995 5716 1220 5779 Τέκνον,
1250 5710 1381 5765 ἐϐόα
1409 5705 1731 5777 ἀλαλαγμῷ,
1764 5703 1880 5767 πῶς
1913 5718 1973 5755 σε

398 5792 743 5891 πανάμωμον
789 5792 960 5884 δῆμος
988 5807 1098 5863 οὐδ’
1142 5805 1279 5868 ὅλως
1325 5799 1661 5874 ᾠκτείρησεν
1708 5792 1868 5848 αὐτὸν
1894 5794 1976 5846 oi-

402 5886 759 5984 κτειρηκότα,
784 5905 923 5963 ἀλλά
970 5901 1162 5973 σκέψει
1207 5896 1357 5968 δολία
1412 5890 1719 5949 θανατῶσαι
1777 5886 1977 5949 ἀδίκως

405 6005 690 6097 προείλετο
708 6020 724 6070 ;

2020 3432 2432 3504 benignitatem,
2456 3424 2733 3480 hominem
2769 3419 2993 3477 factum.
3057 3409 3215 3468 Unde
3253 3417 3325 3473 te,
3352 3421 3385 3461 ο
3432 3418 3592 3475 pura,

2023 3506 2260 3585 cousona
2292 3534 2423 3576 voce
2448 3518 2664 3573 beatam
2689 3521 3092 3581 nuncupamus.

2096 3619 2179 3674 Me
2206 3618 2260 3672 in
2284 3611 2490 3687 peccati
2519 3609 2634 3666 salo
2659 3606 3033 3666 ﬂuctuantem,
3062 3588 3454 3653 intercessione
3483 3596 3600 3653 tua,

2026 3731 2061 3770 o
2092 3680 2365 3776 casta,-ad
2415 3699 2896 3773 tranquillissimos
2943 3689 3202 3749 salutaris
3267 3680 3604 3755 poenitentia:

2032 3996 2214 4049 lumen
2252 3986 2541 4057 aspiciam.

2102 4079 2533 4155 Fulgurantibus
2562 4072 2734 4129 radiis
2757 4069 2877 4124 Filii
2910 4075 2963 4122 et
2995 4062 3087 4120 Dei
3118 4060 3220 4126 tui,
3243 4056 3337 4128 qui
3359 4068 3425 4111 ex
3454 4059 3613 4108 utero

2034 4186 2131 4233 tuo
2165 4170 2434 4247 processit
2488 4164 2739 4222 illumina
2771 4170 2823 4216 et
2851 4155 3121 4218 exhilara,
3154 4165 3189 4206 ο
3241 4139 3616 4204 intemeratis-

2038 4272 2197 4335 sima,
2229 4281 2323 4322 eos
2356 4264 2447 4333 qui
2484 4270 2537 4315 te
2566 4272 2691 4314 cum
2730 4255 2832 4309 ﬁde
2867 4248 3216 4307 collaudant;
3258 4248 3313 4296 et
3356 4238 3619 4292 interces-

2042 4330 2197 4419 sione
2230 4369 2321 4413 tua
2354 4330 2650 4411 atenebris
2682 4340 3091 4403 obscurissimis
3117 4330 3340 4397 Averni,
3370 4336 3426 4385 et
3461 4342 3491 4383 a
3519 4340 3619 4398 pe-

2044 4452 2200 4508 renui
2243 4454 2510 4505 tormento
2538 4440 2687 4511 eripe
2719 4453 2841 4493 nos.

2295 4556 2378 4612 Ea:
2408 4555 2618 4612 (Sanane
2652 4550 2799 4621 feria
2831 4562 2881 4600 tv
2928 4543 2996 4598 ad
3031 4538 3377 4596 Matutinum.

2119 4672 2399 4729 A‘ssisteus
2441 4664 2607 4736 Virgo
2657 4662 2887 4731 innupta
2935 4652 3084 4711 cruci
3140 4660 3266 4715 tuae,
3304 4643 3624 4701 Dominalor

2054 4766 2302 4827 Demine,
2336 4772 2499 4831 atque
2550 4735 2774 4813 intuens
2839 4750 3065 4806 vulnera
3120 4754 3234 4808 tua,
3294 4741 3410 4810 ipsa
3459 4735 3625 4790 etiam

2053 4830 2466 4919 vulnerabatur,
2516 4867 2581 4908 ac
2630 4848 2889 4905 dicebat:
2932 4842 3030 4897 Hei
3078 4839 3234 4900 mibi,
3270 4834 3376 4888 tilil
3419 4830 3635 4888 dolores

2057 4962 2266 5026 partus,
2294 4964 2419 5004 cum
2456 4956 2511 5001 tu
2563 4940 2890 5005 nascereris,
2932 4933 3213 5002 eil'ugi;et
3258 4942 3403 4980 nunc
3434 4921 3638 4978 dolori-

2058 5048 2162 5103 bus
2198 5056 2415 5116 premor
2440 5053 2504 5093 ac
2534 5033 2860 5092 discrucior.

2130 5105 2282 5209 Agna
2311 5134 2425 5199 illa,
2450 5145 2578 5202 quze
2622 5123 2873 5198 plurimis
2896 5119 3099 5191 ubique
3120 5112 3373 5169 laudibus
3395 5105 3635 5163 celebra—

2066 5242 2175 5297 tur,
2202 5228 2362 5300 297
2392 5226 2582 5280 videns
2606 5222 2819 5291 Agnum
2848 5215 2915 5271 ad
2942 5211 3301 5267 voluntariam
3327 5200 3637 5274 passionem

2069 5329 2385 5382 attractum,
2419 5331 2481 5371 ac
2510 5310 2811 5369 secundum
2840 5318 3059 5361 carnem
3092 5296 3434 5356 crucifixum,
3468 5289 3642 5360 ejula«

2071 5419 2164 5474 bat
2191 5430 2316 5471 cum
2337 5409 2613 5482 lacrymis,
2642 5414 2697 5460 et
2722 5402 2865 5458 illius
2888 5392 3354 5469 longanimitatem
3379 5400 3505 5442 cum
3528 5384 3644 5438 lau-

2072 5511 2233 5565 dibus
2272 5502 2628 5577 gloriﬁeabat.

2143 5603 2384 5658 Iuvenca
2432 5592 2783 5654 immaculata
2836 5587 3025 5643 videns
3073 5579 3305 5637 vitulum
3367 5586 3529 5631 suum
3593 5569 3649 5624 iu

2075 5711 2239 5754 cruce
2269 5702 2628 5763 suspensum,
2658 5697 2780 5741 cum
2830 5678 3032 5753 gemitu
3063 5671 3335 5729 clamabat
3368 5683 3383 5721 :
3423 5665 3469 5722 0
3507 5663 3648 5729 Fili;

2077 5788 2354 5866 quomodo
2375 5761 2622 5857 populus
2654 5777 3041 5852 praevaricator
3070 5768 3276 5825 nullam
3310 5763 3387 5820 tui
3419 5761 3654 5818 misera-

2081 5853 2286 5943 tionem
2318 5853 2529 5946 habuit,
2555 5874 2649 5948 qui
2684 5872 2833 5928 illius
2859 5868 3120 5924 misertus
3149 5864 3250 5919 es?
3288 5858 3383 5916 sed
3422 5853 3654 5913 fraudu-

2085 5979 2230 6035 lento
2258 5974 2488 6033 consilio
2522 5980 2573 6029 te
2594 5967 2795 6040 injuste
2833 5960 3140 6021 interﬁcere
3169 5955 3436 6015 decrevit.
