  <div class='ocr_page' id='page_1' title='image "/cluster/home/n/w/nwhite01/storage/ocr_20150623/105/hvd.32044013678347/685.png"; bbox 0 0 4038 6594; ppageno 0'>
   <div class='ocr_carea' id='block_1_1' title="bbox 451 471 587 537">
    <p class='ocr_par' dir='ltr' id='par_1_1' title="bbox 451 471 587 537">
     <span class='ocr_line' id='line_1_1' title="bbox 451 471 587 537; baseline -0.015 0"><span class='ocrx_word' id='word_1_1' title='bbox 451 471 587 537; x_wconf 72' lang='grc'><strong>134⁵1</strong></span> 
     </span>
    </p>
   </div>
   <div class='ocr_carea' id='block_1_2' title="bbox 1586 454 2602 521">
    <p class='ocr_par' dir='ltr' id='par_1_2' title="bbox 1586 454 2602 521">
     <span class='ocr_line' id='line_1_2' title="bbox 1586 454 2602 521; baseline -0.006 0"><span class='ocrx_word' id='word_1_2' title='bbox 1586 462 1645 521; x_wconf 93' lang='lat' dir='ltr'><strong>S.</strong></span> <span class='ocrx_word' id='word_1_3' title='bbox 1686 459 2001 521; x_wconf 82' lang='lat' dir='ltr'><strong>JOSEPHI</strong></span> <span class='ocrx_word' id='word_1_4' title='bbox 2044 454 2602 517; x_wconf 81' lang='lat' dir='ltr'><strong>HYMNOGRAPHI</strong></span> 
     </span>
    </p>
   </div>
   <div class='ocr_carea' id='block_1_3' title="bbox 3574 450 3707 517">
    <p class='ocr_par' dir='ltr' id='par_1_3' title="bbox 3574 450 3707 517">
     <span class='ocr_line' id='line_1_3' title="bbox 3574 450 3707 517; baseline 0.015 -2"><span class='ocrx_word' id='word_1_5' title='bbox 3574 450 3707 517; x_wconf 74' lang='lat'><strong>1348</strong></span> 
     </span>
    </p>
   </div>
   <div class='ocr_carea' id='block_1_4' title="bbox 520 560 2040 649">
    <p class='ocr_par' dir='ltr' id='par_1_4' title="bbox 520 566 2024 649">
     <span class='ocr_line' id='line_1_4' title="bbox 520 566 2024 649; baseline -0.01 -13"><span class='ocrx_word' id='word_1_6' title='bbox 520 584 727 636; x_wconf 79' lang='lat' dir='ltr'><strong>Novum</strong></span> <span class='ocrx_word' id='word_1_7' title='bbox 762 575 1135 649; x_wconf 91' lang='lat' dir='ltr'><strong>spectaculum</strong></span> <span class='ocrx_word' id='word_1_8' title='bbox 1163 575 1378 629; x_wconf 77' lang='lat' dir='ltr'><strong>intueor</strong></span> <span class='ocrx_word' id='word_1_9' title='bbox 1406 569 1795 641; x_wconf 76' lang='lat' dir='ltr'><strong>(exclamabas,</strong></span> <span class='ocrx_word' id='word_1_10' title='bbox 1814 584 1847 623; x_wconf 95' lang='lat' dir='ltr'><strong>o</strong></span> <span class='ocrx_word' id='word_1_11' title='bbox 1877 566 2024 621; x_wconf 88' lang='lat' dir='ltr'><strong>omni</strong></span> 
     </span>
    </p>
   </div>
   <div class='ocr_carea' id='block_1_5' title="bbox 2144 560 3712 649">
    <p class='ocr_par' dir='ltr' id='par_1_5' title="bbox 2208 560 3712 633">
     <span class='ocr_line' id='line_1_5' title="bbox 2208 560 3712 633; baseline -0.001 -17"><span class='ocrx_word' id='word_1_12' title='bbox 2208 563 2370 616; x_wconf 83' lang='grc' dir='ltr'>Ξένον</span> <span class='ocrx_word' id='word_1_13' title='bbox 2401 562 2582 633; x_wconf 82' lang='grc' dir='ltr'>Θέαμα</span> <span class='ocrx_word' id='word_1_14' title='bbox 2619 560 2823 631; x_wconf 82' lang='grc' dir='ltr'><strong>βλέπω,</strong></span> <span class='ocrx_word' id='word_1_15' title='bbox 2854 560 3108 633; x_wconf 73' lang='grc' dir='ltr'>ἕκραζες,</span> <span class='ocrx_word' id='word_1_16' title='bbox 3137 560 3485 632; x_wconf 81' lang='grc' dir='ltr'>πανύμνητε,</span> <span class='ocrx_word' id='word_1_17' title='bbox 3523 562 3642 625; x_wconf 82' lang='grc' dir='ltr'><strong>πῶς</strong></span> <span class='ocrx_word' id='word_1_18' title='bbox 3685 563 3712 614; x_wconf 88' lang='grc' dir='ltr'><strong>ό</strong></span> 
     </span>
    </p>
   </div>
   <div class='ocr_carea' id='block_1_6' title="bbox 445 651 2040 742">
    <p class='ocr_par' dir='ltr' id='par_1_6' title="bbox 445 661 2027 742">
     <span class='ocr_line' id='line_1_6' title="bbox 445 661 2027 742; baseline -0.009 -15"><span class='ocrx_word' id='word_1_19' title='bbox 445 672 605 728; x_wconf 91' lang='lat' dir='ltr'><strong>laude</strong></span> <span class='ocrx_word' id='word_1_20' title='bbox 644 670 985 742; x_wconf 83' lang='lat' dir='ltr'><strong>dignissima)</strong></span> <span class='ocrx_word' id='word_1_21' title='bbox 1016 684 1029 721; x_wconf 89' lang='lat'><strong>:</strong></span> <span class='ocrx_word' id='word_1_22' title='bbox 1069 665 1353 733; x_wconf 75' lang='lat' dir='ltr'><strong>Quomodo</strong></span> <span class='ocrx_word' id='word_1_23' title='bbox 1410 673 1490 728; x_wconf 86' lang='grc' dir='ltr'>ιιι,</span> <span class='ocrx_word' id='word_1_24' title='bbox 1525 664 1616 731; x_wconf 93' lang='lat' dir='ltr'><strong>qui</strong></span> <span class='ocrx_word' id='word_1_25' title='bbox 1644 669 1867 731; x_wconf 84' lang='lat' dir='ltr'><strong>aspectu</strong></span> <span class='ocrx_word' id='word_1_26' title='bbox 1902 661 2027 714; x_wconf 91' lang='lat' dir='ltr'><strong>uni-</strong></span> 
     </span>
    </p>
   </div>
   <div class='ocr_carea' id='block_1_7' title="bbox 2144 651 3712 742">
    <p class='ocr_par' dir='ltr' id='par_1_7' title="bbox 2144 651 3712 725">
     <span class='ocr_line' id='line_1_7' title="bbox 2144 651 3712 725; baseline -0.003 -17"><span class='ocrx_word' id='word_1_27' title='bbox 2144 656 2208 725; x_wconf 77' lang='grc' dir='ltr'>ιῷ</span> <span class='ocrx_word' id='word_1_28' title='bbox 2259 654 2535 725; x_wconf 73' lang='grc' dir='ltr'><strong>βλέμματι</strong></span> <span class='ocrx_word' id='word_1_29' title='bbox 2580 653 2763 705; x_wconf 83' lang='grc' dir='ltr'>πᾶσαν</span> <span class='ocrx_word' id='word_1_30' title='bbox 2805 652 2909 722; x_wconf 78' lang='grc' dir='ltr'><strong>γῆν</strong></span> <span class='ocrx_word' id='word_1_31' title='bbox 2942 651 3208 719; x_wconf 75' lang='grc' dir='ltr'><strong>σαλεύων,</strong></span> <span class='ocrx_word' id='word_1_32' title='bbox 3239 652 3333 706; x_wconf 70' lang='grc' dir='ltr'><strong>ἐπὶ</strong></span> <span class='ocrx_word' id='word_1_33' title='bbox 3356 651 3517 718; x_wconf 81' lang='grc' dir='ltr'>ξύλου</span> <span class='ocrx_word' id='word_1_34' title='bbox 3546 651 3712 721; x_wconf 59' lang='grc' dir='ltr'><strong>ὑψού-</strong></span> 
     </span>
    </p>
   </div>
   <div class='ocr_carea' id='block_1_8' title="bbox 450 750 2030 821">
    <p class='ocr_par' dir='ltr' id='par_1_8' title="bbox 450 750 2030 821">
     <span class='ocr_line' id='line_1_8' title="bbox 450 750 2030 821; baseline -0.009 -5"><span class='ocrx_word' id='word_1_35' title='bbox 450 780 662 819; x_wconf 86' lang='lat' dir='ltr'><strong>versam</strong></span> <span class='ocrx_word' id='word_1_36' title='bbox 718 760 968 815; x_wconf 86' lang='lat' dir='ltr'><strong>concutis</strong></span> <span class='ocrx_word' id='word_1_37' title='bbox 1014 768 1237 821; x_wconf 91' lang='lat' dir='ltr'><strong>terram,</strong></span> <span class='ocrx_word' id='word_1_38' title='bbox 1283 755 1336 808; x_wconf 91' lang='lat' dir='ltr'><strong>in</strong></span> <span class='ocrx_word' id='word_1_39' title='bbox 1388 768 1553 808; x_wconf 87' lang='lat' dir='ltr'><strong>cruce</strong></span> <span class='ocrx_word' id='word_1_40' title='bbox 1600 752 1872 806; x_wconf 75' lang='lat' dir='ltr'><strong>exaltatus</strong></span> <span class='ocrx_word' id='word_1_41' title='bbox 1926 750 2030 803; x_wconf 87' lang='lat' dir='ltr'><strong>oh-</strong></span> 
     </span>
    </p>
   </div>
   <div class='ocr_carea' id='block_1_9' title="bbox 447 844 2031 918">
    <p class='ocr_par' dir='ltr' id='par_1_9' title="bbox 447 844 2031 918">
     <span class='ocr_line' id='line_1_9' title="bbox 447 844 2031 918; baseline -0.009 -7"><span class='ocrx_word' id='word_1_42' title='bbox 447 858 873 916; x_wconf 77' lang='lat' dir='ltr'><strong>dormistizeum</strong></span> <span class='ocrx_word' id='word_1_43' title='bbox 929 863 1107 906; x_wconf 89' lang='lat' dir='ltr'><strong>tamen</strong></span> <span class='ocrx_word' id='word_1_44' title='bbox 1155 864 1251 904; x_wconf 92' lang='lat' dir='ltr'><strong>eos</strong></span> <span class='ocrx_word' id='word_1_45' title='bbox 1302 849 1395 918; x_wconf 89' lang='lat' dir='ltr'><strong>qui</strong></span> <span class='ocrx_word' id='word_1_46' title='bbox 1450 844 1789 900; x_wconf 87' lang='lat' dir='ltr'><strong>dormierunt</strong></span> <span class='ocrx_word' id='word_1_47' title='bbox 1842 859 1872 898; x_wconf 89' lang='lat' dir='ltr'><strong>a</strong></span> <span class='ocrx_word' id='word_1_48' title='bbox 1933 858 2031 897; x_wconf 74' lang='lat' dir='ltr'><strong>sa:-</strong></span> 
     </span>
    </p>
   </div>
   <div class='ocr_carea' id='block_1_10' title="bbox 446 937 2029 1009">
    <p class='ocr_par' dir='ltr' id='par_1_10' title="bbox 446 937 2029 1009">
     <span class='ocr_line' id='line_1_10' title="bbox 446 937 2029 1009; baseline -0.009 -4"><span class='ocrx_word' id='word_1_49' title='bbox 446 953 572 1005; x_wconf 90' lang='lat' dir='ltr'><strong>culo</strong></span> <span class='ocrx_word' id='word_1_50' title='bbox 624 952 996 1005; x_wconf 74' lang='lat' dir='ltr'><strong>suscitaturus</strong></span> <span class='ocrx_word' id='word_1_51' title='bbox 1042 944 1160 1000; x_wconf 85' lang='lat' dir='ltr'><strong>sis?</strong></span> <span class='ocrx_word' id='word_1_52' title='bbox 1204 942 1409 1005; x_wconf 87' lang='lat' dir='ltr'><strong>Adoro,</strong></span> <span class='ocrx_word' id='word_1_53' title='bbox 1449 954 1482 995; x_wconf 94' lang='lat' dir='ltr'><strong>o</strong></span> <span class='ocrx_word' id='word_1_54' title='bbox 1542 937 1666 1006; x_wconf 88' lang='lat' dir='ltr'><strong>Fili,</strong></span> <span class='ocrx_word' id='word_1_55' title='bbox 1715 938 2029 1009; x_wconf 86' lang='lat' dir='ltr'><strong>patientiam</strong></span> 
     </span>
    </p>
   </div>
   <div class='ocr_carea' id='block_1_11' title="bbox 449 1050 623 1096">
    <p class='ocr_par' dir='ltr' id='par_1_11' title="bbox 449 1050 623 1096">
     <span class='ocr_line' id='line_1_11' title="bbox 449 1050 623 1096; baseline 0.006 -2"><span class='ocrx_word' id='word_1_56' title='bbox 449 1050 623 1096; x_wconf 85' lang='lat' dir='ltr'><strong>tuam.</strong></span> 
     </span>
    </p>
   </div>
   <div class='ocr_carea' id='block_1_12' title="bbox 517 1122 2033 1197">
    <p class='ocr_par' dir='ltr' id='par_1_12' title="bbox 517 1122 2033 1197">
     <span class='ocr_line' id='line_1_12' title="bbox 517 1122 2033 1197; baseline -0.007 -11"><span class='ocrx_word' id='word_1_57' title='bbox 517 1132 591 1186; x_wconf 87' lang='lat' dir='ltr'><strong>Te</strong></span> <span class='ocrx_word' id='word_1_58' title='bbox 615 1132 903 1185; x_wconf 85' lang='lat' dir='ltr'><strong>Dominum</strong></span> <span class='ocrx_word' id='word_1_59' title='bbox 930 1128 1073 1194; x_wconf 76' lang='lat' dir='ltr'><strong>vitze,</strong></span> <span class='ocrx_word' id='word_1_60' title='bbox 1109 1137 1161 1183; x_wconf 90' lang='lat' dir='ltr'><strong>et</strong></span> <span class='ocrx_word' id='word_1_61' title='bbox 1187 1125 1497 1197; x_wconf 89' lang='lat' dir='ltr'><strong>speciosum</strong></span> <span class='ocrx_word' id='word_1_62' title='bbox 1530 1125 1709 1180; x_wconf 86' lang='lat' dir='ltr'><strong>forma</strong></span> <span class='ocrx_word' id='word_1_63' title='bbox 1742 1138 1909 1193; x_wconf 91' lang='lat' dir='ltr'><strong>super</strong></span> <span class='ocrx_word' id='word_1_64' title='bbox 1968 1122 2033 1177; x_wconf 83' lang='lat' dir='ltr'><strong>fi-</strong></span> 
     </span>
    </p>
   </div>
   <div class='ocr_carea' id='block_1_13' title="bbox 450 1215 2035 1291">
    <p class='ocr_par' dir='ltr' id='par_1_13' title="bbox 450 1215 2035 1291">
     <span class='ocr_line' id='line_1_13' title="bbox 450 1215 2035 1291; baseline -0.007 -12"><span class='ocrx_word' id='word_1_65' title='bbox 450 1227 553 1279; x_wconf 83' lang='lat' dir='ltr'><strong>lies</strong></span> <span class='ocrx_word' id='word_1_66' title='bbox 588 1224 874 1278; x_wconf 90' lang='lat' dir='ltr'><strong>hominum</strong></span> <span class='ocrx_word' id='word_1_67' title='bbox 904 1224 1033 1276; x_wconf 90' lang='lat' dir='ltr'><strong>olim</strong></span> <span class='ocrx_word' id='word_1_68' title='bbox 1092 1220 1271 1291; x_wconf 81' lang='lat' dir='ltr'><strong>peperi</strong></span> <span class='ocrx_word' id='word_1_69' title='bbox 1319 1218 1683 1287; x_wconf 77' lang='lat' dir='ltr'><strong>(exclamabat</strong></span> <span class='ocrx_word' id='word_1_70' title='bbox 1726 1215 1935 1285; x_wconf 79' lang='lat' dir='ltr'><strong>Virgo),</strong></span> <span class='ocrx_word' id='word_1_71' title='bbox 1981 1223 2035 1268; x_wconf 89' lang='lat' dir='ltr'><strong>et</strong></span> 
     </span>
    </p>
   </div>
   <div class='ocr_carea' id='block_1_14' title="bbox 448 1308 2031 1385">
    <p class='ocr_par' dir='ltr' id='par_1_14' title="bbox 448 1308 2031 1385">
     <span class='ocr_line' id='line_1_14' title="bbox 448 1308 2031 1385; baseline -0.006 -15"><span class='ocrx_word' id='word_1_72' title='bbox 448 1317 725 1385; x_wconf 84' lang='lat' dir='ltr'><strong>quomodo</strong></span> <span class='ocrx_word' id='word_1_73' title='bbox 764 1313 995 1366; x_wconf 81' lang='lat' dir='ltr'><strong>moreris</strong></span> <span class='ocrx_word' id='word_1_74' title='bbox 1031 1327 1197 1374; x_wconf 86' lang='lat' dir='ltr'><strong>nunc,</strong></span> <span class='ocrx_word' id='word_1_75' title='bbox 1234 1325 1267 1363; x_wconf 90' lang='grc' dir='ltr'>ο</span> <span class='ocrx_word' id='word_1_76' title='bbox 1291 1310 1384 1373; x_wconf 91' lang='lat' dir='ltr'><strong>fili,</strong></span> <span class='ocrx_word' id='word_1_77' title='bbox 1424 1323 1530 1363; x_wconf 94' lang='lat' dir='ltr'><strong>non</strong></span> <span class='ocrx_word' id='word_1_78' title='bbox 1554 1308 1767 1362; x_wconf 78' lang='lat' dir='ltr'><strong>habens</strong></span> <span class='ocrx_word' id='word_1_79' title='bbox 1794 1308 2031 1376; x_wconf 75' lang='lat' dir='ltr'><strong>speciem</strong></span> 
     </span>
    </p>
   </div>
   <div class='ocr_carea' id='block_1_15' title="bbox 450 1398 2033 1475">
    <p class='ocr_par' dir='ltr' id='par_1_15' title="bbox 450 1398 2033 1475">
     <span class='ocr_line' id='line_1_15' title="bbox 450 1398 2033 1475; baseline -0.004 -16"><span class='ocrx_word' id='word_1_80' title='bbox 450 1422 629 1475; x_wconf 86' lang='lat' dir='ltr'><strong>neque</strong></span> <span class='ocrx_word' id='word_1_81' title='bbox 663 1406 917 1458; x_wconf 81' lang='lat' dir='ltr'><strong>decorem</strong></span> <span class='ocrx_word' id='word_1_82' title='bbox 943 1403 995 1455; x_wconf 91' lang='lat' dir='ltr'><strong>in</strong></span> <span class='ocrx_word' id='word_1_83' title='bbox 1025 1416 1187 1455; x_wconf 87' lang='lat' dir='ltr'><strong>cruce</strong></span> <span class='ocrx_word' id='word_1_84' title='bbox 1215 1414 1540 1470; x_wconf 87' lang='lat' dir='ltr'><strong>suspensus,</strong></span> <span class='ocrx_word' id='word_1_85' title='bbox 1571 1399 1664 1468; x_wconf 91' lang='lat' dir='ltr'><strong>qui</strong></span> <span class='ocrx_word' id='word_1_86' title='bbox 1690 1408 1826 1453; x_wconf 91' lang='lat' dir='ltr'><strong>nutu</strong></span> <span class='ocrx_word' id='word_1_87' title='bbox 1850 1398 2033 1453; x_wconf 82' lang='lat' dir='ltr'><strong>omnia</strong></span> 
     </span>
    </p>
   </div>
   <div class='ocr_carea' id='block_1_16' title="bbox 451 1499 1148 1571">
    <p class='ocr_par' dir='ltr' id='par_1_16' title="bbox 451 1499 1148 1571">
     <span class='ocr_line' id='line_1_16' title="bbox 451 1499 1148 1571; baseline -0.003 -18"><span class='ocrx_word' id='word_1_88' title='bbox 451 1499 863 1571; x_wconf 85' lang='lat' dir='ltr'><strong>pulchritudine</strong></span> <span class='ocrx_word' id='word_1_89' title='bbox 889 1512 1148 1552; x_wconf 80' lang='lat' dir='ltr'><strong>exornas.</strong></span> 
     </span>
    </p>
   </div>
   <div class='ocr_carea' id='block_1_17' title="bbox 517 1585 2031 1658">
    <p class='ocr_par' dir='ltr' id='par_1_17' title="bbox 517 1585 2031 1658">
     <span class='ocr_line' id='line_1_17' title="bbox 517 1585 2031 1658; baseline -0.005 -13"><span class='ocrx_word' id='word_1_90' title='bbox 517 1594 563 1647; x_wconf 75' lang='grc' dir='ltr'>ί)</span> <span class='ocrx_word' id='word_1_91' title='bbox 602 1591 861 1657; x_wconf 77' lang='lat' dir='ltr'><strong>Verbum,</strong></span> <span class='ocrx_word' id='word_1_92' title='bbox 897 1591 977 1647; x_wconf 82' lang='lat' dir='ltr'><strong>sol</strong></span> <span class='ocrx_word' id='word_1_93' title='bbox 1013 1591 1263 1645; x_wconf 82' lang='lat' dir='ltr'><strong>nesciens</strong></span> <span class='ocrx_word' id='word_1_94' title='bbox 1299 1604 1553 1645; x_wconf 78' lang='lat' dir='ltr'><strong>occasum</strong></span> <span class='ocrx_word' id='word_1_95' title='bbox 1587 1586 1786 1658; x_wconf 83' lang='lat' dir='ltr'><strong>(aiebat</strong></span> <span class='ocrx_word' id='word_1_96' title='bbox 1817 1585 2031 1657; x_wconf 83' lang='lat' dir='ltr'><strong>Virgo),</strong></span> 
     </span>
    </p>
   </div>
   <div class='ocr_carea' id='block_1_18' title="bbox 452 1677 2035 1754">
    <p class='ocr_par' dir='ltr' id='par_1_18' title="bbox 452 1677 2035 1754">
     <span class='ocr_line' id='line_1_18' title="bbox 452 1677 2035 1754; baseline -0.003 -17"><span class='ocrx_word' id='word_1_97' title='bbox 452 1681 731 1754; x_wconf 87' lang='lat' dir='ltr'><strong>quomodo</strong></span> <span class='ocrx_word' id='word_1_98' title='bbox 767 1695 911 1735; x_wconf 92' lang='lat' dir='ltr'><strong>nunc</strong></span> <span class='ocrx_word' id='word_1_99' title='bbox 948 1679 1000 1732; x_wconf 91' lang='lat' dir='ltr'><strong>iu</strong></span> <span class='ocrx_word' id='word_1_100' title='bbox 1043 1680 1191 1750; x_wconf 85' lang='lat' dir='ltr'><strong>ligno</strong></span> <span class='ocrx_word' id='word_1_101' title='bbox 1236 1689 1523 1733; x_wconf 77' lang='lat' dir='ltr'><strong>extensum</strong></span> <span class='ocrx_word' id='word_1_102' title='bbox 1564 1677 1844 1741; x_wconf 76' lang='lat' dir='ltr'><strong>occidisti;</strong></span> <span class='ocrx_word' id='word_1_103' title='bbox 1876 1686 1929 1731; x_wconf 90' lang='lat' dir='ltr'><strong>et</strong></span> <span class='ocrx_word' id='word_1_104' title='bbox 1956 1678 2035 1732; x_wconf 93' lang='lat' dir='ltr'><strong>sol</strong></span> 
     </span>
    </p>
   </div>
   <div class='ocr_carea' id='block_1_19' title="bbox 451 1771 2035 1840">
    <p class='ocr_par' dir='ltr' id='par_1_19' title="bbox 451 1771 2035 1840">
     <span class='ocr_line' id='line_1_19' title="bbox 451 1771 2035 1840; baseline -0.004 -10"><span class='ocrx_word' id='word_1_105' title='bbox 451 1777 665 1838; x_wconf 84' lang='lat' dir='ltr'><strong>videns,</strong></span> <span class='ocrx_word' id='word_1_106' title='bbox 696 1773 905 1828; x_wconf 83' lang='lat' dir='ltr'><strong>destitit</strong></span> <span class='ocrx_word' id='word_1_107' title='bbox 931 1788 960 1825; x_wconf 92' lang='lat' dir='ltr'><strong>a</strong></span> <span class='ocrx_word' id='word_1_108' title='bbox 988 1788 1151 1826; x_wconf 81' lang='lat' dir='ltr'><strong>cursu</strong></span> <span class='ocrx_word' id='word_1_109' title='bbox 1182 1787 1305 1835; x_wconf 86' lang='lat' dir='ltr'><strong>suo,</strong></span> <span class='ocrx_word' id='word_1_110' title='bbox 1335 1787 1443 1826; x_wconf 90' lang='lat' dir='ltr'><strong>non</strong></span> <span class='ocrx_word' id='word_1_111' title='bbox 1474 1771 1655 1826; x_wconf 86' lang='lat' dir='ltr'><strong>ferens</strong></span> <span class='ocrx_word' id='word_1_112' title='bbox 1704 1786 1822 1826; x_wconf 85' lang='lat' dir='ltr'><strong>sese</strong></span> <span class='ocrx_word' id='word_1_113' title='bbox 1867 1785 2035 1840; x_wconf 87' lang='lat' dir='ltr'><strong>appa-</strong></span> 
     </span>
    </p>
   </div>
   <div class='ocr_carea' id='block_1_20' title="bbox 455 1859 2035 1933">
    <p class='ocr_par' dir='ltr' id='par_1_20' title="bbox 455 1859 2035 1933">
     <span class='ocr_line' id='line_1_20' title="bbox 455 1859 2035 1933; baseline -0.005 -11"><span class='ocrx_word' id='word_1_114' title='bbox 455 1886 572 1923; x_wconf 85' lang='lat' dir='ltr'><strong>rere</strong></span> <span class='ocrx_word' id='word_1_115' title='bbox 606 1882 669 1921; x_wconf 89' lang='lat' dir='ltr'><strong>ac</strong></span> <span class='ocrx_word' id='word_1_116' title='bbox 713 1866 896 1920; x_wconf 89' lang='lat' dir='ltr'><strong>lucere</strong></span> <span class='ocrx_word' id='word_1_117' title='bbox 934 1864 1062 1917; x_wconf 91' lang='lat' dir='ltr'><strong>dum</strong></span> <span class='ocrx_word' id='word_1_118' title='bbox 1112 1873 1168 1916; x_wconf 93' lang='lat' dir='ltr'><strong>tu</strong></span> <span class='ocrx_word' id='word_1_119' title='bbox 1224 1863 1452 1933; x_wconf 86' lang='lat' dir='ltr'><strong>pateris,</strong></span> <span class='ocrx_word' id='word_1_120' title='bbox 1481 1877 1514 1918; x_wconf 93' lang='grc' dir='ltr'>ο</span> <span class='ocrx_word' id='word_1_121' title='bbox 1564 1862 1831 1929; x_wconf 84' lang='lat' dir='ltr'><strong>Domine;</strong></span> <span class='ocrx_word' id='word_1_122' title='bbox 1872 1859 2035 1915; x_wconf 89' lang='lat' dir='ltr'><strong>laudo</strong></span> 
     </span>
    </p>
   </div>
   <div class='ocr_carea' id='block_1_21' title="bbox 453 1958 1529 2026">
    <p class='ocr_par' dir='ltr' id='par_1_21' title="bbox 453 1958 1529 2026">
     <span class='ocr_line' id='line_1_21' title="bbox 453 1958 1529 2026; baseline -0.004 -11"><span class='ocrx_word' id='word_1_123' title='bbox 453 1970 507 2015; x_wconf 91' lang='lat' dir='ltr'><strong>et</strong></span> <span class='ocrx_word' id='word_1_124' title='bbox 535 1962 706 2015; x_wconf 86' lang='lat' dir='ltr'><strong>adoro</strong></span> <span class='ocrx_word' id='word_1_125' title='bbox 745 1958 983 2012; x_wconf 81' lang='lat' dir='ltr'><strong>divinam</strong></span> <span class='ocrx_word' id='word_1_126' title='bbox 1018 1959 1316 2026; x_wconf 85' lang='lat' dir='ltr'><strong>potentiam</strong></span> <span class='ocrx_word' id='word_1_127' title='bbox 1358 1966 1529 2011; x_wconf 85' lang='lat' dir='ltr'><strong>tuam.</strong></span> 
     </span>
    </p>
   </div>
   <div class='ocr_carea' id='block_1_22' title="bbox 524 2047 2035 2118">
    <p class='ocr_par' dir='ltr' id='par_1_22' title="bbox 524 2047 2035 2118">
     <span class='ocr_line' id='line_1_22' title="bbox 524 2047 2035 2118; baseline -0.003 -13"><span class='ocrx_word' id='word_1_128' title='bbox 524 2050 659 2105; x_wconf 91' lang='lat' dir='ltr'><strong>Cum</strong></span> <span class='ocrx_word' id='word_1_129' title='bbox 691 2050 881 2104; x_wconf 88' lang='lat' dir='ltr'><strong>dolore</strong></span> <span class='ocrx_word' id='word_1_130' title='bbox 913 2048 1221 2118; x_wconf 74' lang='lat' dir='ltr'><strong>su~pirans,</strong></span> <span class='ocrx_word' id='word_1_131' title='bbox 1246 2064 1370 2101; x_wconf 91' lang='lat' dir='ltr'><strong>cum</strong></span> <span class='ocrx_word' id='word_1_132' title='bbox 1407 2058 1654 2103; x_wconf 87' lang='lat' dir='ltr'><strong>materno</strong></span> <span class='ocrx_word' id='word_1_133' title='bbox 1691 2047 1888 2102; x_wconf 79' lang='lat' dir='ltr'><strong>affectu</strong></span> <span class='ocrx_word' id='word_1_134' title='bbox 1915 2048 2035 2117; x_wconf 87' lang='lat' dir='ltr'><strong>eju-</strong></span> 
     </span>
    </p>
   </div>
   <div class='ocr_carea' id='block_1_23' title="bbox 453 2140 2034 2213">
    <p class='ocr_par' dir='ltr' id='par_1_23' title="bbox 453 2140 2034 2213">
     <span class='ocr_line' id='line_1_23' title="bbox 453 2140 2034 2213; baseline -0.004 -13"><span class='ocrx_word' id='word_1_135' title='bbox 453 2147 595 2207; x_wconf 81' lang='lat' dir='ltr'><strong>lans,</strong></span> <span class='ocrx_word' id='word_1_136' title='bbox 618 2156 670 2199; x_wconf 92' lang='lat' dir='ltr'><strong>et</strong></span> <span class='ocrx_word' id='word_1_137' title='bbox 695 2143 1123 2199; x_wconf 85' lang='lat' dir='ltr'><strong>coarctationem</strong></span> <span class='ocrx_word' id='word_1_138' title='bbox 1173 2150 1339 2211; x_wconf 88' lang='lat' dir='ltr'><strong>atque</strong></span> <span class='ocrx_word' id='word_1_139' title='bbox 1377 2141 1683 2213; x_wconf 78' lang='lat' dir='ltr'><strong>angustiam</strong></span> <span class='ocrx_word' id='word_1_140' title='bbox 1730 2140 1910 2196; x_wconf 84' lang='lat' dir='ltr'><strong>cordis</strong></span> <span class='ocrx_word' id='word_1_141' title='bbox 1946 2154 2034 2194; x_wconf 89' lang='lat' dir='ltr'><strong>re-</strong></span> 
     </span>
    </p>
   </div>
   <div class='ocr_carea' id='block_1_24' title="bbox 453 2234 2033 2310">
    <p class='ocr_par' dir='ltr' id='par_1_24' title="bbox 453 2234 2033 2310">
     <span class='ocr_line' id='line_1_24' title="bbox 453 2234 2033 2310; baseline -0.003 -19"><span class='ocrx_word' id='word_1_142' title='bbox 453 2238 691 2310; x_wconf 73' lang='lat' dir='ltr'><strong>primere</strong></span> <span class='ocrx_word' id='word_1_143' title='bbox 726 2252 836 2292; x_wconf 93' lang='lat' dir='ltr'><strong>non</strong></span> <span class='ocrx_word' id='word_1_144' title='bbox 870 2236 1080 2302; x_wconf 88' lang='lat' dir='ltr'><strong>valens,</strong></span> <span class='ocrx_word' id='word_1_145' title='bbox 1114 2237 1291 2291; x_wconf 90' lang='lat' dir='ltr'><strong>oculis</strong></span> <span class='ocrx_word' id='word_1_146' title='bbox 1314 2236 1367 2289; x_wconf 88' lang='lat' dir='ltr'><strong>in</strong></span> <span class='ocrx_word' id='word_1_147' title='bbox 1394 2251 1556 2291; x_wconf 82' lang='lat' dir='ltr'><strong>cruce</strong></span> <span class='ocrx_word' id='word_1_148' title='bbox 1589 2234 1785 2289; x_wconf 76' lang='lat' dir='ltr'><strong>defixis</strong></span> <span class='ocrx_word' id='word_1_149' title='bbox 1816 2234 1881 2288; x_wconf 85' lang='lat' dir='ltr'><strong>ad</strong></span> <span class='ocrx_word' id='word_1_150' title='bbox 1909 2248 2033 2288; x_wconf 91' lang='lat' dir='ltr'><strong>eum</strong></span> 
     </span>
    </p>
   </div>
   <div class='ocr_carea' id='block_1_25' title="bbox 456 2324 2032 2399">
    <p class='ocr_par' dir='ltr' id='par_1_25' title="bbox 456 2324 2032 2399">
     <span class='ocr_line' id='line_1_25' title="bbox 456 2324 2032 2399; baseline -0.005 -14"><span class='ocrx_word' id='word_1_151' title='bbox 456 2330 549 2399; x_wconf 92' lang='lat' dir='ltr'><strong>qui</strong></span> <span class='ocrx_word' id='word_1_152' title='bbox 579 2345 645 2384; x_wconf 79' lang='lat' dir='ltr'><strong>ex</strong></span> <span class='ocrx_word' id='word_1_153' title='bbox 680 2337 837 2383; x_wconf 89' lang='lat' dir='ltr'><strong>utero</strong></span> <span class='ocrx_word' id='word_1_154' title='bbox 893 2336 988 2382; x_wconf 91' lang='lat' dir='ltr'><strong>tuo</strong></span> <span class='ocrx_word' id='word_1_155' title='bbox 1018 2335 1180 2381; x_wconf 85' lang='lat' dir='ltr'><strong>natus</strong></span> <span class='ocrx_word' id='word_1_156' title='bbox 1223 2334 1362 2391; x_wconf 89' lang='lat' dir='ltr'><strong>erat,</strong></span> <span class='ocrx_word' id='word_1_157' title='bbox 1395 2326 1778 2382; x_wconf 79' lang='lat' dir='ltr'><strong>exctamabas:</strong></span> <span class='ocrx_word' id='word_1_158' title='bbox 1809 2324 1853 2381; x_wconf 91' lang='grc' dir='ltr'>Ο</span> <span class='ocrx_word' id='word_1_159' title='bbox 1905 2324 2032 2389; x_wconf 82' lang='lat' dir='ltr'><strong>Fili,</strong></span> 
     </span>
    </p>
   </div>
   <div class='ocr_carea' id='block_1_26' title="bbox 455 2418 2035 2492">
    <p class='ocr_par' dir='ltr' id='par_1_26' title="bbox 455 2418 2035 2492">
     <span class='ocr_line' id='line_1_26' title="bbox 455 2418 2035 2492; baseline -0.002 -16"><span class='ocrx_word' id='word_1_160' title='bbox 455 2422 732 2492; x_wconf 83' lang='lat' dir='ltr'><strong>quodnam</strong></span> <span class='ocrx_word' id='word_1_161' title='bbox 767 2419 1140 2491; x_wconf 88' lang='lat' dir='ltr'><strong>spectaculum</strong></span> <span class='ocrx_word' id='word_1_162' title='bbox 1182 2428 1270 2474; x_wconf 88' lang='lat' dir='ltr'><strong>est</strong></span> <span class='ocrx_word' id='word_1_163' title='bbox 1330 2418 1474 2474; x_wconf 84' lang='lat' dir='ltr'><strong>hoc?</strong></span> <span class='ocrx_word' id='word_1_164' title='bbox 1508 2419 1788 2489; x_wconf 86' lang='lat' dir='ltr'><strong>quomodo</strong></span> <span class='ocrx_word' id='word_1_165' title='bbox 1830 2418 2035 2488; x_wconf 89' lang='lat' dir='ltr'><strong>pateris</strong></span> 
     </span>
    </p>
   </div>
   <div class='ocr_carea' id='block_1_27' title="bbox 456 2509 2036 2582">
    <p class='ocr_par' dir='ltr' id='par_1_27' title="bbox 456 2509 2036 2582">
     <span class='ocr_line' id='line_1_27' title="bbox 456 2509 2036 2582; baseline -0.002 -16"><span class='ocrx_word' id='word_1_166' title='bbox 456 2521 537 2576; x_wconf 91' lang='lat' dir='ltr'><strong>tu,</strong></span> <span class='ocrx_word' id='word_1_167' title='bbox 589 2513 683 2582; x_wconf 89' lang='lat' dir='ltr'><strong>qui</strong></span> <span class='ocrx_word' id='word_1_168' title='bbox 737 2521 932 2565; x_wconf 87' lang='lat' dir='ltr'><strong>natura</strong></span> <span class='ocrx_word' id='word_1_169' title='bbox 982 2525 1041 2565; x_wconf 86' lang='lat' dir='ltr'><strong>es</strong></span> <span class='ocrx_word' id='word_1_170' title='bbox 1090 2509 1491 2580; x_wconf 86' lang='lat' dir='ltr'><strong>impassihilis,</strong></span> <span class='ocrx_word' id='word_1_171' title='bbox 1532 2520 1695 2580; x_wconf 82' lang='lat' dir='ltr'><strong>atque</strong></span> <span class='ocrx_word' id='word_1_172' title='bbox 1750 2510 2036 2565; x_wconf 89' lang='lat' dir='ltr'><strong>hominum</strong></span> 
     </span>
    </p>
   </div>
   <div class='ocr_carea' id='block_1_28' title="bbox 456 2604 1723 2677">
    <p class='ocr_par' dir='ltr' id='par_1_28' title="bbox 456 2604 1723 2677">
     <span class='ocr_line' id='line_1_28' title="bbox 456 2604 1723 2677; baseline 0 -18"><span class='ocrx_word' id='word_1_173' title='bbox 456 2621 630 2677; x_wconf 86' lang='lat' dir='ltr'><strong>genus</strong></span> <span class='ocrx_word' id='word_1_174' title='bbox 648 2605 874 2658; x_wconf 87' lang='lat' dir='ltr'><strong>omnino</strong></span> <span class='ocrx_word' id='word_1_175' title='bbox 909 2604 991 2659; x_wconf 90' lang='lat' dir='ltr'><strong>vis</strong></span> <span class='ocrx_word' id='word_1_176' title='bbox 1014 2620 1044 2658; x_wconf 90' lang='lat' dir='ltr'><strong>a</strong></span> <span class='ocrx_word' id='word_1_177' title='bbox 1069 2605 1423 2675; x_wconf 88' lang='lat' dir='ltr'><strong>corruptione</strong></span> <span class='ocrx_word' id='word_1_178' title='bbox 1447 2605 1723 2661; x_wconf 78' lang='lat' dir='ltr'><strong>liberare?</strong></span> 
     </span>
    </p>
   </div>
   <div class='ocr_carea' id='block_1_29' title="bbox 529 2692 2041 2771">
    <p class='ocr_par' dir='ltr' id='par_1_29' title="bbox 529 2692 2041 2771">
     <span class='ocr_line' id='line_1_29' title="bbox 529 2692 2041 2771; baseline 0.001 -18"><span class='ocrx_word' id='word_1_179' title='bbox 529 2700 669 2753; x_wconf 85' lang='lat' dir='ltr'><strong>Cum</strong></span> <span class='ocrx_word' id='word_1_180' title='bbox 710 2698 941 2768; x_wconf 78' lang='lat' dir='ltr'><strong>fugerim</strong></span> <span class='ocrx_word' id='word_1_181' title='bbox 977 2698 1193 2754; x_wconf 85' lang='lat' dir='ltr'><strong>dolores</strong></span> <span class='ocrx_word' id='word_1_182' title='bbox 1222 2692 1461 2754; x_wconf 85' lang='lat' dir='ltr'><strong>matrum</strong></span> <span class='ocrx_word' id='word_1_183' title='bbox 1489 2714 1556 2755; x_wconf 90' lang='lat' dir='ltr'><strong>eo</strong></span> <span class='ocrx_word' id='word_1_184' title='bbox 1579 2709 1821 2771; x_wconf 87' lang='lat' dir='ltr'><strong>tempore</strong></span> <span class='ocrx_word' id='word_1_185' title='bbox 1848 2716 1958 2771; x_wconf 87' lang='lat' dir='ltr'><strong>quo</strong></span> <span class='ocrx_word' id='word_1_186' title='bbox 1987 2710 2041 2755; x_wconf 87' lang='lat' dir='ltr'><strong>te</strong></span> 
     </span>
    </p>
   </div>
   <div class='ocr_carea' id='block_1_30' title="bbox 461 2788 2035 2860">
    <p class='ocr_par' dir='ltr' id='par_1_30' title="bbox 461 2788 2035 2860">
     <span class='ocr_line' id='line_1_30' title="bbox 461 2788 2035 2860; baseline 0.001 -15"><span class='ocrx_word' id='word_1_187' title='bbox 461 2790 667 2860; x_wconf 83' lang='lat' dir='ltr'><strong>peperi,</strong></span> <span class='ocrx_word' id='word_1_188' title='bbox 690 2804 723 2843; x_wconf 93' lang='grc' dir='ltr'>ο</span> <span class='ocrx_word' id='word_1_189' title='bbox 768 2790 1054 2844; x_wconf 89' lang='lat' dir='ltr'><strong>mitissime</strong></span> <span class='ocrx_word' id='word_1_190' title='bbox 1085 2788 1221 2857; x_wconf 86' lang='lat' dir='ltr'><strong>Fili;</strong></span> <span class='ocrx_word' id='word_1_191' title='bbox 1255 2805 1404 2845; x_wconf 89' lang='lat' dir='ltr'><strong>nunc</strong></span> <span class='ocrx_word' id='word_1_192' title='bbox 1457 2791 1611 2860; x_wconf 53' lang='lat' dir='ltr'><strong>dum,</strong></span> <span class='ocrx_word' id='word_1_193' title='bbox 1642 2800 1694 2846; x_wconf 90' lang='lat' dir='ltr'><strong>te</strong></span> <span class='ocrx_word' id='word_1_194' title='bbox 1723 2791 2035 2847; x_wconf 86' lang='lat' dir='ltr'><strong>voluntarie</strong></span> 
     </span>
    </p>
   </div>
   <div class='ocr_carea' id='block_1_31' title="bbox 459 2882 2040 2953">
    <p class='ocr_par' dir='ltr' id='par_1_31' title="bbox 459 2882 2040 2953">
     <span class='ocr_line' id='line_1_31' title="bbox 459 2882 2040 2953; baseline 0.001 -17"><span class='ocrx_word' id='word_1_195' title='bbox 459 2882 768 2953; x_wconf 85' lang='lat' dir='ltr'><strong>passionem</strong></span> <span class='ocrx_word' id='word_1_196' title='bbox 794 2883 1072 2953; x_wconf 87' lang='lat' dir='ltr'><strong>amplecti,</strong></span> <span class='ocrx_word' id='word_1_197' title='bbox 1096 2891 1149 2939; x_wconf 91' lang='lat' dir='ltr'><strong>et</strong></span> <span class='ocrx_word' id='word_1_198' title='bbox 1174 2883 1392 2939; x_wconf 88' lang='lat' dir='ltr'><strong>dolores</strong></span> <span class='ocrx_word' id='word_1_199' title='bbox 1422 2885 1607 2939; x_wconf 91' lang='lat' dir='ltr'><strong>subire</strong></span> <span class='ocrx_word' id='word_1_200' title='bbox 1631 2884 1810 2949; x_wconf 84' lang='lat' dir='ltr'><strong>video,</strong></span> <span class='ocrx_word' id='word_1_201' title='bbox 1832 2884 2040 2939; x_wconf 87' lang='lat' dir='ltr'><strong>viscera</strong></span> 
     </span>
    </p>
   </div>
   <div class='ocr_carea' id='block_1_32' title="bbox 465 2975 2043 3046">
    <p class='ocr_par' dir='ltr' id='par_1_32' title="bbox 465 2975 2043 3046">
     <span class='ocr_line' id='line_1_32' title="bbox 465 2975 2043 3046; baseline 0.003 -18"><span class='ocrx_word' id='word_1_202' title='bbox 465 2991 584 3030; x_wconf 85' lang='lat' dir='ltr'><strong>mea</strong></span> <span class='ocrx_word' id='word_1_203' title='bbox 637 2975 1070 3040; x_wconf 85' lang='lat' dir='ltr'><strong>discruciantur,</strong></span> <span class='ocrx_word' id='word_1_204' title='bbox 1093 2987 1148 3030; x_wconf 89' lang='lat' dir='ltr'><strong>et</strong></span> <span class='ocrx_word' id='word_1_205' title='bbox 1178 2976 1361 3030; x_wconf 87' lang='lat' dir='ltr'><strong>anima</strong></span> <span class='ocrx_word' id='word_1_206' title='bbox 1404 2992 1522 3030; x_wconf 88' lang='lat' dir='ltr'><strong>mea</strong></span> <span class='ocrx_word' id='word_1_207' title='bbox 1560 2977 1800 3046; x_wconf 85' lang='lat' dir='ltr'><strong>repletur</strong></span> <span class='ocrx_word' id='word_1_208' title='bbox 1834 2977 2043 3032; x_wconf 82' lang='lat' dir='ltr'><strong>dolori-</strong></span> 
     </span>
    </p>
   </div>
   <div class='ocr_carea' id='block_1_33' title="bbox 462 3067 2043 3139">
    <p class='ocr_par' dir='ltr' id='par_1_33' title="bbox 462 3067 2043 3139">
     <span class='ocr_line' id='line_1_33' title="bbox 462 3067 2043 3139; baseline 0.002 -18"><span class='ocrx_word' id='word_1_209' title='bbox 462 3068 584 3123; x_wconf 87' lang='lat' dir='ltr'><strong>bus.</strong></span> <span class='ocrx_word' id='word_1_210' title='bbox 620 3067 697 3123; x_wconf 90' lang='lat' dir='ltr'><strong>lta</strong></span> <span class='ocrx_word' id='word_1_211' title='bbox 735 3069 1081 3123; x_wconf 79' lang='lat' dir='ltr'><strong>exclamabat</strong></span> <span class='ocrx_word' id='word_1_212' title='bbox 1114 3069 1419 3123; x_wconf 80' lang='lat' dir='ltr'><strong>castissima</strong></span> <span class='ocrx_word' id='word_1_213' title='bbox 1453 3068 1566 3134; x_wconf 87' lang='lat' dir='ltr'><strong>illa,</strong></span> <span class='ocrx_word' id='word_1_214' title='bbox 1600 3084 1764 3139; x_wconf 86' lang='lat' dir='ltr'><strong>quam</strong></span> <span class='ocrx_word' id='word_1_215' title='bbox 1795 3084 1894 3125; x_wconf 89' lang='lat' dir='ltr'><strong>nos</strong></span> <span class='ocrx_word' id='word_1_216' title='bbox 1947 3084 2043 3138; x_wconf 91' lang='lat' dir='ltr'><strong>pro</strong></span> 
     </span>
    </p>
   </div>
   <div class='ocr_carea' id='block_1_34' title="bbox 462 3160 1119 3231">
    <p class='ocr_par' dir='ltr' id='par_1_34' title="bbox 462 3160 1119 3231">
     <span class='ocr_line' id='line_1_34' title="bbox 462 3160 1119 3231; baseline 0.003 -18"><span class='ocrx_word' id='word_1_217' title='bbox 462 3162 658 3216; x_wconf 85' lang='lat' dir='ltr'><strong>merito</strong></span> <span class='ocrx_word' id='word_1_218' title='bbox 690 3160 1119 3231; x_wconf 75' lang='lat' dir='ltr'><strong>magnificamus.</strong></span> 
     </span>
    </p>
   </div>
   <div class='ocr_carea' id='block_1_35' title="bbox 637 3286 1872 3358">
    <p class='ocr_par' dir='ltr' id='par_1_35' title="bbox 637 3286 1872 3358">
     <span class='ocr_line' id='line_1_35' title="bbox 637 3286 1872 3358; baseline -0.001 -14"><span class='ocrx_word' id='word_1_219' title='bbox 637 3289 802 3358; x_wconf 80' lang='lat'><strong>298</strong></span> <span class='ocrx_word' id='word_1_220' title='bbox 834 3286 913 3341; x_wconf 66' lang='lat' dir='ltr'><strong>Em</strong></span> <span class='ocrx_word' id='word_1_221' title='bbox 946 3287 1153 3343; x_wconf 79' lang='lat' dir='ltr'><strong>Canam:</strong></span> <span class='ocrx_word' id='word_1_222' title='bbox 1177 3288 1324 3358; x_wconf 70' lang='lat' dir='ltr'><strong>feria’</strong></span> <span class='ocrx_word' id='word_1_223' title='bbox 1349 3306 1402 3353; x_wconf 78' lang='grc' dir='ltr'>ν,</span> <span class='ocrx_word' id='word_1_224' title='bbox 1432 3287 1500 3341; x_wconf 79' lang='lat' dir='ltr'><strong>ad</strong></span> <span class='ocrx_word' id='word_1_225' title='bbox 1525 3288 1872 3353; x_wconf 80' lang='lat' dir='ltr'><strong>Matutinum.</strong></span> 
     </span>
    </p>
   </div>
   <div class='ocr_carea' id='block_1_36' title="bbox 535 3414 2045 3485">
    <p class='ocr_par' dir='ltr' id='par_1_36' title="bbox 535 3414 2045 3485">
     <span class='ocr_line' id='line_1_36' title="bbox 535 3414 2045 3485; baseline 0.001 -16"><span class='ocrx_word' id='word_1_226' title='bbox 535 3414 737 3470; x_wconf 65' lang='lat' dir='ltr'><strong>Praeter</strong></span> <span class='ocrx_word' id='word_1_227' title='bbox 760 3426 969 3471; x_wconf 65' lang='lat' dir='ltr'><strong>naturae</strong></span> <span class='ocrx_word' id='word_1_228' title='bbox 994 3416 1161 3485; x_wconf 85' lang='lat' dir='ltr'><strong>leges,</strong></span> <span class='ocrx_word' id='word_1_229' title='bbox 1187 3416 1467 3485; x_wconf 82' lang='lat' dir='ltr'><strong>peperisti,</strong></span> <span class='ocrx_word' id='word_1_230' title='bbox 1487 3431 1521 3469; x_wconf 83' lang='grc' dir='ltr'>ο</span> <span class='ocrx_word' id='word_1_231' title='bbox 1543 3416 2045 3485; x_wconf 88' lang='lat' dir='ltr'><strong>intemeratissima,</strong></span> 
     </span>
    </p>
   </div>
   <div class='ocr_carea' id='block_1_37' title="bbox 464 3508 2047 3581">
    <p class='ocr_par' dir='ltr' id='par_1_37' title="bbox 464 3508 2047 3581">
     <span class='ocr_line' id='line_1_37' title="bbox 464 3508 2047 3581; baseline -0.001 -17"><span class='ocrx_word' id='word_1_232' title='bbox 464 3510 827 3579; x_wconf 76' lang='lat' dir='ltr'><strong>legislatorem</strong></span> <span class='ocrx_word' id='word_1_233' title='bbox 884 3526 948 3564; x_wconf 87' lang='lat' dir='ltr'><strong>ac</strong></span> <span class='ocrx_word' id='word_1_234' title='bbox 996 3509 1194 3573; x_wconf 87' lang='lat' dir='ltr'><strong>Deum,</strong></span> <span class='ocrx_word' id='word_1_235' title='bbox 1237 3510 1515 3564; x_wconf 86' lang='lat' dir='ltr'><strong>hominem</strong></span> <span class='ocrx_word' id='word_1_236' title='bbox 1564 3508 1768 3565; x_wconf 85' lang='lat' dir='ltr'><strong>factum</strong></span> <span class='ocrx_word' id='word_1_237' title='bbox 1807 3530 1819 3566; x_wconf 93' lang='lat'><strong>:</strong></span> <span class='ocrx_word' id='word_1_238' title='bbox 1863 3527 2047 3581; x_wconf 88' lang='lat' dir='ltr'><strong>quem,</strong></span> 
     </span>
    </p>
   </div>
   <div class='ocr_carea' id='block_1_38' title="bbox 466 3601 2047 3673">
    <p class='ocr_par' dir='ltr' id='par_1_38' title="bbox 466 3601 2047 3673">
     <span class='ocr_line' id='line_1_38' title="bbox 466 3601 2047 3673; baseline 0.002 -17"><span class='ocrx_word' id='word_1_239' title='bbox 466 3612 654 3670; x_wconf 86' lang='lat' dir='ltr'><strong>utpote</strong></span> <span class='ocrx_word' id='word_1_240' title='bbox 686 3602 1004 3671; x_wconf 88' lang='lat' dir='ltr'><strong>benignum,</strong></span> <span class='ocrx_word' id='word_1_241' title='bbox 1036 3601 1347 3670; x_wconf 78' lang='lat' dir='ltr'><strong>deprecare,</strong></span> <span class='ocrx_word' id='word_1_242' title='bbox 1384 3612 1443 3655; x_wconf 91' lang='lat' dir='ltr'><strong>ut</strong></span> <span class='ocrx_word' id='word_1_243' title='bbox 1496 3602 1741 3673; x_wconf 78' lang='lat' dir='ltr'><strong>ignoscat</strong></span> <span class='ocrx_word' id='word_1_244' title='bbox 1781 3604 1940 3659; x_wconf 85' lang='lat' dir='ltr'><strong>nobis</strong></span> <span class='ocrx_word' id='word_1_245' title='bbox 1984 3620 2047 3659; x_wconf 85' lang='lat' dir='ltr'><strong>ea</strong></span> 
     </span>
    </p>
   </div>
   <div class='ocr_carea' id='block_1_39' title="bbox 2134 742 3710 819">
    <p class='ocr_par' dir='ltr' id='par_1_39' title="bbox 2134 742 3710 819">
     <span class='ocr_line' id='line_1_39' title="bbox 2134 742 3710 819; baseline -0.002 -19"><span class='ocrx_word' id='word_1_246' title='bbox 2134 764 2293 819; x_wconf 85' lang='grc' dir='ltr'>μενος</span> <span class='ocrx_word' id='word_1_247' title='bbox 2344 745 2624 808; x_wconf 83' lang='grc' dir='ltr'>ὓπνωσας,</span> <span class='ocrx_word' id='word_1_248' title='bbox 2684 745 2813 807; x_wconf 81' lang='grc' dir='ltr'>τοὺς</span> <span class='ocrx_word' id='word_1_249' title='bbox 2872 744 3177 807; x_wconf 80' lang='grc' dir='ltr'>ὑπνοῦντας</span> <span class='ocrx_word' id='word_1_250' title='bbox 3234 743 3446 814; x_wconf 80' lang='grc' dir='ltr'><strong>μέλλων</strong></span> <span class='ocrx_word' id='word_1_251' title='bbox 3503 744 3570 798; x_wconf 77' lang='grc' dir='ltr'>ὲκ</span> <span class='ocrx_word' id='word_1_252' title='bbox 3618 742 3710 797; x_wconf 76' lang='grc' dir='ltr'><strong>τοῦ</strong></span> 
     </span>
    </p>
   </div>
   <div class='ocr_carea' id='block_1_40' title="bbox 2131 836 3715 911">
    <p class='ocr_par' dir='ltr' id='par_1_40' title="bbox 2131 836 3715 911">
     <span class='ocr_line' id='line_1_40' title="bbox 2131 836 3715 911; baseline -0.003 -18"><span class='ocrx_word' id='word_1_253' title='bbox 2131 840 2327 903; x_wconf 70' lang='grc' dir='ltr'>αἰῶνος</span> <span class='ocrx_word' id='word_1_254' title='bbox 2371 838 2716 906; x_wconf 75' lang='grc' dir='ltr'>ἀνυπνίςειν;</span> <span class='ocrx_word' id='word_1_255' title='bbox 2767 840 3058 911; x_wconf 81' lang='grc' dir='ltr'>προσκυνῶ</span> <span class='ocrx_word' id='word_1_256' title='bbox 3100 854 3217 904; x_wconf 90' lang='grc' dir='ltr'>σου,</span> <span class='ocrx_word' id='word_1_257' title='bbox 3249 838 3366 903; x_wconf 74' lang='grc' dir='ltr'><strong>Υἱὲ,</strong></span> <span class='ocrx_word' id='word_1_258' title='bbox 3410 836 3473 890; x_wconf 80' lang='grc' dir='ltr'>τὸ</span> <span class='ocrx_word' id='word_1_259' title='bbox 3504 836 3715 907; x_wconf 81' lang='grc' dir='ltr'>μακρό-</span> 
     </span>
    </p>
   </div>
   <div class='ocr_carea' id='block_1_41' title="bbox 2133 931 2321 1002">
    <p class='ocr_par' dir='ltr' id='par_1_41' title="bbox 2133 931 2321 1002">
     <span class='ocr_line' id='line_1_41' title="bbox 2133 931 2321 1002; baseline 0 -17"><span class='ocrx_word' id='word_1_260' title='bbox 2133 931 2195 985; x_wconf 78' lang='lat' dir='ltr'><strong>Ou</strong></span> <span class='ocrx_word' id='word_1_261' title='bbox 2204 950 2321 1002; x_wconf 87' lang='grc' dir='ltr'>μον.</span> 
     </span>
    </p>
   </div>
   <div class='ocr_carea' id='block_1_42' title="bbox 2207 1111 3711 1189">
    <p class='ocr_par' dir='ltr' id='par_1_42' title="bbox 2207 1111 3711 1189">
     <span class='ocr_line' id='line_1_42' title="bbox 2207 1111 3711 1189; baseline -0.003 -18"><span class='ocrx_word' id='word_1_262' title='bbox 2207 1116 2414 1189; x_wconf 82' lang='grc' dir='ltr'>Κύριόν</span> <span class='ocrx_word' id='word_1_263' title='bbox 2446 1134 2505 1171; x_wconf 90' lang='grc' dir='ltr'><strong>σε</strong></span> <span class='ocrx_word' id='word_1_264' title='bbox 2532 1116 2631 1187; x_wconf 82' lang='grc' dir='ltr'><strong>τῆς</strong></span> <span class='ocrx_word' id='word_1_265' title='bbox 2659 1115 2804 1186; x_wconf 76' lang='grc' dir='ltr'>ζωῆς</span> <span class='ocrx_word' id='word_1_266' title='bbox 2835 1114 2930 1170; x_wconf 75' lang='grc' dir='ltr'>καὶ</span> <span class='ocrx_word' id='word_1_267' title='bbox 2958 1117 3157 1187; x_wconf 81' lang='grc' dir='ltr'>ὡραῖον</span> <span class='ocrx_word' id='word_1_268' title='bbox 3200 1114 3491 1185; x_wconf 80' lang='grc' dir='ltr'>ἀπεκύησα</span> <span class='ocrx_word' id='word_1_269' title='bbox 3523 1111 3711 1169; x_wconf 80' lang='grc' dir='ltr'>κάλλει</span> 
     </span>
    </p>
   </div>
   <div class='ocr_carea' id='block_1_43' title="bbox 2137 1208 3710 1282">
    <p class='ocr_par' dir='ltr' id='par_1_43' title="bbox 2137 1208 3710 1282">
     <span class='ocr_line' id='line_1_43' title="bbox 2137 1208 3710 1282; baseline -0.001 -19"><span class='ocrx_word' id='word_1_270' title='bbox 2137 1210 2278 1282; x_wconf 79' lang='grc' dir='ltr'>ὑπὲρ</span> <span class='ocrx_word' id='word_1_271' title='bbox 2312 1212 2462 1273; x_wconf 82' lang='grc' dir='ltr'>υἱοὺς</span> <span class='ocrx_word' id='word_1_272' title='bbox 2492 1208 2821 1281; x_wconf 79' lang='grc' dir='ltr'>ἀνθρώπων,</span> <span class='ocrx_word' id='word_1_273' title='bbox 2858 1210 2892 1281; x_wconf 70' lang='grc' dir='ltr'><strong><em>ἡ</em></strong></span> <span class='ocrx_word' id='word_1_274' title='bbox 2940 1208 3220 1280; x_wconf 81' lang='grc' dir='ltr'>Παρθένος</span> <span class='ocrx_word' id='word_1_275' title='bbox 3249 1208 3587 1281; x_wconf 76' lang='grc' dir='ltr'>ἑκραύγαζε,</span> <span class='ocrx_word' id='word_1_276' title='bbox 3618 1210 3710 1261; x_wconf 76' lang='grc' dir='ltr'>καὶ</span> 
     </span>
    </p>
   </div>
   <div class='ocr_carea' id='block_1_44' title="bbox 2137 1297 3709 1372">
    <p class='ocr_par' dir='ltr' id='par_1_44' title="bbox 2137 1297 3709 1372">
     <span class='ocr_line' id='line_1_44' title="bbox 2137 1297 3709 1372; baseline -0.001 -19"><span class='ocrx_word' id='word_1_277' title='bbox 2137 1300 2255 1364; x_wconf 85' lang='grc' dir='ltr'><strong>πῶς</strong></span> <span class='ocrx_word' id='word_1_278' title='bbox 2305 1300 2563 1371; x_wconf 78' lang='grc' dir='ltr'>Θνήσκεις</span> <span class='ocrx_word' id='word_1_279' title='bbox 2614 1297 2732 1364; x_wconf 80' lang='grc' dir='ltr'>νῦν,</span> <span class='ocrx_word' id='word_1_280' title='bbox 2778 1299 2899 1363; x_wconf 76' lang='grc' dir='ltr'><strong>Υἱὲ,</strong></span> <span class='ocrx_word' id='word_1_281' title='bbox 2946 1300 3143 1363; x_wconf 85' lang='grc' dir='ltr'>κάλλος</span> <span class='ocrx_word' id='word_1_282' title='bbox 3196 1301 3300 1354; x_wconf 77' lang='grc' dir='ltr'>οὐκ</span> <span class='ocrx_word' id='word_1_283' title='bbox 3358 1300 3497 1372; x_wconf 74' lang='grc' dir='ltr'>ἔχων</span> <span class='ocrx_word' id='word_1_284' title='bbox 3527 1302 3588 1354; x_wconf 82' lang='grc' dir='ltr'><strong>ὲν</strong></span> <span class='ocrx_word' id='word_1_285' title='bbox 3634 1301 3709 1370; x_wconf 78' lang='grc' dir='ltr'>τῷ</span> 
     </span>
    </p>
   </div>
   <div class='ocr_carea' id='block_1_45' title="bbox 2144 1392 3463 1468">
    <p class='ocr_par' dir='ltr' id='par_1_45' title="bbox 2144 1392 3463 1468">
     <span class='ocr_line' id='line_1_45' title="bbox 2144 1392 3463 1468; baseline 0 -19"><span class='ocrx_word' id='word_1_286' title='bbox 2144 1392 2581 1468; x_wconf 72' lang='grc' dir='ltr'>σταυροῦσθαι,“ό</span> <span class='ocrx_word' id='word_1_287' title='bbox 2603 1393 2962 1459; x_wconf 75' lang='grc' dir='ltr'><strong>καλλωπίζων</strong></span> <span class='ocrx_word' id='word_1_288' title='bbox 2998 1394 3176 1449; x_wconf 80' lang='grc' dir='ltr'>πάντα</span> <span class='ocrx_word' id='word_1_289' title='bbox 3202 1394 3463 1467; x_wconf 82' lang='grc' dir='ltr'>νεύματι;</span> 
     </span>
    </p>
   </div>
   <div class='ocr_carea' id='block_1_46' title="bbox 2220 1578 3713 1651">
    <p class='ocr_par' dir='ltr' id='par_1_46' title="bbox 2220 1578 3713 1651">
     <span class='ocr_line' id='line_1_46' title="bbox 2220 1578 3713 1651; baseline -0.006 -15"><span class='ocrx_word' id='word_1_290' title='bbox 2220 1579 2279 1635; x_wconf 85' lang='lat'><strong>&#39;0</strong></span> <span class='ocrx_word' id='word_1_291' title='bbox 2299 1580 2493 1643; x_wconf 81' lang='grc' dir='ltr'>ἇδυτος</span> <span class='ocrx_word' id='word_1_292' title='bbox 2510 1579 2683 1651; x_wconf 75' lang='grc' dir='ltr'>ἥλιος,</span> <span class='ocrx_word' id='word_1_293' title='bbox 2710 1578 2829 1643; x_wconf 85' lang='grc' dir='ltr'><strong>πῶς</strong></span> <span class='ocrx_word' id='word_1_294' title='bbox 2849 1578 2971 1644; x_wconf 76' lang='grc' dir='ltr'>ἔδυς</span> <span class='ocrx_word' id='word_1_295' title='bbox 2996 1578 3337 1650; x_wconf 81' lang='grc' dir='ltr'>ξύλῳ,Λόγε,</span> <span class='ocrx_word' id='word_1_296' title='bbox 3366 1578 3713 1648; x_wconf 82' lang='grc' dir='ltr'>τεινόμενο;;</span> 
     </span>
    </p>
   </div>
   <div class='ocr_carea' id='block_1_47' title="bbox 2136 1669 3714 1744">
    <p class='ocr_par' dir='ltr' id='par_1_47' title="bbox 2136 1669 3714 1744">
     <span class='ocr_line' id='line_1_47' title="bbox 2136 1669 3714 1744; baseline -0.001 -19"><span class='ocrx_word' id='word_1_297' title='bbox 2136 1673 2171 1743; x_wconf 81' lang='grc' dir='ltr'>ἠ</span> <span class='ocrx_word' id='word_1_298' title='bbox 2197 1671 2473 1744; x_wconf 82' lang='grc' dir='ltr'>Παρθένος</span> <span class='ocrx_word' id='word_1_299' title='bbox 2495 1672 2624 1725; x_wconf 73' lang='grc' dir='ltr'>ἐϐόα</span> <span class='ocrx_word' id='word_1_300' title='bbox 2642 1687 2656 1701; x_wconf 74' lang='grc' dir='ltr'>ο</span> <span class='ocrx_word' id='word_1_301' title='bbox 2688 1672 2784 1724; x_wconf 69' lang='grc' dir='ltr'>καὶ</span> <span class='ocrx_word' id='word_1_302' title='bbox 2810 1670 3025 1741; x_wconf 85' lang='grc' dir='ltr'>βλέπων</span> <span class='ocrx_word' id='word_1_303' title='bbox 3050 1672 3180 1743; x_wconf 80' lang='grc' dir='ltr'>ἔστη</span> <span class='ocrx_word' id='word_1_304' title='bbox 3198 1670 3291 1725; x_wconf 81' lang='grc' dir='ltr'><strong>τοῦ</strong></span> <span class='ocrx_word' id='word_1_305' title='bbox 3315 1671 3517 1741; x_wconf 80' lang='grc' dir='ltr'><strong>δρόμου</strong></span> <span class='ocrx_word' id='word_1_306' title='bbox 3543 1669 3714 1739; x_wconf 77' lang='grc' dir='ltr'>ἥλιος,</span> 
     </span>
    </p>
   </div>
   <div class='ocr_carea' id='block_1_48' title="bbox 2139 1762 3717 1836">
    <p class='ocr_par' dir='ltr' id='par_1_48' title="bbox 2139 1762 3717 1836">
     <span class='ocr_line' id='line_1_48' title="bbox 2139 1762 3717 1836; baseline -0.001 -19"><span class='ocrx_word' id='word_1_307' title='bbox 2139 1764 2349 1834; x_wconf 78' lang='grc' dir='ltr'>φαίνειν</span> <span class='ocrx_word' id='word_1_308' title='bbox 2374 1766 2451 1836; x_wconf 83' lang='grc' dir='ltr'>μὴ</span> <span class='ocrx_word' id='word_1_309' title='bbox 2481 1765 2707 1831; x_wconf 81' lang='grc' dir='ltr'><strong>σθένων,</strong></span> <span class='ocrx_word' id='word_1_310' title='bbox 2738 1763 2833 1817; x_wconf 79' lang='grc' dir='ltr'>σοῦ</span> <span class='ocrx_word' id='word_1_311' title='bbox 2856 1765 3180 1835; x_wconf 82' lang='grc' dir='ltr'><strong>πάσχοντος,</strong></span> <span class='ocrx_word' id='word_1_312' title='bbox 3207 1764 3492 1830; x_wconf 84' lang='grc' dir='ltr'>Δέσποτα;</span> <span class='ocrx_word' id='word_1_313' title='bbox 3520 1762 3717 1834; x_wconf 84' lang='grc' dir='ltr'>’Υμνο-</span> 
     </span>
    </p>
   </div>
   <div class='ocr_carea' id='block_1_49' title="bbox 2138 1856 3279 1930">
    <p class='ocr_par' dir='ltr' id='par_1_49' title="bbox 2138 1856 3279 1930">
     <span class='ocr_line' id='line_1_49' title="bbox 2138 1856 3279 1930; baseline -0.002 -18"><span class='ocrx_word' id='word_1_314' title='bbox 2138 1856 2305 1927; x_wconf 80' lang='grc' dir='ltr'>λογῶ,</span> <span class='ocrx_word' id='word_1_315' title='bbox 2346 1860 2639 1930; x_wconf 82' lang='grc' dir='ltr'>προσκυνῶ</span> <span class='ocrx_word' id='word_1_316' title='bbox 2663 1861 2725 1914; x_wconf 82' lang='grc' dir='ltr'>τὸ</span> <span class='ocrx_word' id='word_1_317' title='bbox 2759 1860 2903 1913; x_wconf 86' lang='grc' dir='ltr'><strong>Θείον</strong></span> <span class='ocrx_word' id='word_1_318' title='bbox 2928 1858 3130 1928; x_wconf 77' lang='grc' dir='ltr'>κράτος</span> <span class='ocrx_word' id='word_1_319' title='bbox 3165 1874 3279 1911; x_wconf 87' lang='grc' dir='ltr'>σου.</span> 
     </span>
    </p>
   </div>
   <div class='ocr_carea' id='block_1_50' title="bbox 2222 2041 3713 2119">
    <p class='ocr_par' dir='ltr' id='par_1_50' title="bbox 2222 2041 3713 2119">
     <span class='ocr_line' id='line_1_50' title="bbox 2222 2041 3713 2119; baseline -0.002 -18"><span class='ocrx_word' id='word_1_320' title='bbox 2222 2046 2533 2118; x_wconf 85' lang='grc' dir='ltr'>ὐδυνηρῶς</span> <span class='ocrx_word' id='word_1_321' title='bbox 2595 2044 2953 2112; x_wconf 77' lang='grc' dir='ltr'>στενάζουσα,</span> <span class='ocrx_word' id='word_1_322' title='bbox 3010 2043 3299 2119; x_wconf 87' lang='grc' dir='ltr'>μητρικῶς</span> <span class='ocrx_word' id='word_1_323' title='bbox 3342 2041 3713 2108; x_wconf 76' lang='grc' dir='ltr'>ἀλαλάζουσα,</span> 
     </span>
    </p>
   </div>
   <div class='ocr_carea' id='block_1_51' title="bbox 2139 2137 3717 2213">
    <p class='ocr_par' dir='ltr' id='par_1_51' title="bbox 2139 2137 3717 2213">
     <span class='ocr_line' id='line_1_51' title="bbox 2139 2137 3717 2213; baseline -0.005 -17"><span class='ocrx_word' id='word_1_324' title='bbox 2139 2141 2239 2197; x_wconf 78' lang='grc' dir='ltr'>καὶ</span> <span class='ocrx_word' id='word_1_325' title='bbox 2269 2142 2367 2212; x_wconf 79' lang='grc' dir='ltr'><strong>τὴν</strong></span> <span class='ocrx_word' id='word_1_326' title='bbox 2414 2143 2476 2195; x_wconf 81' lang='grc' dir='ltr'>ὲκ</span> <span class='ocrx_word' id='word_1_327' title='bbox 2528 2142 2638 2195; x_wconf 84' lang='grc' dir='ltr'><strong>τῶν</strong></span> <span class='ocrx_word' id='word_1_328' title='bbox 2697 2140 3020 2213; x_wconf 78' lang='grc' dir='ltr'>σπλάγχνων</span> <span class='ocrx_word' id='word_1_329' title='bbox 3075 2139 3303 2210; x_wconf 74' lang='grc' dir='ltr'>συνοχὴν</span> <span class='ocrx_word' id='word_1_330' title='bbox 3327 2137 3403 2210; x_wconf 83' lang='grc' dir='ltr'>μὴ</span> <span class='ocrx_word' id='word_1_331' title='bbox 3457 2138 3717 2209; x_wconf 80' lang='grc' dir='ltr'>φέρουσα,</span> 
     </span>
    </p>
   </div>
   <div class='ocr_carea' id='block_1_52' title="bbox 2142 2230 3718 2305">
    <p class='ocr_par' dir='ltr' id='par_1_52' title="bbox 2142 2230 3718 2305">
     <span class='ocr_line' id='line_1_52' title="bbox 2142 2230 3718 2305; baseline -0.003 -18"><span class='ocrx_word' id='word_1_332' title='bbox 2142 2232 2360 2305; x_wconf 82' lang='grc' dir='ltr'>σταυρῷ</span> <span class='ocrx_word' id='word_1_333' title='bbox 2392 2234 2700 2305; x_wconf 79' lang='grc' dir='ltr'>ὲνητένιζες</span> <span class='ocrx_word' id='word_1_334' title='bbox 2725 2233 2803 2305; x_wconf 84' lang='grc' dir='ltr'><strong>τῷ</strong></span> <span class='ocrx_word' id='word_1_335' title='bbox 2836 2235 2902 2287; x_wconf 83' lang='grc' dir='ltr'>ὲκ</span> <span class='ocrx_word' id='word_1_336' title='bbox 2939 2236 3038 2305; x_wconf 80' lang='grc' dir='ltr'>τῆς</span> <span class='ocrx_word' id='word_1_337' title='bbox 3056 2233 3154 2302; x_wconf 78' lang='grc' dir='ltr'>σῆς</span> <span class='ocrx_word' id='word_1_338' title='bbox 3184 2230 3428 2302; x_wconf 81' lang='grc' dir='ltr'><strong>τεχθέντι</strong></span> <span class='ocrx_word' id='word_1_339' title='bbox 3461 2230 3718 2299; x_wconf 80' lang='grc' dir='ltr'>γαστρὸς,</span> 
     </span>
    </p>
   </div>
   <div class='ocr_carea' id='block_1_53' title="bbox 2140 2322 3715 2398">
    <p class='ocr_par' dir='ltr' id='par_1_53' title="bbox 2140 2322 3715 2398">
     <span class='ocr_line' id='line_1_53' title="bbox 2140 2322 3715 2398; baseline -0.003 -18"><span class='ocrx_word' id='word_1_340' title='bbox 2140 2326 2366 2391; x_wconf 81' lang='grc' dir='ltr'><strong>Τέκνον,</strong></span> <span class='ocrx_word' id='word_1_341' title='bbox 2401 2327 2673 2392; x_wconf 82' lang='grc' dir='ltr'>ὲκδοῶσα,</span> <span class='ocrx_word' id='word_1_342' title='bbox 2705 2326 2760 2381; x_wconf 87' lang='grc' dir='ltr'><strong>τί</strong></span> <span class='ocrx_word' id='word_1_343' title='bbox 2788 2326 2848 2381; x_wconf 83' lang='grc' dir='ltr'>τὸ</span> <span class='ocrx_word' id='word_1_344' title='bbox 2892 2327 3077 2398; x_wconf 81' lang='grc' dir='ltr'>ὅραμα</span> <span class='ocrx_word' id='word_1_345' title='bbox 3101 2322 3259 2378; x_wconf 79' lang='grc' dir='ltr'>τοῦτο</span> <span class='ocrx_word' id='word_1_346' title='bbox 3283 2341 3298 2391; x_wconf 86' lang='grc'><strong>;</strong></span> <span class='ocrx_word' id='word_1_347' title='bbox 3322 2323 3439 2386; x_wconf 75' lang='grc' dir='ltr'><strong>πῶς</strong></span> <span class='ocrx_word' id='word_1_348' title='bbox 3463 2323 3715 2393; x_wconf 79' lang='grc' dir='ltr'><strong>πάσχεις,</strong></span> 
     </span>
    </p>
   </div>
   <div class='ocr_carea' id='block_1_54' title="bbox 2139 2414 3721 2491">
    <p class='ocr_par' dir='ltr' id='par_1_54' title="bbox 2139 2414 3721 2491">
     <span class='ocr_line' id='line_1_54' title="bbox 2139 2414 3721 2491; baseline -0.003 -18"><span class='ocrx_word' id='word_1_349' title='bbox 2139 2421 2167 2473; x_wconf 88' lang='grc' dir='ltr'><strong>ό</strong></span> <span class='ocrx_word' id='word_1_350' title='bbox 2210 2422 2276 2488; x_wconf 76' lang='grc' dir='ltr'>τῇ</span> <span class='ocrx_word' id='word_1_351' title='bbox 2330 2419 2489 2489; x_wconf 81' lang='grc' dir='ltr'>φύσει</span> <span class='ocrx_word' id='word_1_352' title='bbox 2554 2418 2795 2491; x_wconf 81' lang='grc' dir='ltr'>ἀπαθὴς,</span> <span class='ocrx_word' id='word_1_353' title='bbox 2830 2420 2939 2472; x_wconf 78' lang='grc' dir='ltr'>πᾶν</span> <span class='ocrx_word' id='word_1_354' title='bbox 2971 2423 3058 2486; x_wconf 50' lang='grc' dir='ltr'>μτε</span> <span class='ocrx_word' id='word_1_355' title='bbox 3116 2416 3285 2472; x_wconf 82' lang='grc' dir='ltr'>Θέλων</span> <span class='ocrx_word' id='word_1_356' title='bbox 3335 2416 3575 2486; x_wconf 80' lang='grc' dir='ltr'>τὸγένος</span> <span class='ocrx_word' id='word_1_357' title='bbox 3612 2414 3721 2469; x_wconf 82' lang='grc' dir='ltr'>τῶν</span> 
     </span>
    </p>
   </div>
   <div class='ocr_carea' id='block_1_55' title="bbox 2143 2510 3134 2583">
    <p class='ocr_par' dir='ltr' id='par_1_55' title="bbox 2143 2510 3134 2583">
     <span class='ocr_line' id='line_1_55' title="bbox 2143 2510 3134 2583; baseline 0 -18"><span class='ocrx_word' id='word_1_358' title='bbox 2143 2510 2241 2565; x_wconf 84' lang='grc' dir='ltr'><strong>ἀνθ</strong></span> <span class='ocrx_word' id='word_1_359' title='bbox 2249 2510 2451 2582; x_wconf 83' lang='grc' dir='ltr'>ρώπων</span> <span class='ocrx_word' id='word_1_360' title='bbox 2488 2511 2695 2583; x_wconf 80' lang='grc' dir='ltr'>φθορᾶς</span> <span class='ocrx_word' id='word_1_361' title='bbox 2728 2510 3097 2583; x_wconf 72' lang='grc' dir='ltr'>ἐλευθερῶσαι</span> <span class='ocrx_word' id='word_1_362' title='bbox 3114 2527 3134 2578; x_wconf 87' lang='grc'>;</span> 
     </span>
    </p>
   </div>
   <div class='ocr_carea' id='block_1_56' title="bbox 2206 2694 3721 2771">
    <p class='ocr_par' dir='ltr' id='par_1_56' title="bbox 2206 2694 3721 2771">
     <span class='ocr_line' id='line_1_56' title="bbox 2206 2694 3721 2771; baseline 0.009 -22"><span class='ocrx_word' id='word_1_363' title='bbox 2206 2694 2462 2766; x_wconf 79' lang='grc' dir='ltr'>Φυγοῦσα</span> <span class='ocrx_word' id='word_1_364' title='bbox 2493 2696 2593 2761; x_wconf 81' lang='grc' dir='ltr'><strong>τὰς</strong></span> <span class='ocrx_word' id='word_1_365' title='bbox 2622 2697 2817 2763; x_wconf 81' lang='grc' dir='ltr'>ὠδῖνας</span> <span class='ocrx_word' id='word_1_366' title='bbox 2846 2698 2944 2763; x_wconf 79' lang='grc' dir='ltr'>τὰς</span> <span class='ocrx_word' id='word_1_367' title='bbox 2974 2698 3253 2770; x_wconf 80' lang='grc' dir='ltr'>μητρικὰς</span> <span class='ocrx_word' id='word_1_368' title='bbox 3292 2696 3370 2769; x_wconf 82' lang='grc' dir='ltr'>τῷ</span> <span class='ocrx_word' id='word_1_369' title='bbox 3402 2697 3581 2771; x_wconf 78' lang='grc' dir='ltr'>καιρῷ</span> <span class='ocrx_word' id='word_1_370' title='bbox 3625 2698 3721 2770; x_wconf 83' lang='grc' dir='ltr'>τῆς</span> 
     </span>
    </p>
   </div>
   <div class='ocr_carea' id='block_1_57' title="bbox 2146 2790 3721 2862">
    <p class='ocr_par' dir='ltr' id='par_1_57' title="bbox 2146 2790 3721 2862">
     <span class='ocr_line' id='line_1_57' title="bbox 2146 2790 3721 2862; baseline 0.003 -19"><span class='ocrx_word' id='word_1_371' title='bbox 2146 2790 2387 2860; x_wconf 76' lang='grc' dir='ltr'>λοχείας,</span> <span class='ocrx_word' id='word_1_372' title='bbox 2424 2790 2767 2862; x_wconf 83' lang='grc' dir='ltr'>μακρόθυμε,</span> <span class='ocrx_word' id='word_1_373' title='bbox 2802 2791 2863 2845; x_wconf 79' lang='grc' dir='ltr'><strong>ὲν</strong></span> <span class='ocrx_word' id='word_1_374' title='bbox 2907 2790 2985 2861; x_wconf 86' lang='grc' dir='ltr'>τῷ</span> <span class='ocrx_word' id='word_1_375' title='bbox 3013 2792 3071 2845; x_wconf 82' lang='grc' dir='ltr'>δὲ</span> <span class='ocrx_word' id='word_1_376' title='bbox 3122 2791 3219 2847; x_wconf 82' lang='grc' dir='ltr'>νῦν</span> <span class='ocrx_word' id='word_1_377' title='bbox 3264 2791 3429 2846; x_wconf 83' lang='grc' dir='ltr'>πάθει</span> <span class='ocrx_word' id='word_1_378' title='bbox 3458 2794 3721 2860; x_wconf 74' lang='grc' dir='ltr'>ἑκουσίως</span> 
     </span>
    </p>
   </div>
   <div class='ocr_carea' id='block_1_58' title="bbox 2144 2879 3718 2955">
    <p class='ocr_par' dir='ltr' id='par_1_58' title="bbox 2144 2879 3718 2955">
     <span class='ocr_line' id='line_1_58' title="bbox 2144 2879 3718 2955; baseline 0.003 -22"><span class='ocrx_word' id='word_1_379' title='bbox 2144 2879 2527 2951; x_wconf 67' lang='grc' dir='ltr'>προσομιλεῖν,</span> <span class='ocrx_word' id='word_1_380' title='bbox 2575 2881 2671 2934; x_wconf 60' lang='grc' dir='ltr'><strong>καὶ⁵</strong></span> <span class='ocrx_word' id='word_1_381' title='bbox 2709 2881 2873 2950; x_wconf 73' lang='grc' dir='ltr'>ἄλγος</span> <span class='ocrx_word' id='word_1_382' title='bbox 2904 2880 3606 2955; x_wconf 71' lang='grc' dir='ltr'>καθυφίστασθαι,ἧλγησα</span> <span class='ocrx_word' id='word_1_383' title='bbox 3650 2886 3718 2939; x_wconf 82' lang='grc' dir='ltr'>τὰ</span> 
     </span>
    </p>
   </div>
   <div class='ocr_carea' id='block_1_59' title="bbox 2147 2972 3724 3051">
    <p class='ocr_par' dir='ltr' id='par_1_59' title="bbox 2147 2972 3724 3051">
     <span class='ocr_line' id='line_1_59' title="bbox 2147 2972 3724 3051; baseline 0.008 -28"><span class='ocrx_word' id='word_1_384' title='bbox 2147 2972 2456 3042; x_wconf 80' lang='grc' dir='ltr'>σπλάγχνα,</span> <span class='ocrx_word' id='word_1_385' title='bbox 2484 2973 2579 3026; x_wconf 75' lang='grc' dir='ltr'>καὶ</span> <span class='ocrx_word' id='word_1_386' title='bbox 2602 2975 2700 3043; x_wconf 76' lang='grc' dir='ltr'>τὴν</span> <span class='ocrx_word' id='word_1_387' title='bbox 2728 2973 2908 3046; x_wconf 77' lang='grc' dir='ltr'>ψυχὴν</span> <span class='ocrx_word' id='word_1_388' title='bbox 2932 2974 3123 3046; x_wconf 77' lang='grc' dir='ltr'>ὀδύνης</span> <span class='ocrx_word' id='word_1_389' title='bbox 3149 2977 3498 3051; x_wconf 80' lang='grc' dir='ltr'><strong>ὲπληρώθην,</strong></span> <span class='ocrx_word' id='word_1_390' title='bbox 3533 2984 3566 3049; x_wconf 68' lang='grc' dir='ltr'>ἡ</span> <span class='ocrx_word' id='word_1_391' title='bbox 3588 2980 3724 3035; x_wconf 77' lang='grc' dir='ltr'><strong>πάν-</strong></span> 
     </span>
    </p>
   </div>
   <div class='ocr_carea' id='block_1_60' title="bbox 2145 3066 3293 3141">
    <p class='ocr_par' dir='ltr' id='par_1_60' title="bbox 2145 3066 3293 3141">
     <span class='ocr_line' id='line_1_60' title="bbox 2145 3066 3293 3141; baseline 0.008 -23"><span class='ocrx_word' id='word_1_392' title='bbox 2145 3082 2309 3133; x_wconf 84' lang='grc' dir='ltr'>αγνος</span> <span class='ocrx_word' id='word_1_393' title='bbox 2340 3066 2485 3133; x_wconf 73' lang='grc' dir='ltr'>ἐϐόα,</span> <span class='ocrx_word' id='word_1_394' title='bbox 2514 3068 2580 3137; x_wconf 70' lang='grc' dir='ltr'>ἣν</span> <span class='ocrx_word' id='word_1_395' title='bbox 2614 3068 2855 3134; x_wconf 74' lang='grc' dir='ltr'>ἐπαξίως</span> <span class='ocrx_word' id='word_1_396' title='bbox 2894 3068 3293 3141; x_wconf 82' lang='grc' dir='ltr'>μεγαλύνομεν.</span> 
     </span>
    </p>
   </div>
   <div class='ocr_carea' id='block_1_61' title="bbox 2078 3283 3728 3357">
    <p class='ocr_par' dir='ltr' id='par_1_61' title="bbox 2078 3283 3728 3357">
     <span class='ocr_line' id='line_1_61' title="bbox 2078 3283 3728 3357; baseline 0.003 -19"><span class='ocrx_word' id='word_1_397' title='bbox 2078 3283 2126 3345; x_wconf 86' lang='lat' dir='ltr'><strong><em>C</em></strong></span> <span class='ocrx_word' id='word_1_398' title='bbox 2156 3285 2288 3357; x_wconf 63' lang='grc' dir='ltr'>,Ἐκ</span> <span class='ocrx_word' id='word_1_399' title='bbox 2314 3284 2419 3341; x_wconf 85' lang='grc' dir='ltr'>τοῦ</span> <span class='ocrx_word' id='word_1_400' title='bbox 2447 3286 2717 3352; x_wconf 76' lang='grc' dir='ltr'>Κανόνος</span> <span class='ocrx_word' id='word_1_401' title='bbox 2740 3285 2849 3355; x_wconf 80' lang='grc' dir='ltr'><strong>τῆς</strong></span> <span class='ocrx_word' id='word_1_402' title='bbox 2867 3284 3161 3357; x_wconf 77' lang='grc' dir='ltr'>πέμπτης,</span> <span class='ocrx_word' id='word_1_403' title='bbox 3191 3288 3280 3353; x_wconf 80' lang='grc' dir='ltr'>εις</span> <span class='ocrx_word' id='word_1_404' title='bbox 3300 3286 3408 3341; x_wconf 78' lang='grc' dir='ltr'><strong>τὸν</strong></span> <span class='ocrx_word' id='word_1_405' title='bbox 3437 3287 3728 3356; x_wconf 73' lang='grc' dir='ltr'><strong>Ὄρθρονο⁴</strong></span> 
     </span>
    </p>
   </div>
   <div class='ocr_carea' id='block_1_62' title="bbox 2214 3413 3726 3486">
    <p class='ocr_par' dir='ltr' id='par_1_62' title="bbox 2214 3413 3726 3486">
     <span class='ocr_line' id='line_1_62' title="bbox 2214 3413 3726 3486; baseline -0.001 -18"><span class='ocrx_word' id='word_1_406' title='bbox 2214 3413 2481 3485; x_wconf 84' lang='grc' dir='ltr'><strong>Νομίμων</strong></span> <span class='ocrx_word' id='word_1_407' title='bbox 2510 3413 2634 3484; x_wconf 81' lang='grc' dir='ltr'>δίχα</span> <span class='ocrx_word' id='word_1_408' title='bbox 2666 3413 2764 3484; x_wconf 79' lang='grc' dir='ltr'>τῆς</span> <span class='ocrx_word' id='word_1_409' title='bbox 2798 3414 3015 3484; x_wconf 82' lang='grc' dir='ltr'>φύσεως</span> <span class='ocrx_word' id='word_1_410' title='bbox 3042 3414 3273 3476; x_wconf 88' lang='grc' dir='ltr'>τέτοκας</span> <span class='ocrx_word' id='word_1_411' title='bbox 3302 3413 3394 3467; x_wconf 86' lang='grc' dir='ltr'><strong>τδν</strong></span> <span class='ocrx_word' id='word_1_412' title='bbox 3432 3414 3726 3486; x_wconf 85' lang='grc' dir='ltr'>νομοδότην</span> 
     </span>
    </p>
   </div>
   <div class='ocr_carea' id='block_1_63' title="bbox 2151 3504 3725 3576">
    <p class='ocr_par' dir='ltr' id='par_1_63' title="bbox 2151 3504 3725 3576">
     <span class='ocr_line' id='line_1_63' title="bbox 2151 3504 3725 3576; baseline -0.001 -15"><span class='ocrx_word' id='word_1_413' title='bbox 2151 3510 2247 3561; x_wconf 78' lang='grc' dir='ltr'>καὶ</span> <span class='ocrx_word' id='word_1_414' title='bbox 2301 3507 2435 3559; x_wconf 83' lang='grc' dir='ltr'><strong>Θεὸν</strong></span> <span class='ocrx_word' id='word_1_415' title='bbox 2478 3504 2768 3576; x_wconf 73' lang='grc' dir='ltr'>ἄνθρωπον</span> <span class='ocrx_word' id='word_1_416' title='bbox 2813 3506 3107 3576; x_wconf 84' lang='grc' dir='ltr'>γενόμενον</span> <span class='ocrx_word' id='word_1_417' title='bbox 3134 3522 3147 3536; x_wconf 91' lang='grc'><strong>·</strong></span> <span class='ocrx_word' id='word_1_418' title='bbox 3189 3506 3352 3559; x_wconf 79' lang='grc' dir='ltr'>αὑτὸν</span> <span class='ocrx_word' id='word_1_419' title='bbox 3397 3505 3471 3569; x_wconf 85' lang='grc' dir='ltr'><strong>ὡς</strong></span> <span class='ocrx_word' id='word_1_420' title='bbox 3525 3506 3725 3575; x_wconf 73' lang='grc' dir='ltr'><strong>ἀγαθὸν</strong></span> 
     </span>
    </p>
   </div>
   <div class='ocr_carea' id='block_1_64' title="bbox 2152 3597 3726 3668">
    <p class='ocr_par' dir='ltr' id='par_1_64' title="bbox 2152 3597 3726 3668">
     <span class='ocr_line' id='line_1_64' title="bbox 2152 3597 3726 3668; baseline -0.002 -15"><span class='ocrx_word' id='word_1_421' title='bbox 2152 3600 2393 3665; x_wconf 76' lang='grc' dir='ltr'>ἱκέτευε,</span> <span class='ocrx_word' id='word_1_422' title='bbox 2422 3599 2755 3668; x_wconf 81' lang='grc' dir='ltr'>πανάμωμε,</span> <span class='ocrx_word' id='word_1_423' title='bbox 2786 3597 2944 3668; x_wconf 73' lang='grc' dir='ltr'>ἡμῶν</span> <span class='ocrx_word' id='word_1_424' title='bbox 2966 3597 3064 3661; x_wconf 81' lang='grc' dir='ltr'>τὰς</span> <span class='ocrx_word' id='word_1_425' title='bbox 3088 3598 3320 3668; x_wconf 83' lang='grc' dir='ltr'>ἀνομίας</span> <span class='ocrx_word' id='word_1_426' title='bbox 3351 3597 3597 3668; x_wconf 74' lang='grc' dir='ltr'>παριδεῖν</span> <span class='ocrx_word' id='word_1_427' title='bbox 3622 3599 3726 3651; x_wconf 86' lang='grc' dir='ltr'><strong>τῶν</strong></span> 
     </span>
    </p>
   </div>
   <div class='ocr_carea' id='block_1_65' title="bbox 465 3689 2040 3763">
    <p class='ocr_par' dir='ltr' id='par_1_65' title="bbox 465 3690 2040 3763">
     <span class='ocr_line' id='line_1_65' title="bbox 465 3690 2040 3763; baseline 0.002 -17"><span class='ocrx_word' id='word_1_428' title='bbox 465 3708 589 3763; x_wconf 69' lang='lat' dir='ltr'><strong>qua:</strong></span> <span class='ocrx_word' id='word_1_429' title='bbox 613 3701 803 3746; x_wconf 88' lang='lat' dir='ltr'><strong>contra</strong></span> <span class='ocrx_word' id='word_1_430' title='bbox 834 3693 1004 3762; x_wconf 85' lang='lat' dir='ltr'><strong>legem</strong></span> <span class='ocrx_word' id='word_1_431' title='bbox 1030 3692 1384 3760; x_wconf 85' lang='lat' dir='ltr'><strong>deliquimus,</strong></span> <span class='ocrx_word' id='word_1_432' title='bbox 1417 3690 1548 3747; x_wconf 89' lang='lat' dir='ltr'><strong>dum</strong></span> <span class='ocrx_word' id='word_1_433' title='bbox 1576 3695 1795 3749; x_wconf 86' lang='lat' dir='ltr'><strong>assidue</strong></span> <span class='ocrx_word' id='word_1_434' title='bbox 1844 3694 2040 3749; x_wconf 86' lang='lat' dir='ltr'><strong>clama-</strong></span> 
     </span>
    </p>
   </div>
   <div class='ocr_carea' id='block_1_66' title="bbox 2144 3689 3727 3763">
    <p class='ocr_par' dir='ltr' id='par_1_66' title="bbox 2154 3689 3727 3763">
     <span class='ocr_line' id='line_1_66' title="bbox 2154 3689 3727 3763; baseline -0.001 -18"><span class='ocrx_word' id='word_1_435' title='bbox 2154 3691 2402 3763; x_wconf 84' lang='grc' dir='ltr'>βοώντων</span> <span class='ocrx_word' id='word_1_436' title='bbox 2437 3691 2668 3745; x_wconf 82' lang='grc' dir='ltr'>πάντοτε</span> <span class='ocrx_word' id='word_1_437' title='bbox 2693 3704 2709 3721; x_wconf 83' lang='grc'><em>’</em></span> <span class='ocrx_word' id='word_1_438' title='bbox 2742 3690 2834 3762; x_wconf 83' lang='grc' dir='ltr'><strong>Τῷ</strong></span> <span class='ocrx_word' id='word_1_439' title='bbox 2865 3690 3057 3762; x_wconf 81' lang='grc' dir='ltr'>Κυρίῳ</span> <span class='ocrx_word' id='word_1_440' title='bbox 3080 3690 3304 3763; x_wconf 81' lang='grc' dir='ltr'>ᾇσωμεν</span> <span class='ocrx_word' id='word_1_441' title='bbox 3324 3708 3336 3722; x_wconf 90' lang='grc'><strong>·</strong></span> <span class='ocrx_word' id='word_1_442' title='bbox 3370 3689 3596 3758; x_wconf 77' lang='grc' dir='ltr'>ἐνδόξως</span> <span class='ocrx_word' id='word_1_443' title='bbox 3620 3690 3727 3763; x_wconf 81' lang='grc' dir='ltr'><strong>γὰρ</strong></span> 
     </span>
    </p>
   </div>
   <div class='ocr_carea' id='block_1_67' title="bbox 468 3782 2050 3857">
    <p class='ocr_par' dir='ltr' id='par_1_67' title="bbox 468 3782 2050 3857">
     <span class='ocr_line' id='line_1_67' title="bbox 468 3782 2050 3857; baseline 0.004 -19"><span class='ocrx_word' id='word_1_444' title='bbox 468 3800 591 3839; x_wconf 89' lang='lat' dir='ltr'><strong>mus</strong></span> <span class='ocrx_word' id='word_1_445' title='bbox 622 3803 636 3840; x_wconf 89' lang='lat'><strong>:</strong></span> <span class='ocrx_word' id='word_1_446' title='bbox 669 3783 967 3841; x_wconf 85' lang='lat' dir='ltr'><strong>Cantemus</strong></span> <span class='ocrx_word' id='word_1_447' title='bbox 1000 3782 1256 3850; x_wconf 90' lang='lat' dir='ltr'><strong>Domino,</strong></span> <span class='ocrx_word' id='word_1_448' title='bbox 1289 3784 1529 3856; x_wconf 75' lang='lat' dir='ltr'><strong>gloriose</strong></span> <span class='ocrx_word' id='word_1_449' title='bbox 1560 3786 1703 3841; x_wconf 81' lang='lat' dir='ltr'><strong>enim</strong></span> <span class='ocrx_word' id='word_1_450' title='bbox 1734 3788 2050 3857; x_wconf 78' lang='lat' dir='ltr'><strong>magniﬁca-</strong></span> 
     </span>
    </p>
   </div>
   <div class='ocr_carea' id='block_1_68' title="bbox 469 3886 680 3933">
    <p class='ocr_par' dir='ltr' id='par_1_68' title="bbox 469 3886 680 3933">
     <span class='ocr_line' id='line_1_68' title="bbox 469 3886 680 3933; baseline 0.005 -1"><span class='ocrx_word' id='word_1_451' title='bbox 469 3887 557 3933; x_wconf 88' lang='lat' dir='ltr'><strong>tus</strong></span> <span class='ocrx_word' id='word_1_452' title='bbox 578 3886 680 3933; x_wconf 73' lang='grc' dir='ltr'>εει.</span> 
     </span>
    </p>
   </div>
   <div class='ocr_carea' id='block_1_69' title="bbox 544 3971 2051 4047">
    <p class='ocr_par' dir='ltr' id='par_1_69' title="bbox 544 3971 2051 4047">
     <span class='ocr_line' id='line_1_69' title="bbox 544 3971 2051 4047; baseline 0.005 -23"><span class='ocrx_word' id='word_1_453' title='bbox 544 3972 866 4042; x_wconf 85' lang='lat' dir='ltr'><strong>Deprecare,</strong></span> <span class='ocrx_word' id='word_1_454' title='bbox 889 3987 922 4028; x_wconf 94' lang='grc' dir='ltr'>ο</span> <span class='ocrx_word' id='word_1_455' title='bbox 946 3971 1134 4044; x_wconf 80' lang='lat' dir='ltr'><strong>Virgo,</strong></span> <span class='ocrx_word' id='word_1_456' title='bbox 1163 3973 1313 4028; x_wconf 92' lang='lat' dir='ltr'><strong>illum</strong></span> <span class='ocrx_word' id='word_1_457' title='bbox 1347 3973 1441 4046; x_wconf 88' lang='lat' dir='ltr'><strong>qui</strong></span> <span class='ocrx_word' id='word_1_458' title='bbox 1474 3974 1652 4031; x_wconf 88' lang='lat' dir='ltr'><strong>bonus</strong></span> <span class='ocrx_word' id='word_1_459' title='bbox 1682 3981 1786 4039; x_wconf 81' lang='lat' dir='ltr'><strong>est,</strong></span> <span class='ocrx_word' id='word_1_460' title='bbox 1815 3986 1874 4030; x_wconf 86' lang='lat' dir='ltr'><strong>ut</strong></span> <span class='ocrx_word' id='word_1_461' title='bbox 1922 3991 2051 4047; x_wconf 85' lang='lat' dir='ltr'><strong>pec-</strong></span> 
     </span>
    </p>
   </div>
   <div class='ocr_carea' id='block_1_70' title="bbox 466 4063 2051 4136">
    <p class='ocr_par' dir='ltr' id='par_1_70' title="bbox 466 4063 2051 4136">
     <span class='ocr_line' id='line_1_70' title="bbox 466 4063 2051 4136; baseline 0.004 -21"><span class='ocrx_word' id='word_1_462' title='bbox 466 4070 718 4117; x_wconf 81' lang='lat' dir='ltr'><strong>catorum</strong></span> <span class='ocrx_word' id='word_1_463' title='bbox 786 4063 1239 4131; x_wconf 86' lang='lat' dir='ltr'><strong>absolutionem,</strong></span> <span class='ocrx_word' id='word_1_464' title='bbox 1292 4073 1347 4119; x_wconf 88' lang='lat' dir='ltr'><strong>et</strong></span> <span class='ocrx_word' id='word_1_465' title='bbox 1420 4078 1452 4119; x_wconf 70' lang='grc' dir='ltr'><strong><em>ι</em></strong></span> <span class='ocrx_word' id='word_1_466' title='bbox 1516 4066 1855 4136; x_wconf 84' lang='lat' dir='ltr'><strong>gravissimis</strong></span> <span class='ocrx_word' id='word_1_467' title='bbox 1925 4067 2051 4122; x_wconf 70' lang='lat' dir='ltr'><strong>vita:</strong></span> 
     </span>
    </p>
   </div>
   <div class='ocr_carea' id='block_1_71' title="bbox 470 4156 1856 4228">
    <p class='ocr_par' dir='ltr' id='par_1_71' title="bbox 470 4156 1856 4228">
     <span class='ocr_line' id='line_1_71' title="bbox 470 4156 1856 4228; baseline 0.003 -17"><span class='ocrx_word' id='word_1_468' title='bbox 470 4156 636 4226; x_wconf 89' lang='lat' dir='ltr'><strong>hujus</strong></span> <span class='ocrx_word' id='word_1_469' title='bbox 722 4157 1151 4214; x_wconf 86' lang='lat' dir='ltr'><strong>adversitatibus</strong></span> <span class='ocrx_word' id='word_1_470' title='bbox 1226 4158 1646 4228; x_wconf 87' lang='lat' dir='ltr'><strong>liberationem,</strong></span> <span class='ocrx_word' id='word_1_471' title='bbox 1720 4161 1856 4216; x_wconf 89' lang='lat' dir='ltr'><strong>mihi</strong></span> 
     </span>
    </p>
   </div>
   <div class='ocr_carea' id='block_1_72' title="bbox 468 4248 671 4318">
    <p class='ocr_par' dir='ltr' id='par_1_72' title="bbox 468 4248 671 4318">
     <span class='ocr_line' id='line_1_72' title="bbox 468 4248 671 4318; baseline 0.015 -18"><span class='ocrx_word' id='word_1_472' title='bbox 468 4248 671 4318; x_wconf 89' lang='lat' dir='ltr'><strong>giatur.</strong></span> 
     </span>
    </p>
   </div>
   <div class='ocr_carea' id='block_1_73' title="bbox 542 4341 2051 4416">
    <p class='ocr_par' dir='ltr' id='par_1_73' title="bbox 542 4341 2051 4416">
     <span class='ocr_line' id='line_1_73' title="bbox 542 4341 2051 4416; baseline 0.004 -21"><span class='ocrx_word' id='word_1_473' title='bbox 542 4341 621 4396; x_wconf 87' lang='lat' dir='ltr'><strong>Da</strong></span> <span class='ocrx_word' id='word_1_474' title='bbox 678 4343 809 4396; x_wconf 90' lang='lat' dir='ltr'><strong>mihi</strong></span> <span class='ocrx_word' id='word_1_475' title='bbox 866 4342 1029 4409; x_wconf 88' lang='lat' dir='ltr'><strong>vires,</strong></span> <span class='ocrx_word' id='word_1_476' title='bbox 1063 4358 1097 4399; x_wconf 94' lang='lat' dir='ltr'><strong>o</strong></span> <span class='ocrx_word' id='word_1_477' title='bbox 1128 4343 1411 4412; x_wconf 85' lang='lat' dir='ltr'><strong>inviolata,</strong></span> <span class='ocrx_word' id='word_1_478' title='bbox 1446 4353 1508 4399; x_wconf 91' lang='lat' dir='ltr'><strong>ut</strong></span> <span class='ocrx_word' id='word_1_479' title='bbox 1531 4344 1783 4401; x_wconf 67' lang='lat' dir='ltr'><strong>caelestes</strong></span> <span class='ocrx_word' id='word_1_480' title='bbox 1841 4344 2051 4416; x_wconf 85' lang='lat' dir='ltr'><strong>cogita-</strong></span> 
     </span>
    </p>
   </div>
   <div class='ocr_carea' id='block_1_74' title="bbox 2151 3784 2489 3852">
    <p class='ocr_par' dir='ltr' id='par_1_74' title="bbox 2151 3784 2489 3852">
     <span class='ocr_line' id='line_1_74' title="bbox 2151 3784 2489 3852; baseline 0.006 -14"><span class='ocrx_word' id='word_1_481' title='bbox 2151 3784 2489 3852; x_wconf 79' lang='grc' dir='ltr'>δεδόξασται.</span> 
     </span>
    </p>
   </div>
   <div class='ocr_carea' id='block_1_75' title="bbox 2223 3971 3724 4045">
    <p class='ocr_par' dir='ltr' id='par_1_75' title="bbox 2223 3971 3724 4045">
     <span class='ocr_line' id='line_1_75' title="bbox 2223 3971 3724 4045; baseline -0.003 -18"><span class='ocrx_word' id='word_1_482' title='bbox 2223 3974 2391 4027; x_wconf 82' lang='grc' dir='ltr'>Λύσιν</span> <span class='ocrx_word' id='word_1_483' title='bbox 2424 3972 2736 4044; x_wconf 60' lang='grc' dir='ltr'>δωρηθῖψαί</span> <span class='ocrx_word' id='word_1_484' title='bbox 2782 3991 2905 4045; x_wconf 88' lang='grc' dir='ltr'>μοι,</span> <span class='ocrx_word' id='word_1_485' title='bbox 2957 3972 3213 4045; x_wconf 79' lang='grc' dir='ltr'>ἄχραντε,</span> <span class='ocrx_word' id='word_1_486' title='bbox 3248 3971 3538 4044; x_wconf 82' lang='grc' dir='ltr'>ἁμαρτιῶν</span> <span class='ocrx_word' id='word_1_487' title='bbox 3569 3971 3724 4040; x_wconf 66' lang='grc' dir='ltr'>αἴτη-</span> 
     </span>
    </p>
   </div>
   <div class='ocr_carea' id='block_1_76' title="bbox 2154 4063 3725 4137">
    <p class='ocr_par' dir='ltr' id='par_1_76' title="bbox 2154 4063 3725 4137">
     <span class='ocr_line' id='line_1_76' title="bbox 2154 4063 3725 4137; baseline -0.002 -15"><span class='ocrx_word' id='word_1_488' title='bbox 2154 4083 2247 4122; x_wconf 89' lang='grc' dir='ltr'><strong>σαι</strong></span> <span class='ocrx_word' id='word_1_489' title='bbox 2295 4067 2389 4121; x_wconf 79' lang='grc' dir='ltr'>τὸν</span> <span class='ocrx_word' id='word_1_490' title='bbox 2439 4065 2671 4136; x_wconf 76' lang='grc' dir='ltr'><strong>ἀγαθὸν,</strong></span> <span class='ocrx_word' id='word_1_491' title='bbox 2707 4066 2804 4121; x_wconf 69' lang='grc' dir='ltr'>καὶ</span> <span class='ocrx_word' id='word_1_492' title='bbox 2844 4066 2957 4121; x_wconf 76' lang='grc' dir='ltr'>τῶν</span> <span class='ocrx_word' id='word_1_493' title='bbox 2988 4068 3048 4121; x_wconf 71' lang='grc' dir='ltr'><strong>ἓν</strong></span> <span class='ocrx_word' id='word_1_494' title='bbox 3077 4063 3156 4137; x_wconf 81' lang='grc' dir='ltr'><strong>τῷ</strong></span> <span class='ocrx_word' id='word_1_495' title='bbox 3204 4064 3303 4136; x_wconf 84' lang='grc' dir='ltr'>βίῳ</span> <span class='ocrx_word' id='word_1_496' title='bbox 3332 4064 3614 4136; x_wconf 60' lang='grc' dir='ltr'><strong>χαλεπῶν,⁵</strong></span> <span class='ocrx_word' id='word_1_497' title='bbox 3631 4081 3725 4119; x_wconf 82' lang='grc' dir='ltr'>πε-</span> 
     </span>
    </p>
   </div>
   <div class='ocr_carea' id='block_1_77' title="bbox 1946 4161 2479 4232">
    <p class='ocr_par' dir='ltr' id='par_1_77' title="bbox 1946 4161 2479 4232">
     <span class='ocr_line' id='line_1_77' title="bbox 1946 4161 2479 4232; baseline 0.002 -17"><span class='ocrx_word' id='word_1_498' title='bbox 1946 4161 2055 4215; x_wconf 85' lang='lat' dir='ltr'><strong>lar-</strong></span> <span class='ocrx_word' id='word_1_499' title='bbox 2157 4162 2479 4232; x_wconf 83' lang='grc' dir='ltr'>ριστάσεων.</span> 
     </span>
    </p>
   </div>
   <div class='ocr_carea' id='block_1_78' title="bbox 2220 4346 3721 4422">
    <p class='ocr_par' dir='ltr' id='par_1_78' title="bbox 2220 4346 3721 4422">
     <span class='ocr_line' id='line_1_78' title="bbox 2220 4346 3721 4422; baseline -0.001 -19"><span class='ocrx_word' id='word_1_500' title='bbox 2220 4351 2497 4421; x_wconf 77' lang='grc' dir='ltr'>Γεωργεῐν</span> <span class='ocrx_word' id='word_1_501' title='bbox 2540 4367 2608 4422; x_wconf 86' lang='grc' dir='ltr'><strong>με</strong></span> <span class='ocrx_word' id='word_1_502' title='bbox 2638 4350 2912 4421; x_wconf 83' lang='grc' dir='ltr'>νοήματα,</span> <span class='ocrx_word' id='word_1_503' title='bbox 2946 4349 3205 4419; x_wconf 80' lang='grc' dir='ltr'>ἄχραντε,</span> <span class='ocrx_word' id='word_1_504' title='bbox 3247 4346 3478 4419; x_wconf 79' lang='grc' dir='ltr'>οὐράνια</span> <span class='ocrx_word' id='word_1_505' title='bbox 3506 4346 3721 4402; x_wconf 78' lang='grc' dir='ltr'>ὲνδυνάο</span> 
     </span>
    </p>
   </div>
   <div class='ocr_carea' id='block_1_79' title="bbox 472 4434 2040 4511">
    <p class='ocr_par' dir='ltr' id='par_1_79' title="bbox 472 4434 2040 4509">
     <span class='ocr_line' id='line_1_79' title="bbox 472 4434 2040 4509; baseline 0.006 -23"><span class='ocrx_word' id='word_1_506' title='bbox 472 4434 649 4488; x_wconf 89' lang='lat' dir='ltr'><strong>tiones</strong></span> <span class='ocrx_word' id='word_1_507' title='bbox 676 4434 728 4487; x_wconf 94' lang='lat' dir='ltr'><strong>in</strong></span> <span class='ocrx_word' id='word_1_508' title='bbox 762 4435 944 4489; x_wconf 90' lang='lat' dir='ltr'><strong>anima</strong></span> <span class='ocrx_word' id='word_1_509' title='bbox 986 4451 1105 4490; x_wconf 91' lang='lat' dir='ltr'><strong>mea</strong></span> <span class='ocrx_word' id='word_1_510' title='bbox 1134 4436 1384 4493; x_wconf 81' lang='lat' dir='ltr'><strong>excolere</strong></span> <span class='ocrx_word' id='word_1_511' title='bbox 1425 4439 1655 4509; x_wconf 83' lang='lat' dir='ltr'><strong>possim,</strong></span> <span class='ocrx_word' id='word_1_512' title='bbox 1677 4448 1732 4493; x_wconf 91' lang='lat' dir='ltr'><strong>et</strong></span> <span class='ocrx_word' id='word_1_513' title='bbox 1762 4438 1908 4495; x_wconf 91' lang='lat' dir='ltr'><strong>illius</strong></span> <span class='ocrx_word' id='word_1_514' title='bbox 1934 4456 2040 4495; x_wconf 85' lang='lat' dir='ltr'><strong>tuo-</strong></span> 
     </span>
    </p>
   </div>
   <div class='ocr_carea' id='block_1_80' title="bbox 2144 4434 3725 4511">
    <p class='ocr_par' dir='ltr' id='par_1_80' title="bbox 2158 4438 3725 4511">
     <span class='ocr_line' id='line_1_80' title="bbox 2158 4438 3725 4511; baseline -0.001 -18"><span class='ocrx_word' id='word_1_515' title='bbox 2158 4458 2362 4511; x_wconf 90' lang='grc' dir='ltr'>μωσον,</span> <span class='ocrx_word' id='word_1_516' title='bbox 2399 4443 2494 4494; x_wconf 72' lang='grc' dir='ltr'>καὶ</span> <span class='ocrx_word' id='word_1_517' title='bbox 2546 4441 2646 4508; x_wconf 80' lang='grc' dir='ltr'>τῆς</span> <span class='ocrx_word' id='word_1_518' title='bbox 2674 4440 2852 4511; x_wconf 77' lang='grc' dir='ltr'>ψυχῆς</span> <span class='ocrx_word' id='word_1_519' title='bbox 2888 4457 2989 4510; x_wconf 87' lang='grc' dir='ltr'><strong>μου</strong></span> <span class='ocrx_word' id='word_1_520' title='bbox 3044 4438 3379 4493; x_wconf 85' lang='grc' dir='ltr'>κατεύθυνον</span> <span class='ocrx_word' id='word_1_521' title='bbox 3411 4440 3551 4508; x_wconf 80' lang='grc' dir='ltr'>πρὸς</span> <span class='ocrx_word' id='word_1_522' title='bbox 3582 4439 3725 4508; x_wconf 77' lang='grc' dir='ltr'>ζωῆς</span> 
     </span>
    </p>
   </div>
   <div class='ocr_carea' id='block_1_81' title="bbox 471 4525 1334 4600">
    <p class='ocr_par' dir='ltr' id='par_1_81' title="bbox 471 4525 1334 4600">
     <span class='ocr_line' id='line_1_81' title="bbox 471 4525 1334 4600; baseline 0.007 -23"><span class='ocrx_word' id='word_1_523' title='bbox 471 4534 559 4579; x_wconf 84' lang='lat' dir='ltr'><strong>tus</strong></span> <span class='ocrx_word' id='word_1_524' title='bbox 583 4525 649 4580; x_wconf 92' lang='lat' dir='ltr'><strong>ad</strong></span> <span class='ocrx_word' id='word_1_525' title='bbox 682 4526 801 4581; x_wconf 65' lang='lat' dir='ltr'><strong>vita:</strong></span> <span class='ocrx_word' id='word_1_526' title='bbox 841 4527 1119 4598; x_wconf 82' lang='lat' dir='ltr'><strong>ingressus</strong></span> <span class='ocrx_word' id='word_1_527' title='bbox 1141 4528 1334 4600; x_wconf 86' lang='lat' dir='ltr'><strong>dirige.</strong></span> 
     </span>
    </p>
   </div>
   <div class='ocr_carea' id='block_1_82' title="bbox 2158 4534 2822 4604">
    <p class='ocr_par' dir='ltr' id='par_1_82' title="bbox 2158 4534 2822 4604">
     <span class='ocr_line' id='line_1_82' title="bbox 2158 4534 2822 4604; baseline 0.002 -18"><span class='ocrx_word' id='word_1_528' title='bbox 2158 4534 2397 4595; x_wconf 72' lang='grc' dir='ltr'>εἰσόδους</span> <span class='ocrx_word' id='word_1_529' title='bbox 2421 4535 2491 4586; x_wconf 77' lang='grc' dir='ltr'>τὰ</span> <span class='ocrx_word' id='word_1_530' title='bbox 2524 4536 2822 4604; x_wconf 83' lang='grc' dir='ltr'>κινήματα.</span> 
     </span>
    </p>
   </div>
   <div class='ocr_carea' id='block_1_83' title="bbox 536 4619 2040 4696">
    <p class='ocr_par' dir='ltr' id='par_1_83' title="bbox 536 4621 2040 4693">
     <span class='ocr_line' id='line_1_83' title="bbox 536 4621 2040 4693; baseline 0.005 -21"><span class='ocrx_word' id='word_1_531' title='bbox 536 4622 813 4689; x_wconf 80' lang='lat' dir='ltr'><strong>Aquarum</strong></span> <span class='ocrx_word' id='word_1_532' title='bbox 867 4622 990 4675; x_wconf 77' lang='lat' dir='ltr'><strong>vita:</strong></span> <span class='ocrx_word' id='word_1_533' title='bbox 1033 4621 1251 4677; x_wconf 88' lang='lat' dir='ltr'><strong>fluentis</strong></span> <span class='ocrx_word' id='word_1_534' title='bbox 1293 4623 1451 4693; x_wconf 89' lang='lat' dir='ltr'><strong>plena</strong></span> <span class='ocrx_word' id='word_1_535' title='bbox 1482 4640 1602 4678; x_wconf 88' lang='lat' dir='ltr'><strong>cum</strong></span> <span class='ocrx_word' id='word_1_536' title='bbox 1629 4624 1728 4689; x_wconf 90' lang='lat' dir='ltr'><strong>sis,</strong></span> <span class='ocrx_word' id='word_1_537' title='bbox 1758 4640 1792 4679; x_wconf 91' lang='grc' dir='ltr'>ο</span> <span class='ocrx_word' id='word_1_538' title='bbox 1842 4623 2040 4691; x_wconf 79' lang='lat' dir='ltr'><strong>Puellal</strong></span> 
     </span>
    </p>
   </div>
   <div class='ocr_carea' id='block_1_84' title="bbox 2144 4619 3724 4696">
    <p class='ocr_par' dir='ltr' id='par_1_84' title="bbox 2227 4619 3724 4696">
     <span class='ocr_line' id='line_1_84' title="bbox 2227 4619 3724 4696; baseline 0 -17"><span class='ocrx_word' id='word_1_539' title='bbox 2227 4626 2503 4696; x_wconf 80' lang='grc' dir='ltr'>Ναμάτων</span> <span class='ocrx_word' id='word_1_540' title='bbox 2538 4624 2871 4696; x_wconf 79' lang='grc' dir='ltr'>ζωηρῤύτων</span> <span class='ocrx_word' id='word_1_541' title='bbox 2898 4624 3164 4688; x_wconf 74' lang='grc' dir='ltr'>ἁνάπλεος</span> <span class='ocrx_word' id='word_1_542' title='bbox 3196 4619 3352 4691; x_wconf 82' lang='grc' dir='ltr'>οὖσα,</span> <span class='ocrx_word' id='word_1_543' title='bbox 3384 4624 3561 4695; x_wconf 84' lang='grc' dir='ltr'>Κόρη,</span> <span class='ocrx_word' id='word_1_544' title='bbox 3598 4625 3724 4681; x_wconf 80' lang='grc' dir='ltr'><strong>πάν-</strong></span> 
     </span>
    </p>
   </div>
   <div class='ocr_carea' id='block_1_85' title="bbox 472 4713 2048 4788">
    <p class='ocr_par' dir='ltr' id='par_1_85' title="bbox 472 4713 2048 4788">
     <span class='ocr_line' id='line_1_85' title="bbox 472 4713 2048 4788; baseline 0.005 -23"><span class='ocrx_word' id='word_1_545' title='bbox 472 4722 657 4781; x_wconf 77' lang='lat' dir='ltr'><strong>potum</strong></span> <span class='ocrx_word' id='word_1_546' title='bbox 718 4713 875 4767; x_wconf 91' lang='lat' dir='ltr'><strong>nobis</strong></span> <span class='ocrx_word' id='word_1_547' title='bbox 904 4714 1161 4769; x_wconf 86' lang='lat' dir='ltr'><strong>omnibus</strong></span> <span class='ocrx_word' id='word_1_548' title='bbox 1207 4715 1407 4784; x_wconf 62' lang='lat' dir='ltr'><strong>prebe,</strong></span> <span class='ocrx_word' id='word_1_549' title='bbox 1438 4716 1569 4771; x_wconf 92' lang='lat' dir='ltr'><strong>dum</strong></span> <span class='ocrx_word' id='word_1_550' title='bbox 1605 4726 1656 4772; x_wconf 90' lang='lat' dir='ltr'><strong>te</strong></span> <span class='ocrx_word' id='word_1_551' title='bbox 1694 4718 1780 4788; x_wconf 91' lang='lat' dir='ltr'><strong>pia</strong></span> <span class='ocrx_word' id='word_1_552' title='bbox 1822 4733 1886 4773; x_wconf 90' lang='lat' dir='ltr'><strong>ac</strong></span> <span class='ocrx_word' id='word_1_553' title='bbox 1923 4718 2048 4773; x_wconf 86' lang='lat' dir='ltr'><strong>reli-</strong></span> 
     </span>
    </p>
   </div>
   <div class='ocr_carea' id='block_1_86' title="bbox 473 4806 1165 4876">
    <p class='ocr_par' dir='ltr' id='par_1_86' title="bbox 473 4806 1165 4876">
     <span class='ocr_line' id='line_1_86' title="bbox 473 4806 1165 4876; baseline 0.014 -23"><span class='ocrx_word' id='word_1_554' title='bbox 473 4806 623 4876; x_wconf 70' lang='lat' dir='ltr'><strong>giosa</strong></span> <span class='ocrx_word' id='word_1_555' title='bbox 651 4814 831 4860; x_wconf 90' lang='lat' dir='ltr'><strong>mente</strong></span> <span class='ocrx_word' id='word_1_556' title='bbox 856 4806 1165 4862; x_wconf 89' lang='lat' dir='ltr'><strong>laudamus.</strong></span> 
     </span>
    </p>
   </div>
   <div class='ocr_carea' id='block_1_87' title="bbox 544 4898 2050 4972">
    <p class='ocr_par' dir='ltr' id='par_1_87' title="bbox 544 4898 2050 4972">
     <span class='ocr_line' id='line_1_87' title="bbox 544 4898 2050 4972; baseline 0.003 -19"><span class='ocrx_word' id='word_1_557' title='bbox 544 4898 814 4953; x_wconf 43' lang='lat' dir='ltr'><strong>Palatium</strong></span> <span class='ocrx_word' id='word_1_558' title='bbox 847 4899 1013 4968; x_wconf 81' lang='lat' dir='ltr'><strong>Regis</strong></span> <span class='ocrx_word' id='word_1_559' title='bbox 1062 4899 1337 4968; x_wconf 84' lang='lat' dir='ltr'><strong>altissimi,</strong></span> <span class='ocrx_word' id='word_1_560' title='bbox 1369 4910 1422 4958; x_wconf 86' lang='lat' dir='ltr'><strong>et</strong></span> <span class='ocrx_word' id='word_1_561' title='bbox 1458 4901 1685 4957; x_wconf 90' lang='lat' dir='ltr'><strong>thronus</strong></span> <span class='ocrx_word' id='word_1_562' title='bbox 1744 4902 2050 4972; x_wconf 84' lang='lat' dir='ltr'><strong>igniforinis</strong></span> 
     </span>
    </p>
   </div>
   <div class='ocr_carea' id='block_1_88' title="bbox 472 4986 2051 5064">
    <p class='ocr_par' dir='ltr' id='par_1_88' title="bbox 472 4986 2051 5064">
     <span class='ocr_line' id='line_1_88' title="bbox 472 4986 2051 5064; baseline 0.001 -20"><span class='ocrx_word' id='word_1_563' title='bbox 472 4989 613 5044; x_wconf 83' lang='lat' dir='ltr'><strong>facta</strong></span> <span class='ocrx_word' id='word_1_564' title='bbox 668 5006 749 5055; x_wconf 88' lang='lat' dir='ltr'><strong>es,</strong></span> <span class='ocrx_word' id='word_1_565' title='bbox 804 5006 837 5044; x_wconf 92' lang='grc' dir='ltr'>ο</span> <span class='ocrx_word' id='word_1_566' title='bbox 895 4986 1080 5060; x_wconf 85' lang='lat' dir='ltr'><strong>Virgo,</strong></span> <span class='ocrx_word' id='word_1_567' title='bbox 1118 4990 1413 5047; x_wconf 89' lang='lat' dir='ltr'><strong>Cherubim</strong></span> <span class='ocrx_word' id='word_1_568' title='bbox 1466 5004 1519 5049; x_wconf 88' lang='lat' dir='ltr'><strong>et</strong></span> <span class='ocrx_word' id='word_1_569' title='bbox 1548 4993 1831 5064; x_wconf 85' lang='lat' dir='ltr'><strong>Seraphim</strong></span> <span class='ocrx_word' id='word_1_570' title='bbox 1888 4996 2051 5049; x_wconf 89' lang='lat' dir='ltr'><strong>modo</strong></span> 
     </span>
    </p>
   </div>
   <div class='ocr_carea' id='block_1_89' title="bbox 472 5082 2052 5156">
    <p class='ocr_par' dir='ltr' id='par_1_89' title="bbox 472 5082 2052 5156">
     <span class='ocr_line' id='line_1_89' title="bbox 472 5082 2052 5156; baseline 0.003 -20"><span class='ocrx_word' id='word_1_571' title='bbox 472 5083 736 5137; x_wconf 73' lang='lat' dir='ltr'><strong>ineffabili</strong></span> <span class='ocrx_word' id='word_1_572' title='bbox 808 5082 1097 5137; x_wconf 90' lang='lat' dir='ltr'><strong>sublimior</strong></span> <span class='ocrx_word' id='word_1_573' title='bbox 1129 5100 1141 5135; x_wconf 92' lang='lat'><strong>:</strong></span> <span class='ocrx_word' id='word_1_574' title='bbox 1172 5088 1527 5155; x_wconf 81' lang='lat' dir='ltr'><strong>quamobrem</strong></span> <span class='ocrx_word' id='word_1_575' title='bbox 1595 5085 1776 5141; x_wconf 90' lang='lat' dir='ltr'><strong>omnis</strong></span> <span class='ocrx_word' id='word_1_576' title='bbox 1828 5085 2052 5156; x_wconf 90' lang='lat' dir='ltr'><strong>spiritus</strong></span> 
     </span>
    </p>
   </div>
   <div class='ocr_carea' id='block_1_90' title="bbox 473 5173 1943 5244">
    <p class='ocr_par' dir='ltr' id='par_1_90' title="bbox 473 5173 1943 5244">
     <span class='ocr_line' id='line_1_90' title="bbox 473 5173 1943 5244; baseline 0.005 -18"><span class='ocrx_word' id='word_1_577' title='bbox 473 5185 523 5228; x_wconf 87' lang='lat' dir='ltr'><strong>te</strong></span> <span class='ocrx_word' id='word_1_578' title='bbox 557 5185 812 5244; x_wconf 88' lang='lat' dir='ltr'><strong>tanquam</strong></span> <span class='ocrx_word' id='word_1_579' title='bbox 840 5173 1117 5231; x_wconf 84' lang='lat' dir='ltr'><strong>Creatoris</strong></span> <span class='ocrx_word' id='word_1_580' title='bbox 1161 5187 1387 5231; x_wconf 83' lang='lat' dir='ltr'><strong>matrem</strong></span> <span class='ocrx_word' id='word_1_581' title='bbox 1421 5178 1673 5235; x_wconf 89' lang='lat' dir='ltr'><strong>laudibus</strong></span> <span class='ocrx_word' id='word_1_582' title='bbox 1712 5178 1943 5234; x_wconf 78' lang='lat' dir='ltr'><strong>extollit.</strong></span> 
     </span>
    </p>
   </div>
   <div class='ocr_carea' id='block_1_91' title="bbox 540 5268 2050 5339">
    <p class='ocr_par' dir='ltr' id='par_1_91' title="bbox 540 5268 2050 5339">
     <span class='ocr_line' id='line_1_91' title="bbox 540 5268 2050 5339; baseline 0.003 -16"><span class='ocrx_word' id='word_1_583' title='bbox 540 5268 806 5337; x_wconf 87' lang='lat' dir='ltr'><strong>Impetum</strong></span> <span class='ocrx_word' id='word_1_584' title='bbox 873 5269 1066 5325; x_wconf 87' lang='lat' dir='ltr'><strong>mortis</strong></span> <span class='ocrx_word' id='word_1_585' title='bbox 1118 5271 1427 5339; x_wconf 91' lang='lat' dir='ltr'><strong>repressisti</strong></span> <span class='ocrx_word' id='word_1_586' title='bbox 1486 5270 1616 5325; x_wconf 90' lang='lat' dir='ltr'><strong>dum</strong></span> <span class='ocrx_word' id='word_1_587' title='bbox 1689 5270 2050 5327; x_wconf 88' lang='lat' dir='ltr'><strong>immortalem</strong></span> 
     </span>
    </p>
   </div>
   <div class='ocr_carea' id='block_1_92' title="bbox 476 5359 2054 5433">
    <p class='ocr_par' dir='ltr' id='par_1_92' title="bbox 476 5359 2054 5433">
     <span class='ocr_line' id='line_1_92' title="bbox 476 5359 2054 5433; baseline 0.004 -20"><span class='ocrx_word' id='word_1_588' title='bbox 476 5359 642 5414; x_wconf 86' lang='lat' dir='ltr'><strong>Deum</strong></span> <span class='ocrx_word' id='word_1_589' title='bbox 694 5361 984 5430; x_wconf 85' lang='lat' dir='ltr'><strong>peperisti;</strong></span> <span class='ocrx_word' id='word_1_590' title='bbox 1016 5376 1177 5432; x_wconf 90' lang='lat' dir='ltr'><strong>quem</strong></span> <span class='ocrx_word' id='word_1_591' title='bbox 1213 5378 1365 5431; x_wconf 85' lang='lat' dir='ltr'><strong>roga,</strong></span> <span class='ocrx_word' id='word_1_592' title='bbox 1394 5378 1427 5419; x_wconf 92' lang='grc' dir='ltr'>ο</span> <span class='ocrx_word' id='word_1_593' title='bbox 1455 5371 1629 5431; x_wconf 87' lang='lat' dir='ltr'><strong>casta,</strong></span> <span class='ocrx_word' id='word_1_594' title='bbox 1661 5372 1720 5418; x_wconf 93' lang='lat' dir='ltr'><strong>ut</strong></span> <span class='ocrx_word' id='word_1_595' title='bbox 1770 5364 2054 5433; x_wconf 86' lang='lat' dir='ltr'><strong>passiones</strong></span> 
     </span>
    </p>
   </div>
   <div class='ocr_carea' id='block_1_93' title="bbox 474 5453 2051 5527">
    <p class='ocr_par' dir='ltr' id='par_1_93' title="bbox 474 5453 2051 5527">
     <span class='ocr_line' id='line_1_93' title="bbox 474 5453 2051 5527; baseline 0.003 -20"><span class='ocrx_word' id='word_1_596' title='bbox 474 5454 808 5509; x_wconf 88' lang='lat' dir='ltr'><strong>miserabilis</strong></span> <span class='ocrx_word' id='word_1_597' title='bbox 840 5454 1093 5524; x_wconf 89' lang='lat' dir='ltr'><strong>corporis</strong></span> <span class='ocrx_word' id='word_1_598' title='bbox 1119 5453 1223 5509; x_wconf 91' lang='lat' dir='ltr'><strong>mei</strong></span> <span class='ocrx_word' id='word_1_599' title='bbox 1254 5455 1566 5521; x_wconf 82' lang='lat' dir='ltr'><strong>mortificet,</strong></span> <span class='ocrx_word' id='word_1_600' title='bbox 1599 5463 1653 5511; x_wconf 86' lang='lat' dir='ltr'><strong>et</strong></span> <span class='ocrx_word' id='word_1_601' title='bbox 1694 5456 1804 5511; x_wconf 89' lang='lat' dir='ltr'><strong>vita</strong></span> <span class='ocrx_word' id='word_1_602' title='bbox 1829 5456 2051 5527; x_wconf 85' lang='lat' dir='ltr'><strong>dignum</strong></span> 
     </span>
    </p>
   </div>
   <div class='ocr_carea' id='block_1_94' title="bbox 472 5547 778 5602">
    <p class='ocr_par' dir='ltr' id='par_1_94' title="bbox 472 5547 778 5602">
     <span class='ocr_line' id='line_1_94' title="bbox 472 5547 778 5602; baseline 0.007 -2"><span class='ocrx_word' id='word_1_603' title='bbox 472 5562 560 5601; x_wconf 85' lang='lat' dir='ltr'><strong>tne</strong></span> <span class='ocrx_word' id='word_1_604' title='bbox 598 5547 778 5602; x_wconf 82' lang='lat' dir='ltr'><strong>faciat.</strong></span> 
     </span>
    </p>
   </div>
   <div class='ocr_carea' id='block_1_95' title="bbox 538 5638 2056 5713">
    <p class='ocr_par' dir='ltr' id='par_1_95' title="bbox 538 5638 2056 5713">
     <span class='ocr_line' id='line_1_95' title="bbox 538 5638 2056 5713; baseline 0.002 -18"><span class='ocrx_word' id='word_1_605' title='bbox 538 5638 684 5695; x_wconf 82' lang='lat' dir='ltr'><strong>Ofl‘er</strong></span> <span class='ocrx_word' id='word_1_606' title='bbox 726 5640 955 5696; x_wconf 90' lang='lat' dir='ltr'><strong>Domino</strong></span> <span class='ocrx_word' id='word_1_607' title='bbox 991 5640 1469 5713; x_wconf 88' lang='lat' dir='ltr'><strong>supplicationem,</strong></span> <span class='ocrx_word' id='word_1_608' title='bbox 1504 5651 1563 5697; x_wconf 92' lang='lat' dir='ltr'><strong>ut</strong></span> <span class='ocrx_word' id='word_1_609' title='bbox 1620 5643 1971 5711; x_wconf 84' lang='lat' dir='ltr'><strong>misereatur,</strong></span> <span class='ocrx_word' id='word_1_610' title='bbox 2002 5652 2056 5699; x_wconf 89' lang='lat' dir='ltr'><strong>et</strong></span> 
     </span>
    </p>
   </div>
   <div class='ocr_carea' id='block_1_96' title="bbox 472 5730 2057 5805">
    <p class='ocr_par' dir='ltr' id='par_1_96' title="bbox 472 5730 2057 5805">
     <span class='ocr_line' id='line_1_96' title="bbox 472 5730 2057 5805; baseline 0.004 -20"><span class='ocrx_word' id='word_1_611' title='bbox 472 5730 702 5785; x_wconf 86' lang='lat' dir='ltr'><strong>salutem</strong></span> <span class='ocrx_word' id='word_1_612' title='bbox 739 5732 943 5788; x_wconf 88' lang='lat' dir='ltr'><strong>tribuat</strong></span> <span class='ocrx_word' id='word_1_613' title='bbox 992 5734 1059 5789; x_wconf 91' lang='lat' dir='ltr'><strong>iis</strong></span> <span class='ocrx_word' id='word_1_614' title='bbox 1085 5734 1175 5805; x_wconf 90' lang='lat' dir='ltr'><strong>qui</strong></span> <span class='ocrx_word' id='word_1_615' title='bbox 1207 5733 1273 5789; x_wconf 88' lang='lat' dir='ltr'><strong>ad</strong></span> <span class='ocrx_word' id='word_1_616' title='bbox 1306 5744 1358 5789; x_wconf 93' lang='lat' dir='ltr'><strong>te</strong></span> <span class='ocrx_word' id='word_1_617' title='bbox 1398 5732 1743 5805; x_wconf 81' lang='lat' dir='ltr'><strong>confugiunt,</strong></span> <span class='ocrx_word' id='word_1_618' title='bbox 1769 5750 1801 5790; x_wconf 96' lang='grc' dir='ltr'>ο</span> <span class='ocrx_word' id='word_1_619' title='bbox 1822 5736 2057 5791; x_wconf 87' lang='lat' dir='ltr'><strong>sanctis-</strong></span> 
     </span>
    </p>
   </div>
   <div class='ocr_carea' id='block_1_97' title="bbox 472 5821 1544 5891">
    <p class='ocr_par' dir='ltr' id='par_1_97' title="bbox 472 5821 1544 5891">
     <span class='ocr_line' id='line_1_97' title="bbox 472 5821 1544 5891; baseline 0.001 -15"><span class='ocrx_word' id='word_1_620' title='bbox 472 5821 610 5876; x_wconf 76' lang='lat' dir='ltr'><strong>sima</strong></span> <span class='ocrx_word' id='word_1_621' title='bbox 643 5821 896 5891; x_wconf 76' lang='lat' dir='ltr'><strong>lleipara,</strong></span> <span class='ocrx_word' id='word_1_622' title='bbox 938 5824 1221 5879; x_wconf 90' lang='lat' dir='ltr'><strong>hominum</strong></span> <span class='ocrx_word' id='word_1_623' title='bbox 1256 5825 1544 5879; x_wconf 74' lang='lat' dir='ltr'><strong>auxilium.</strong></span> 
     </span>
    </p>
   </div>
   <div class='ocr_carea' id='block_1_98' title="bbox 542 5914 2052 5993">
    <p class='ocr_par' dir='ltr' id='par_1_98' title="bbox 542 5914 2052 5993">
     <span class='ocr_line' id='line_1_98' title="bbox 542 5914 2052 5993; baseline 0.005 -24"><span class='ocrx_word' id='word_1_624' title='bbox 542 5914 679 5979; x_wconf 71' lang='lat' dir='ltr'><strong>tium</strong></span> <span class='ocrx_word' id='word_1_625' title='bbox 708 5916 783 5972; x_wconf 90' lang='lat' dir='ltr'><strong>sis</strong></span> <span class='ocrx_word' id='word_1_626' title='bbox 810 5918 947 5974; x_wconf 86' lang='lat' dir='ltr'><strong>lucis</strong></span> <span class='ocrx_word' id='word_1_627' title='bbox 976 5918 1622 5986; x_wconf 88' lang='lat' dir='ltr'><strong>domicilium,illumina,</strong></span> <span class='ocrx_word' id='word_1_628' title='bbox 1660 5934 1690 5974; x_wconf 87' lang='grc' dir='ltr'>ο</span> <span class='ocrx_word' id='word_1_629' title='bbox 1714 5917 1897 5993; x_wconf 72' lang='lat' dir='ltr'><strong>Virgo,</strong></span> <span class='ocrx_word' id='word_1_630' title='bbox 1933 5921 2052 5976; x_wconf 83' lang='lat' dir='ltr'><strong>ani-</strong></span> 
     </span>
    </p>
   </div>
   <div class='ocr_carea' id='block_1_99' title="bbox 2151 4715 3560 4788">
    <p class='ocr_par' dir='ltr' id='par_1_99' title="bbox 2151 4715 3560 4788">
     <span class='ocr_line' id='line_1_99' title="bbox 2151 4715 3560 4788; baseline 0.001 -18"><span class='ocrx_word' id='word_1_631' title='bbox 2151 4734 2249 4781; x_wconf 89' lang='grc' dir='ltr'><strong>τας</strong></span> <span class='ocrx_word' id='word_1_632' title='bbox 2279 4718 2423 4787; x_wconf 72' lang='grc' dir='ltr'>ἡμᾶς</span> <span class='ocrx_word' id='word_1_633' title='bbox 2460 4720 2683 4770; x_wconf 85' lang='grc' dir='ltr'>πότισον</span> <span class='ocrx_word' id='word_1_634' title='bbox 2710 4716 3121 4788; x_wconf 77' lang='grc' dir='ltr'>εὐσεσοφρόνως</span> <span class='ocrx_word' id='word_1_635' title='bbox 3148 4715 3454 4787; x_wconf 63' lang='grc' dir='ltr'><strong>ὐμωῦντάς</strong></span> <span class='ocrx_word' id='word_1_636' title='bbox 3479 4734 3560 4772; x_wconf 91' lang='grc' dir='ltr'>σε.</span> 
     </span>
    </p>
   </div>
   <div class='ocr_carea' id='block_1_100' title="bbox 2226 4902 3726 4976">
    <p class='ocr_par' dir='ltr' id='par_1_100' title="bbox 2226 4902 3726 4976">
     <span class='ocr_line' id='line_1_100' title="bbox 2226 4902 3726 4976; baseline 0.001 -21"><span class='ocrx_word' id='word_1_637' title='bbox 2226 4902 2493 4957; x_wconf 85' lang='grc' dir='ltr'>Παλάτιον</span> <span class='ocrx_word' id='word_1_638' title='bbox 2526 4903 2732 4976; x_wconf 73' lang='grc' dir='ltr'>ὑψηλοῦ</span> <span class='ocrx_word' id='word_1_639' title='bbox 2775 4903 3060 4975; x_wconf 79' lang='grc' dir='ltr'>βασιλέως,</span> <span class='ocrx_word' id='word_1_640' title='bbox 3112 4904 3207 4958; x_wconf 74' lang='grc' dir='ltr'>καὶ</span> <span class='ocrx_word' id='word_1_641' title='bbox 3247 4902 3595 4976; x_wconf 74' lang='grc' dir='ltr'>πυρίμοριρος</span> <span class='ocrx_word' id='word_1_642' title='bbox 3637 4922 3726 4975; x_wconf 74' lang='grc' dir='ltr'>γε-</span> 
     </span>
    </p>
   </div>
   <div class='ocr_carea' id='block_1_101' title="bbox 2152 4995 3726 5069">
    <p class='ocr_par' dir='ltr' id='par_1_101' title="bbox 2152 4995 3726 5069">
     <span class='ocr_line' id='line_1_101' title="bbox 2152 4995 3726 5069; baseline 0.003 -22"><span class='ocrx_word' id='word_1_643' title='bbox 2152 4995 2381 5066; x_wconf 80' lang='grc' dir='ltr'>γένησαι</span> <span class='ocrx_word' id='word_1_644' title='bbox 2421 4995 2630 5067; x_wconf 81' lang='grc' dir='ltr'>θρόνος,</span> <span class='ocrx_word' id='word_1_645' title='bbox 2668 4998 2774 5050; x_wconf 85' lang='grc' dir='ltr'>τῶν</span> <span class='ocrx_word' id='word_1_646' title='bbox 2806 4997 3089 5068; x_wconf 73' lang='grc' dir='ltr'>Χερουϐὶμ</span> <span class='ocrx_word' id='word_1_647' title='bbox 3136 4997 3412 5069; x_wconf 82' lang='grc' dir='ltr'>ἀνωτέρα,</span> <span class='ocrx_word' id='word_1_648' title='bbox 3468 4999 3726 5069; x_wconf 82' lang='grc' dir='ltr'>Παρθένε,</span> 
     </span>
    </p>
   </div>
   <div class='ocr_carea' id='block_1_102' title="bbox 2154 5088 3727 5162">
    <p class='ocr_par' dir='ltr' id='par_1_102' title="bbox 2154 5088 3727 5162">
     <span class='ocr_line' id='line_1_102' title="bbox 2154 5088 3727 5162; baseline 0.002 -22"><span class='ocrx_word' id='word_1_649' title='bbox 2154 5088 2249 5141; x_wconf 69' lang='grc' dir='ltr'>καὶ</span> <span class='ocrx_word' id='word_1_650' title='bbox 2302 5090 2553 5161; x_wconf 70' lang='grc' dir='ltr'>Σεραφὶμ</span> <span class='ocrx_word' id='word_1_651' title='bbox 2580 5092 2721 5162; x_wconf 78' lang='grc' dir='ltr'>ὑπὲρ</span> <span class='ocrx_word' id='word_1_652' title='bbox 2762 5090 2886 5144; x_wconf 79' lang='grc' dir='ltr'>νοῦν</span> <span class='ocrx_word' id='word_1_653' title='bbox 2941 5090 3337 5162; x_wconf 81' lang='grc' dir='ltr'>χρηματίσασα</span> <span class='ocrx_word' id='word_1_654' title='bbox 3357 5107 3370 5122; x_wconf 88' lang='grc'><strong>·</strong></span> <span class='ocrx_word' id='word_1_655' title='bbox 3400 5090 3653 5146; x_wconf 75' lang='grc' dir='ltr'><strong>ἐντεῦθέν</strong></span> <span class='ocrx_word' id='word_1_656' title='bbox 3674 5108 3727 5145; x_wconf 81' lang='grc' dir='ltr'><strong>σε</strong></span> 
     </span>
    </p>
   </div>
   <div class='ocr_carea' id='block_1_103' title="bbox 2155 5179 3558 5251">
    <p class='ocr_par' dir='ltr' id='par_1_103' title="bbox 2155 5179 3558 5251">
     <span class='ocr_line' id='line_1_103' title="bbox 2155 5179 3558 5251; baseline 0.004 -21"><span class='ocrx_word' id='word_1_657' title='bbox 2155 5180 2307 5232; x_wconf 83' lang='grc' dir='ltr'>πᾶσα</span> <span class='ocrx_word' id='word_1_658' title='bbox 2336 5180 2472 5250; x_wconf 84' lang='grc' dir='ltr'>πνοὴ</span> <span class='ocrx_word' id='word_1_659' title='bbox 2488 5180 2562 5240; x_wconf 85' lang='grc' dir='ltr'>ὼς</span> <span class='ocrx_word' id='word_1_660' title='bbox 2597 5182 2826 5251; x_wconf 83' lang='grc' dir='ltr'>Μητέρα</span> <span class='ocrx_word' id='word_1_661' title='bbox 2857 5181 3071 5245; x_wconf 76' lang='grc' dir='ltr'>δοξάζει</span> <span class='ocrx_word' id='word_1_662' title='bbox 3105 5179 3201 5234; x_wconf 79' lang='grc' dir='ltr'>τοῦ</span> <span class='ocrx_word' id='word_1_663' title='bbox 3236 5180 3558 5244; x_wconf 69' lang='grc' dir='ltr'>κτίσαντος.</span> 
     </span>
    </p>
   </div>
   <div class='ocr_carea' id='block_1_104' title="bbox 2229 5271 3729 5344">
    <p class='ocr_par' dir='ltr' id='par_1_104' title="bbox 2229 5271 3729 5344">
     <span class='ocr_line' id='line_1_104' title="bbox 2229 5271 3729 5344; baseline 0.001 -19"><span class='ocrx_word' id='word_1_664' title='bbox 2229 5271 2506 5341; x_wconf 81' lang='grc' dir='ltr'>Ἔστησας</span> <span class='ocrx_word' id='word_1_665' title='bbox 2546 5272 2727 5344; x_wconf 77' lang='grc' dir='ltr'><strong>ῥύμην</strong></span> <span class='ocrx_word' id='word_1_666' title='bbox 2772 5274 2867 5328; x_wconf 85' lang='grc' dir='ltr'><strong>τοῦ</strong></span> <span class='ocrx_word' id='word_1_667' title='bbox 2894 5274 3151 5340; x_wconf 80' lang='grc' dir='ltr'>θανάτου,</span> <span class='ocrx_word' id='word_1_668' title='bbox 3179 5275 3271 5327; x_wconf 72' lang='grc' dir='ltr'>τὸν</span> <span class='ocrx_word' id='word_1_669' title='bbox 3309 5274 3577 5329; x_wconf 79' lang='grc' dir='ltr'>ἀθάνατον</span> <span class='ocrx_word' id='word_1_670' title='bbox 3603 5274 3729 5327; x_wconf 71' lang='grc' dir='ltr'>Θεὸν</span> 
     </span>
    </p>
   </div>
   <div class='ocr_carea' id='block_1_105' title="bbox 2154 5361 3731 5436">
    <p class='ocr_par' dir='ltr' id='par_1_105' title="bbox 2154 5361 3731 5436">
     <span class='ocr_line' id='line_1_105' title="bbox 2154 5361 3731 5436; baseline 0.001 -21"><span class='ocrx_word' id='word_1_671' title='bbox 2154 5362 2548 5432; x_wconf 69' lang='grc' dir='ltr'>ἀποκυήσασα·</span> <span class='ocrx_word' id='word_1_672' title='bbox 2578 5363 2637 5416; x_wconf 83' lang='grc' dir='ltr'><strong>ὃν</strong></span> <span class='ocrx_word' id='word_1_673' title='bbox 2661 5361 2925 5428; x_wconf 81' lang='grc' dir='ltr'>δυσὼπει,</span> <span class='ocrx_word' id='word_1_674' title='bbox 2954 5366 3118 5436; x_wconf 76' lang='grc' dir='ltr'>ἁγνὴ,</span> <span class='ocrx_word' id='word_1_675' title='bbox 3150 5366 3218 5418; x_wconf 83' lang='grc' dir='ltr'>τὰ</span> <span class='ocrx_word' id='word_1_676' title='bbox 3246 5364 3394 5434; x_wconf 82' lang='grc' dir='ltr'>πάθη</span> <span class='ocrx_word' id='word_1_677' title='bbox 3424 5364 3731 5418; x_wconf 83' lang='grc' dir='ltr'>Θανατῶσ.ι</span> 
     </span>
    </p>
   </div>
   <div class='ocr_carea' id='block_1_106' title="bbox 2153 5453 3661 5528">
    <p class='ocr_par' dir='ltr' id='par_1_106' title="bbox 2153 5453 3661 5528">
     <span class='ocr_line' id='line_1_106' title="bbox 2153 5453 3661 5528; baseline 0.003 -19"><span class='ocrx_word' id='word_1_678' title='bbox 2153 5453 2249 5509; x_wconf 82' lang='grc' dir='ltr'>τοῦ</span> <span class='ocrx_word' id='word_1_679' title='bbox 2276 5454 2534 5509; x_wconf 86' lang='grc' dir='ltr'>ταπεινοῦ</span> <span class='ocrx_word' id='word_1_680' title='bbox 2564 5472 2667 5527; x_wconf 89' lang='grc' dir='ltr'><strong>μου</strong></span> <span class='ocrx_word' id='word_1_681' title='bbox 2692 5454 2968 5527; x_wconf 86' lang='grc' dir='ltr'>σώματος,</span> <span class='ocrx_word' id='word_1_682' title='bbox 3004 5459 3098 5511; x_wconf 78' lang='grc' dir='ltr'>καὶ</span> <span class='ocrx_word' id='word_1_683' title='bbox 3133 5456 3279 5528; x_wconf 82' lang='grc' dir='ltr'>ζωῆς</span> <span class='ocrx_word' id='word_1_684' title='bbox 3308 5474 3376 5527; x_wconf 90' lang='grc' dir='ltr'><strong>με</strong></span> <span class='ocrx_word' id='word_1_685' title='bbox 3408 5457 3661 5524; x_wconf 78' lang='grc' dir='ltr'>ἀξιῶσαι.</span> 
     </span>
    </p>
   </div>
   <div class='ocr_carea' id='block_1_107' title="bbox 2234 5643 3729 5717">
    <p class='ocr_par' dir='ltr' id='par_1_107' title="bbox 2234 5643 3729 5717">
     <span class='ocr_line' id='line_1_107' title="bbox 2234 5643 3729 5717; baseline 0.002 -21"><span class='ocrx_word' id='word_1_686' title='bbox 2234 5643 2543 5716; x_wconf 73' lang='grc' dir='ltr'>Ἰκετηρίαν</span> <span class='ocrx_word' id='word_1_687' title='bbox 2583 5643 2904 5713; x_wconf 81' lang='grc' dir='ltr'>προσάγαγε</span> <span class='ocrx_word' id='word_1_688' title='bbox 2937 5643 3128 5717; x_wconf 85' lang='grc' dir='ltr'>Κυρίῳ</span> <span class='ocrx_word' id='word_1_689' title='bbox 3152 5643 3615 5717; x_wconf 66' lang='grc' dir='ltr'>ικατοικτειρῆσαι</span> <span class='ocrx_word' id='word_1_690' title='bbox 3641 5646 3729 5701; x_wconf 84' lang='grc' dir='ltr'>καὶ</span> 
     </span>
    </p>
   </div>
   <div class='ocr_carea' id='block_1_108' title="bbox 2159 5717 3721 5810">
    <p class='ocr_par' dir='ltr' id='par_1_108' title="bbox 2159 5717 3721 5810">
     <span class='ocr_line' id='line_1_108' title="bbox 2159 5717 3721 5810; baseline 0.001 -22"><span class='ocrx_word' id='word_1_691' title='bbox 2159 5734 2332 5789; x_wconf 84' lang='grc' dir='ltr'>σῶσαι</span> <span class='ocrx_word' id='word_1_692' title='bbox 2350 5736 2477 5800; x_wconf 81' lang='grc' dir='ltr'>τοὺς</span> <span class='ocrx_word' id='word_1_693' title='bbox 2493 5737 2587 5790; x_wconf 72' lang='grc' dir='ltr'><strong>ἐπὶ</strong></span> <span class='ocrx_word' id='word_1_694' title='bbox 2610 5738 2692 5789; x_wconf 79' lang='grc' dir='ltr'><strong>σοὶ</strong></span> <span class='ocrx_word' id='word_1_695' title='bbox 2712 5717 3180 5807; x_wconf 63' lang='grc' dir='ltr'>καταφεύγοντας,</span> <span class='ocrx_word' id='word_1_696' title='bbox 3203 5738 3446 5807; x_wconf 82' lang='grc' dir='ltr'>παναγία</span> <span class='ocrx_word' id='word_1_697' title='bbox 3461 5739 3721 5810; x_wconf 83' lang='grc' dir='ltr'>Παρθένε,</span> 
     </span>
    </p>
   </div>
   <div class='ocr_carea' id='block_1_109' title="bbox 2158 5826 2744 5900">
    <p class='ocr_par' dir='ltr' id='par_1_109' title="bbox 2158 5826 2744 5900">
     <span class='ocr_line' id='line_1_109' title="bbox 2158 5826 2744 5900; baseline 0.007 -19"><span class='ocrx_word' id='word_1_698' title='bbox 2158 5826 2463 5899; x_wconf 74' lang='grc' dir='ltr'>ἀνθρώπων</span> <span class='ocrx_word' id='word_1_699' title='bbox 2498 5829 2744 5900; x_wconf 83' lang='grc' dir='ltr'>βοήθεια.</span> 
     </span>
    </p>
   </div>
   <div class='ocr_carea' id='block_1_110' title="bbox 2224 5921 3730 5999">
    <p class='ocr_par' dir='ltr' id='par_1_110' title="bbox 2224 5921 3730 5999">
     <span class='ocr_line' id='line_1_110' title="bbox 2224 5921 3730 5999; baseline 0.005 -25"><span class='ocrx_word' id='word_1_700' title='bbox 2224 5923 2405 5987; x_wconf 75' lang='grc' dir='ltr'>Φωτὸς</span> <span class='ocrx_word' id='word_1_701' title='bbox 2435 5921 2569 5979; x_wconf 72' lang='grc' dir='ltr'>οὖσα</span> <span class='ocrx_word' id='word_1_702' title='bbox 2592 5924 2819 5995; x_wconf 82' lang='grc' dir='ltr'>δοχεῖον,</span> <span class='ocrx_word' id='word_1_703' title='bbox 2856 5922 3110 5995; x_wconf 59' lang='grc' dir='ltr'>φώτισον,</span> <span class='ocrx_word' id='word_1_704' title='bbox 3156 5926 3419 5999; x_wconf 75' lang='grc' dir='ltr'>Παρθένε,</span> <span class='ocrx_word' id='word_1_705' title='bbox 3472 5930 3570 5999; x_wconf 71' lang='grc' dir='ltr'>τὴν</span> <span class='ocrx_word' id='word_1_706' title='bbox 3610 5946 3730 5981; x_wconf 70' lang='lat' dir='ltr'><strong>axo-</strong></span> 
     </span>
    </p>
   </div>
  </div>
