4038 6610
321 447 458 513 1349

1771 460 2133 524 MARIALE.

3443 481 3578 546 1350

316 564 593 618 τισῡεῖσαν
638 563 815 635 ψυχήν
850 582 954 635 μου
1004 569 1118 633 τοῖς
1152 569 1400 638 πάθεσιν,
1433 572 1580 637 ὅπως
1614 573 1670 626 ὲν
1717 572 1900 626 πίστει

2009 593 2147 631 ntam
2189 593 2365 634 meam
2396 594 2685 649 pravarum
2733 581 3084 639 aﬁcctionum
3118 586 3589 643 tenebrisinvolu-

318 655 412 707 atat
440 653 592 726 πόθῳ
621 655 708 711 ἀεὶ
740 656 949 724 δοξάζω
978 676 1058 716 σε.

326 876 427 930 Ἐκ
491 877 599 931 τοῦ
648 878 909 947 κανόνος
966 879 1073 949 τῆς
1140 882 1559 953 Παρασκευῆς,
1634 885 1721 952 είς
1796 885 1903 939 τόν

969 952 1249 1021 Ὄρθρονι

393 1075 482 1140 ’ος
528 1077 724 1148 ἐϐλεψέ
770 1095 831 1131 σε
878 1081 1099 1151 σταυρῷ
1146 1081 1236 1135 τὸν
1293 1080 1363 1134 τὰ
1416 1081 1597 1135 πάντα
1636 1081 1903 1149 βλέποντα

319 1167 623 1239 ήλούμενον
650 1170 684 1239 ή
722 1170 1036 1239 ἄμεμπτος,
1072 1171 1371 1243 ὀδυρομένη
1407 1171 1592 1240 ἔλεγε·
1629 1173 1693 1225 Τί
1721 1172 1902 1239 τοῦτο,

324 1260 519 1314 τέκνον
548 1261 718 1331 ὲμόν;
744 1262 812 1314 Τί
852 1278 935 1316 σοι
967 1265 1359 1319 ἀνταπέδωκαν
1404 1266 1454 1319 οἱ
1496 1265 1903 1331 ἀπολαύσαντες

329 1350 547 1404 πολλῶν
596 1368 693 1406 σου
742 1352 1121 1425 δωρημάτων;
1162 1356 1278 1420 πῶς
1333 1357 1543 1411 ὑποίσω
1580 1358 1671 1411 τὸν
1701 1359 1901 1425 πόνον;

320 1444 462 1509 Δόξα
503 1448 571 1517 τῇ
605 1448 693 1518 σῇ,
730 1445 1071 1518 εὔσπλαγχνε
1113 1448 1205 1502 καὶ
1247 1450 1591 1523 μακρόθυμε,
1622 1452 1905 1525 οἰκονομίᾳ

323 1540 553 1608 φρικτῇ.

394 1629 666 1699 Νομίμων
702 1631 826 1703 δίχα
859 1633 970 1687 τῶν
1003 1633 1366 1706 ἀνθρωπίνων
1391 1654 1449 1690 σε
1476 1636 1668 1690 τέκνον
1697 1635 1903 1702 ἔτεκον,

322 1718 419 1770 καὶ
465 1718 582 1782 πῶς
630 1721 825 1792 ἄνομοι
857 1723 1054 1793 ύψοῦσί
1091 1742 1149 1778 σε
1178 1726 1321 1798 ξύλῳ
1354 1727 1520 1798 μέσον
1545 1728 1783 1799 ἀνόμων,
1815 1726 1907 1780 τὸν

324 1808 486 1879 μόνον
536 1811 734 1882 νόμους
772 1812 922 1885 ζωῆς
952 1816 1341 1889 ὲκτιθέμενον;
1375 1820 1409 1890 ή
1436 1818 1699 1884 Θεοτόκος
1737 1819 1906 1893 θρην-

314 1901 531 1972 ιρδοῦσα
556 1904 965 1977 ἁπεφθέγγετο.

389 2088 530 2142 Νέον
565 2088 765 2160 βρέφος
805 2089 1050 2161 ὲκύησας
1090 2091 1182 2144 τδν
1219 2090 1327 2165 πρὸ
1368 2091 1477 2146 τῶν
1532 2092 1745 2147 αίωνων
1777 2092 1908 2149 ὄντα

318 2181 662 2246 παντέλειον,
684 2182 780 2236 καὶ
798 2183 1042 2257 σταυρῷ,
1068 2184 1222 2256 Κόρη
1240 2185 1573 2258 πανάμωμε,
1597 2186 1908 2242 τελειοῦντα

316 2272 501 2327 πάντα
530 2274 852 2345 ὰγαθότητι.

390 2382 797 2455 Νενοσηκότας,
831 2383 1102 2456 Παρθένε,
1132 2388 1197 2458 τῇ
1227 2386 1478 2459 ἁμαρτία
1508 2387 1656 2459 ἡμᾶς
1692 2387 1907 2460 ἰάτρευ-

320 2492 442 2542 σας,
482 2476 737 2548 κυήσασα
786 2474 879 2529 τὸν
925 2476 1157 2551 Σωτῆρα
1192 2478 1376 2550 ίατρόν
1405 2495 1463 2532 τε
1513 2478 1622 2531 τῶν
1654 2478 1811 2545 ὅλων,
1850 2481 1907 2532 ὲν

318 2568 467 2642 ξύλῳ
511 2568 607 2624 τοῦ
659 2566 897 2641 σταυροῦ
951 2571 1454 2641 τραυματισθέντα,
1504 2570 1761 2641 ἇχραντε,
1815 2573 1907 2626 τὸν

318 2662 635 2734 παρέχοντα
665 2661 981 2733 ἀφθαρσίαν
1008 2665 1129 2726 ταῖς
1164 2662 1367 2733 ψυχαῖς
1399 2665 1577 2736 ήμῶν.

402 2756 677 2827 Ῥομφαία
706 2757 808 2827 τὴν
833 2755 933 2828 σὴν
958 2755 1147 2827 διῆλθε
1176 2756 1427 2828 καρδίαν,
1459 2754 1783 2829 καθορώσης
1812 2757 1905 2812 σὺν

320 2848 472 2916 Υίδν,
511 2848 745 2921 ἄχραντε
790 2847 968 2919 Κόρη,
1014 2846 1295 2919 ήλωμένον
1325 2850 1384 2903 έν
1435 2848 1597 2921 ξύλῳ,
1628 2854 1723 2905 καί⁵
1758 2852 1903 2923 πάθη

321 2941 585 3012 φέροντα,
637 2940 732 2994 καὶ
782 2940 953 3013 λόγχῃ
998 2939 1153 2995 θείαν
1196 2939 1441 3012 πλευρὰν
1484 2943 1905 3014 ὲξορυττόμενον

318 3037 608 3108 θελήματι,
641 3037 736 3091 καὶ
766 3036 1219 3108 κατασφάττοντα
1258 3039 1316 3091 ἐν
1351 3036 1490 3109 αὐτῇ
1524 3038 1614 3091 τὸν
1649 3038 1906 3110 πολέμιον

316 3129 591 3202 δράκοντα
621 3145 633 3158 ·
666 3129 790 3184 ὅθεν
819 3128 1176 3201 θρηνῳδοῦσα
1230 3129 1514 3201 μητρικῶς
1546 3128 1735 3185 τοῦτον
1779 3131 1906 3202 έμε-

318 3221 573 3291 γάλυνες.

2004 678 2138 734 tam,
2170 679 2228 725 ιιι
2251 685 2377 726 cum
2427 671 2532 727 ﬁde
2567 671 2759 728 aﬂectu
2822 687 3036 745 semper
3084 684 3299 733 cautem
3354 678 3585 748 gloriam

2005 769 2181 816 tuam.

2179 888 2345 960 299
2368 888 2450 943 Ex
2472 890 2679 947 Canane
2701 892 2847 962 ferite
2873 909 2947 958 γι,
2972 894 3041 948 ad
3066 894 3408 953 Malutinum.

2077 1086 2184 1144 Ubi
2237 1090 2583 1148 immaculata
2625 1094 2759 1165 (35),
2792 1096 2926 1151 vidit
2973 1097 3242 1153 videntem
3294 1102 3475 1155 omnia
3535 1104 3587 1157 in

2005 1197 2168 1237 cruce
2211 1184 2511 1252 sublatum,
2544 1188 2734 1243 dolore
2773 1190 3020 1258 perculsa
3051 1230 3065 1254 ,
3106 1191 3179 1246 ita
3228 1192 3406 1248 locuta
3457 1210 3533 1251 ρει
3568 1214 3581 1250 :

2006 1274 2147 1341 Quid
2180 1285 2263 1331 est
2297 1278 2421 1342 hoc,
2450 1279 2521 1332 ﬁli
2555 1280 2668 1334 mi?
2705 1281 2832 1351 quid
2878 1284 2974 1336 tibi
3002 1284 3390 1349 retribuerunt,
3426 1290 3517 1357 qui
3553 1306 3582 1342 a

2008 1377 2062 1424 te
2118 1378 2196 1425 tot
2256 1369 2519 1425 beneﬁcia
2580 1376 2947 1444 acceperunt?
3002 1378 3271 1447 quomodo
3342 1380 3586 1437 dolorem

2008 1461 2325 1516 sustinebo!
2368 1461 2551 1519 Gloria
2604 1465 2675 1520 sit
2727 1470 3048 1524 veneranda:
3073 1470 3419 1540 dispositioni
3462 1484 3589 1541 tua-,

2008 1568 2041 1605 ο
2077 1553 2591 1611 misericordissime
2613 1573 2675 1613 ac
2707 1559 3131 1628 patientissime.

2081 1643 2158 1699 Te
2192 1657 2391 1716 praeter
2420 1646 2567 1717 leges
2597 1648 2863 1705 humanas
2894 1654 3099 1722 peperi,
3135 1670 3167 1708 ο
3194 1654 3332 1721 Fili;
3363 1666 3416 1713 et
3446 1676 3592 1730 quo-

2010 1736 2171 1793 modo
2220 1739 2354 1809 legis
2394 1742 2688 1796 violatores
2741 1744 2795 1797 in
2855 1744 3060 1815 lignum
3144 1755 3195 1803 te
3248 1751 3590 1808 sustulerunt

2012 1831 2066 1886 in
2119 1833 2301 1888 medio
2363 1843 2833 1905 transgressurum
2868 1836 3023 1909 legis,
3081 1840 3174 1909 qui
3239 1842 3390 1897 solus
3466 1845 3591 1900 vita:

2012 1923 2159 1995 leges
2217 1926 2550 1983 condidisti?
2587 1926 2665 1983 ita
2714 1929 3052 2000 gemebunda
3116 1930 3344 2004 Deipara
3395 1935 3591 2007 loque-

2009 2016 2192 2073 batur.

2080 2108 2291 2166 Novum
2327 2112 2587 2170 infantem
2630 2114 2911 2186 peperisti,
2944 2117 3037 2187 qui
3069 2128 3189 2173 erat
3228 2130 3354 2176 ante
3403 2121 3590 2176 omnia
3686 2118 3689 2119 ⁷

2008 2206 2209 2261 saecula
2272 2207 2726 2277 perfectissimus,
2758 2230 2790 2265 υ
2839 2210 3025 2266 Puella
3084 2222 3193 2268 tota
3228 2229 3400 2285 pura;
3430 2224 3486 2271 et
3537 2217 3589 2271 in

2006 2297 2169 2366 signo
2201 2300 2382 2356 crucis
2409 2299 2590 2355 omnia
2612 2302 2821 2371 perlicit
2850 2302 3092 2358 bonitate
3116 2320 3235 2360 sua.

2079 2406 2192 2463 Nos
2220 2408 2427 2478 peccati
2471 2409 2663 2465 morbo
2702 2419 3051 2481 aegrotantes,
3084 2415 3310 2480 curasti,
3345 2429 3377 2469 ο
3428 2413 3589 2485 Virgo

2008 2501 2291 2565 inviolata,
2345 2502 2473 2555 dum
2534 2503 2778 2557 omnium
2821 2503 3165 2560 Salvatorcm
3215 2516 3269 2562 et
3322 2508 3588 2564 medicum

2009 2593 2266 2663 peperisti
2308 2610 2321 2647 :
2350 2594 2442 2663 qui
2469 2593 2522 2647 in
2556 2594 2703 2665 ligno
2730 2595 2909 2649 crucis
2936 2596 3281 2666 vulneratus,
3307 2599 3491 2655 immo:
3509 2612 3583 2655 ta-

2008 2685 2215 2739 litatcm
2256 2685 2545 2742 animabus
2580 2686 2785 2742 nostris
2814 2687 3098 2758 elargitur.

2079 2777 2308 2833 Gladius
2366 2793 2463 2833 cor
2522 2788 2673 2832 tuum
2743 2780 3120 2849 pertransivit,
3176 2795 3209 2835 ο
3273 2781 3589 2838 intemerata

2010 2862 2224 2929 Puella,
2261 2880 2383 2920 cum
2437 2864 2634 2920 Filium
2684 2876 2835 2921 tuum
2887 2868 2940 2921 in
2996 2868 3142 2939 ligno
3188 2880 3472 2927 extensum
3513 2873 3590 2927 vi-

2006 2957 2170 3022 disti;
2215 2958 2500 3027 passiones
2546 2969 2741 3027 sponte
2778 2960 3047 3027 tolerare;
3094 2970 3149 3016 et
3193 2961 3378 3017 divino
3422 2965 3592 3020 latere

2006 3047 2195 3103 lancea
2255 3047 2528 3117 perfosso,
2580 3048 2634 3102 in
2694 3049 2883 3103 eodem
2964 3049 3245 3106 inimicum
3299 3053 3588 3109 draconem

2008 3152 2263 3197 mactare.
2294 3158 2359 3196 ac
2382 3143 2636 3212 jugulare
2668 3160 2680 3195 :
2716 3142 2862 3197 unde
2892 3144 3151 3199 maternis
3176 3146 3417 3214 querelis
3438 3146 3583 3201 dolo-

2009 3249 2124 3288 rem
2150 3244 2302 3287 tuum
2327 3234 2639 3306 divulgans,
2667 3234 2820 3289 illum
2853 3235 3265 3305 magniﬁcabas.

390 3332 554 3405 Λύπῃ
583 3333 980 3406 πεπλήρωμαι,
1030 3333 1216 3405 ὁρῶσά
1261 3350 1342 3401 σε,
1380 3333 1500 3400 Υίὲ,
1549 3332 1752 3397 ἀδίκως
1794 3333 1903 3388 πά-

2078 3340 2321 3397 Tristitia
2360 3342 2518 3413 plena
2553 3358 2697 3407 sum,
2734 3357 2858 3398 cum
2885 3342 3043 3397 video
3075 3351 3147 3408 te,
3170 3357 3204 3397 ο
3236 3341 3362 3410 Fili,
3388 3343 3587 3414 injuste

324 3443 544 3497 σχοντα,
576 3426 865 3499 τέτρωμαι
893 3428 1094 3498 ψυχὴν,
1124 3427 1297 3499 λόγχῃ
1340 3426 1644 3499 τρωθέντος
1681 3444 1774 3480 σου
1804 3427 1903 3496 τὴν

316 3520 582 3591 πλευρὰν,
613 3522 646 3591 ή
696 3519 954 3584 Θεοτόκος
998 3520 1131 3574 ὲϐόα
1163 3520 1425 3575 κλαίουσα
1458 3520 1551 3574 καὶ
1578 3520 1902 3591 ὀδυρομένη,

321 3612 464 3682 μόνη
498 3612 771 3666 Δέσποινα
802 3629 818 3645 ·
852 3613 919 3683 ἥν
950 3612 1190 3680 ἐπαξίως
1244 3613 1444 3677 πάντες
1498 3613 1902 3685 μακαρίζομεν,

317 3707 416 3761 καὶ
464 3706 707 3771 εὐσεϐῶς
777 3706 1200 3778 κραυγάζομενο
1257 3707 1318 3760 '0
1356 3704 1744 3778 ὑπερύμνητος
1793 3704 1905 3758 τῶν

320 3799 577 3869 πατέρων
607 3798 701 3852 καὶ
732 3799 891 3871 ήμῶν
915 3799 1066 3867 Θεὸς,
1091 3799 1385 3872 εὐλογητὸς
1414 3798 1486 3855 εί.

391 3892 612 3964 Νοητὴν
639 3893 893 3964 νεφέλην,
927 3895 1024 3947 καί¹
1070 3893 1276 3965 σκηνὴν
1307 3892 1675 3963 ἁγιάσματος,
1716 3890 1904 3963 θρόνον

320 3985 460 4039 Θεοῦ
491 3988 584 4041 καὶ
617 3985 818 4058 πύλην,
850 3986 1028 4058 φωτὸς
1060 3986 1306 4056 λυχνίαν,
1365 3985 1460 4039 καὶ
1504 3984 1772 4055 ἀνατολὴν
1807 3981 1901 4037 τοῦ

325 4068 505 4147 Λόγου
539 4080 589 4134 oi
622 4079 803 4133 πιστοί
836 4098 893 4134 σε
929 4080 1128 4144 πάντες
1158 4078 1621 4150 κατονομάζομεν,
1658 4078 1901 4145 πάναγνε

332 4170 603 4239 Παρθένε,
656 4170 752 4224 τοῦ
802 4174 983 4226 πάντα
1030 4170 1440 4243 τεκτηναμένου
1490 4171 1693 4240 Μήτηρ
1724 4168 1904 4239 ὑπάρ-

322 4276 424 4330 χου
434 4277 502 4313 σα
541 4262 887 4334 εὐλογημένη
899 4300 913 4317 .

393 4355 697 4425 Φωτοειδὴς
730 4355 943 4419 παστὰς
972 4354 1216 4427 ὼρόιθης,
1239 4351 1507 4424 Παρθένε,
1531 4350 1625 4405 τοῦ
1649 4352 1905 4423 οἰκήσαν-

322 4449 417 4512 τός
460 4466 553 4502 σου
588 4450 689 4522 τὴν
736 4448 975 4522 ἄφθορον
1030 4448 1214 4519 νηδὺν,
1281 4446 1377 4501 καὶ
1415 4446 1586 4510 πάθος
1638 4446 1906 4519 μακάριαν

326 4542 844 4613 καθυπομείναντος
871 4542 1136 4606 ἐθέλοντι,
1174 4542 1270 4595 καὶ
1320 4540 1456 4593 πᾶσι
1481 4540 1581 4609 τὴν
1636 4539 1905 4593 ἀπάθειαν

322 4636 706 4707 παρασχόντος
756 4636 825 4690 δι’
860 4638 1066 4707 ἄφατον
1108 4636 1276 4699 ἔλεος,
1307 4632 1366 4687 ὃν
1429 4633 1611 4686 πίστει
1660 4649 1903 4705 προσκυ-

322 4725 542 4794 νοῦντές
569 4746 628 4783 σε
655 4728 892 4794 εύσεὸῶς
929 4727 1328 4802 μεγαλύνομεν.

398 5002 512 5072 (35)
588 4999 701 5056 Vox
734 5001 1081 5057 immaculata
1130 5016 1252 5057 cum
1297 5001 1543 5057 absolute
1575 5000 1752 5055 omnis
1781 5014 1901 5055 ma—

322 5075 462 5129 cula:
482 5075 782 5127 carentiam
810 5075 1083 5144 importet,
1108 5072 1313 5128 nullam
1343 5072 1719 5127 limitationem
1748 5072 1899 5138 dicit,

322 5155 379 5198 et
405 5145 471 5198 ad
504 5144 689 5198 omnia
735 5144 861 5199 vita:
888 5154 1132 5214 tempora
1159 5153 1323 5213 atque
1371 5150 1650 5214 momenta
1680 5154 1905 5212 pr0len-

324 5216 497 5279 ditur,
530 5215 672 5270 sicut
707 5214 981 5269 inﬁnitum
1001 5212 1013 5214 ’
1043 5212 1386 5283 simpliciter,
1414 5222 1470 5269 et
1504 5212 1751 5267 absolute
1782 5226 1906 5281 pro-

324 5285 499 5339 latum
534 5301 600 5339 ex
658 5295 851 5339 neutro
909 5294 1153 5341 extremo
1219 5285 1379 5339 finem
1420 5284 1908 5353 admittit;neque

326 5357 658 5427 immensum
689 5356 908 5427 proprie
955 5356 1175 5411 vocabis
1215 5356 1359 5427 quod
1418 5356 1579 5427 alicui
1635 5369 1910 5427 mensura:

324 5426 555 5482 subesse
576 5425 771 5496 potest.
795 5425 945 5493 Quin
968 5428 1151 5496 potius
1188 5425 1246 5483 si'
1272 5428 1385 5482 haec
1417 5426 1638 5481 nomina
1668 5425 1901 5480 eﬁ‘eran-

324 5505 419 5551 tur
449 5498 609 5563 dere,
630 5512 750 5567 qua:
774 5513 959 5553 secum
989 5497 1227 5552 admittit
1253 5499 1436 5568 aliquo
1463 5497 1625 5551 modo
1646 5496 1901 5568 formam,

324 5583 451 5639 qua:
482 5582 598 5639 per
656 5568 776 5623 illas
812 5583 975 5623 voces
1031 5577 1278 5638 negatur,
1338 5567 1567 5639 quilibet
1607 5567 1904 5639 afﬁrmabit

326 5638 656 5721 locutionem
684 5654 809 5721 esse
860 5637 1277 5721 hyperbolicainf
1307 5637 1387 5721 et.
1410 5640 1789 5721 impropriam.
1822 5637 1903 5721 Ad

324 5710 580 5763 eumdem
628 5710 851 5765 modum
904 5709 1073 5764 dictio
1135 5709 1504 5773 immaculata,
1538 5725 1663 5763 cum
1726 5709 1907 5764 omnis

326 5780 557 5833 maculae
584 5782 879 5835 carentiam
932 5782 1076 5834 dicat
1106 5795 1207 5849 pro
1248 5781 1398 5834 omni
1440 5781 1699 5849 temporis
1750 5780 1907 5835 diﬁ‘e-

328 5852 527 5915 rentia,
575 5859 628 5905 et
679 5862 984 5920 apponatur
1014 5849 1073 5903 B.
1115 5849 1321 5920 Virgini
1349 5850 1401 5904 in
1447 5866 1611 5905 sensu
1662 5854 1907 5921 proprio,

328 5936 438 5975 non
479 5921 855 5993 hyperbolico,
905 5932 964 5977 ut
995 5921 1231 5978 admittit
1261 5922 1573 5978 communis
1618 5922 1907 5980 doctorum

2011 3436 2344 3505 patientem:
2378 3434 2695 3489 vulneratur
2724 3435 2903 3489 anima
2932 3451 3079 3509 mea,
3100 3435 3228 3490 dum
3252 3436 3394 3490 latus
3432 3445 3586 3490 tuum

2014 3527 2200 3583 lancea
2254 3527 2579 3598 pcrfoditur.
2639 3525 2716 3581 lta
2770 3542 2895 3583 cum
2957 3527 3233 3599 lacrymis,
3291 3537 3343 3583 et
3407 3528 3588 3583 dolore

2012 3618 2423 3674 vociferabatur
2449 3617 2680 3689 Deipara
2709 3618 2948 3675 Domina
2990 3621 3174 3684 unica,
3210 3636 3372 3690 quam
3396 3623 3591 3675 merito

2011 3726 2203 3767 omnes
2262 3712 2474 3767 beatam
2529 3712 2785 3776 dicimus,
2826 3722 2880 3767 et
2932 3712 3123 3768 devote
3172 3712 3545 3769 exclamamus
3577 3754 3590 3768 .

2011 3799 2335 3857 Benedictus
2363 3818 2441 3865 es,
2465 3801 2628 3866 Deus,
2650 3811 2756 3855 etc.

2080 3891 2288 3947 Nubem
2342 3894 2786 3958 intellectualem,
2815 3892 3223 3948 tabernaculum
3284 3894 3581 3950 sanctiﬁca-

2012 3984 2201 4050 tionis,
2243 3984 2495 4039 thronum
2526 3983 2619 4037 Dei
2652 3992 2706 4038 et
2743 3995 2977 4052 portam,
3013 3983 3153 4039 lucis
3177 3985 3587 4051 candelabrum,

2011 4089 2065 4132 et
2088 4076 2364 4132 Orientem
2395 4075 2558 4147 300
2573 4073 2758 4139 Verbi,
2786 4076 3025 4131 universi
3051 4085 3103 4131 te
3130 4076 3312 4132 ﬁdeles
3343 4078 3588 4131 nomina-

2011 4186 2158 4237 mus,
2190 4187 2223 4225 ο
2254 4169 2419 4240 Virgo
2442 4170 2777 4234 castissima,
2808 4178 2863 4225 et
2908 4169 3078 4226 Mater
3121 4169 3405 4225 benedicta
3444 4170 3589 4227 illius

2012 4267 2105 4336 qui
2138 4266 2394 4320 universa
2437 4264 2747 4319 fabricavit.

2084 4357 2382 4413 Thalamus
2430 4357 2553 4413 luce
2608 4357 2802 4427 plenus
2861 4355 3004 4413 facta
3035 4372 3117 4425 es,
3154 4356 3401 4428 oVirgo,
3446 4358 3589 4412 illius

2011 4449 2103 4521 qui
2140 4449 2553 4504 immaculatum
2584 4458 2799 4503 uterum
2854 4458 3004 4503 tuum
3030 4449 3319 4515 habitavit,
3360 4464 3424 4504 ac
3459 4449 3590 4503 bea-

2014 4554 2122 4598 tam
2156 4542 2469 4613 passionem
2495 4541 2803 4597 voluntarie
2833 4541 3114 4606 sustinuit,
3140 4550 3307 4611 atque
3335 4542 3591 4599 omnibus

2012 4634 2510 4704 impassibilitatem
2549 4634 2825 4690 concessit
2858 4643 3080 4705 propter
3109 4634 3435 4690 ineﬁ'abilem
3491 4637 3566 4688 uti

1929 4740 1984 4802 D
2011 4726 2367 4782 sericordiam
2420 4740 2599 4793 suam,
2630 4739 2791 4795 quem
2853 4738 2978 4780 cum
3042 4723 3146 4781 ﬁde
3191 4724 3505 4792 adorantes,
3543 4734 3593 4779 te

2012 4820 2205 4875 devote
2234 4818 2673 4890 magiiiﬁramus.

2007 5014 2333 5063 consensus,
2361 4997 2507 5053 haud
2536 4998 2697 5055 dubie
2725 4997 2845 5068 eius
2874 4998 3244 5055 innocentiam
3277 5011 3377 5069 pro
3406 4998 3590 5052 omni-

2010 5071 2114 5126 bus
2150 5072 2443 5142 vitaeisuaat
2482 5070 2815 5142 instantibus
2848 5074 2971 5142 sinu
3011 5080 3126 5125 sua:
3176 5071 3592 5142 signiﬁcationis

2011 5150 2247 5196 coercet.
2275 5141 2451 5208 Quam
2510 5141 2736 5195 macula:
2770 5141 3068 5196 carentiam
3108 5155 3209 5211 pro
3237 5140 3387 5195 omni
3421 5140 3592 5211 diffe-

2014 5215 2188 5267 rentia
2226 5211 2489 5281 temporis
2515 5221 2674 5266 acute
2721 5210 3161 5282 sapientissimus
3214 5210 3589 5282 attigitldiota

2015 5284 2139 5339 libr.
2175 5283 2250 5338 De
2273 5280 2612 5351 contemplat.
2670 5282 2728 5338 Β.
2771 5281 2921 5352 Virg.
2952 5284 3133 5338 locum
3174 5280 3339 5337 illum
3375 5280 3589 5336 Cantic.

2015 5368 2137 5423 cap.
2171 5369 2247 5421 Iv,
2282 5352 2415 5408 Tota
2445 5354 2667 5423 pulchra
2695 5371 2769 5417 es,
2802 5355 2976 5407 antica
3000 5369 3138 5418 mea,
3169 5362 3217 5408 et
3244 5352 3465 5423 macula,
3488 5368 3589 5405 mm

2007 5421 2097 5481 esti
2121 5426 2175 5479 in
2212 5437 2280 5489 te,
2309 5421 2637 5495 explanans:
2674 5424 2807 5479 Tota
2831 5424 3052 5493 pulchra
3085 5440 3138 5478 es
3161 5464 3176 5489 ,
3211 5425 3286 5479 ait
3332 5440 3346 5477 :
3376 5440 3395 5474 ι
3428 5421 3592 5492 Virgo

2009 5496 2429 5568 gloriosissima,
2465 5497 2652 5568 nonin
2708 5504 2883 5566 parte,
2917 5496 3008 5568 sed
3043 5495 3097 5568 in
3127 5505 3264 5568 toto,
3293 5504 3347 5551 et
3376 5497 3586 5568 peccati

2004 5565 2241 5634 macula,
2290 5567 2406 5622 sive
2440 5565 2847 5631 mortalis,’sive
2890 5566 3121 5621 venialis
3150 5567 3263 5622 sive
3307 5565 3591 5636 originalis

2004 5655 2115 5693 non
2146 5649 2229 5692 est
2286 5638 2339 5691 in
2376 5648 2428 5693 te
2463 5652 2564 5693 nec
2621 5652 2861 5707 unquam
2917 5636 3041 5701 fuit,
3070 5652 3170 5692 nec
3201 5638 3322 5691 erit.
3356 5636 3435 5691 Ex
3479 5652 3592 5705 quo

2007 5718 2177 5780 patet,
2204 5709 2349 5780 quod
2377 5724 2482 5763 vox
2501 5709 2852 5762 immaculata
2881 5708 3277 5780 innocentiam,
3312 5717 3367 5764 et
3424 5724 3588 5780 exce-

2006 5778 2246 5851 ptionem
2271 5779 2339 5834 ab
2367 5781 2513 5834 omni
2559 5779 3115 5851 peccato,_pro_omni
3148 5781 3407 5851 temporis
3433 5778 3592 5851 diﬁc-

2008 5847 2179 5906 i‘entia
2204 5866 2389 5921 secum
2436 5847 2705 5921 apportet.
2738 5871 2757 5904 ι
2786 5847 2924 5906 Vide
2952 5847 3156 5920 cham
3189 5851 3241 5905 in
3260 5847 3276 5850 “
3298 5849 3592 5920 Theologia

2008 5921 2275 5989 Mariana,
2312 5920 2571 5980 Palmstra
2595 5923 2651 5991 4,
2679 5922 2992 5980 Certamine
3030 5925 3086 5990 5,
3116 5939 3170 5976 ιι.
3202 5921 3326 5979 510.
