4038 6590
515 410 650 476 1355

1645 414 1702 473 S.
1745 414 2061 476 JOSEPHI
2100 414 2661 485 HYMNOGRAPHI

3633 438 3766 502 1356

575 521 1015 577 llluminantibus
1040 522 1524 579 intercessionibus
1559 526 1689 589 tuis.
1720 543 1753 581 0
1782 526 1971 596 Virgo,
2003 530 2056 581 in

2257 535 2620 603 Φωτιστικαῖς
2651 539 2966 609 πρεσϐείαις
3003 558 3119 611 σου,
3160 547 3426 619 Παρθένε,
3465 552 3592 614 τοὺς
3650 570 3768 604 νοε-

505 614 843 670 tellectuales
898 616 1089 671 oculos
1142 632 1329 678 meos.
1388 618 1591 672 malitia
1656 620 2079 685 obtenebratos,

502 711 773 774 illumina,
805 725 998 780 precor
1027 729 1039 764 :
1069 718 1123 763 et
1158 711 1224 764 ad
1259 712 1594 780 ptenitentize
1622 713 1733 767 vias
1763 712 1942 768 adduc
1972 729 2078 779 me,

504 815 564 858 ut
592 805 790 859 debitis
815 804 1067 857 laudibus
1091 817 1390 873 prosequar
1415 814 1486 868 te,
1507 820 1629 874 qua:
1673 803 1908 861 Verbum
1941 804 2081 861 inel-

501 897 666 952 l'abile
692 910 921 964 corpore
954 895 1200 951 induisti.

604 1008 689 1061 Ea:
718 1022 916 1060 canone
942 1006 994 1060 in
1026 1005 1305 1060 Dominica
1336 1004 1705 1077 Carnicpricii,
1728 1007 1966 1077 Vespere.

563 1168 732 1225 Nocte
763 1175 1110 1238 peccatorum
1143 1166 1493 1229 obscuratus,
1519 1164 1586 1218 ad
1628 1174 1699 1231 te,
1731 1182 1853 1235 quae
1888 1164 2068 1219 Solem

491 1260 719 1330 justitia:
746 1258 1050 1322 Christum,
1091 1257 1158 1312 iis
1187 1259 1280 1326 qui
1323 1257 1375 1312 in
1422 1257 1658 1312 tenebris
1689 1259 2068 1325 versabantur,

490 1351 772 1423 peperisti,
796 1366 941 1405 nunc
964 1350 1212 1422 impenso
1233 1349 1427 1406 affectu
1445 1350 1701 1420 confugio
1724 1367 1739 1416 ;
1763 1368 1795 1405 o
1819 1350 2066 1418 Domina,

490 1444 641 1499 salva
666 1457 771 1499 nte.

560 1532 700 1587 Victi
729 1541 858 1586 sunt
898 1531 949 1585 in
982 1540 1053 1597 te,
1084 1545 1117 1597 ο
1158 1531 1462 1585 castissima
1506 1530 1690 1602 Virgo,
1722 1541 1931 1586 natura:
1959 1540 2066 1585 ter-

489 1626 622 1682 mini
656 1644 667 1678 :
703 1626 865 1678 enixa
915 1624 1059 1679 enim
1096 1624 1302 1693 absque
1339 1624 1481 1679 virili
1510 1626 1703 1695 copula
1728 1624 1926 1692 Deum,
1961 1626 2065 1680 im-

490 1720 761 1775 maculata
795 1727 917 1789 post
951 1726 1168 1789 partum
1201 1717 1366 1772 veluti
1395 1727 1520 1773 ante
1553 1733 1793 1789 partum,
1821 1734 1854 1774 ο
1884 1730 2059 1783 casta,

490 1811 861 1884 perlnausisti.

554 1904 598 1959 Ο
628 1903 789 1974 Virgo
826 1901 971 1958 omni
1028 1901 1189 1957 laude
1226 1902 1571 1973 dignissima,
1601 1919 1724 1973 qua:
1771 1902 1887 1959 sola
1934 1904 2066 1960 lidev
2098 1891 2141 1949 Π

450 2030 455 2037 -
486 1998 620 2051 lium
655 1996 923 2051 auxilium
961 2011 1021 2051 es
1049 1994 1211 2065 .apud
1246 1994 1414 2051 Deum
1457 1996 1859 2064 ﬁrmissimum,
1896 1998 2066 2053 libera

486 2107 574 2146 me
596 2106 624 2145 a
654 2090 915 2154 tenebris,
949 2099 1003 2144 et
1036 2105 1063 2142 a
1090 2089 1363 2160 supplicio
1410 2090 1557 2160 quod
1586 2089 1728 2145 male
1760 2089 2068 2145 viventibus

485 2193 569 2240 est
597 2192 983 2254 prwparatum.

554 2277 631 2332 Ne
678 2292 862 2332 cesses
901 2291 1002 2346 pro
1033 2274 1192 2330 nobis
1240 2288 1469 2329 exorare
1519 2275 1708 2337 Deum,
1755 2274 1845 2344 qui
1891 2275 2066 2329 bonus

484 2381 590 2435 est,
638 2378 692 2423 et
738 2366 891 2423 solus
950 2367 1208 2422 conscius
1262 2364 1599 2420 inﬁrmitatis
1649 2372 1851 2420 nostra:
1899 2373 1998 2419 :ut
2033 2379 2063 2419 a

485 2476 655 2534 peste,
692 2462 856 2524 fame,
878 2469 1211 2527 terramotu,
1237 2458 1497 2529 omnique
1520 2458 1846 2515 adversitate
1869 2457 2063 2513 libere-

487 2568 576 2611 tur
609 2554 825 2618 civitas,
859 2567 983 2622 qum
1025 2560 1079 2605 te
1104 2552 1360 2619 honorat,
1387 2567 1420 2605 ο
1468 2549 1720 2622 Deipara,
1751 2565 1876 2621 spes
1906 2549 2063 2605 terri-

485 2660 770 2717 genarum.

746 2731 831 2786 Ex
861 2746 1060 2785 canone
1088 2729 1143 2782 in
1175 2729 1260 2783 die
1291 2728 1446 2782 tertia
1487 2727 1811 2800 Tyrophagi.

557 2820 601 2875 Ο
636 2818 816 2891 Virgo,
845 2818 993 2873 muni
1040 2818 1199 2872 laude
1228 2817 1575 2883 celebranda,
1612 2828 1730 2873 esto
1770 2818 1927 2875 nobis
1972 2819 2058 2874 via

484 2913 841 2985 pmnitentize,
867 2908 1143 2965 deducens
1176 2923 1274 2964 nos
1295 2908 1361 2963 ad
1388 2917 1571 2978 portas
1598 2908 1809 2965 salutis.

554 3011 597 3061 υ
626 3006 830 3069 Puella,
858 3018 981 3074 quae
1025 3018 1260 3058 massam
1291 3012 1533 3056 nostram
1563 3009 1857 3067 terrenam,
1891 3001 2057 3058 caele-

483 3110 624 3155 stem
650 3096 871 3152 eﬂecisti
897 3112 910 3148 ε
936 3094 1129 3151 anima:
1160 3110 1293 3148 mea:
1321 3093 1534 3149 sulcum
1561 3104 1834 3149 terrenum
1857 3104 1911 3149 et
1931 3109 2056 3150 cor-

484 3203 727 3263 ruptum,
786 3202 1001 3244 tuarum
1046 3188 1206 3258 303
1268 3188 1681 3243 tuiserationum
1740 3187 1913 3244 imbre
1952 3186 2055 3242 fae-

485 3283 666 3339 cunda
730 3283 1065 3348 virtutibus,
1118 3282 1245 3335 dum
1308 3281 1527 3348 clamat,
1583 3291 1637 3337 et
1688 3269 2128 3353 superexaltatC

480 3378 759 3435 Christum
785 3374 840 3431 in
866 3376 1086 3431 salcula.

555 3472 633 3527 Te
674 3471 813 3525 forte
866 3468 1365 3540 prepugnaeulum,
1413 3478 1466 3523 et
1501 3483 1651 3539 spem
1703 3468 1936 3531 ﬁrmam,
1972 3469 2058 3538 pie

479 3565 841 3633 religioseque
893 3561 1267 3615 eollaudantes
1329 3562 1705 3630 deprecamur.
1769 3561 1968 3628 Exora,
2023 3574 2057 3614 ο

482 3656 670 3728 Virgo,
702 3654 871 3708 [illum
902 3661 1054 3707 tuum
1091 3668 1188 3722 pro
1214 3660 1399 3707 nostra
1431 3651 1626 3707 salute.

697 3745 781 3800 Ea:
815 3761 1015 3799 canone
1047 3745 1103 3797 in
1134 3743 1218 3797 die
1246 3753 1464 3813 quarta,
1501 3741 1768 3796 Diluculo.

547 3838 845 3909 Compesce
867 3834 1159 3889 tumultum
1196 3833 1516 3904 passionum
1547 3848 1814 3900 mearum;
1836 3834 2054 3890 medere

479 3930 793 3986 vulneribus
830 3927 1025 3981 anima:
1075 3941 1210 3980 meae
1247 3941 1261 3980 :
1295 3940 1324 3979 a
1361 3939 1555 3979 somno
1600 3926 1835 3995 lorpOris
1876 3927 2051 3980 excita

479 4038 586 4088 me,
615 4019 1005 4076 intercessione
1038 4032 1103 4072 ac
1132 4017 1468 4088 protectione
1500 4026 1613 4083 tua,
1643 4033 1677 4073 ο
1706 4018 2051 4075 sanctissima

477 4115 683 4186 regina,
719 4111 888 4165 Mater
910 4117 962 4166 et
987 4110 1169 4179 Virgo.

543 4208 709 4275 Aperi
746 4206 925 4268 nobis,
958 4219 990 4257 ο
1027 4201 1214 4274 Virgo,
1248 4202 1617 4273 pulsantibus,
1646 4213 1699 4259 et
1740 4205 2049 4261 misericor-

478 4302 622 4358 diam
653 4310 801 4354 tuam
838 4296 1245 4362 invocantibus,
1274 4310 1306 4350 ο
1330 4295 1739 4366 paratissimum
1768 4296 2047 4351 hominum

476 4392 767 4462 refugium,
795 4399 849 4444 et
869 4389 1084 4443 ﬁrmum
1110 4388 1162 4443 in
1196 4388 1359 4443 rebus
1398 4390 1651 4443 omnibus
1675 4390 1961 4457 auxilium,
1996 4400 2050 4446 et

476 4482 841 4538 fortissimum
873 4481 927 4534 in
965 4479 1377 4535 necessitatibus
1410 4481 1742 4549 prmsidium.

543 4573 897 4630 Velocissima
922 4573 1311 4627 intercessione
1343 4580 1455 4636 tua,
1480 4572 1893 4642 vigilantissima
1918 4589 2045 4643 pro-

471 4670 706 4726 tectione
727 4677 841 4730 tua,
870 4664 1169 4719 fortissimo
1192 4663 1396 4717 auxilio
1420 4673 1534 4727 tuo,
1559 4680 1592 4717 ο
1619 4664 1841 4719 Domina
1868 4674 2041 4732 easta,
2078 4651 2120 4711 D

470 4775 735 4817 conserva
771 4773 915 4813 nunc
944 4756 1127 4811 ﬁdeles
1158 4755 1391 4811 famulos
1413 4766 1534 4811 tuos
1570 4757 1637 4811 ab
1664 4759 1812 4811 omni
1838 4760 2041 4829 impetu

468 4852 684 4919 hostili;
714 4858 767 4905 et
795 4865 823 4903 a
864 4847 1205 4920 passionibus
1241 4852 1294 4903 ct
1325 4849 1586 4917 peccatis,
1618 4857 1780 4919 atque
1805 4865 1834 4903 a
1867 4861 2041 4905 tenta-

469 4946 711 5001 tionibus
738 4944 887 4998 salva
922 4957 1043 4996 nos.

752 5051 833 5105 Ea;
860 5068 1057 5106 canone
1087 5051 1139 5104 in
1163 5052 1247 5105 die
1272 5062 1482 5123 quarm,
1518 5051 1756 5123 Vespere.

528 5144 838 5215 Corrupisti
883 5143 1250 5211 ineil'abiliter,
1282 5152 1337 5201 et
1391 5149 1646 5216 peperisti
1704 5157 2035 5217 supernatu-

462 5241 672 5303 raliter,
708 5254 741 5292 ο
764 5238 853 5291 Dei
887 5236 1142 5306 genitrix,
1183 5236 1591 5293 Dominatorem
1624 5250 2032 5306 creaturarum;

460 5350 621 5405 quem
662 5334 998 5386 incessanter
1038 5331 1329 5399 deprecare
1357 5339 1414 5384 ut
1448 5347 1568 5399 nos,
1602 5332 1693 5401 qui
1725 5343 1776 5387 te
1819 5333 2030 5389 beatam

460 5440 862 5496 nuncupamus,
893 5423 961 5477 ab
992 5423 1136 5476 omni
1171 5422 1247 5475 ira
1270 5422 1577 5477 liberemur.

529 5520 631 5584 Tu,
669 5535 791 5590 qua:
816 5518 1062 5573 omnium
1092 5532 1151 5569 es
1186 5515 1433 5578 Domina,
1456 5518 1884 5587 supplicationes
1911 5536 2031 5574 ser-

459 5626 647 5666 vorum
685 5620 898 5664 tuorum
932 5607 1256 5678 suscipiens,
1283 5624 1315 5661 ο
1344 5609 1526 5678 regina
1560 5620 1743 5664 sancta
1775 5611 2027 5681 Deipara,

452 5703 603 5771 eripe
638 5718 721 5755 me
756 5718 784 5756 a
822 5701 1081 5765 tenebris,
1120 5709 1282 5768 atque
1310 5701 1378 5754 ab
1426 5702 1547 5769 igne
1579 5701 1976 5774 iuextinguibili
2013 5726 2025 5760 :

452 5790 610 5846 abole
656 5789 1063 5844 multitudinem
1099 5789 1371 5843 malorum
1402 5806 1653 5847 meorum
1695 5797 2028 5853 tnetliatioue

451 5892 563 5949 tua,
594 5889 757 5952 atque
792 5882 952 5935 unica
988 5882 1525 5937 intercessione’tua.

2186 627 2316 693 ρούς
2349 647 2452 699 μου
2500 630 2815 701 ὀφθαλμοὺς
2852 634 3273 706 ἑσκοτισμένους
3305 641 3475 711 κακίᾳ
3508 642 3767 712 φώτισον,

2180 716 2392 787 δέομαι,
2432 721 2688 791 καὶπρὸς
2738 722 2903 784 ὁδοὺς
2930 727 3218 792 μετανοίας
3270 730 3552 798 εἰσάγαγε,
3616 733 3768 794 ὅπως

2184 814 2537 877 χρεωστικῶς
2564 830 2623 865 σε
2659 810 2942 883 ὑμνολογῶ
2980 815 3080 884 τὴν
3116 817 3257 889 ὑπὲρ
3279 819 3440 888 λόγον
3468 820 3560 874 τὸν
3588 820 3767 889 Λόγον

2180 900 2621 968 σωματώσασαν.

2195 1008 2292 1060 Ἐκ
2326 1009 2430 1063 τοῦ
2462 1016 2731 1080 Κανόνος
2776 1018 2884 1085 τῆς
2920 1018 3223 1089 Κυριακῆς
3262 1020 3366 1090 τῆς
3446 1023 3763 1090 Ἀποκρέω.

2823 1089 3107 1159 ἑσπέρας.

2247 1187 2425 1242 Νυκτὶ
2468 1193 2883 1263 παραπτὼσεων
2916 1198 3340 1270 ἠμαυρωμένος,
3399 1203 3538 1273 πρὸς
3564 1203 3625 1257 σὲ
3660 1204 3763 1272 τὴν
3829 1266 3840 1287 ³

2174 1282 2455 1352 κυήσασαν
2474 1289 2587 1350 τοῖς
2616 1288 2672 1342 ὲν
2707 1291 2886 1345 σκότει
2919 1294 3109 1347 ’Ἥλιον
3128 1295 3475 1366 δικαιοσύνης
3497 1300 3541 1351 Χ
3551 1300 3757 1369 ριστὸν,

2174 1373 2273 1427 νῦν
2301 1382 2633 1448 καταφεύγω
2665 1383 2918 1448 ἐκτενῶς,
2952 1388 3243 1453 Δέσποινα,
3283 1388 3459 1443 σῶσόν
3494 1407 3583 1460 με.

2241 1565 2590 1638 Νενίκηνται,
2621 1569 2890 1640 Πάναγνε,
2925 1572 2983 1625 ὲν
3011 1573 3093 1626 σοὶ
3123 1575 3324 1645 οῐὸροι,
3357 1576 3626 1646 ῐῐαρθένε,
3652 1578 3756 1646 τῆς

2170 1656 2389 1726 φύσεως
2410 1674 2427 1692 ο
2480 1661 2662 1731 μένεις
2708 1662 2818 1732 γὰρ
2846 1660 3046 1728 τέξασα
3095 1667 3222 1718 ἄνευ
3252 1667 3444 1737 ἀνδρὸς
3471 1668 3563 1721 τὸν
3597 1669 3753 1735 θεὸν,

2167 1749 2245 1812 ῶς
2284 1751 2389 1823 πρὸ
2416 1752 2508 1805 τοῦ
2540 1753 2720 1821 τόκου,
2751 1760 2945 1827 σεμνὴ,
2980 1756 3140 1811 πάλιν
3186 1759 3531 1829 ἀπήμαντος.

2245 1932 2486 2003 Παρθένε
2548 1935 2889 2007 πανύμνητε,
2925 1940 2959 2010 ἡ
3010 1939 3143 2012 μόνη
3179 1942 3317 2011 πρὸς
3360 1943 3493 1996 Θεδν
3545 1944 3752 1998 πιστῶν

2171 2024 2556 2096 ἐνυπάρχουσα
2584 2028 2808 2100 βοήθεια
2852 2033 3079 2102 στερρἀ
3112 2033 3205 2086 τοῦ
3240 2036 3465 2099 σκότους
3498 2054 3565 2107 με
3591 2038 3751 2107 ῥῦσαι

2171 2116 2267 2169 καί⁸
2346 2118 2624 2179 κολάσεως
2698 2120 2799 2189 τῆς
2872 2120 3245 2195 ἀποκειμένης
3317 2128 3427 2189 τοῖς
3497 2128 3750 2198 πονηρῶς

2172 2207 2401 2279 βιοῦσιν.

2251 2301 2425 2372 ’Υπὲρ
2458 2301 2613 2372 ἡμῶν
2643 2303 2967 2359 δυσωποῦσα
2993 2305 3083 2360 τὸν
3135 2307 3364 2376 Ἀγαθὸν
3396 2309 3472 2381 μὴ
3526 2312 3750 2381 ὲλλίπῃς

2169 2392 2259 2445 τὸν
2284 2391 2381 2463 τὴν
2406 2392 2695 2448 ἀσθένειαν
2735 2397 2767 2465 ἠ
2779 2396 2895 2465 μῶν
2927 2398 3292 2468 ἐπιστάμενον
3316 2401 3498 2469 μόνον,
3533 2402 3747 2473 λοιμοῦ,

2167 2482 2328 2555 λιμοῦ
2357 2502 2439 2550 τε,
2476 2486 2572 2539 καὶ
2596 2489 2844 2559 σεισμοῦ,
2872 2490 2966 2542 καὶ
2993 2490 3174 2563 πάσης
3212 2491 3505 2558 κακώσεως
3536 2496 3745 2566 λυτρώ-

2169 2575 2363 2630 σασθαι
2396 2578 2496 2651 τὴν
2526 2580 2780 2649 τιμῶσαν
2811 2598 2870 2635 σε
2905 2582 3081 2647 πόλιν,
3117 2585 3369 2650 Θεοτόκε,
3395 2588 3428 2658 ἡ
3459 2589 3615 2653 ἐλπὶς
3642 2591 3745 2643 τῶν

2164 2684 2433 2738 γηγενων.

2251 2757 2346 2810 Ἐκ
2371 2758 2477 2813 τοῦ
2502 2760 2775 2828 Κανόνος
2805 2761 2917 2832 τῆς
2937 2764 3143 2833 τρίτης
3163 2765 3275 2834 τῆς
3302 2769 3670 2840 Τυροφάνου.

2236 2844 2481 2913 Παρθένε
2524 2846 2867 2920 πανύμνητε,
2912 2850 3033 2916 ὁδὸς
3075 2854 3208 2922 ἡμῖν
3234 2855 3392 2920 γενοῦ
3431 2857 3531 2928 τῆς
3576 2875 3741 2929 μεταο

2162 2936 2333 3002 νοίας,
2369 2939 2646 3010 σωτηρίας
2676 2942 2948 3012 ὁδηγοῦσα
2980 2944 3116 3015 πρὸς
3144 2944 3242 3009 τὰς
3277 2945 3472 3012 πύλας.

2243 3028 2308 3082 Ἦ
2323 3031 2676 3104 οὐρανώσασα
2693 3036 2755 3105 ἠδ.
2774 3034 2849 3088 ῶν
2875 3035 2936 3088 τὸ
2959 3036 3183 3103 γεῶδες,
3215 3039 3389 3110 Κόρη,
3408 3040 3468 3093 τὸ
3487 3041 3737 3114 φύραμα,

2160 3120 2261 3190 τὴν
2309 3123 2609 3191 γεωθεῖσαν
2643 3126 2739 3180 καὶ
2796 3127 3241 3201 καταφθαρεῖσαν
3273 3130 3374 3202 τῆς
3422 3131 3600 3205 ψυχῆς
3634 3152 3733 3207 μου

2163 3211 2378 3266 αῠλακα
2408 3214 2485 3284 τῷ
2528 3215 2723 3288 ὄμϐρῳ
2764 3218 2871 3274 σῶν
2894 3219 3197 3292 οἰκτιρμῶν
3229 3224 3580 3297 καρποφόρον
3614 3229 3729 3298 ἀρε-

2163 3305 2282 3367 ταῖς
2328 3304 2631 3375 ἀνάδειξον,
2679 3308 2890 3379 βοῶσαν
2938 3311 3037 3364 καὶ
3085 3312 3470 3384 ὑπερυψοῦσαν
3500 3317 3737 3388 Χριστὸν

2159 3394 2240 3459 είς
2270 3401 2395 3461 τοὺς
2418 3399 2642 3464 αἰῶνας.

2231 3492 2297 3543 Σὲ
2330 3492 2427 3562 τὴν
2460 3499 2733 3563 κραταιὰν
2765 3498 3106 3567 προστασίαν
3159 3501 3254 3554 καὶ
3293 3500 3518 3571 βεϐαίαν
3546 3503 3734 3559 ἐλπίδα

2157 3584 2525 3655 ἀνυμνοῦντες
2564 3588 2807 3652 εὐσεϐῶς
2838 3591 3295 3662 ὲκδυσωποῦμενο
3334 3593 3437 3651 Τὸν
3466 3596 3594 3650 Υἱόν
3642 3614 3733 3651 σου

2156 3678 2424 3747 δυσώπει,
2457 3680 2721 3753 Παρθένε,
2759 3684 2854 3737 τοῦ
2887 3685 3126 3749 σωθῆναι
3153 3688 3322 3757 ἡμᾶς.

2170 3767 2269 3821 Ἐκ
2298 3766 2405 3822 τοῦ
2446 3771 2717 3838 Κανόνος
2744 3770 2855 3838 τῆς
2893 3773 3199 3843 τετάρτης,
3222 3778 3309 3842 εις
3326 3776 3436 3831 τὸν
3459 3776 3730 3849 Ὀρθρον.

2228 3853 2576 3909 Κατεὺνασον
2626 3857 2717 3911 τὸν
2767 3860 3005 3930 τάραχον
3044 3861 3153 3915 τῶν
3179 3863 3365 3919 παθῶν
3395 3882 3520 3936 μου,
3569 3868 3733 3939 θερά-

2161 3963 2366 3999 πευσον
2396 3948 2465 3999 τὰ
2508 3948 2799 4019 τραύματα
2838 3952 2939 4021 τῆς
2977 3953 3156 4025 ψυχῆς
3193 3972 3317 4025 μου,
3365 3958 3644 4029 ἑξέγειρον
3674 3962 3731 4027 ἐξ

2155 4038 2328 4092 ὕπνου
2362 4057 2428 4109 με
2459 4041 2732 4112 ῥᾳθυμίας
2761 4046 2827 4115 τῇ
2863 4047 3112 4119 μεσιτείᾳ
3150 4064 3265 4110 σου,
3318 4052 3386 4121 τῇ
3423 4054 3731 4125 προστασίᾳ

2155 4148 2272 4198 σου,
2300 4133 2545 4200 παναγία
2572 4133 2860 4201 Δέσποινα,
2889 4136 3340 4209 Μητροπὰρθενε.

2229 4222 2477 4288 Ἀνοιξον
2524 4223 2816 4294 κρούουσιν
2873 4227 3025 4297 ἡμῖν,
3075 4230 3172 4281 καὶ
3223 4230 3284 4282 τὸ
3340 4231 3489 4296 ἔλεος
3521 4233 3583 4286 τὸ
3640 4236 3733 4287 σδν

2154 4314 2674 4386 προσκαλουμένοις,
2709 4318 2904 4389 ταχινὴ
2948 4318 3055 4373 τῶν
3084 4322 3387 4389 ἀνθρώπων
3414 4327 3726 4397 καταφυγὴ,

2150 4408 2246 4461 καὶ
2278 4409 2479 4480 στερρὰ
2517 4410 2574 4460 ὲν
2618 4411 2754 4462 πᾶσι
2793 4410 3043 4483 βοήθεια,
3093 4415 3359 4486 Παρθένε,

2149 4501 2417 4567 ἀνάγκαις
2443 4498 2639 4569 βεϐαία
2663 4505 2985 4573 προστασία.

2216 4593 2295 4663 Τῇ
2326 4591 2558 4664 ὀξυτάτῃ
2593 4611 2689 4648 σου
2728 4597 3014 4670 πρεσϐείᾳ,
3039 4603 3104 4672 τῇ
3122 4601 3383 4674 ἀγρύπνῳ
3408 4621 3500 4657 σου
3526 4607 3725 4678 σκέπῃ,

2153 4687 2219 4756 τῇ
2246 4687 2488 4757 κραταιιᾷ
2528 4704 2644 4752 σου,
2682 4689 2950 4745 Δέσποινα
2998 4694 3159 4765 ἁγνὴ,
3208 4693 3303 4747 νῦν
3351 4696 3577 4769 βοηθείᾳ
3608 4716 3727 4751 ξουν-

2152 4779 2390 4848 τήρησον
2411 4781 2535 4842 τοῦς
2590 4783 2814 4846 πιστούς
2859 4801 2952 4837 σου
3001 4786 3215 4851 οἰκέτας
3247 4787 3311 4841 ἐκ
3363 4789 3545 4860 πάσης
3577 4793 3725 4844 ὲναν-

2146 4869 2266 4931 τίας
2296 4870 2627 4941 προσϐολῆς,
2670 4878 2763 4926 καὶ
2798 4875 3009 4940 παθῶν,
3044 4878 3138 4932 καὶ
3198 4882 3578 4951 πταισμάτων,
3634 4886 3722 4936 καὶ

2146 4963 2471 5032 πειρασμῶν
2494 4964 2777 5021 διάσωσον.

3401 4419 3495 4470 καὶ
3524 4421 3634 4473 τῶν
3672 4424 3730 4473 ὲν

2287 5073 2382 5125 Ἐκ
2424 5075 2533 5128 τοῦ
2561 5077 2833 5140 Κανόνας
2864 5078 2974 5145 τῆς
3004 5080 3304 5151 τετάρτης,
3332 5081 3616 5152 ἑσπέρας.

2211 5161 2509 5226 Συνέλαϐες
2564 5165 2703 5234 ὑπὲρ
2756 5164 2913 5235 λόγον
2964 5168 3058 5219 καὶ
3099 5168 3284 5233 ἔτεκες
3343 5170 3484 5240 ὑπὲρ
3538 5172 3713 5240 φύσιν,

2138 5252 2524 5326 Θεογεννῆτνιρ,
2580 5258 2670 5310 τὸν
2701 5260 2976 5331 Δεσπότην
3026 5261 3122 5330 τῆς
3166 5262 3417 5327 κτίσεως,
3449 5264 3508 5318 ὃν
3542 5265 3717 5318 ἀπαύ-

2141 5362 2281 5409 στως
2320 5349 2585 5418 πρέσϐευε
2623 5352 2891 5421 ῥωσθῆναι
2927 5354 3073 5423 ἡμᾶς
3096 5356 3159 5408 ἐκ
3185 5357 3367 5425 πάσης
3399 5358 3569 5428 ὀργῆς
3595 5358 3716 5421 τούς

2138 5454 2197 5490 σε
2232 5439 2316 5491 ἀεὶ
2380 5444 2799 5512 μακαρίζοντας.

2216 5530 2277 5583 'll
2300 5534 2514 5586 πάντων
2535 5535 2872 5602 δεσπόζουσα
2903 5538 2999 5601 τὰς
3032 5541 3245 5602 ἱκεσίας
3270 5543 3562 5613 δεχομένη,
3615 5542 3708 5595 Δέ-

2137 5640 2350 5689 σποινα,
2381 5626 2490 5679 τῶν
2522 5628 2725 5682 δούλων
2758 5648 2873 5694 σου,
2903 5629 3034 5699 ἀγΐα
3057 5632 3316 5699 Θεοτὸκε,
3347 5636 3441 5689 τοῦ
3492 5640 3711 5700 σκότους

2137 5734 2204 5785 με
2233 5718 2534 5789 λύτρωσαι,
2575 5722 2667 5775 καὶ
2702 5724 2875 5795 πυρὸς
2915 5725 3009 5779 τοῦ
3046 5727 3335 5792 ἀσϐέστου,
3376 5730 3486 5782 τῶν
3529 5731 3708 5783 κακῶν

2136 5826 2235 5878 μου
2262 5811 2327 5861 τὰ
2348 5811 2525 5882 πλήθη
2552 5814 2879 5885 ἐξαλείψασα
2903 5823 2966 5892 τῇ
2989 5822 3044 5875 ἐν
3066 5824 3129 5893 σῇ
3164 5824 3432 5894 μεσιτείᾳ,
3456 5825 3549 5879 καὶ
3580 5825 3709 5896 μόνῃ

2131 5906 2197 5973 τῇ
2238 5902 2359 5975 θεία
2387 5922 2479 5957 σου
2508 5910 2799 5980 πρεσϐεία.
