4038 6598
306 439 439 506 1357

1746 429 2112 494 MARIALE.

3408 432 3541 497 137.8

349 561 477 613 Ὅτι
507 552 742 620 ἀνέδειξε
775 569 833 605 σε
864 551 1017 614 Θεὸς,
1045 548 1289 622 Παρθένε
1314 546 1471 618 ἁγνὴ,
1496 546 1752 617 βοήθειαν
1767 544 1862 598 τοῦ

2038 540 2492 612 Quandoquidem
2528 540 2670 597 Deus
2696 540 2983 597 constituit
3006 550 3055 596 te
3083 540 3307 597 humani
3331 561 3482 613 genu
3502 548 3545 598 is

287 656 479 723 γένους
526 650 637 705 τῶν
687 648 919 720 βροτῶν,
975 646 1049 716 μὴ
1082 644 1305 715 ἐλλίπῃς
1356 644 1590 705 ἐκτενῶς
1638 640 1864 695 καθικε-

288 746 522 797 τεύουσα
551 742 714 795 αὐτὸν
741 740 882 809 ὑπὲρ
910 736 1066 809 ἡμῶν
1094 736 1203 789 τῶν
1236 733 1466 789 πιστῶν.

426 870 527 924 Ἐκ
558 868 664 922 τοῦ
691 865 949 931 κανόνος
970 863 1080 932 τῆς
1111 861 1404 933 πέμπτης,
1437 859 1720 928 ἑσπέρας.

373 974 531 1041 ’Λγία
562 972 831 1043 Παρθένε,
882 969 1054 1041 ἡτῶν
1105 969 1312 1022 πιστῶν
1370 966 1654 1038 ἀντίληψις
1705 967 1864 1038 μόνη,

290 1066 389 1137 τὴν
422 1064 720 1134 πρεσϐείαν
781 1079 879 1116 σου
942 1062 1206 1133 συνεργὸν
1259 1060 1436 1132 καιρῷ
1473 1061 1572 1130 τῆς
1613 1060 1867 1131 νηστείας

292 1162 426 1213 πᾶσι
454 1158 595 1212 δίδου
629 1159 738 1220 τοῖς
760 1155 1022 1209 Θεοτόκον
1075 1155 1249 1227 ἀγνήν
1280 1171 1340 1207 σε
1375 1152 1722 1223 γινώσκουσι.

375 1342 467 1407 Ὠς
496 1341 681 1395 αἰτίαν
731 1356 791 1393 σε
855 1338 1076 1394 πάντων
1105 1339 1215 1393 τῶν
1273 1337 1518 1408 ἀγαθῶν,
1578 1339 1864 1403 Δέσποινα,

290 1437 490 1499 πάντες
546 1433 778 1496 ἐκτενῶς
820 1432 1178 1503 δυσωποῦμεν
1218 1431 1575 1485 συνεισελθεῖν
1627 1432 1774 1502 ἡμᾶς
1802 1432 1866 1501 τῇ

293 1528 547 1597 μεσιτείᾳ
597 1544 690 1579 σου
745 1526 823 1596 τῷ
846 1527 945 1596 τῆς
1001 1524 1255 1595 νηστείας
1305 1525 1499 1594 ἀγῶνι,
1551 1525 1649 1580 καὶ
1692 1525 1867 1596 πέρας

288 1620 646 1691 δωρήσασθαι
688 1618 881 1672 τούτου
912 1620 1199 1689 σωτήριον.

366 1712 625 1783 Καθαρὸν
675 1711 983 1781 ἱλαστήριον
1065 1709 1175 1762 τῶν
1240 1708 1686 1781 ἁμαρτανόντων,
1738 1705 1869 1774 ἁγία

287 1806 579 1871 Δέσποινα,
640 1803 887 1874 μεσιτείᾳ
919 1819 1011 1855 σου
1075 1802 1368 1875 διάρρηξον
1416 1801 1526 1855 τῶν
1580 1801 1869 1872 ἁμαρτιῶν

290 1911 394 1965 μου
424 1894 488 1947 τὸ
526 1893 910 1965 χειρόγραφον.

353 1986 471 2054 Τῆς
496 1984 750 2055 νηστείας
791 1983 966 2046 πύλας
996 1982 1283 2053 μέλλοντες
1317 1979 1679 2052 είσέρχεσθαι,
1711 1980 1864 2033 ἐκδυ-

288 2077 580 2148 σωποῦμέν
611 2094 694 2142 σε,
750 2077 847 2130 τοῦ
896 2076 1034 2130 Θεοῦ
1061 2075 1161 2146 τὴν
1196 2073 1392 2145 πύλην,
1433 2071 1706 2127 συνελθεῖν
1752 2074 1865 2135 τοῖς

285 2170 528 2233 οἰκέταις
560 2186 678 2233 σου,
702 2168 994 2232 Δέσποινα,
1040 2167 1137 2220 καὶ
1165 2165 1431 2219 πλατῦναι
1479 2164 1696 2227 πάντως
1739 2164 1866 2227 τοὺς

286 2262 604 2332 λογισμοὺς,
649 2262 744 2316 καὶ
793 2260 1032 2323 διανοίας
1083 2259 1153 2311 τά
1185 2258 1428 2328 σωτήρια
1488 2255 1745 2327 πράττειν
1798 2255 1867 2309 τὰ

287 2354 593 2425 θελήματα.

365 2446 500 2508 Ταῖς
548 2445 876 2515 φωτοὸόλοις
934 2459 1030 2497 σου
1072 2443 1403 2511 ἀστραπαῖς,
1466 2440 1732 2493 Δέσποινα
1769 2438 1864 2492 τοῦ

287 2538 497 2608 κόσμου
526 2538 728 2607 ἀγαθὴ,
764 2537 825 2590 τὸ
848 2538 948 2608 τῆς
989 2536 1167 2608 ψυχῆς
1199 2554 1301 2608 μου
1333 2534 1606 2588 ἀπέλασον
1654 2534 1866 2595 σκότος,

288 2632 383 2685 καὶ
412 2631 512 2703 τὴν
557 2630 729 2685 νύκτα
772 2632 871 2702 τῆς
916 2629 1194 2701 ἁμαρτίας
1259 2645 1385 2698 μου,
1445 2626 1742 2699 προθύμως
1780 2626 1867 2679 ἵνα

286 2724 476 2794 ψάλλω
507 2725 601 2777 καὶ
633 2724 925 2795 μακαρίζω
954 2740 1035 2775 σε.

358 2816 424 2868 Ἦ
464 2816 601 2885 μόνη
648 2816 710 2869 τὸ
770 2814 995 2878 ἀσθενὲς
1045 2816 1141 2884 τῆς
1190 2813 1537 2886 ἀνθρωπίνης
1581 2812 1867 2885 ὑπάρξεως

288 2907 367 2978 τῷ
394 2907 525 2977 θείῳ
562 2923 656 2960 σου
691 2906 919 2977 τοκετᾷῃ
978 2907 1141 2977 ἁγνὴ,
1183 2904 1556 2978 ἐπιρῤὡσασα,
1610 2904 1869 2973 συνεργός

292 3018 385 3071 μοι
437 3000 635 3071 φάνηθι
685 3001 822 3072 πρὸς
878 3002 941 3054 τὸ
986 3004 1086 3072 τῆς
1136 3001 1389 3071 νηστείας
1452 2999 1671 3053 είσιόντι
1724 2998 1867 3053 θεῖον

292 3096 527 3150 στάδιον.

370 3189 524 3261 Μόνη
554 3187 779 3260 βοήθεια
802 3186 1129 3259 ἀνθρώπων,
1161 3185 1354 3258 βοηθὸς
1385 3188 1517 3257 ἡμῖν
1549 3186 1729 3258 καιρῷ
1768 3185 1867 3256 τῆς

1971 638 2265 700 auxilium;
2300 651 2366 689 nc
2391 635 2635 694 omittas.
2664 650 2696 689 0
2727 634 2888 704 Virgo
2912 644 3090 699 casta,
3123 636 3371 705 impense
3394 654 3546 691 cum-

1966 729 2090 783 dem
2127 744 2223 798 pro
2255 729 2412 783 nobis
2445 728 2695 785 ﬁdelibus
2724 728 3025 798 deprecari.

2248 850 2332 904 Ea:
2368 867 2567 906 canone
2591 854 2644 906 in
2674 851 2758 906 die
2784 852 2988 920 quinta,
3030 850 3268 919 Vespere.

2044 962 2208 1036 304
2235 963 2279 1018 Ο
2312 964 2473 1033 Virgo
2500 974 2710 1027 sancta,
2733 964 2953 1019 unicum
2981 965 3219 1020 lidelium
3249 966 3540 1031 auxilium,

1966 1060 2208 1115 concede
2249 1057 2570 1128 adiutricem
2610 1059 3060 1114 intercessionem
3113 1069 3261 1114 tuam
3302 1073 3544 1132 tempore

1966 1149 2182 1221 ieiunii,
2227 1152 2481 1206 omnibus
2510 1160 2560 1207 te
2609 1150 2893 1223 Deiparam
2941 1163 3148 1208 castam
3198 1159 3545 1225 agnoscenti-

1969 1243 2095 1298 bus.

2040 1331 2137 1398 Te,
2163 1344 2223 1388 ut
2248 1335 2491 1389 omnium
2540 1335 2809 1391 bonorum
2853 1354 3100 1406 causam,
3132 1339 3381 1407 Domina,
3418 1346 3542 1397 uni-

1970 1427 2114 1481 versi
2144 1427 2346 1483 obnixe
2373 1428 2753 1498 deprecamur,
2789 1440 2846 1484 ut
2876 1442 2929 1485 te
2962 1434 3299 1497 mediatrice,
3325 1436 3375 1488 iu
3407 1436 3550 1505 jeju-

1970 1519 2044 1573 nii
2089 1536 2318 1587 agonem
2359 1522 2523 1576 simul
2563 1523 2987 1587 descetnlztmus,
3039 1534 3093 1579 et
3137 1527 3202 1580 ad
3238 1529 3544 1597 salutarem

1983 1612 2230 1683 ejusdem
2258 1616 2418 1668 linem
2446 1615 2822 1671 deveniamus.

2040 1705 2241 1761 Purum
2297 1708 2643 1777 peccantium
2712 1710 3177 1779 propitiatorium,
3222 1728 3260 1765 o
3319 1711 3547 1770 Domina

1972 1809 2189 1863 sancta,
2219 1800 2617 1854 intercessione
2647 1810 2734 1854 tua
2767 1799 2992 1872 eﬂ‘ringe
3019 1811 3365 1872 peccatorum
3404 1822 3550 1859 meo.

1896 1897 1939 1956 Β
1969 1906 2088 1946 rum
2111 1890 2555 1960 chirographum.

2045 1980 2245 2054 Jejunii
2270 1992 2483 2052 portam
2508 1984 2828 2053 ingressuri,
2855 1991 2906 2039 te
2933 1983 3025 2040 Dei
3057 1998 3265 2057 portam
3290 1991 3549 2060 deprecao

1968 2089 2111 2137 mur,
2154 2090 2189 2131 ο
2223 2074 2473 2138 Domina,
2506 2084 2564 2129 ιιι
2588 2076 2813 2144 adjuves
2838 2077 3071 2134 famulos
3097 2092 3238 2144 tuos,
3268 2094 3429 2151 atque
3459 2100 3550 2153 pe.

1972 2168 2123 2221 nitus
2190 2169 2384 2223 dilates
2423 2176 2633 2223 mentes
2687 2179 2743 2224 et
2781 2169 3138 2239 cogitationes
3178 2175 3248 2228 ad
3283 2178 3546 2243 salutaria

1969 2257 2238 2313 desideria
2272 2259 2626 2329 perﬁcienda.

2026 2440 2404 2498 Lucillissimis
2456 2444 2839 2513 spiendoribus
2890 2447 3035 2517 tuiSj,
3083 2463 3117 2502 ο
3174 2447 3315 2503 bona
3349 2451 3540 2503 mundi

1972 2532 2223 2595 Domina,
2270 2533 2482 2587 discute
2523 2534 2777 2588 tenebras
2823 2536 3018 2589 anima:
3055 2552 3208 2602 mea},
3238 2546 3291 2592 et
3331 2548 3544 2592 noctem

1969 2622 2176 2691 peccati
2229 2622 2361 2687 mei,
2413 2632 2470 2677 ut
2514 2624 2769 2679 alacriter
2818 2625 3067 2693 psallam,
3119 2635 3283 2697 teque
3334 2628 3547 2684 bcatili-

1966 2731 2109 2771 eem.

2043 2808 2087 2863 0
2117 2818 2288 2876 casta,
2323 2825 2444 2879 qua:
2474 2810 2585 2865 Sola
2620 2812 2807 2866 divino
2838 2822 2992 2882 partu
3026 2824 3121 2869 tuo
3156 2816 3410 2871 humanae
3444 2833 3549 2871 na-

1971 2909 2107 2954 turae
2140 2901 2566 2956 imbecillitatem
2595 2905 3000 2969 corroborasti;
3031 2915 3149 2961 esto
3194 2909 3325 2961 mihi
3382 2913 3541 2963 auxi-

1968 2992 2171 3058 liatrlx,
2205 2993 2333 3049 dum
2364 2995 2608 3050 divinum
2639 2997 2837 3067 jejunii
2877 2999 3113 3054 stadium
3145 2999 3441 3068 ingredior.

2042 3180 2276 3238 Unicum
2327 3181 2613 3237 hominum
2661 3184 2952 3250 auxilium,
3000 3194 3120 3240 esto
3172 3186 3332 3242 nobis
3373 3189 3549 3243 servis

292 3281 625 3353 ἐγκρατείας
649 3284 764 3345 τοῖς
801 3282 915 3345 σοῖς
950 3280 1167 3344 δούλοις
1201 3279 1384 3349 γενοῦ,
1424 3280 1573 3343 ὅπως
1592 3280 1652 3332 ὲν
1703 3295 1867 3348 μετα-

1976 3277 2085 3331 tuis
2118 3274 2353 3344 adiutrix
2401 3284 2643 3345 tempore
2673 3278 3047 3343 abstinentiae;
3087 3288 3140 3333 nt
3177 3280 3232 3333 in
3279 3281 3553 3351 pmniten-

290 3375 411 3445 νοίᾳ
434 3374 853 3446 εὑαρεστοῦντες
882 3373 1144 3445 λάὸωμεν
1176 3371 1422 3443 οὐρανῶν
1442 3371 1541 3444 τὴν
1564 3370 1864 3443 βασιλείαν.

364 3558 676 3630 Θεοκυῆτορ
698 3558 963 3628 πάναγνε,
987 3557 1081 3610 ἐπὶ
1104 3557 1164 3611 σὶ
1193 3556 1637 3628 καταφεύγομεν,
1663 3556 1867 3611 οῐκτει-

292 3663 387 3717 ρον
409 3647 557 3717 ἡμᾶς
586 3650 653 3718 τῇ
684 3645 865 3718 ἀγαθῇ
892 3645 1161 3719 πρεσϐείᾳ
1184 3662 1301 3713 σου,
1327 3645 1421 3699 καὶ
1442 3645 1583 3699 δίδου
1619 3645 1868 3701 εύῖλατον

289 3738 382 3791 τὸν
411 3737 539 3791 Υίόν
567 3755 658 3792 σου
686 3739 782 3793 καὶ
808 3739 1013 3811 Κύριον
1036 3738 1242 3792 ἀπσσιν
1289 3740 1424 3810 ἡμῖν
1480 3740 1539 3792 ὲν
1569 3739 1648 3810 τῷ
1689 3740 1869 3812 καιρῷ

290 3832 393 3901 τῆς
430 3833 706 3903 νηστείας,
733 3833 833 3903 τῆς
862 3831 959 3885 νῦν
1012 3832 1377 3904 εἰσαγομένης
1403 3835 1484 3898 είς
1526 3834 1736 3887 πιστῶν
1760 3852 1869 3890 σω-

287 3923 486 3992 τηρίαν
506 3923 613 3976 τῶν
632 3941 691 3976 σε
709 3924 1151 3994 ύμνολογούντων
1167 3926 1248 3989 είς
1268 3924 1477 3989 πάντας
1498 3926 1623 3989 τοὺς
1642 3925 1866 3989 αἰῶνας.

361 4014 830 4069 Καταπιπτόντων
899 4017 1295 4087 ἐπανόρθωσις,
1377 4018 1722 4091 ἁμαρτωλῶν
1769 4036 1868 4089 μεν

294 4108 455 4171 σῖτις,
521 4107 689 4174 ξένων
746 4108 1031 4180 ἀνάφυξις,
1088 4108 1442 4179 λυπουμένων
1498 4110 1865 4179 παράκλησις,

294 4198 539 4267 παναγία
577 4199 847 4271 Παρθένε,
890 4202 990 4270 τὴν
1019 4200 1119 4269 τῆς
1154 4198 1331 4271 ψυχῆς
1396 4216 1500 4271 μου
1546 4200 1724 4274 λύπην
1754 4202 1867 4255 δια-

291 4292 579 4358 σκέδασον,
631 4292 793 4363 ἁγνὴ,
854 4294 948 4347 καὶ
997 4293 1347 4363 παράκλησιν
1400 4293 1605 4348 ἀνωθεν
1636 4295 1699 4347 ὲκ
1728 4293 1867 4346 Θεοῦ

294 4405 388 4456 μοι
441 4387 663 4457 δοθῆναι
718 4387 981 4451 δυσώπει,
1030 4387 1362 4459 μελῳδοῦντι
1412 4387 1732 4459 προθύμως,
1774 4387 1867 4441 καὶ

290 4478 663 4549 ὑπεροψοῦντί
692 4497 751 4532 σε
784 4481 863 4543 είς
904 4482 1109 4546 πάντας
1139 4481 1265 4544 τοὺς
1289 4480 1512 4543 αἰῶνας.

1974 3369 2071 3432 tia,
2108 3367 2218 3422 Deo
2239 3367 2443 3437 placite
2490 3367 2848 3440 hilariterque
2874 3370 3195 3436 servientes,
3223 3372 3551 3442 recipiamus

1973 3475 2196 3528 regnum
2228 3460 2513 3519 caelorum.
3390 3522 3393 3523 ν

2038 3550 2084 3606 0
2117 3551 2423 3607 castissima
2466 3551 2561 3608 Dei
2618 3551 2889 3620 Genitrix,
2931 3558 2996 3609 ad
3041 3563 3094 3609 te
3139 3555 3489 3627 confugimus
3532 3579 3545 3614 :

1972 3649 2234 3703 miserere
2257 3648 2432 3703 nostri
2468 3649 2699 3720 benigna
2736 3650 3133 3707 intercessione
3159 3662 3275 3719 tua,
3304 3663 3359 3710 et
3384 3656 3550 3711 redde

1972 3742 2265 3813 propitium
2296 3742 2495 3798 Filium
2520 3751 2671 3797 tuum
2707 3759 2768 3799 ac
2794 3743 3082 3798 Dominum
3114 3746 3271 3802 nobis
3292 3749 3553 3802 omnibus

1972 3842 2215 3902 tempore
2250 3832 2447 3902 jejunii
2485 3848 2629 3888 nunc
2660 3832 2993 3902 incipientis,
3037 3834 3093 3888 in
3136 3836 3370 3890 salutem
3412 3837 3547 3893 lide-

1973 3924 2104 3980 lium
2133 3941 2146 3977 :
2180 3924 2271 3993 qui
2299 3934 2350 3979 te
2382 3925 2600 3996 hymnis
2622 3925 2899 3979 celebrant
2930 3941 3024 3995 per
3048 3928 3231 3983 omnia
3256 3930 3475 3986 sarcula.

2042 4016 2363 4073 Labeatium
2409 4019 2653 4084 ercetio;
2687 4020 3035 4089 peccantium
3083 4022 3405 4088 mcdiatrix;
3451 4039 3549 4093 pc-

1972 4113 2317 4181 regrinorum
2346 4111 2726 4184 refrigerium;
2760 4114 2995 4169 tristium
3034 4116 3365 4180 consolatio,
3386 4116 3550 4188 Virgo

1973 4205 2356 4271 sanctissima;
2391 4206 2559 4260 animi
2593 4208 2696 4261 mei
2729 4222 3018 4263 mmrorem
3046 4207 3549 4279 dispelle,o-casta.

1972 4304 2027 4352 et
2072 4298 2298 4368 impctra
2320 4297 2483 4369 305
2530 4299 2662 4352 mihi
2696 4300 2950 4368 precibus
2984 4302 3092 4356 luis
3116 4318 3148 4357 a
3178 4301 3289 4357 Deo
3314 4303 3551 4374 desuper

1972 4392 2437 4459 consolationem;
2503 4392 2635 4447 dum
2700 4392 2945 4447 hilariter
3015 4410 3176 4461 cano,
3228 4404 3394 4467 teque
3444 4416 3541 4452 su-

1972 4482 2248 4552 perexaito
2287 4499 2382 4554 per
2414 4485 2599 4538 omnia
2630 4486 2854 4540 smeula.

361 4573 635 4641 Φιλάγαθε
653 4574 921 4644 Παρθένε,
941 4574 1033 4627 τὸν
1057 4574 1262 4642 ἀγαθὸν
1289 4574 1322 4644 ἡ
1341 4573 1578 4627 τεκοῦσα
1604 4571 1862 4642 Σωτῆρα,

2043 4578 2230 4631 Amica
2262 4577 2533 4633 bonorum
2576 4578 2765 4649 Virgo,
2804 4596 2924 4649 qum
2970 4581 3172 4636 bonum
3209 4582 3547 4638 Snlvatorem

290 4659 564 4726 ἁγάθυνον
592 4662 799 4724 πάντας
825 4664 997 4734 ἡμᾶς,
1040 4664 1266 4717 πάθεσιν
1297 4663 1559 4733 ἀμέτροις
1588 4662 1685 4716 καὶ
1715 4664 1865 4730 λογι-

294 4755 456 4821 σμοῖς
495 4756 939 4827 κεκακωμένους,
986 4757 1275 4821 Δέσποινα,
1314 4757 1409 4809 καὶ
1455 4755 1866 4827 βεδαρυμένους

289 4848 577 4919 ἁμαρτιῶν
606 4850 847 4921 φορτίοις
869 4850 1317 4917 δυσόαστάκτοις,
1344 4852 1429 4904 ἵνα
1454 4869 1514 4905 σε
1548 4850 1869 4921 καταχρέως

291 4941 367 5005 ῶς
423 4943 690 4995 θεοτόκον
743 4943 1164 5013 μεγαλύνωμεν.

359 5130 424 5182 Ἥ
461 5130 773 5201 προστασία
809 5129 1031 5185 πάντων
1069 5131 1181 5184 τῶν
1227 5131 1306 5195 είς
1332 5131 1393 5184 οὲ
1445 5132 1807 5197 πεποιθότων,
1836 5134 1870 5203 ἡ

289 5223 349 5272 ὲν
378 5220 649 5288 ἀνάγκαις
684 5219 962 5291 ἄγρυπνος
1005 5222 1327 5292 ὑπάρχουσα
1375 5224 1693 5293 προστάτις,
1745 5224 1870 5277 Θεο-

290 5312 439 5373 τόκε,
470 5311 572 5381 τῆς
609 5310 970 5382 αἰωνιζούσης
1010 5312 1279 5384 λύτρωσαι
1311 5315 1460 5385 ἡμᾶς
1507 5315 1868 5385 γεέννηο,καὶ

291 5401 403 5455 τῶν
436 5401 818 5472 ἀποκειμένων
852 5403 1128 5458 κολάσεων
1165 5405 1404 5475 πικρῶν,
1429 5406 1578 5468 ὅπως
1611 5424 1871 5476 χρεωστι-

291 5499 404 5560 κῶς
438 5496 817 5568 ὑμνοῦμενςτά
860 5498 1125 5567 μεγαλείά
1149 5515 1265 5551 σου.

943 5606 1127 5678 *Ηχος
1151 5611 1231 5674 β’.

305 5700 409 5753 Ἐκ
438 5698 544 5775 τοῦ
567 5700 829 5766 κανόνος
859 5699 973 5768 τῆς
1002 5699 1287 5768 δευτέρας
1320 5697 1429 5767 τῆς
1450 5699 1773 5769 ἑϐδομάδος
1797 5708 1869 5755 α’.

361 5816 426 5869 Ἡ
486 5816 586 5886 τὴν
646 5817 832 5885 πηγὴν
879 5816 979 5888 τῆς
1049 5815 1318 5878 ἀπαθείας
1387 5814 1643 5883 κυήσασα
1704 5831 1874 5884 τραυ-

293 5910 625 5980 ματισθέντα
676 5909 895 5977 πάθεσι,
972 5910 1145 5982 Κόρη,
1201 5907 1559 5981 θεράπευσον,
1618 5908 1712 5959 καὶ
1774 5926 1874 5959 πυ-

1977 4671 2259 4739 pcperisti,
2296 4671 2472 4725 bonos
2513 4670 2663 4726 eﬂice
2718 4688 2818 4729 nos
2860 4674 3171 4740 universos,
3214 4691 3245 4730 o
3298 4677 3549 4739 Domina,

1976 4763 2353 4819 immoderatis
2394 4765 2564 4819 animi
2610 4769 3117 4835 perturbationibus
3151 4780 3209 4825 et
3259 4773 3550 4841 cogitatio-

1974 4854 2137 4908 nibus
2167 4854 2338 4909 malos
2374 4856 2621 4921 eﬂ'ectos,
2657 4869 2709 4911 ct
2733 4857 3176 4927 importabilibus
3203 4871 3549 4930 peccatorum

1975 4944 2209 5001 sarcinis
2238 4956 2515 5016 gravatos,
2552 4958 2612 5001 ut
2635 4958 2706 5012 te,
2739 4959 2897 5017 prout
2918 4965 3135 5019 {equum
3160 4961 3264 5017 est,
3292 4960 3549 5022 tanquam

1975 5038 2262 5109 Deiparam
2284 5040 2677 5110 gloriﬁcemus.

2040 5130 2085 5185 Ο
2114 5132 2490 5201 omnium,qui
2520 5132 2572 5185 in
2599 5143 2649 5185 te
2679 5130 2976 5197 conﬁdunt,
3004 5132 3390 5202 patrocinium,
3431 5149 3554 5204 quae

1978 5224 2393 5296 vigilantissima
2422 5224 2475 5278 in
2500 5225 2921 5279 necessitatibus
2944 5241 3003 5280 es
3029 5229 3355 5295 protectrix;
3384 5226 3551 5281 libera

1978 5334 2100 5383 nos,
2129 5334 2162 5371 o
2196 5318 2445 5388 Deipara,
2475 5334 2506 5372 a
2538 5318 2783 5389 gehenna
2814 5320 3064 5389 perenni,
3091 5330 3144 5375 et
3164 5321 3232 5375 ab
3261 5321 3551 5375 amarissi—

1978 5411 2085 5464 mis
2109 5410 2389 5479 suppliciis
2417 5410 2531 5479 jam
2568 5412 2905 5480 praeparatis,
2948 5420 3006 5466 ut
3042 5411 3223 5467 debite
3267 5413 3555 5469 laudemus

1977 5504 2247 5573 magnalia
2270 5514 2384 5559 tua.

2602 5611 2840 5668 TONUS
2870 5612 2934 5668 Il.

2602 5613 2643 5666 T
2701 5613 2745 5665 N
2802 5612 2840 5666 S
2870 5612 2934 5668 Il.

1981 5706 2065 5759 Ea:
2077 5720 2275 5759 canone
2290 5703 2437 5773 ferite
2462 5717 2498 5755 ιι
2528 5612 2715 5771 primore
2740 5612 3080 5757 IiJcbdomadre
3100 5702 3554 5776 Quadragesimw.

2052 5814 2512 5884 lmpassibilitatis
2537 5813 2740 5869 fontem
2767 5814 2950 5879 enixa,
2984 5833 3072 5871 me
3100 5818 3417 5888 passionum
3446 5822 3559 5874 vnl.

1982 5907 2204 5963 aeribus
2221 5906 2534 5963 conlectum
2569 5907 2780 5963 medica
2811 5924 2973 5963 manu
3006 5925 3160 5975 cura,
3186 5926 3219 5965 ο
3246 5910 3429 5966 Puella
3462 5930 3474 5964 :
3506 5919 3561 5967 et
