4038 6592
498 387 634 453 Ῑῒζῖ>9

1626 387 1684 446 5.
1726 386 2037 447 JOSEPIII
2080 388 2641 449 HYMNOGRAPIII

3611 398 3751 458 12(ῒο

493 502 563 554 ab
590 501 710 568 igne
740 504 946 551 interno
978 495 1125 566 eripe
1154 510 1261 559 me,
1323 511 1442 564 qua:
1496 495 1610 549 sola
1657 511 1716 549 es
1770 496 1861 551 Dei
1899 497 2071 565 gratia

2181 497 2272 568 ρος
2338 498 2553 551 αἰωνίου
2621 498 2928 569 ὲξὰρπασόν
3002 516 3101 570 με,
3172 501 3306 571 μόνη
3370 503 3752 575 Οεοχαρίτωτε.

492 590 810 661 plenissima
836 588 972 657 (45).

565 704 671 770 Τυ,
701 720 735 758 o
770 713 941 767 casta,
968 718 1088 772 quae
1114 701 1410 756 cmlilicasti
1434 701 1799 756 substantiam
1826 712 2065 755 nostrain

493 809 766 853 terrenam
804 806 859 851 et
917 797 1362 865 corruptibileni;
1415 794 1642 849 ferventi
1677 796 2068 850 intercessione

496 904 587 947 tua
624 892 708 945 l'ac
741 900 797 943 ut
826 891 1129 960 dirigantur
1162 904 1349 959 preces
1384 898 1437 942 et
1481 889 1903 958 supplicationes
1966 904 2067 942 tio-

499 995 629 1039 strze
667 981 732 1034 ad
771 991 924 1035 tuum
951 990 1115 1050 atque
1146 980 1389 1033 ouinium
1430 980 1593 1032 [leum
1626 990 1676 1033 et
1704 979 1927 1049 lli-gem.

562 1095 897 1149 Inﬁrmatant
985 1094 1243 1148 omnibus
1318 1092 1685 1164 pessimorum
1759 1092 2064 1146 daemonum

492 1188 874 1243 invasionilnis
912 1186 1168 1240 miseram
1212 1186 1452 1239 animam
1509 1200 1708 1246 meam.
1768 1184 2003 1246 medica,
2033 1199 2066 1237 ο

495 1279 720 1331 Domina
744 1278 1091 1331 immaculata
1110 1277 1246 1348 (At),
1277 1286 1330 1331 tit
1352 1292 1473 1347 qua:
1501 1275 1768 1330 medicum
1788 1274 2064 1329 Christum

492 1370 920 1440 redemptionem
946 1378 1186 1424 nostram
1211 1368 1465 1439 peperisti
1489 1386 1502 1421 :
1533 1378 1584 1423 te
1604 1368 1773 1432 enim,
1801 1382 1833 1421 0
1855 1365 2063 1433 Puella,

492 1462 765 1532 Virginem
800 1461 1174 1531 incorruptam
1208 1460 1549 1532 agnovimus.

1121 1590 1355 1647 TONUS
1384 1592 1449 1647 ll.

662 1722 745 1778 Ex
776 1736 975 1777 canone
1000 1720 1146 1791 ferite
1182 1738 1240 1775 ιιι
1269 1720 1504 1791 ejusdem
1535 1719 1900 1774 liebdoniudce.

558 1854 601 1909 Ο
634 1863 797 1921 terra,
830 1855 898 1909 ab
971 1853 1205 1907 aratoris
1252 1869 1414 1906 manu
1467 1852 1747 1917 immunis,
1796 1868 1917 1922 quae
1945 1853 2070 1908 uni-
2102 1865 2144 1922 Β

494 1948 638 2002 versi
671 1945 1006 1999 Nuti-itorem
1043 1944 1375 2016 produxisti,
1420 1946 1512 2015 qui
1555 1946 1807 2014 aperiens
1846 1961 2065 2000 manum

491 2038 829 2109 beneplacito
861 2038 1024 2108 306
1071 2052 1194 2103 suo,
1243 2037 1432 2106 implet
1457 2052 1617 2091 omne
1646 2038 1847 2091 animal
1885 2038 2067 2091 divina

492 2129 690 2181 virtute
724 2146 736 2180 :
772 2127 1004 2181 formica
1034 2140 1173 2196 pane
1198 2126 1345 2180 vitali
1381 2125 1547 2179 corda
1582 2136 1769 2181 nostra
1794 2126 2069 2181 debilitata

491 2238 553 2275 ac
584 2222 753 2274 fracta
793 2236 858 2273 ex
914 2222 1163 2273 satietate
1210 2218 1664 2289 gravissimorum
1719 2229 2067 2289 peccatorum

492 2321 831 2366 nostrorum.

558 2420 603 2474 0
629 2420 717 2475 Dei
741 2419 985 2475 Genitrix
1017 2428 1192 2485 casta,
1212 2420 1535 2475 medicinam
1560 2421 1757 2475 adliibe
1793 2421 2069 2478 ulceribus

491 2510 688 2566 anima:
720 2526 873 2576 meae,
906 2510 1195 2579 cordisque
1248 2510 1616 2578 passionibus,
1650 2527 1713 2565 ac
1740 2512 1944 2566 mentis
1974 2528 2069 2566 vo-

496 2600 793 2666 lubilitati;
826 2601 1027 2671 quippe
1060 2615 1178 2669 quae
1206 2601 1318 2654 sola
1348 2609 1700 2669 peccatorum
1735 2618 1795 2657 es
1842 2605 2074 2658 auxilia-

496 2692 627 2755 trix,
660 2700 714 2746 et
743 2708 932 2746 murus
956 2706 1147 2746 eorum
1178 2692 1271 2762 qui
1302 2691 1539 2747 hostium
1576 2694 2071 2763 deprtedationibus

491 2793 620 2839 sunt
648 2784 902 2854 expositi.

562 2894 695 2961 Quis
752 2894 966 2950 auditas
1018 2893 1179 2949 faciet
1208 2894 1395 2950 laudes
1447 2905 1589 2961 tuas,
1645 2912 1677 2952 o
1720 2896 1905 2968 Virgo,
1937 2913 2060 2968 qua:

492 2986 895 3057 inexcogitabili
925 2987 1085 3040 modo
1117 2988 1374 3057 peperisti
1425 2990 1751 3045 laudabilem
1806 2990 2067 3047 Domina-

493 3092 664 3135 iorem
724 3094 787 3134 ac
835 3077 1147 3146 Dominum,
1200 3096 1362 3149 quem
1439 3083 1687 3152 primarii
1752 3083 2069 3153 angelorum

2278 699 2337 750 Ἥ
2374 698 2733 768 ούρανὼοασα
2758 700 2910 770 ἡμῶν
2944 702 3042 770 τὴν
3100 700 3274 771 γεώδη
3332 705 3425 755 καὶ
3482 704 3750 774 φθαρτὴν,

2178 792 2334 859 ἁγνὴ,
2355 791 2564 853 οὐσίαν,
2593 795 2658 860 τῇ
2693 791 2869 861 Οερμῇ
2894 808 2987 844 σου
3022 792 3290 864 πρεσϐείᾳ
3314 796 3751 864 κατευθυνοῆναι

2174 882 2333 951 ἡμῶν
2362 882 2629 949 ἐντεύξεις
2664 883 2759 935 καὶ
2791 884 3003 954 δεήσεις
3043 885 3268 953 ποίησον
3312 886 3446 957 πρὸς
3504 888 3596 940 τὸν
3656 890 3749 940 σὺν

2176 976 2271 1027 καὶ
2302 976 2519 1027 πάντων
2550 975 2684 1028 Θεὸν
2712 978 2805 1029 καὶ
2839 976 3085 1047 βασιλέα.

2258 1086 2726 1156 Ἐξασθενήσασαν
2753 1087 2954 1152 πάσαις
2986 1087 3313 1157 προσϐολαῖς
3336 1088 3443 1141 τῶν
3470 1089 3749 1143 κακίστων

2174 1176 2444 1245 δαιμόνων
2474 1177 2571 1248 τὴν
2602 1178 2789 1231 ἀθλίαν
2824 1198 2923 1251 μου
2952 1180 3129 1251 ψυχὴν
3165 1182 3335 1245 ἴασαι,
3370 1182 3603 1251 ἄχραντε
3651 1182 3751 1233 Δὲο

2180 1286 2396 1332 σποινα,
2458 1272 2643 1341 ἰατρὸν
2683 1275 2933 1327 τετοκυῖα
2956 1273 3186 1344 Χριστὸν
3214 1276 3311 1343 τὴν
3371 1272 3753 1343 ἀπολύτρωσιν

2176 1362 2358 1433 ἡμῶν,
2389 1362 2502 1417 τῶν
2535 1365 2757 1418 εἰδότων
2792 1381 2849 1418 σε
2896 1366 3065 1436 κόρην
3090 1365 3362 1437 Παρθένον
3396 1366 3748 1437 ἀδιάφθορον.

2832 1564 3016 1617 ΙΙΧΟΣ
3052 1562 3126 1618 B'.

2175 1693 2272 1744 ἐκ
2306 1693 2409 1747 τοῦ
2434 1693 2700 1759 Κανόνος
2720 1694 2828 1761 τῆς
2853 1694 3052 1762 τρίτης
3069 1694 3177 1762 τῆς
3193 1692 3379 1762 αὐτῆς
3402 1691 3749 1761 ἑϐδομάδος.

2258 1842 2320 1893 Ἦ
2353 1840 2763 1911 ἀγεώργητοςή
2804 1840 2876 1909 γῆ
2907 1842 2939 1909 ἡ
2973 1840 3321 1930 βλαστήσασα
3366 1838 3457 1892 τὸν
3484 1838 3577 1891 τοῦ
3620 1854 3754 1890 παν-

2173 1932 2263 1995 τὸς
2296 1930 2514 2002 Τροφέα
2549 1931 2636 1983 τὸν
2670 1931 3027 1997 ὑπανοίγοντα
3064 1928 3249 2001 χεῖρα,
3294 1930 3388 1981 καὶ
3419 1928 3640 1996 εὐδοκία
3683 1930 3750 1994 τῇ

2172 2020 2338 2075 αὐτοῦ
2380 2020 2759 2090 ἐμπιπλούντα
2796 2021 2902 2072 πᾶν
2934 2020 3073 2082 ζῶον
3136 2018 3292 2089 ἰσχύϊ
3346 2018 3524 2090 Θεῖκῃ,
3557 2021 3751 2086 στήρι-

2174 2112 2261 2175 ξον
2296 2110 2446 2180 ἄρτῳ
2482 2109 2699 2180 ζωτικῷ
2736 2111 3076 2181 παρειμένας
3107 2111 3338 2180 καρδίας
3367 2109 3444 2179 τῷ
3473 2111 3621 2180 κόρῳ
3640 2110 3751 2161 τῶν

2170 2203 2449 2272 δυσχερῶν
2480 2202 2639 2273 ἡμῶν
2673 2204 3109 2274 παραπτὼσεων.

2241 2413 2607 2484 θεογεννῆτορ
2646 2413 2804 2484 ἁγνὴ,
2853 2414 2954 2483 τῆς
2996 2413 3171 2483 ψυχῆς
3228 2431 3328 2483 μου
3372 2411 3440 2464 τὰ
3467 2412 3599 2481 ἕλκη
3655 2412 3755 2465 καὶ

2174 2503 2403 2573 καρδίας
2430 2504 2497 2556 τὰ
2533 2504 2701 2572 πάθη,
2756 2506 2850 2558 καὶ
2878 2506 2999 2569 νοὸς
3028 2504 3128 2568 τὰς
3162 2503 3434 2574 ἐκτροπὰς
3468 2503 3745 2572 θεράπευ-

2175 2611 2287 2657 σον,
2317 2594 2392 2658 ὼς
2429 2595 2563 2666 μόνη
2589 2596 2931 2667 ἁμαρτωλῶν
2970 2596 3160 2667 βοηθὸς
3214 2596 3310 2649 καὶ
3358 2596 3755 2666 πορθουμένων

2173 2705 2227 2741 τε
2240 2705 2372 2758 ιχος.

2243 2891 2341 2955 Τίς
2359 2890 2601 2955 ἀκούσας
2622 2891 2843 2961 ποιήσει
2866 2891 2964 2953 τὰς
2989 2891 3225 2953 αἱνέσεις
3251 2905 3344 2941 σου
3362 2888 3459 2957 τῆς
3483 2886 3756 2954 τεκούσης

2173 2984 2315 3056 ὑπὲρ
2340 2985 2464 3039 νοῦν
2508 2984 2601 3037 τδν
2652 2984 2865 3037 αίνετὸν
2921 2984 3016 3036 καὶ
3068 2983 3369 3051 Δεσπότην,
3433 2981 3593 3050 ἁγνὴ,
3651 2982 3756 3031 καὶ

2172 3078 2399 3147 Κύριον,
2430 3077 2489 3130 ὃν
2517 3076 2904 3147 ύπεραινοῦσιν
2925 3077 3175 3144 ἀγγέλων
3202 3074 3538 3145 ταξιαρχίαις
3576 3072 3758 3124 Αὑτὸν

490 3169 716 3224 ordines
746 3169 1079 3224 collaudant.
1116 3168 1381 3225 Eumdem
1413 3180 1467 3225 tu
1497 3173 1815 3241 deprecare,
1850 3191 1882 3227 υ
1904 3172 2069 3243 Virgo

2176 3164 2270 3222 οὖν
2314 3168 2623 3222 ὲκδυσώπει
2671 3170 2811 3241 ὑπὲρ
2866 3168 2997 3223 λαοῦ
3038 3168 3446 3238 ἡμαρτηκότος,
3502 3163 3754 3235 Παροένε

492 3265 740 3334 innupta,
771 3277 868 3333 pro
894 3264 1117 3333 populo,
1172 3264 1267 3334 qui
1315 3279 1436 3319 sese
1466 3268 1703 3335 peccatis
1752 3265 2066 3321 obstrinxit.

1101 3384 1340 3443 TONUS
1386 3387 1450 3445 ll.

652 3498 732 3553 Ea:
764 3514 964 3553 canone
990 3497 1140 3567 feria:
1172 3514 1222 3553 tv
1252 3500 1487 3568 ejusdem
1526 3501 1884 3556 licbdoniadw.

564 3640 647 3695 Tit
681 3657 803 3711 qua:
827 3642 880 3696 in
917 3656 1109 3697 omnes
1164 3653 1448 3697 creaturas
1492 3660 1714 3701 exerces
1750 3647 2060 3717 imperium,

494 3750 528 3789 θ
555 3734 817 3802 Domina;
852 3736 1052 3806 quippe
1082 3751 1205 3807 qua:
1231 3734 1523 3791 Dominum
1576 3738 1754 3809 ipsum
1786 3742 2065 3811 peperisti,

496 3830 663 3882 libera
694 3843 781 3882 me
818 3844 845 3881 a
878 3828 1140 3884 servitute
1170 3829 1345 3885 dolosi
1377 3830 1620 3885 omnium
1654 3831 1846 3889 liostis.

570 3919 647 3975 Te
674 3920 1028 3991 relulgentem
1061 3922 1389 3993 lampadem,
1440 3930 1492 3978 et
1529 3922 1830 3990 lucernam,
1864 3923 1916 3979 in
1959 3941 2065 3995 qua

495 4012 634 4084 ignis
660 4010 971 4068 Divinitatis
1002 4023 1376 4071 commoratus
1407 4014 1735 4070 illuminavit
1760 4031 1854 4073 eos
1887 4019 1978 4087 qui
2010 4019 2066 4072 in

566 4190 702 4259 (i3).
738 4190 995 4246 «Plenum
1020 4191 1223 4262 (inquit
1254 4190 1545 4248 Pelbartus
1570 4194 1622 4247 in
1652 4192 1904 4247 Stellario
1928 4195 2053 4249 libr.

497 4278 571 4327 tv,
596 4277 666 4334 τι,
690 4263 739 4325 l,
772 4262 907 4334 (ιθ,
947 4278 999 4316 a.
1040 4263 1094 4334 5)
1126 4273 1209 4317 est
1232 4264 1408 4334 cujus
1439 4266 1585 4319 nulla
1621 4280 1746 4331 pars
1767 4276 1849 4321 est
1873 4280 2066 4329 vacua,

496 4348 569 4393 tv,
613 4330 971 4404 Pliys.’Ergo,
1012 4330 1192 4387 subdit
1230 4330 1393 4398 idem,
1432 4350 1559 4404 pars
1602 4330 1850 4404 originis,
1882 4336 1933 4389 id
1964 4347 2069 4399 est,

497 4404 868 4475 conceptioiiis
895 4402 1098 4468 Mat-lie,
1142 4420 1246 4457 non
1295 4403 1394 4457 l'uit
1434 4402 1467 4458 Va
1506 4402 1893 4475 gratia'vacua,
1926 4407 2070 4475 qu'od

499 4473 708 4543 luisset,
738 4471 782 4525 si
813 4473 863 4526 in
892 4483 1114 4541 peccato
1140 4474 1391 4543 originali
1425 4471 1687 4543 concepta
1714 4474 1846 4529 foret
1872 4493 1885 4540 ;
1929 4471 1956 4526 ι’
1982 4476 2073 4531 Sic

495 4541 801 4615 lfelliaitus.
845 4544 1067 4615 Dicitur
1092 4541 1253 4613 porro
1296 4543 1353 4598 Β.
1389 4545 1549 4615 Virgo
1572 4541 1873 4615 aJoseplio
1910 4565 1927 4597 I
1958 4548 2069 4601 sola

498 4611 684 4687 divina
719 4614 892 4687 gratia
923 4611 1245 4687 plenissima
1265 4617 1449 4687 :tquia
1477 4611 1587 4687 sola
1614 4631 1709 4684 per
1737 4611 2070 4687 singularem

502 4682 593 4734 Dei
628 4684 763 4735 inse
791 4684 1243 4755 benevolentiam,
1274 4686 1341 4735 ab
1390 4686 1537 4737 onini
1572 4682 1795 4753 prorsus
1821 4682 2067 4755 peccato,

496 4755 639 4821 quod
694 4754 933 4823 gratiam
985 4754 1248 4815 excludit,
1296 4768 1511 4823 semper
1560 4754 1933 4810 alienissima:
1988 4760 2073 4812 vel

497 4823 625 4892 quia
661 4821 773 4897 sola
803 4839 832 4876 a
858 4821 1033 4892 primo
1063 4839 1177 4897 sua;
1208 4821 1583 4897 coiicepiioiiis
1615 4826 1863 4889 instanti,
1891 4836 1945 4881 et
1976 4844 2074 4897 per

497 4910 660 4966 omne
692 4894 813 4966 vita:
864 4903 1099 4966 tempus,
1123 4894 1322 4948 divinis
1348 4896 1522 4950 oculis
1561 4896 1614 4949 in
1661 4898 1919 4951 omnibus
1948 4894 2073 4966 g'ra-

498 4964 797 5036 tiosissiina
833 4962 965 5036 :Vvel
1009 4965 1134 5032 quia
1165 4980 1286 5018 cum
1321 4966 1439 5034 ejus
1468 4967 1654 5036 gratia:
1706 4962 1979 5035 plenitudo
2005 4970 2074 5023 sit

495 5051 561 5087 ex
585 5035 703 5103 ejus
729 5035 991 5104 dignitate
1054 5041 1421 5089 mensurauda
1467 5035 1520 5090 et
1555 5039 1915 5091 maternitatis
1953 5039 2071 5106 ejus

497 5105 733 5173 dignitas
761 5120 979 5159 omnem
1041 5121 1425 5175 quamcunque
1476 5108 1790 5161 hominibus
1843 5105 2075 5176 possibi-

498 5178 603 5247 lein
672 5176 990 5243 dignitatem
1048 5184 1291 5245 superet,
1347 5178 1624 5245 plenitudo
1668 5180 1829 5231 etiam
1889 5183 2074 5247 gratiae

498 5246 668 5310 ipsius
728 5260 944 5299 onmem
1016 5260 1153 5313 puro
1221 5246 1348 5301 Adit:
1400 5248 1510 5301 lilio
1557 5249 2073 5303 conininnicaliilem

497 5316 814 5385 dignitatem
846 5317 1093 5381 excedet,
1126 5328 1179 5370 et
1212 5320 1553 5387 privilegium
1594 5321 1968 5373 iinuiun.tatis
2004 5321 2072 5373 ab

497 5388 747 5456 originali
802 5398 1047 5455 peccato,
1109 5390 1255 5455 quod
1306 5394 1538 5457 gratiam
1589 5392 1852 5455 excludit,
1913 5392 1964 5443 in
2010 5406 2071 5445 se

499 5457 747 5511 includit.
777 5457 915 5511 llinc
956 5459 1161 5511 Paulus
1193 5459 1258 5511 de
1292 5458 1517 5513 llei'edia
1551 5461 1603 5513 in
1644 5469 1801 5514 tract.
1833 5461 1906 5514 De
1938 5460 2074 5515 Coti-

502 5538 634 5595 cept.
680 5528 745 5581 Β.
822 5526 904 5593 γ.,
938 5528 1003 5581 ad
1040 5528 1317 5582 lnnocent.
1372 5530 1505 5595 Vlll,
1539 5533 1590 5582 in
1626 5532 1715 5584 illa
1770 5535 1933 5586 verba
1970 5537 2073 5585 Ave

500 5596 700 5675 Maria,
758 5604 931 5675 gratia
983 5599 1157 5667 plena.
1220 5618 1237 5649 ι
1272 5599 1623 5675 Plenitudiiii,
1690 5602 1887 5675 inquit,
1941 5618 2074 5675 con-

500 5670 671 5741 venit,
722 5679 781 5723 ut
827 5670 899 5724 sit
923 5685 1017 5737 per
1059 5681 1224 5723 totam
1289 5672 1582 5725 essentiam
1642 5672 1895 5740 subjecti,
1944 5674 2072 5741 quia

500 5736 544 5790 si
565 5740 636 5811 ita
664 5754 770 5811 non
792 5736 955 5803 esset,
986 5756 1263 5807 nunquam
1287 5743 1441 5811 plena
1473 5750 1646 5796 esset:
1681 5736 1915 5796 essentia
1950 5736 2074 5797 vero

505 5809 738 5879 subjecti
804 5812 976 5865 divisa
1028 5820 1111 5865 est
1170 5813 1222 5865 iii
1279 5809 1626 5882 principium,
1700 5816 1961 5879 medium,
2020 5824 2075 5868 et

2176 3262 2543 3333 ἀπειρόγαμε.

2816 3371 3003 3425 ΗΧΟΣ
3035 3371 3111 3426 B'.

2212 3462 2305 3515 Ἐκ
2336 3460 2441 3516 τοῦ
2466 3460 2736 3527 Κανόνος
2760 3458 2870 3527 τῆς
2914 3457 3195 3527 τετάρτης
3220 3454 3323 3525 τῆς
3350 3455 3722 3526 αὑτῆς-ἐϐδο-

2851 3545 3064 3615 μάδος.

2246 3651 2592 3715 Δεσπόζουσα
2642 3650 2897 3704 ἁπάντων
2936 3651 3043 3702 τῶν
3072 3648 3410 3718 ποιημάτων,
3454 3648 3751 3710 Δέσποινα,

2176 3744 2251 3809 ὡς
2285 3746 2377 3799 τὸν
2404 3745 2686 3814 Δεσπότην
2720 3744 2940 3809 τέξασα,
2996 3742 3097 3810 τῆς
3153 3740 3393 3802 δουλείας
3422 3756 3488 3808 με
3533 3738 3754 3790 ἐλευθέ-

2179 3854 2350 3909 ρωσον
2376 3836 2469 3890 τοῦ
2500 3836 2673 3889 δολίου
2709 3834 2802 3887 τοῦ
2847 3834 3005 3905 μόνου
3037 3833 3425 3903 πολεμήτορος.

2248 3930 2314 3981 Σὲ
2344 3929 2441 4001 τὴν
2472 3928 2696 4001 φαεινὴν
2725 3928 2985 3997 λαμπάδα
3009 3928 3101 3979 καὶ
3142 3926 3381 3996 λυχνίαν,
3414 3927 3470 3978 ὲν
3565 3923 3622 3976 τὸ
3646 3922 3752 3993 πίρ

2178 4016 2278 4087 τῆς
2363 4017 2625 4086 Θεὸτητος
2710 4016 2938 4086 οίκῆσαν
3009 4015 3239 4084 ἐφώτισε
3296 4016 3421 4076 τοὺς
3488 4010 3754 4065 νυκτώξιι

2178 4196 2339 4249 liuent
2370 4212 2383 4260 ;
2412 4196 2659 4264 sequitur
2704 4194 2993 4264 gloriosam
3027 4190 3298 4263 Virginem
3326 4194 3538 4262 plenam
3588 4191 3755 4245 fuisse

2178 4268 2347 4331 gratia
2373 4268 2425 4319 in
2485 4265 2768 4335 principio,
2806 4265 3001 4329 medio,
3044 4274 3097 4318 et
3152 4265 3457 4335 finetergo
3490 4274 3751 4332 concepta

2181 4336 2283 4390 fuit
2306 4334 2511 4404 absque
2538 4345 2761 4405 peci-ato
2789 4336 3063 4403 originali.
3105 4354 3121 4385 ι
3161 4334 3251 4388 Sic
3281 4334 3392 4388 ille.

2252 4409 2386 4476 (Μ).
2427 4402 2483 4459 Si
2519 4402 2806 4474 diligenter
2851 4402 3171 4476 evolvantur
3229 4406 3372 4467 libri,
3424 4402 3751 4476 disputatio-

2183 4474 2301 4542 nes,
2333 4486 2614 4541 tractatus,
2647 4485 2700 4529 et
2749 4475 2897 4529 varia
2932 4479 3129 4543 scripta
3184 4490 3373 4527 eorum
3408 4474 3501 4541 qui
3563 4484 3750 4526 contra

2182 4547 2585 4601 immaculatam
2638 4547 3051 4616 conceptionem
3084 4547 3425 4614 scripserunt
3461 4544 3748 4616 veleidem

2177 4619 2423 4672 modeste
2452 4618 2794 4672 subscribere
2818 4615 3188 4678 recusarunt,
3226 4630 3495 4683 nusquam
3550 4615 3752 4680 legetur

2174 4690 2315 4757 apud
2358 4688 2478 4741 illos
2532 4688 2721 4741 titulus
2770 4687 3167 4757 immaculata“.
3211 4688 3369 4739 toties
3427 4700 3477 4757 an
3516 4683 3751 4751 .loseplio

2177 4754 2365 4811 nostro
2409 4759 2704 4811 attributus
2767 4756 3016 4826 Virgini:
3060 4757 3195 4809 tiilttl
3236 4756 3379 4809 enirn
3428 4754 3751 4826 disputatio-

2177 4843 2299 4881 nem
2366 4829 2702 4891 sustinentes
2745 4823 2995 4879 volebant
3028 4828 3205 4881 dicere
3236 4841 3569 4894 repugnans,
3603 4835 3657 4874 nt
3686 4823 3753 4875 ab

2178 4900 2467 4952 Aristotele
2501 4899 2553 4951 in
2582 4897 2789 4967 Topicis
2830 4898 3153 4959 didicerant,
3200 4909 3253 4949 et
3288 4897 3455 4965 probe
3484 4894 3751 4947 callebant

2182 4969 2400 5022 titulum
2446 4970 2810 5022 immaculato
2830 4968 3325 5035 quomodmunque
3348 4976 3744 5035 eniintiarctur,

2177 5055 2332 5109 teque
2388 5054 2509 5093 esse
2544 5039 2815 5106 opinionis
2852 5034 3138 5109 Virginem
3172 5053 3201 5089 a
3242 5034 3470 5109 peccato
3501 5034 3748 5109 originali

2176 5106 2467 5163 eximentis
2544 5106 2983 5177 protestativuni.
3048 5106 3186 5161 lliuc
3266 5108 3633 5174 Hieronymus
3686 5108 3749 5177 alt

2180 5181 2450 5249 Aiigesto,
2507 5174 2683 5233 eiacti
2732 5180 2923 5246 judieii
2980 5180 3284 5246 theologus,
3340 5178 3543 5230 lectura
3578 5174 3747 5249 5,__sui

2176 5244 2570 5319 Pi'opugnaculi
2603 5244 2790 5304 contra
2836 5249 3083 5303 nolentes
3134 5244 3587 5317 gloriosissuiiatn
3629 5244 3744 5296 Vir-

2177 5318 2371 5391 ginem,
2420 5320 2645 5373 Mariam
2681 5322 2787 5374 dici
2842 5321 3265 5383 iiittnaculatam,
3320 5318 3469 5371 nullo
3509 5319 3627 5391 alio
3652 5332 3747 5391 pii—

2177 5386 2300 5456 gnat
2336 5401 2676 5460 argumento,
2730 5406 2895 5459 quam
2946 5391 3264 5459 probatione
3322 5386 3752 5463 pi'mservationis

2179 5462 2351 5529 ip~ius
2404 5457 2471 5515 ab
2523 5457 2774 5530 originali
2821 5457 3063 5529 peccato,
3118 5471 3268 5513 ratus
3319 5474 3426 5512 non
3477 5472 3637 5530 posse
3675 5457 3749 5530 illi

2180 5528 2395 5585 titulum
2449 5528 3166 5599 immaculata:competere,
3231 5546 3393 5598 quant
3463 5528 3547 5581 νει
3598 5529 3750 5580 unius

2179 5603 2435 5657 instantis
2487 5604 2697 5655 macula
2755 5603 3030 5655 {tedasseu
3087 5600 3215 5653 Vide
3271 5601 3749 5652 Armamentarium

2179 5672 2523 5742 Serapliicum
2582 5688 2682 5743 pro
2736 5674 2894 5727 titulo
2952 5672 3311 5726 immaculata:
3368 5668 3750 5739 Conceptionis

2180 5760 2299 5814 pag.
2348 5745 2469 5800 155.
