4038 6602
257 481 392 547 1361

1712 469 2081 532 MARIALE.

3377 453 3518 518 1362

256 598 625 672 συσχεθέντας
653 593 853 666 φθορᾷ.
893 591 1154 664 ἆχραντε,
1210 587 1545 661 γεραίρομεν
1603 587 1843 648 ἅπαντες

1958 587 2181 642 obscura
2225 581 2598 654 corruptionis
2661 589 2822 638 nocte
2869 576 3277 640 detinebantur,
3321 583 3394 638 te,
3442 574 3528 625 iu-

252 692 626 760 εὑλογοῦντες,
651 687 1013 758 εὐλογημένη,
1037 685 1129 738 τὸν
1156 683 1315 736 τόκον
1348 698 1464 735 σου.

334 875 546 946 Κριτὴν
604 871 946 927 δικαιότατον
1008 870 1102 923 καὶ
1157 867 1316 938 μόνον
1371 864 1756 919 εὐδιάλλακτον
1807 864 1841 934 ἡ

256 969 516 1034 τεκοῦσα,
556 965 820 1034 Παρθένε,
863 963 1095 1034 Χριστὸν
1135 959 1224 1015 τὸν
1270 959 1494 1029 Κύριον,
1545 956 1706 1028 ῥῦσαί
1759 974 1827 1026 με

258 1064 358 1132 τῆς
388 1061 645 1132 κρίσεως,
676 1059 850 1130 Κόρη,
887 1058 980 1110 καὶ
1008 1055 1104 1109 τοῦ
1137 1055 1309 1126 πυρὸς
1325 1053 1422 1107 καὶ
1441 1052 1540 1122 τῆς
1556 1049 1847 1122 τιμωρίας,

256 1156 328 1225 ἦν
363 1172 453 1225 μοι
490 1151 854 1223 προεξένησεν
883 1148 1156 1219 ἁμαρτίας
1191 1149 1225 1219 ή
1259 1145 1580 1206 ἀπόλαυσις.

275 1263 382 1315 Ἐκ
409 1259 518 1314 τοῦ
551 1257 817 1322 Κανόνος
845 1254 952 1324 τῆς
986 1254 1281 1377 gigantem,
1318 1250 1428 1320 τῆς
1450 1247 1642 1318 αὐτῆς
1679 1245 1846 1303 ἐσδο-

956 1343 996 1377 u
1075 1341 1166 1377 oc.

955 1341 1166 1394 μασος.

333 1415 622 1487 Κράξομαι
648 1417 706 1470 ὲν
736 1414 890 1468 νυκτὶ
923 1413 1019 1466 καὶ
1077 1410 1260 1482 ἡμέρᾳ
1318 1408 1644 1479 Θλιϐὁμενος
1711 1404 1852 1476 πρὸς

265 1511 350 1574 σὲ,
391 1509 485 1564 καὶ
517 1508 855 1578 σωθήσομαι,
882 1505 978 1559 καὶ
1034 1503 1238 1575 ἡδονῶν
1261 1499 1646 1571 ὑπερϐήσομαι
1675 1499 1852 1568 τεῖχος

269 1599 496 1671 βοηθείᾳ.
527 1599 622 1652 καὶ
649 1601 716 1668 τῇ
753 1599 842 1668 σῇ,
876 1596 1147 1668 Παρθένε,
1171 1594 1402 1664 δυνάμει
1455 1589 1850 1660 τειχιζόμενος.

349 1692 671 1761 Ἀνέμεινας
699 1688 966 1758 ἄφλεκτος
982 1685 1041 1741 τὸ
1061 1685 1134 1739 πῦ
1143 1704 1174 1756 ρ
1192 1683 1428 1738 τεκοῦσα
1449 1683 1545 1752 τῆς
1564 1681 1850 1749 Θεότητος,

269 1783 537 1855 Παρθένε,
570 1781 706 1836 ἀλλὰ
739 1779 1076 1849 κατάφλεξον
1108 1779 1258 1848 πάθη
1292 1776 1502 1848 ψυχῶν,
1540 1773 1647 1827 τῶν
1671 1771 1851 1826 πίστει

268 1875 522 1945 βοώντων
564 1891 646 1927 σοι
685 1871 784 1946 τὴν
833 1871 1018 1943 φωνὴν
1064 1869 1158 1925 τοῦ
1203 1869 1456 1938 ἀγγέλου,
1503 1867 1677 1939 χαρᾶς
1715 1865 1851 1936 μόνη

270 1967 522 2040 πρόξενε.

351 2059 419 2112 Ἦ
447 2058 804 2132 ούρανώσασα
842 2057 903 2110 τδ
953 2056 1112 2128 ἡμῶν
1143 2054 1350 2126 γεῶδες
1409 2053 1639 2124 φύραμα
1695 2054 1762 2123 τῇ
1798 2051 1856 2104 ἐν

266 2149 352 2203 σοὶ
389 2148 484 2202 τοῦ
529 2147 688 2216 Θεοῦ,
729 2150 1062 2219 πανάμωμε,
1123 2146 1417 2216 ἐνοικήσει,
1461 2144 1619 2215 ῥῦσαι
1652 2141 1856 2204 πάντας

270 2240 560 2295 κινδύνων.

278 2328 383 2384 Ἐκ
434 2328 543 2383 τοῦ
587 2327 858 2396 Κανόνος
1063 2322 1460 2449 πᾶιὲασκευῆς
1515 2319 1625 2390 τῆς
1671 2317 1858 2387 αὐτῆς

1017 2414 1090 2451 ou
1172 2413 1260 2451 oc.

1017 2413 1260 2464 ομασος.

349 2485 413 2539 '0
446 2486 726 2556 φωτισμδς
753 2485 854 2556 τῆς
889 2485 1026 2556 ἐμῆς
1065 2483 1367 2548 ἀσθενείας,
1398 2483 1432 2553 ἠ
1471 2481 1716 2553 σωτηρία
1746 2477 1847 2548 τῆς

267 2578 716 2650 ἀμαυρωθείσης,
757 2577 920 2649 ἁγνὴ,
973 2577 1148 2647 ψυχῆς
1174 2593 1298 2646 μου,
1336 2573 1509 2627 σῶσόν
1559 2589 1649 2642 με,
1686 2570 1860 2624 σῶσον

267 2670 665 2742 ἀπολλύμενον,
714 2671 888 2741 Κόρη,
937 2671 1031 2722 καὶ
1067 2667 1271 2739 χιτῶνα
1316 2667 1415 2737 τῆς
1453 2663 1763 2735 ἀφθαρσίας
1791 2679 1858 2733 με

268 2762 488 2816 ἔνδυσον
518 2762 795 2833 φθαρέντα
827 2762 1026 2825 δεινοῖς
1059 2758 1522 2833 πλημμελήμασι.

354 2854 445 2908 Ἐν
473 2855 705 2926 ἀμελείᾳ
733 2858 832 2924 τὴν
861 2853 1007 2925 ζωὴν
1032 2853 1376 2924 δαπανήσας,
1413 2849 1716 2921 νυσταγμῷ
1754 2851 1856 2920 τῆς

275 2945 552 3016 ἁμαρτίας
601 2946 701 3018 τὴν
739 2944 916 3016 ψυχὴν
951 2943 1295 3015 ἐϐαρύνοηνο
1333 2945 1400 3014 τῇ
1442 2943 1499 2995 δὲ
1562 2941 1860 3011 ἀκοιμήτῳ

276 3055 375 3090 σου
407 3037 677 3108 πρεσϐείᾳ
712 3037 1058 3108 προστρέχω,
1097 3035 1171 3107 μὴ
1199 3034 1342 3106 δῴης
1376 3051 1443 3105 με
1473 3033 1554 3097 εἰς
1606 3031 1860 3098 θάνατον,

274 3128 439 3201 Κόρη
469 3127 1117 3200 ωνάχραντερπνῶσαι.

1948 692 2137 749 quam,
2163 673 2404 730 universi
2437 688 2785 739 veneramur,
2819 687 2852 728 o
2881 667 3230 724 immaculata
3263 681 3326 720 ac
3357 664 3529 718 bene-

1947 771 2115 832 dicta,
2153 767 2360 839 prolem
2401 775 2548 821 tuam
2580 765 2837 820 laudibus
2863 763 3228 817 celebrantes.

2017 861 2297 916 Christum
2323 875 2386 914 ac
2419 859 2732 924 Dominum,
2765 856 3004 928 judiccm
3036 851 3436 924 iustissimum,
3471 857 3528 901 ct

1949 955 2123 1010 solum
2144 952 2651 1023 plaeabilissimum,
2679 951 2861 1014 enixa,
2890 964 2921 1001 ο
2940 945 3106 1019 Virgo
3129 945 3329 1016 puella,
3356 942 3528 996 libera

1951 1061 2035 1100 me
2066 1061 2092 1100 a
2122 1045 2353 1115 judicio,
2402 1043 2552 1097 etab
2605 1043 2747 1112 igne,
2789 1051 2952 1110 atque
2992 1055 3022 1093 a
3066 1035 3354 1108 supplicio,
3384 1032 3527 1103 quod

1951 1135 2085 1190 mihi
2116 1134 2321 1204 peccati
2355 1132 2605 1203 voluptas
2635 1129 2993 1201 comparavit.

2135 1243 2214 1296 Ea:
2245 1259 2444 1298 canone
2483 1242 2631 1311 feria:
2668 1237 2954 1311 vejuadem
2991 1234 3346 1290 hebdomadas.

2022 1399 2286 1456 Clamabo
2308 1399 2397 1454 die
2427 1413 2491 1454 ac
2518 1406 2678 1454 nocte
2711 1397 3027 1462 tribulatus,
3057 1395 3122 1450 ad
3151 1405 3223 1460 te,
3257 1404 3310 1448 et
3345 1393 3533 1447 salvus

1951 1508 2068 1557 ero,
2099 1503 2152 1548 et
2175 1493 2624 1561 volnptuosarum
2645 1489 2994 1546 aliectionum
3020 1486 3389 1558 transgretliar
3409 1501 3535 1539 mu-

1952 1599 2075 1640 rum
2128 1581 2332 1636 auxilio
2359 1590 2472 1646 tuo,
2496 1595 2528 1633 ο
2547 1577 2734 1650 Virgo,
2769 1578 2969 1632 virtute
2998 1575 3390 1632 communitus.

2022 1677 2182 1750 307
2232 1674 2580 1731 incombusta
2635 1671 2987 1744 permansisti
3063 1669 3245 1741 ignem
3307 1666 3536 1722 Deitatis

1953 1769 2133 1832 enixa,
2167 1783 2198 1823 o
2223 1765 2407 1838 Virgo,
2436 1765 2530 1822 sed
2549 1764 2812 1820 combure
2837 1773 2891 1819 tu
2922 1764 3208 1834 passiones
3225 1761 3535 1816 animarum

1955 1872 2148 1914 eorum
2186 1858 2279 1928 qui
2338 1871 2464 1912 cum
2513 1855 2618 1911 (ide
2656 1855 2898 1910 clamant
2945 1855 3013 1912 ad
3050 1863 3122 1926 te,
3174 1868 3310 1909 voce
3358 1852 3538 1924 angeli

1885 1937 1928 1995 Β
1958 1960 2193 2016 utentes,
2241 1963 2274 2005 ο
2313 1949 2428 2004 sola
2460 1947 2640 2018 gaudii
2671 1947 3035 2003 conciliatrix.

2024 2043 2126 2107 Tu,
2158 2059 2280 2114 quae
2322 2057 2560 2097 massam
2614 2049 2856 2095 nostram
2900 2048 3171 2094 terrenam
3229 2034 3536 2092 cmlilicasti

1951 2149 2048 2204 per
2072 2133 2528 2188 inbabitationem
2561 2129 2656 2185 Dei
2692 2129 2747 2184 in
2793 2138 2868 2195 te,
2912 2143 2946 2184 ο
2992 2127 3313 2199 purissima,
3342 2140 3538 2182 omnes.

1952 2225 2104 2296 eripe
2131 2240 2162 2280 a
2184 2223 2465 2296 periculis.

2123 2311 2208 2364 Ea:
2247 2327 2443 2366 canone
2473 2311 2622 2382 feriae
2649 2325 2698 2364 v1
2729 2309 2964 2378 ejusdem
3000 2307 3366 2362 hebdomadw.

2028 2494 2072 2548 Ο
2094 2504 2268 2561 casta,
2291 2491 2600 2548 obscuratae
2639 2489 2837 2544 animae
2895 2497 3027 2541 meze
3056 2485 3410 2553 illuminatio,
3434 2485 3538 2539 im-

1955 2585 2269 2642 becillitatis
2302 2599 2435 2640 mea:
2469 2583 2642 2650 salus,
2678 2580 2825 2636 salva
2852 2593 2960 2643 me,
2983 2591 3016 2632 ο
3040 2573 3251 2642 Puella,
3273 2578 3424 2632 salva
3456 2592 3542 2630 me

1957 2686 2315 2747 pereuntem;
2345 2682 2401 2729 et
2437 2668 2980 2741 incorruptibilitatis
3011 2666 3196 2723 tunica
3223 2665 3391 2722 indue
3431 2682 3540 2731 me,

1959 2767 2302 2838 gravissimis
2325 2764 2561 2836 peccatis
2589 2773 2933 2832 corruptum.

2033 2857 2092 2912 In
2123 2857 2446 2928 negligentia
2472 2871 2536 2910 ac
2565 2854 2818 2910 socordia
2847 2854 3012 2906 vitam
3034 2867 3212 2907 meam
3236 2849 3539 2920 absumpsi,

1959 2959 2012 3004 et
2040 2948 2248 3020 peccati
2298 2962 2496 3019 sopore
2537 2945 2861 3018 gravissimo
2909 2943 3093 2998 anima
3128 2959 3248 3009 mea
3284 2944 3541 2999 immersa

1960 3048 2064 3094 est.
2089 3036 2244 3094 Nune
2277 3048 2458 3092 autem
2487 3037 2554 3092 ad
2591 3034 3062 3106 vigilantissimam
3097 3030 3540 3089 intercessionem

1961 3136 2114 3182 tuam
2148 3141 2374 3187 recurro
2415 3142 2528 3181 :ne
2572 3124 2999 3204 permittasnme
3045 3123 3099 3177 in
3150 3130 3385 3187 mortem
3440 3123 3544 3179 ob-

1884 3212 2223 3286 Cdormire,
2261 3234 2294 3274 o
2323 3217 2486 3289 Virgo
2514 3216 2762 3288 Deipara.

343 3314 428 3372 Me
466 3315 753 3379 miserum,
786 3313 1246 3370 irrationabilium
1274 3311 1554 3368 actionum
1610 3311 1866 3368 sordibus
1905 3313 2092 3368 animo
2130 3321 2183 3366 et
2237 3327 2469 3382 corpore
2527 3311 2877 3380 inquinatum
2945 3306 3021 3376 (te.
3057 3322 3250 3378 precor
3277 3324 3403 3366 cum
3431 3311 3547 3366 cla-

273 3429 429 3469 more
453 3422 506 3468 et
533 3411 810 3482 suspiriis,
851 3412 884 3465 o
911 3410 1002 3466 Dei
1039 3411 1232 3478 Mater,
1262 3413 1411 3466 omni
1445 3427 1512 3466 ex
1561 3419 1717 3480 parte
1785 3408 2076 3480 perditus),
2108 3403 2315 3462 munda
2349 3421 2434 3459 me
2487 3402 2793 3459 abstersiva
2853 3401 3252 3458 intercessione
3307 3413 3436 3472 tua;
3487 3415 3544 3460 et

273 3507 536 3563 miserere
567 3507 694 3572 mei,
721 3521 786 3562 ac
810 3506 958 3562 salva
994 3512 1104 3562 nte.
1563 3551 1565 3558 .

283 3601 382 3656 Ἐκ
412 3601 520 3656 τοῦ
538 3603 806 3668 Κανόνος
831 3601 939 3671 τῆς
963 3589 1247 3672 δευτέρας
1276 3602 1385 3672 τῆς
1415 3603 1746 3675 ἐσδομάδος
1764 3605 1852 3668 β’.

358 3715 656 3785 Ἀμὸλυντε
687 3715 884 3786 σκηνὴ,
921 3717 1166 3786 παναγία
1203 3717 1472 3790 Παρθένε,
1526 3720 1859 3790 μολυνθέντα

282 3825 352 3879 με
380 3807 571 3861 δεινῶν
618 3808 808 3861 παθῶν
857 3811 1178 3879 ἐπαγωγαῖς
1224 3815 1291 3882 τῇ
1328 3816 1476 3885 πηγῇ
1526 3814 1620 3867 τοῦ
1674 3814 1860 3878 ἐλέους

281 3917 376 3954 σου
437 3900 698 3972 κάθαρον,
753 3904 851 3955 καὶ⁵
907 3902 996 3964 δός
1051 3919 1140 3972 μοι
1185 3903 1428 3972 ὄμϐρους
1477 3905 1850 3972 κατανύξεως,

276 3989 572 4056 Δέσποινα,
605 3991 879 4062 ἁμαρτίας
907 3991 1064 4061 βυθὸν
1095 3991 1454 4062 ἀφανίζουσα.

359 4172 449 4225 Ἐν
480 4172 680 4242 γαστρί
737 4191 830 4226 σου
884 4175 1170 4246 σκηνώσεις
1227 4177 1254 4229 ὁ
1300 4177 1586 4247 “Υψιστος,
1617 4180 1864 4251 οὐρανῶν

276 4263 624 4336 πλατυτέραν
659 4283 718 4319 σε
763 4266 952 4332 ἔδειξε,
989 4269 1083 4320 καὶ
1121 4271 1458 4339 προστασίαν
1515 4270 1727 4342 ἄμαχον
1755 4273 1864 4327 τῶν

277 4353 552 4423 βοώντων,
611 4357 893 4429 Παρθένεο
969 4359 1154 4414 Πάντα
1213 4361 1282 4414 τὰ
1337 4360 1495 4432 ἔργα,
1563 4363 1860 4433 εὐλογεῖτε,

273 4447 497 4516 ὑμνεῖτε
524 4448 616 4501 τὸν
645 4449 874 4521 Κύριον.
1135 4459 1138 4464 ’

1997 3602 2081 3656 Ex
2118 3618 2315 3656 canone
2351 3603 2401 3656 in
2450 3600 2537 3655 die
2575 3599 2804 3655 secunda
2849 3597 3093 3653 secunda:
3138 3594 3507 3650 hebdomadis.

2034 3711 2080 3768 0
2137 3712 2551 3768 tabernarulum
2587 3709 3001 3765 immaculatum
3031 3707 3148 3780 (45)
3197 3705 3545 3763 sanctissima

1964 3803 2166 3874 Virgo,
2227 3804 2462 3858 emuuda
2523 3818 2608 3856 me
2687 3803 3020 3857 maculatum
3089 3800 3545 3870 gravissimarum

1968 3894 2288 3962 passionum
2317 3893 2612 3956 illecebris,
2640 3891 2790 3945 fonte
2819 3891 3210 3945 misericordia:
3234 3901 3338 3943 tua:
3359 3907 3372 3942 :
3394 3898 3450 3942 et
3475 3890 3546 3942 da

1969 3987 2124 4052 mihi,
2171 3985 2417 4048 Domine,
2471 3984 2677 4038 imbres
2711 3983 3170 4052 compunctionis,
3210 3979 3545 4050 profundum

1966 4078 2175 4147 peccati
2205 4079 2473 4148 gurgitem
2498 4077 2893 4132 exterminans.

2038 4168 2092 4224 in
2135 4183 2290 4226 utero
2316 4179 2410 4226 tuo
2445 4171 2696 4225 habitans
2727 4168 3066 4233 Altissimus,
3116 4176 3168 4224 te
3200 4167 3356 4223 ccelis
3384 4167 3548 4222 latio-

1965 4279 2079 4318 rem
2099 4263 2301 4330 ell'ccit,
2319 4279 2351 4318 o
2371 4263 2554 4332 Virgo,
2581 4272 2634 4316 et
2658 4260 2969 4331 praesidium
2997 4258 3416 4330 inexpugnabile
3431 4259 3547 4314 cla-

1965 4358 2229 4428 mantium
2259 4375 2270 4411 :
2301 4357 2465 4429 308
2491 4354 2684 4411 Omnia
2708 4370 2898 4424 opera,
2925 4353 3229 4409 benedicitc
3246 4362 3298 4408 et
3328 4353 3545 4416 laudate

1969 4451 2285 4506 Dominum.

346 4538 536 4609 Μαρία
559 4511 860 4612 Κυρία.τοῦ
884 4542 1104 4610 παντὸς,
1129 4544 1407 4609 παντοίοις
1426 4563 1494 4617 με
1517 4546 1853 4601 δουλωθέντα

2035 4542 2080 4598 0
2116 4541 2280 4613 Virgo
2310 4541 2479 4598 Maria
2515 4541 2744 4602 Domina
2777 4541 3045 4610 universi,
3073 4542 3320 4596 omnium
3349 4553 3545 4610 pecea-

273 4631 642 4705 ἁμαρτήμασι
709 4634 773 4688 σὺ
815 4635 1198 4704 ὲλευθέρωσον,
1255 4637 1532 4708 ῐιαρθένεσ
1600 4639 1692 4692 τὸν
1749 4639 1858 4708 γὰρ

274 4724 646 4797 ἐλευθερωτὴν
705 4726 814 4779 τῶν
877 4727 1065 4798 ψυχῶν
1115 4728 1275 4800 ὴμῶν
1330 4729 1470 4800 αὐτὴ
1503 4730 1644 4803 ὑπὲρ
1693 4729 1852 4800 λόγον

274 4817 518 4888 ἐκύησας
549 4817 648 4890 τὴν
682 4817 915 4889 ούσιώδη
941 4818 1274 4890 ἀγαθότητα.

296 4928 390 4982 Ἐκ
414 4928 523 4982 τοῦ
561 4929 833 4995 Κανόνος
875 4927 985 4997 τῆς
1022 4932 1226 5000 τρίτης
1253 4931 1362 5000 τῆς
1413 4933 1746 5004 ἑϐδομάδος
1769 4935 1852 4999 β’.

371 5040 436 5093 Ἦ
471 5040 608 5113 μόνη
639 5043 893 5113 κυήσασα
926 5042 1018 5095 τὸν
1040 5043 1276 5114 ἄναρχον
1294 5043 1488 5113 Λόγον,
1518 5046 1856 5116 πανάμωμε,

349 5199 486 5274 (45).
522 5199 592 5256 Ut
629 5202 936 5274 veriiicelur
989 5203 1091 5257 hoc
1119 5203 1378 5274 elogium,
1421 5203 1564 5274 quod
1607 5205 1857 5260 absolute

271 5267 554 5352 .oloseplins
612 5273 800 5352 tribuit
846 5273 1046 5352 Virgini
1090 5267 1372 5352 _Deipar:e,
1438 5267 1852 5352 iterupe,_quod

275 5342 394 5410 ipsa
411 5342 628 5413 dicatur
654 5345 1064 5397 tabernaculum
1089 5342 1850 5413 iinmaculatummequiritur,

275 5412 422 5492 Quod
455 5413 570 5492 ipsa
617 5412 682 5492 in.
719 5415 865 5492 nulla
904 5416 986 5469 sui
1025 5425 1175 5492 parte
1209 5414 1373 5492 fuerit
1425 5412 1620 5492 aliqua
1638 5418 1850 5492 macula

275 5482 498 5547 iniecta;
529 5483 741 5556 sic-nim
795 5482 1085 5552 aliquando
1137 5487 1405 5538 maculata
1452 5482 1644 5541 fuisset
1681 5487 1849 5556 (quod

275 5569 417 5633 sane
439 5555 730 5633 accidisset
761 5557 804 5610 si
849 5556 1127 5624 originalis
1169 5557 1375 5623 peccati
1419 5558 1681 5633 maculam
1715 5555 1850 5611 cou-

277 5623 581 5690 traxisset),
649 5640 754 5678 non
791 5623 975 5694 posset
1027 5641 1123 5680 nec
1174 5640 1298 5680 vero
1333 5641 1430 5680 nec
1460 5627 1707 5682 absolute
1736 5629 1845 5683 dici

279 5694 703 5748 tabernaculum
739 5696 1173 5750 immaculatum.

315 5764 487 5844 flii).
533 5763 594 5818 Si
620 5767 927 5844 beatissima
981 5767 1142 5836 Virgo
1173 5765 1224 5818 in
1256 5766 1446 5844 ultimo
1477 5767 1714 5844 instanti
1743 5785 1856 5824 suae

275 5838 400 5889 vita:
417 5851 585 5909 unum
611 5838 980 5909 commisisset
1004 5845 1288 5909 peceatum
1316 5839 1544 5909 veniale,
1583 5857 1689 5894 non
1731 5856 1859 5909 pos-

279 5913 364 5961 set
415 5907 520 5960 dici
575 5907 819 5964 absolute
875 5909 1245 5990 lllllllat'ullllll,
1282 5907 1420 5964 idem
1469 5911 1632 5966 etiam
1667 5907 1857 5982 procul

1972 4645 2149 4691 torum
2181 4651 2268 4691 me
2291 4651 2511 4691 servum
2545 4636 2796 4691 ell‘ectum
2843 4634 3056 4690 vindica
3103 4633 3159 4689 in
3202 4633 3546 4698 libertatein;

1969 4737 2025 4782 tu
2067 4728 2210 4782 enim
2245 4727 2593 4783 liberatorem
2642 4727 2952 4782 animarum
2998 4735 3318 4786 nostrarum
3356 4740 3548 4782 essen.

1969 4819 2152 4874 tialem
2189 4820 2486 4876 bonitatem
2526 4819 2872 4878 ineiiabiliter
2895 4820 3158 4890 genuisti.

2078 4935 2162 4990 Ex
2192 4952 2390 4990 canone
2419 4936 2472 4989 in
2506 4936 2592 4989 die
2617 4937 2774 4990 tertia
2805 4935 3149 4990 hebdomadis
3176 4935 3434 4989 secunda.

2038 5041 2604 5114 Oimmaculatauﬁ),
2625 5058 2746 5112 quae
2777 5043 2890 5098 sola
2917 5051 3182 5099 aeternum
3216 5042 3452 5098 Verbum
3477 5059 3544 5096 ex

1957 5204 2126 5260 dubio
2170 5204 2460 5261 dicendum
2509 5211 2672 5265 esset,
2729 5201 2862 5255 siin
2928 5202 3104 5269 primo
3170 5216 3282 5257 sum
3336 5216 3546 5255 conce-

1964 5278 2191 5345 ptionis,
2238 5290 2302 5329 ac
2331 5289 2452 5345 esse
2503 5274 2725 5327 instanti
2758 5273 2975 5345 aliqum!
3029 5273 3547 5345 peceatumyeuiale

1957 5342 2346 5400 committeret.
2409 5343 2510 5409 Et,
2549 5360 2659 5412 quo
2691 5344 2972 5398 evidenter
3015 5344 3267 5413 sequitur
3320 5342 3465 5396 illam
3515 5358 3546 5397 a

1959 5415 2204 5486 Josepho
2236 5423 2425 5470 nostro
2449 5414 2856 5486 absolutcﬂnon
2881 5427 3040 5486 posse
3069 5415 3248 5468 vocari
3278 5413 3548 5486 immacu-

1957 5483 2122 5541 latam
2147 5488 2191 5541 si
2225 5486 2437 5553 peccati
2492 5485 2777 5554 originalis
2836 5483 3133 5538 ftedarctur
3185 5483 3543 5552 turpitudine.

1962 5556 2095 5610 Nam
2134 5558 2178 5612 si
2201 5557 2391 5621 exigua
2419 5563 2622 5626 peccati
2653 5555 2882 5610 venialis
2909 5556 3121 5626 macula
3151 5554 3546 5626 impedimento

1952 5628 2097 5682 foret
2147 5627 2201 5681 in
2251 5624 2432 5694 primo
2482 5626 2866 5695 eonceptionis
2924 5624 3180 5690 instanti,
3220 5640 3331 5694 quo
3362 5625 3548 5695 minus

1956 5698 2308 5754 immaculata
2366 5694 2811 5766 nuncuparetur,
2867 5704 3076 5764 quanto
3126 5697 3298 5766 magis
3334 5694 3547 5749 macula

1958 5771 2164 5840 peccati
2193 5767 2478 5840 originalis
2512 5767 3004 5840 denominationem
3036 5766 3395 5840 im_t_naculatae
3421 5781 3546 5840 pro-

1961 5835 2209 5894 biberet?
2242 5835 2374 5910 Vide
2399 5837 2461 5891 P.
2522 5835 2682 5892 Joan.
2723 5836 3017 5898 Eusebium
3058 5835 3558 5910 .Nierembergiunt-

1963 5912 2017 5967 in
2043 5908 2450 5983 Excrptionibus
2484 5924 2600 5980 cap.
2637 5910 2690 5963 ‘2.
2780 5918 2786 5928 '
