4036 6494
507 408 646 473 ιδοι
1647 426 1706 482 S.
1747 425 2058 486 JUSEPHI
2103 426 2661 491 HYMNOGRAPHI
3618 439 3750 503 135$

501 536 553 578 te
609 525 949 583 incarnatum
982 530 1189 601 absque
1222 529 1328 584 ulla
1362 531 1663 587 mutatione
1713 534 1883 597 illius,
1918 552 2081 606 pepe-

2154 540 2250 598 ,ὲκ
2315 541 2407 594 σοῦ
2456 545 2808 614 σαρκωθίντα
2883 545 2958 616 μὴ
3007 548 3304 617 τραπέντα,
3349 551 3442 602 καὶ
3517 553 3748 621 μείνασα

501 620 641 684 risti,
671 630 725 676 et
752 633 872 692 post
911 633 1127 692 partum
1171 624 1360 696 Virgo,
1402 624 1575 679 virilis
1625 627 1833 695 copula:
1863 643 2080 697 expers.

2187 631 2477 700 Παρθένος,
2550 636 2689 705 μετὰ
2736 637 2914 699 τόκον,
2975 637 3308 707 ἀνύμφευτε,
3343 620 3558 694 ἱκέτευε
3610 643 3748 713 ὑπὲρ

502 714 866 781 permansisti,
894 716 1192 785 deprecare
1250 731 1348 785 pro
1404 715 1683 782 omnibus,
1723 727 1782 772 ut
1819 735 1850 772 a
1882 733 2076 773 corru-

2052 748 2076 761 -
2184 724 2402 779 πάντων
2437 726 2779 799 λυτρωθῆναι
2814 732 2879 783 ὲκ
2911 729 3119 800 φθορᾶς
3154 732 3252 802 τὴν
3282 731 3427 804 ζωὴν
3462 734 3640 803 ἡμῶν.

501 807 681 874 ptime
705 807 966 862 liberetur
988 808 1095 861 vita
1124 818 1331 863 nostra.

572 894 875 967 Virginem,
914 910 1151 952 montem
1184 901 1430 971 lapicidte
1477 914 1639 955 manu
1686 916 1793 957 non
1829 909 2074 969 tactum;

2248 912 2322 966 Τὸ
2342 914 2680 985 ἀλατόμητον
2700 915 2825 985 ὅρος
2844 915 2943 987 τὴν
2962 915 3258 987 Παρθένον,
3290 916 3389 986 τὴν
3417 935 3504 986 φω
3516 918 3651 985 τοφό
3658 935 3749 988 ρον

498 989 886 1044 candelabrum
936 990 1247 1058 luciferum,
1286 994 1489 1048 scalam
1523 1008 1619 1063 per
1661 1009 1825 1063 quam
1861 991 2069 1048 felicis-

2179 1000 2419 1073 λυχνίαν,
2449 1005 2546 1075 τὴν
2576 1005 2891 1059 εύδιάδατον
2914 1005 3177 1077 κλίμακα,
3213 1007 3308 1061 τοῦ
3337 1007 3474 1061 Θεοῦ
3510 1010 3747 1080 χωρίον,

498 1083 636 1136 sime
668 1083 1024 1151 ascenditur;
1062 1083 1155 1139 Dei
1206 1087 1389 1142 sedem
1429 1084 1566 1157 (47),
1619 1084 1806 1143 ﬁdeles
1861 1085 2075 1141 beatiﬁ-

1236 1087 1389 1141 edem
1429 1084 1566 1157 (47),
1619 1084 1806 1143 ﬁdeles
1861 1085 2075 1141 beatiﬁ-
2177 1096 2380 1163 πιστοὶ,
2415 1097 2830 1169 μακαρίσωμεν.

496 1187 611 1225 CCIII
621 1187 703 1226 US.

567 1261 893 1319 Vehiculum
943 1266 1159 1337 regale;
1224 1268 1423 1324 nubem
1494 1268 1764 1336 lucidam;
1828 1279 2071 1324 montem

2245 1282 2319 1335 Τὸ
2348 1282 2627 1352 βασιλικὸν
2647 1283 2851 1353 ὄχημα,
2893 1283 2994 1354 τὴν
3048 1282 3280 1355 φαιδρὰν
3319 1284 3573 1355 νεφέλην,
3617 1284 3745 1354 ὅρος

496 1353 962 1423 pinguissimum;
1019 1367 1258 1413 montem
1313 1359 1683 1430 coagulatum,
1720 1368 1772 1414 te
1812 1361 2071 1429 depreca-

2172 1372 2234 1427 τὸ
2281 1376 2556 1439 πιότατον,
2610 1373 2736 1446 δρος
2801 1353 3202 1446 τετυρωμένον,
3264 1353 3748 1447 ἀπειρόγαμείσέ

495 1468 638 1517 ntur,
695 1466 729 1507 ο
780 1452 943 1525 Virgo
982 1470 1013 1509 a
1071 1464 1192 1508 toro
1231 1456 1467 1510 maritali
1533 1453 1797 1509 immunis
1845 1454 2068 1508 medere

2171 1462 2547 1535 δυσωποῦμεν,
2620 1464 2884 1536 Παρθένε,
2947 1464 3094 1518 ἴασαι
3118 1467 3187 1519 τὰ
3218 1466 3367 1537 πάθη
3404 1467 3513 1520 τῶν
3551 1466 3745 1538 ψυχῶν

492 1547 839 1615 passionibus
865 1547 1175 1604 animarum
1211 1558 1548 1604 nostrarum.
2170 1556 2350 1627 ἡμῶν.

634 1668 722 1726 Ea:
748 1688 947 1729 canone
973 1673 1028 1727 in
1056 1674 1143 1727 die
1163 1683 1356 1746 quarta
1381 1688 1418 1728 ιι
1440 1671 1618 1739 habet,
1642 1670 1711 1727 ad
1733 1671 1926 1727 Mutat.
2169 1688 2228 1741 οε

2169 1688 2274 1741 ἐκ
2294 1685 2399 1741 τοῦ
2437 1685 2703 1753 Κανόνας
2730 1685 2841 1754 τῆς
2866 1687 3152 1754 τετάρτης
3180 1686 3285 1757 τῆς
3306 1688 3636 1759 ἑϐδομάδος
3660 1691 3744 1756 β’,

2696 1760 2782 1812 εἰς
2803 1757 2911 1811 τὸν
2935 1759 3204 1812 Ὀοθοον.

2696 1773 2782 1820 εις
2803 1773 2911 1811 τον
2937 1773 3204 1827 υρυρον.

562 1870 807 1939 Ocasta,
856 1886 979 1940 quae
1037 1871 1405 1943 collapsorum
1460 1889 1520 1931 es
1580 1873 1806 1940 erectio,
1863 1889 1951 1928 me
2004 1873 2057 1928 in
2086 1891 2133 1951 Β

2231 1883 2697 1939 Καταπιπτόντων
2759 1882 3155 1955 ἐπανόρθωσις,
3228 1886 3435 1955 ἡδονῶν
3515 1886 3749 1957 κρημνῷ

492 1964 1063 2033 concupiscentiarum
1121 1967 1482 2037 prmeipitium
1540 1967 1849 2038 delapsum,
1902 1966 2067 2022 reduc

2170 1974 2564 2046 ωμπτωθὲντα
2584 1991 2675 2043 με,
2707 1972 2800 2026 καὶ
2818 1972 3115 2044 ἁμαρτίαις
3140 1974 3405 2044 χαλεπαῖς
3426 1974 3748 2043 ἐμπεσόντα

493 2057 557 2110 ad
588 2057 777 2122 vitam,
837 2068 891 2113 et
942 2069 1163 2130 propter
1208 2059 1533 2133 gravissima
1574 2070 1795 2131 peccata
1818 2061 1871 2115 in
1908 2062 2067 2116 bara-

2168 2070 2247 2130 είς
2271 2064 2520 2138 βάραθρα
2541 2063 2931 2136 ἒξανάστησον,
2963 2064 3126 2135 ἁγνὴ,
3162 2066 3254 2118 καὶ
3281 2064 3416 2137 πρὸς
3450 2063 3596 2136 ζωὴν
3624 2064 3750 2117 καθ-

492 2148 668 2204 tbrum
702 2151 997 2222 drjeclum,
1031 2155 1200 2223 erige.

859 2163 997 2218 tum,
1031 2155 1200 2223 erige.
2165 2157 2449 2230 οδήγησον.

563 2244 606 2293 υ
633 2239 817 2315 Virgo,
847 2259 969 2314 qua:
995 2245 1116 2299 sine
1146 2244 1253 2300 ulla
1290 2245 1507 2301 cultura
1541 2246 1821 2301 cmlestem
1855 2246 2065 2317 spicam

2250 2251 2313 2304 Ἥ
2328 2247 2686 2322 ἀγεώργητος
2702 2248 3056 2320 βλαστήσασα
3076 2247 3168 2301 τὸν
3191 2247 3510 2318 ἐπουράνιον
3526 2247 3747 2317 στάχυν,

497 2334 800 2400 protulisti,
855 2352 977 2405 qua:
1027 2335 1210 2392 divina
1252 2338 1492 2407 potentia
1534 2338 1741 2393 enutrit
1769 2340 2065 2406 universa,

2167 2342 2260 2398 τδν
2320 2341 2678 2414 διατρέφοντα
2761 2344 2916 2413 θεῖκῇ
2978 2340 3268 2412 δυναστείᾳ
3309 2340 3380 2394 τὰ
3432 2339 3746 2409 σύμπαντα,

498 2424 667 2494 imple
696 2426 1029 2482 esurientem
1064 2428 1324 2484 miseram
1346 2430 1586 2484 animam
1617 2446 1817 2486 meam.

2174 2432 2441 2505 Παρθένε,
2474 2432 2756 2505 ἔμπλησον
2813 2433 3090 2487 πεινῶσαν
3129 2432 3225 2505 τὴν
3261 2430 3530 2502 ταπεινὴν
3556 2431 3739 2501 ψυχήν

2175 2544 2301 2599 μου.

564 2607 837 2677 Quoniam
871 2610 928 2666 in
953 2611 1177 2667 malitiae
1200 2611 1490 2684 profundis
1506 2614 1795 2672 demersus
1829 2632 1978 2685 sum,
2016 2626 2072 2672 et

2257 2618 2381 2676 Ὅτι
2410 2619 2490 2682 είς
2515 2617 2676 2689 βάθος
2706 2615 2904 2679 κακίας
2933 2615 3311 2688 ἀπέῥριμμαι,
3338 2614 3433 2668 καὶ
3466 2614 3748 2684 λογισμοῖς

494 2701 898 2756 contrariarum
958 2703 1348 2773 cogitationum
1405 2706 1817 2776 tempestatibus
1864 2706 2069 2776 jactor,

2170 2708 2433 2773 ἐναντίοις
2475 2705 2834 2779 χειμάζομαι,
2881 2705 3103 2776 δαίμοσι
3145 2703 3489 2772 πειθόμενος,
3530 2701 3748 2772 ἡδοναῖς

494 2793 727 2849 ἀωιηοιιὶ
794 2793 1079 2858 obediens,
1149 2803 1204 2850 et
1272 2796 1647 2868 voluptatibus
1725 2799 2067 2857 inserviens:

2194 2800 2545 2871 ουλούμενοςν
2584 2798 2849 2870 βοήθησόν
2907 2813 3019 2866 μοι.
3087 2798 3227 2868 ἁγνὴ
3296 2793 3746 2869 Παρθεωμῆτορ.
3771 2804 3788 2824 ο

494 2885 688 2956 adjuva
713 2902 822 2951 me,
858 2901 897 2942 ο
919 2897 1069 2943 casta
1096 2886 1263 2961 Virgo
1291 2889 1462 2946 Mater
1493 2910 1509 2948 :
1534 2904 1587 2948 et
1618 2892 1689 2948 ad
1714 2894 1909 2951 salutis
1925 2896 2069 2952 viam

1580 2908 1587 2947 ι
1618 2892 1689 2948 ad
1714 2894 1909 2951 salutis
1925 2896 2069 2952 viam
2171 2890 2310 2967 πρὸς
2339 2890 2614 2963 σωτηρίαν
2639 2890 2758 2945 ὁδὸν
2781 2887 3056 2960 ὁδηγοῦσά
3087 2906 3174 2960 με.

493 2978 602 3033 «ιω
632 2987 750 3034 esto
780 2980 935 3036 mibi.

672 3092 837 3164 309
862 3093 945 3148 Ex
972 3111 1169 3152 canone
1188 3095 1243 3152 in
1268 3096 1353 3152 die
1374 3112 1428 3164 ν,
1444 3098 1515 3154 ad
1534 3096 1878 3155 Matutinus.
2186 3097 2266 3155 ‘E:

2186 3097 2288 3155 Ἐκ
2315 3098 2423 3153 τοῦ
2443 3096 2713 3163 Κανόνος
2734 3092 2844 3163 τῆς
2871 3095 3165 3164 πέμπτης,
3193 3095 3281 3158 είς
3329 3090 3438 3145 τὸν
3466 3091 3741 3157 ὀρθρογ.

565 3220 671 3287 Τιι,
707 3238 830 3293 qua:
872 3223 1091 3280 Clu-isto
1123 3240 1190 3280 ex
1239 3241 1403 3282 carne
1456 3235 1546 3282 tua
1603 3242 1823 3283 carnem
1875 3235 2066 3284 mutuo
2095 3249 2137 3308 α

2244 3228 2432 3298 Σάρκα
2459 3225 2539 3298 τῷ
2558 3222 2784 3296 Χριστῷ
2806 3222 2870 3276 ὲκ
2897 3222 2994 3292 τῆς
3020 3220 3120 3292 σῆς
3138 3219 3455 3282 δανείσασα,
3473 3219 3746 3288 νέκρωσον

497 3313 730 3381 dedisti;
765 3316 1032 3370 mortitica
1080 3316 1265 3373 carnis
1315 3333 1449 3374 mea:
1499 3320 1809 3390 passiones,
1849 3336 1882 3377 ο
1918 3336 2066 3376 casta

2016 3336 2066 3376 ta
2172 3321 2371 3394 σαρκός
2395 3336 2497 3391 μου
2533 3316 2605 3373 τὰ
2624 3317 2795 3388 πάθη,
2819 3315 3139 3387 ζωοκυῆτορ
3166 3313 3307 3385 ἁγνὴ
3339 3312 3606 3382 Παρθένε.

504 3404 665 3474 Virgo
698 3408 821 3461 vitae
849 3409 1110 3477 genitrix.

571 3498 783 3553 [iulium
820 3501 942 3571 igne
970 3518 1295 3558 succensum
1324 3503 1569 3571 prmvidit
1591 3514 1641 3559 te
1666 3503 1895 3576 Moyses,
1915 3520 1949 3559 ο
1976 3504 2067 3558 Dei

2240 3504 2411 3558 Βάτον
2460 3500 2597 3572 πυρὶ
2668 3497 2966 3567 καιομένην
3010 3483 3217 3565 Μωσῆς
3274 3511 3335 3549 σε
3383 3494 3740 3565 προεθεὼρει.

506 3589 675 3646 καίει
708 3591 874 3664 Virgo
906 3613 918 3648 :
950 3604 1232 3663 propterea
1261 3597 1515 3668 extingue
1537 3598 1885 3653 an‘ectiouum
1924 3614 2070 3652 mea-

2170 3598 2453 3667 Θεομῆτορ
2480 3592 2724 3665 Παρθὲνε
2752 3607 2767 3621 ’
2791 3589 2872 3644 διό
2903 3608 3004 3659 μου
3034 3588 3372 3644 κατάσὸεσον
3418 3587 3525 3639 τῶν
3559 3585 3746 3638 παθῶν

506 3698 623 3735 rum
657 3682 932 3752 fornaces,
973 3694 1027 3741 et
1072 3686 1141 3740 ab
1168 3686 1290 3759 igne
1322 3688 1584 3757 gehenna:
1633 3689 1783 3760 eripe
1823 3700 1878 3745 et
1920 3689 2069 3745 salva

2171 3690 2270 3754 τὰς
2325 3689 2610 3761 καμίνους,
2666 3684 2763 3766 καὶ
2803 3689 2977 3757 πυρὸς
3035 3684 3264 3754 γεέννης
3318 3681 3629 3752 ὲξάρπασον
3655 3680 3746 3732 καὶ

506 3789 608 3827 me.
2176 3789 2372 3837 σῶσον.

575 3863 868 3935 Virginitas
910 3876 965 3922 et
1009 3878 1197 3938 partus
1228 3870 1280 3923 in
1314 3879 1364 3925 te
1416 3886 1581 3941 supra
1625 3880 1877 3926 naturam
1934 3886 2071 3927 con-

2248 3871 2524 3943 Παρθενία
2569 3870 2664 3924 καὶ
2684 3870 2842 3933 τόκος
2882 3867 3218 3937 συνέδραμον
3258 3864 3399 3934 ὑπὲρ
3449 3865 3613 3932 φύσιν
3656 3862 3745 3913 ἐπὶ

503 3969 813 4025 currerunt,
838 3976 871 4013 ο
893 3976 1019 4015 arca
1052 3962 1372 4017 veneranda:
1396 3964 1867 4029 sanctiﬁcationis,
1907 3963 2073 4033 Virgo

2174 3962 2475 4025 σὲ,κι6ωτὲ
2512 3960 2608 4013 τοῦ
2651 3959 2849 4012 σεπτοῦ
2892 3959 3254 4027 ἁγιασματος,
3318 3954 3745 4025 Μητμπάρθενε

504 4050 673 4105 Slater
705 4064 876 4109 casta.
913 4052 1037 4107 Ideo
1063 4069 1185 4108 eum
1218 4054 1321 4109 (ide
1344 4054 1409 4108 ad
1444 4064 1496 4109 te
1530 4054 1705 4110 clamo
1735 4072 1749 4108 :
1780 4054 2070 4109 Sanctiﬁi-a

2173 4055 2311 4124 ἁγνή
2340 4070 2355 4085 ·
2386 4054 2468 4106 διὸ
2509 4054 2691 4105 πίστει
2716 4051 2822 4121 βοῶ
2852 4068 2933 4103 σοι
2966 4066 2984 4082 ο
3020 4050 3182 4103 Ὀλον
3233 4065 3299 4117 με
3332 4047 3578 4114 ἁγίασον,
3626 4046 3745 4098 ὅλον

505 4158 591 4195 me
626 4152 839 4208 totum;
879 4154 1052 4199 totum
1081 4145 1247 4200 libera
1279 4147 1347 4202 ab
1380 4146 1529 4203 oumi
1565 4146 1819 4202 violentia
1858 4147 2070 4217 passio-

2173 4145 2514 4217 ὲκλύτρωσαι
2578 4144 2759 4215 πάσης
2806 4143 3089 4213 ἐνεργείας
3149 4139 3341 4195 παθῶν
3373 4139 3485 4192 τῶν
3523 4137 3736 4191 θλιϐόν-

503 4250 656 4302 ιιιιω,
686 4251 811 4307 quae
837 4236 1098 4292 tribulant
1130 4253 1237 4295 me.

810 4264 811 4269 π
837 4236 1098 4292 tribulant
1130 4253 1237 4295 me.
2172 4254 2284 4292 των
2313 4253 2404 4308 με.

711 4360 795 4417 Ea;
816 4380 1012 4419 canone
1041 4365 1097 4419 in
1121 4363 1412 4423 Parascwe
1437 4368 1477 4425 ιί
1507 4368 1876 4425 heddomadis.
2186 4368 2284 4421 Ἐκ

2186 4368 2284 4421 Ἐκ
2314 4364 2422 4421 τοῦ
2451 4364 2724 4429 Κανόνος
2770 4359 3312 4496 τῆςδπαιρᾳσκευῆς
3359 4357 3466 4425 τῆς
3502 4355 3745 4425 ἑϐδομά-

2912 4448 2979 4497 oc
3065 4469 3080 4483 .

572 4544 791 4601 Castam
824 4556 974 4600 casta
1014 4555 1195 4601 mente
1233 4545 1569 4603 ltonoremus
1602 4550 1876 4618 :speciem
1904 4546 2075 4603 Jacob

2240 4545 2352 4617 Τὴν
2399 4544 2569 4615 ἁγνὴν
2600 4541 2883 4611 ἁγνεύοντι
2951 4541 3276 4611 τιμήσωμεν
3340 4537 3442 4598 νοῒ,
3491 4537 3746 4605 καλλονὴν

502 4635 705 4689 divinis
740 4637 1055 4691 actionibus
1095 4638 1417 4692 decoremus
1451 4656 1465 4694 :
1501 4638 1753 4709 religiose
1802 4655 1920 4695 eam
1958 4640 2074 4695 lau-

2177 4638 2276 4707 τὴν
2320 4638 2412 4690 τοῦ
2456 4635 2649 4691 Ἰακὼσ
2679 4638 2797 4699 ταῖς
2834 4635 3035 4696 ἐνθέοις
3063 4633 3298 4704 πράξεσι
3344 4631 3745 4698 καλλυνὸμενοι,

502 4730 715 4791 demus,
744 4737 803 4781 ut
840 4728 929 4782 Dei
961 4730 1131 4782 nostri
1165 4739 1415 4785 matrem.

2179 4734 2421 4795 εὐσεϐῶς
2442 4734 2799 4805 ὑμνήσωμεν,
2823 4731 2898 4794 ὡς
2924 4730 3155 4802 Μητέρα
3187 4728 3282 4782 τοῦ
3311 4728 3447 4781 Θεοῦ
3474 4728 3648 4797 ἡμῶν.

572 4820 617 4877 0
648 4829 803 4890 porta
853 4819 948 4875 Dei
999 4820 1205 4881 clausa,
1265 4837 1360 4890 per
1408 4838 1572 4893 quam
1617 4823 1770 4879 solus
1811 4823 2075 4879 Deminus

2247 4826 2311 4879 Ἢ
2341 4825 2483 4896 πύλη
2513 4824 2649 4878 Θεοῦ
2680 4827 2713 4895 ἡ
2743 4823 3131 4893 κεκλεισμένη.
3180 4823 3247 4893 ἣν
3272 4823 3435 4891 μόνος
3464 4822 3750 4874 διώδευσεν

501 4914 789 4981 transivit;
824 4913 1002 4968 deduc
1038 4930 1123 4968 me
1161 4914 1214 4968 in
1246 4916 1475 4970 semitas
1512 4916 1748 4983 divinas,
1791 4926 1847 4971 et
1883 4919 2077 4973 salutis

2177 4920 2206 4971 ό
2243 4917 2467 4987 Κύριος,
2512 4916 2693 4969 ίθυνον
2722 4916 2857 4984 πρὸς
2884 4915 3103 4984 τρίϐους
3133 4930 3199 4985 με
3231 4913 3403 4976 θείας,
3432 4913 3526 4965 καὶ
3552 4912 3747 4965 διάνοι-

500 5018 690 5078 portas
721 5007 869 5076 aperi
905 5007 1062 5072 mihi,
1092 5022 1129 5061 ο
1176 5007 1284 5062 Deo
1315 5009 1633 5064 charissima
1675 5027 1690 5063 :
1723 5011 1789 5063 ad
1836 5019 1890 5064 te
1926 5012 2070 5065 enim

2180 5008 2268 5073 ξον
2289 5007 2388 5076 τῆς
2412 5008 2690 5076 σωτηρίας
2720 5006 2896 5069 πύλας
2921 5023 3032 5076 μοι,
3064 5003 3435 5075 θεοχαρίτωτε
3468 5019 3485 5035 ·
3517 5004 3653 5073 πρὸς
3688 5005 3742 5055 σὲ

501 5103 777 5171 coniugio,
812 5118 847 5158 ο
888 5102 1072 5173 Virgo,
1104 5105 1331 5160 unicum
1362 5106 1579 5177 generis
1611 5104 1837 5160 humani
1878 5106 2073 5175 prtesi-

2178 5101 2291 5171 γὰρ
2317 5100 2674 5169 καταφεύγω,
2729 5100 2994 5170 Παρθένε,
3030 5099 3167 5169 μόνη
3195 5097 3506 5167 προστασία
3532 5096 3623 5149 τοῦ
3649 5096 3740 5164 τέο

499 5193 670 5247 dium.
2178 5209 2303 5253 νους
2331 5190 2440 5245 τῶν
2463 5190 2789 5262 ἀνθρώπων.

571 5284 740 5340 Parce
771 5286 926 5351 mihi,
950 5286 1191 5350 Christe,
1235 5287 1457 5358 quando
1491 5288 1703 5343 veneris
1742 5303 1864 5342 cum
1902 5288 2073 5359 gloria

2252 5284 2441 5337 Φεῖσαί
2476 5302 2600 5354 μου,
2622 5284 2849 5354 Χριστὲ,
2880 5284 3011 5337 ὅταν
3041 5282 3199 5355 ἔλθῃς
3222 5284 3409 5353 κρίναι
3433 5282 3524 5337 τὸν
3557 5281 3754 5351 κόσμον

499 5377 564 5430 ad
590 5377 954 5445 judicandum
992 5380 1277 5443 mundum,
1306 5380 1543 5435 dissolve
1603 5379 1855 5433 nebulam
1900 5381 2073 5434 malo-

2187 5377 2322 5446 μετὰ
2342 5377 2522 5446 δόξης,
2555 5375 2717 5429 λῦσον
2743 5375 2843 5446 τὴν
2891 5376 3063 5444 ἀχλὺν
3092 5375 3202 5427 τῶν
3252 5374 3443 5428 κακῶν
3474 5392 3579 5444 μου
3640 5375 3755 5433 ταῖς

498 5482 618 5519 tum
655 5483 921 5533 meorum,
954 5469 1440 5524 intercessionibus
1467 5470 1611 5524 illius
1635 5486 1756 5540 quae
1786 5478 1837 5522 te
1863 5470 2070 5540 genuit,

2186 5469 2420 5531 ἱκεσίαις
2451 5469 2550 5540 τῆς
2588 5469 2875 5539 κυησάσης
2901 5484 2981 5534 σε,
3013 5470 3108 5522 καὶ
3155 5467 3500 5539 κληρονόμον
3532 5468 3752 5535 ποίησον

497 5566 551 5613 et
577 5557 660 5614 (ac
692 5575 778 5615 me
798 5560 1064 5615 barredem
1095 5558 1332 5615 etelestis
1366 5561 1513 5630 regni
1550 5560 1649 5615 tui.

1426 5561 1513 5630 gni
1550 5560 1649 5615 tui.
2183 5558 2283 5628 τῆς
2316 5560 2572 5631 οὐρανίου
2593 5558 2873 5629 βασιλείας
2901 5576 3017 5615 σου.

568 5735 704 5806 (47).
762 5738 937 5805 Quod,
980 5748 1039 5811 ut
1068 5737 1238 5792 Maria
1271 5739 1443 5811 digna
1496 5736 1589 5793 Dei
1618 5738 1777 5793 sedes
1824 5747 1993 5800 esset,
2026 5737 2081 5792 in
2189 5738 2490 5808 Velasquez
2515 5739 2568 5795 in
2601 5755 2703 5796 suo
2736 5756 2903 5811 opere
2932 5740 3006 5795 De
3039 5740 3218 5794 Maria
3256 5742 3600 5795 immaculata
3635 5757 3758 5793 mn-

500 5822 603 5883 qua
632 5824 726 5883 per
770 5810 1203 5883 incarnationem
1259 5810 1594 5883 consideret,
1652 5820 1933 5883 apeccato
1967 5811 2080 5863 ori-
2188 5820 2335 5878 cepta
2391 5812 2513 5867 libr.
2568 5812 2618 5880 Ι,
2683 5810 2903 5869 disScrt.
2965 5816 3014 5880 ί,
3078 5822 3324 5869 annotat.
3377 5814 3431 5880 ὃ,
3488 5829 3650 5883 quem
3702 5822 3757 5865 tu

499 5880 665 5946 giuali
704 5895 900 5948 exners
941 5896 1063 5935 esse
1115 5881 1383 5947 debuerit,
1437 5881 1687 5949 pluribus
1740 5881 2079 5936 demonstrat
2188 5883 2427 5938 consule.
