4038 6666
3517 431 3653 500 1366

2286 546 2372 601 Ex
2400 563 2602 602 canone
2636 548 2689 600 in
2722 544 2958 601 Sabbata
3007 560 3046 601 ιι
3080 543 3443 599 hebdomadis.

402 430 541 499 1365
1849 432 2215 496 MARIALE.

408 547 509 601 Ἕκ
540 548 644 602 τοῦ
660 549 924 615 Κανόνος
948 547 1057 603 τοῦ
1078 548 1384 605 Σαϐϐἀτου
1401 548 1510 619 τῆς
1536 548 1864 619 ἑϐδομάδος
1881 548 1962 613 β’.
1999 549 2043 606 Δ

466 672 768 743 Νηστεύειν
829 691 898 744 με
954 676 1047 729 καλ⁵
1095 675 1401 746 ἀπέχεσθαι
1459 675 1644 745 πάσης
1698 676 1972 747 ἁμαρτίας

2151 673 2195 730 Ο
2226 674 2441 741 Puella,
2471 676 2536 731 da
2571 674 2702 729 mihi
2750 673 2917 741 vires,
2948 682 3007 728 ut
3034 672 3305 743 jejunare,
3334 681 3385 728 et
3414 672 3481 728 ab
3510 673 3661 729 omni

395 763 791 836 ὲνδυνάμωσον,
824 767 1000 838 Κόρη,
1029 768 1120 820 τὸν
1170 767 1417 834 δυνατὸν,
1467 768 1849 838 ἀναμάρτητον
1878 767 1972 821 Λό-

2081 776 2308 838 peccato
2376 768 2651 824 abstinere
2721 766 2949 837 possim,
3017 780 3141 837 quae
3220 764 3659 835 potentissimum

398 872 493 924 γον
526 858 935 926 σωματωθέντα
973 862 1229 933 ἀρρήτως
1261 863 1537 932 κυήσασα,
1566 863 1661 917 καὶ
1708 862 1850 916 δίδου
1887 879 1972 934 μοι

2080 862 2317 918 Verbum
2361 863 2431 917 ab
2480 862 2627 918 omni
2689 860 2899 933 peccati
2953 859 3073 915 labe
3111 859 3377 923 immune,
3430 872 3662 927 corpore

394 947 726 1020 καθαρτικὸν
757 948 1139 1022 μολυσμάτων,
1168 952 1509 1024 Πανάμωμε,
1540 953 1793 1023 δάκρυον..

345 1264 359 1281 ι
466 1228 677 1299 ’Ὕμνον
722 1228 986 1300 προσάγω
1044 1245 1147 1295 σοι,
1185 1230 1481 1302 Παρθένε,”
1509 1229 1583 1300 μὴ
1619 1227 1853 1301 παρίδῃς
1896 1242 1972 1296 με

396 1325 590 1386 κακοῖς
637 1324 1070 1393 κεκρατημένον,
1131 1324 1267 1377 ἀλλὰ
1300 1323 1464 1390 δίδου,
1499 1323 1659 1392 ἁγνὴ,
1691 1322 1976 1391 διόρθωσιν

393 1415 606 1469 τελείαν
621 1415 709 1469 διὰ
732 1416 984 1487 νηστείας
1020 1418 1203 1487 πάσης
1235 1434 1295 1470 τε
1325 1416 1553 1486 ἀγωγῆς
1574 1414 1974 1486 ἀγαθοτρόπον.

480 1599 738 1671 Ἰεζεκιήλ
800 1617 859 1652 σε
910 1598 1088 1669 πύλην
1143 1599 1469 1663 ἀδιόδευτον,
1520 1597 1684 1668 ἁγνὴ,
1733 1596 1970 1666 προεῖδε,

397 1691 688 1763 μετανοίας
747 1691 921 1755 πύλας
967 1694 1134 1746 πᾶσιν
1169 1692 1571 1761 ύπανοῐγουσαν
1604 1690 1972 1759 ἀπεγνωσμέ-

395 1805 505 1849 νοις
533 1801 549 1817 ο
585 1784 709 1840 ὅθεν
747 1785 982 1839 δυσωπῶ
1018 1802 1077 1839 σε
1134 1784 1357 1857 τρίϐους
1407 1801 1498 1856 μοι
1537 1782 1823 1848 ὑπάνοιξον
1874 1781 1971 1845 τὰς

394 1879 532 1951 πρὸς
560 1879 631 1932 τὰ
642 1898 659 1941 ;
692 1878 901 1932 ἐκεῖθεν
927 1878 1201 1950 φερούσας
1231 1876 1631 1940 καταπαύσεις.

464 2061 689 2132 Φάνηθι,
746 2060 983 2134 ἄχραντε
1035 2061 1324 2126 Δέσποινα,
1361 2061 1503 2124 θεῖος
1559 2057 1818 2129 συνεργὸς
1863 2058 1974 2120 τοῖς

392 2155 637 2226 ἀχρείοις
666 2154 909 2220 οἰκέταις
968 2172 1086 2222 σου,
1126 2154 1307 2225 καιρῷ
1345 2155 1444 2225 τῆς
1493 2151 1825 2225 ἐγκρατείας
1876 2149 1976 2213 τὰς

394 2248 705 2318 προσευχὰς
739 2248 896 2318 ἡμῶν
950 2247 1305 2318 προσάγουσα
1350 2245 1543 2317 Κυρίῳ
1593 2244 1674 2316 τῷ
1703 2243 1813 2298 τῶν
1845 2242 1977 2296 αίὼ-

392 2358 500 2393 νων
536 2339 895 2411 βασιλεύοντι.

405 2464 502 2520 Ἐκ
526 2464 636 2521 τοῦ
659 2468 926 2532 Κανόνος
954 2466 1065 2535 τῆς
1101 2466 1382 2535 δευτέρας
1399 2464 1510 2533 τῆς
1540 2462 1866 2534 ἑϐδομάδος
1892 2462 1963 2533 γ’,

901 2538 991 2602 είς
1018 2537 1127 2590 τὸν
1169 2539 1451 2607 Ὄρθρον.

463 2662 691 2733 Χαίροις
755 2663 783 2715 ὁ
823 2662 1091 2730 πανάγιος
1126 2663 1272 2728 ναὸς,
1320 2663 1349 2715 ό
1398 2663 1565 2725 πόκος
1593 2665 1620 2717 ὁ
1670 2662 1972 2733 θεόδροσος,

393 2757 811 2828 ὲσφραγισμένη
840 2755 993 2828 πηγὴ
1012 2756 1106 2809 τοῦ
1137 2756 1415 2809 ἀθανάτου
1445 2754 1811 2827 ρείθρου,τὴν
1858 2754 1976 2808 ποί-

400 2867 543 2922 μνην
577 2866 698 2916 σου,
747 2850 1035 2911 Δέσποινα,
1096 2848 1333 2919 φύλαττε
1368 2850 1434 2902 ἐκ
1484 2846 1755 2902 παντοίων
1815 2846 1975 2900 πολε-

396 2940 535 3012 μίων
567 2941 865 3013 ἀπολιορκή
873 2959 979 3006 τως
992 2982 1005 2995 .

466 3031 570 3085 Τὸν
594 3032 946 3104 ἀγεώργητον
974 3032 1169 3103 βότρυν
1208 3029 1549 3085 συλλαόοὖσα
1586 3029 1974 3101 ὲσκοτισμένον

398 3141 469 3193 με
521 3125 662 3196 μέθῃ
695 3125 793 3197 τῆς
814 3126 1091 3197 ἁμαρτίας
1131 3124 1491 3196 σωφρόνισον,
1534 3122 1769 3177 Θεοτόκε
1820 3123 1971 3192 Παρ-

393 3218 537 3284 θένε,
568 3219 723 3282 ἐλπὶς
754 3219 864 3273 τῶν
886 3218 1075 3289 ψυχῶν
1113 3217 1297 3290 ἡμῶν.

466 3407 538 3461 Σὺ
560 3404 629 3470 εί,
661 3405 915 3471 Θεοτόκε,
939 3405 1009 3459 τὰ
1041 3405 1181 3459 ὅπλα
1206 3404 1366 3477 ἡμῶν
1399 3407 1493 3458 καὶ
1521 3405 1719 3473 τεῖχος,
1747 3403 1812 3457 σὺ
1841 3398 1894 3456 εἷ
1935 3405 1967 3473 ἠ

394 3498 680 3569 ἀντίληψις
706 3497 816 3551 τῶν
838 3498 918 3561 είς
966 3496 1026 3551 σὲ
1067 3495 1526 3568 προσερχομένων
1556 3510 1571 3525 ³
1634 3495 1693 3548 σὲ
1726 3495 1822 3548 καὶ
1877 3495 1973 3548 νῦν

384 3596 475 3656 -εἰς
515 3591 811 3663 πρεσϐείαν
848 3589 1130 3662 κινοῦμεν,
1167 3577 1253 3643 ἵνα
1312 3588 1683 3660 λυτρωθῶμεν
1719 3588 1828 3643 τῶν
1884 3590 1971 3661 ἐχ-

395 3684 542 3754 θρῶν
568 3684 746 3755 ἡμῶν.

464 3796 837 3868 Θεοχαρίτωτε
863 3795 1005 3864 ἁγνὴ
1029 3796 1124 3849 καὶ
1151 3794 1519 3867 εὐλογημένη,
1554 3796 1694 3867 μετὰ
1723 3793 1833 3847 τῶν
1857 3794 1971 3848 ἄνω

392 3890 676 3959 δυνάμεων
694 3889 788 3942 καὶ
820 3888 1198 3960 ἀρχαγγὲλων,
1254 3890 1350 3942 καὶ
1403 3890 1512 3942 τῶν
1564 3889 1781 3941 πάντων
1834 3887 1972 3939 ἀσω-

397 3981 604 4052 μάτων,
646 3980 917 4050 πρέσϐευε
941 3980 1309 4050 ἀτελευτήτως
1340 3981 1481 4049 ὑπὲρ
1515 3979 1734 4032 πάντων
1791 3977 1968 4047 ἡμῶν,

392 4074 484 4127 τὸν
508 4075 573 4127 ὲκ
596 4072 687 4127 σοῦ
715 4071 1046 4141 γεννηθέντα
1072 4070 1139 4126 δι’
1170 4070 1599 4141 εὐσπλαγχνίας,
1642 4070 1729 4122 ἵνα
1773 4068 1971 4121 δίδοται

393 4164 547 4235 ἡμῖν,
578 4163 707 4232 πρὶν
736 4162 769 4232 ἦ
803 4159 953 4224 τέλος
1007 4159 1158 4230 ἔλθῃ,
1208 4160 1553 4231 συγχώρησιν
1586 4159 1678 4212 καὶ
1729 4157 1966 4228 ἱλασμὸν

391 4254 501 4307 τῶν
531 4251 970 4324 ἁμαρτημάτων,
1003 4250 1098 4304 καὶ
1128 4250 1503 4322 ἐπανόρθωσιν
1528 4249 1623 4303 τοῦ
1656 4250 1795 4320 βίου,
1823 4250 1970 4315 ὅπως

391 4347 706 4419 οίκτειρμὸν
738 4346 917 4417 εὑρεῖν
936 4344 1275 4416 δυνηθῶμεν.

413 4549 515 4603 Ἐκ
546 4546 651 4603 τοῦ
673 4547 940 4614 Κανόνος
972 4546 1084 4616 τῆς
1126 4547 1330 4617 τρίτης
1382 4545 1490 4615 τῆς
1529 4546 1856 4617 ἑϐδομάδος
1894 4546 1963 4617 γ’.

468 4679 577 4740 Τὰς
597 4679 789 4750 χεῖράς
815 4694 907 4731 σου
934 4676 1033 4742 τὰς
1078 4677 1250 4745 θείας,
1289 4670 1376 4742 αἷς
1417 4678 1508 4733 τὸν
1560 4678 1805 4752 Κτίστην
1839 4679 1967 4735 ὲόἀο

392 4788 620 4836 στασας,
645 4771 893 4842 Παρθένε
918 4771 1185 4841 παναγία,
1225 4771 1581 4843 σαρκωθέντα
1612 4775 1966 4845 χρηστότητι,

392 4864 722 4935 προτείνασα
748 4864 1073 4935 δυσῶπησον
1101 4865 1265 4919 αὑτὸν
1295 4864 1679 4935 λυτρώσασθαι
1708 4868 1858 4937 ἡμᾶς
1902 4869 1968 4921 ὲκ

390 4954 735 5025 πειρασμῶν,
772 4954 867 5009 καὶ
899 4955 1111 5019 παθῶν,
1163 4958 1259 5009 καὶ
1296 4955 1580 5022 κινδύνων,
1640 4959 1767 5021 τοὺς
1815 4958 1967 5030 πόθῳ

389 5046 838 5118 ἁνευφημοῦντάς
866 5064 947 5114 σε,
973 5048 1068 5101 καὶ
1102 5048 1343 5118 βοῶν-τάς
1373 5068 1456 5105 σοι
1486 5068 1501 5082 ·
1530 5049 1668 5117 Δόξα
1709 5052 1788 5122 τῷ
1825 5054 1965 5107 ἐνοι-

389 5139 621 5208 κήσαντι
654 5139 712 5191 ὲν
749 5139 855 5202 σοὶ,
896 5138 1022 5202 δόξα
1050 5138 1128 5209 τῷ
1168 5140 1480 5210 προελθόντι
1546 5144 1613 5195 ὲκ
1674 5142 1791 5209 σοῦ,
1840 5144 1969 5210 δόξα

386 5229 466 5301 τῷ
484 5228 917 5304 ἐλευθερώσαντι
935 5231 1084 5301 ἡμᾶς
1108 5232 1195 5285 διὰ
1220 5233 1315 5286 τοῦ
1350 5234 1513 5288 τόκου
1548 5252 1664 5291 σου.

457 5412 642 5466 Σῶσόν
668 5430 758 5484 με,
797 5413 969 5467 σῶσόν
1003 5432 1092 5484 με,
1141 5416 1174 5485 ή
1222 5416 1312 5470 τὸν
1351 5418 1578 5489 Σωτῆρα
1613 5422 1846 5488 τέξασα*
1888 5425 1966 5478 ίδε

387 5509 486 5579 τὴν
520 5509 698 5579 θλίψιν
726 5526 850 5579 μου,
887 5509 1047 5578 ἁγνὴ,
1073 5511 1199 5581 ἣνή
1240 5510 1451 5581 πληθὺς
1489 5514 1598 5567 τῶν
1637 5517 1967 5587 ἀμετρήτων

396 5620 499 5673 μου
527 5603 714 5657 κακῶν
747 5606 967 5674 ἐμποιεῖ
1003 5603 1126 5657 καθ’
1150 5604 1365 5676 ἡμέραν
1393 5609 1459 5678 τῇ
1480 5606 1639 5680 ἀθλία
1669 5626 1771 5679 μου
1794 5611 1964 5681 ψυχῇ,

389 5694 449 5759 ἐξ
470 5694 854 5761 ἀπογνώσεως.

461 5786 670 5858 Κριτὴν
698 5788 759 5841 δν
789 5788 1114 5861 ἐγέννησας,
1168 5790 1410 5861 Παρθένε
1465 5793 1675 5862 Μαρία,
1725 5793 1965 5849 δυσὼπει

391 5880 450 5932 έν
478 5879 595 5952 ὥρᾳ
632 5880 731 5959 τῆς
762 5883 997 5955 κρίσεως
1040 5901 1127 5955 με,
1160 5884 1320 5956 ἁγνὴ,
1350 5887 1619 5959 οἰκτεῖραι
1655 5887 1747 5941 καὶ
1794 5888 1964 5944 σῶσαι

2077 955 2334 1009 vestitum
2389 954 2739 1010 ineﬂ‘abiliter
2789 952 3084 1025 peperisti;
3139 958 3193 1006 et
3241 951 3482 1006 concede
3528 949 3661 1004 mihi

2078 1049 2370 1119 laerymas,
2413 1062 2446 1103 ο
2475 1047 2787 1118 purissima,
2822 1045 2985 1117 310
3021 1043 3219 1115 quibus
3254 1041 3661 1099 maculasmeas

2076 1140 2389 1197 emundem.

2148 1232 2418 1304 llymnum
2450 1231 2619 1287 oﬂero
2673 1232 2793 1296 tibi,
2820 1247 2853 1285 ο
2880 1228 3043 1301 Virgo
3081 1247 3096 1285 :
3134 1245 3202 1284 ne
3247 1227 3522 1299 despicias
3572 1240 3661 1282 me

2076 1325 2235 1380 malis
2272 1325 2561 1380 obsessum
2604 1343 2617 1379 :
2651 1325 2742 1380 sed
2770 1323 3012 1379 concede
3052 1322 3209 1386 mihi,
3251 1341 3285 1375 υ
3325 1333 3501 1384 easta,
3539 1337 3661 1390 per—

2077 1417 2276 1473 fectam
2304 1417 2701 1472 correctionem
2739 1431 2835 1486 per
2879 1415 3174 1486 jejunium,
3209 1427 3275 1470 ac
3329 1413 3447 1469 vita:
3477 1413 3659 1467 omnis

2075 1512 2245 1583 probe
2268 1519 2503 1581 peracta:
2537 1511 2826 1565 rationem.

2144 1603 2399 1659 Praevidit
2436 1612 2489 1659 te
2527 1602 2802 1669 Ezechiel,
2848 1617 2881 1658 0
2917 1609 3089 1667 casta,
3119 1608 3331 1671 portam
3375 1614 3471 1669 per
3493 1613 3659 1669 quam

2076 1696 2211 1753 nulli
2243 1695 2464 1766 patebat
2492 1696 2607 1758 via;
2650 1710 2773 1765 quae
2831 1694 3089 1750 omnibus
3129 1692 3433 1761 deSperatis
3479 1690 3659 1760 aperis

2076 1797 2261 1861 portas
2300 1789 2666 1859 poenitentiae:
2715 1788 2859 1843 unde
2920 1787 3017 1843 tibi
3079 1784 3363 1857 supplico;
3414 1792 3475 1838 ut
3526 1782 3657 1836 mihi

1998 1903 2049 1963 Β
2077 1884 2191 1937 vias
2217 1882 2453 1952 aperias,
2487 1895 2609 1951 quae
2651 1880 2718 1936 ad
2748 1879 3027 1936 caelestem
3061 1879 3306 1950 requiem
3339 1892 3425 1934 me
3463 1874 3661 1946 perdu-

2077 1986 2223 2032 cant.

2151 2066 2363 2131 Esto,o
2411 2064 2639 2121 Domina
2688 2066 3058 2132 immaculata,
3109 2064 3293 2119 divina
3346 2047 3665 2132 coadjutrix'

2078 2159 2360 2215 inutilibus
2385 2160 2558 2215 servis
2594 2160 2700 2215 tuis
2750 2167 2991 2231 tempore
3037 2157 3403 2219 abstinentiae,
3444 2168 3635 2226 preces

2076 2261 2298 2309 nostras
2330 2252 2567 2310 oﬂ‘erens
2597 2252 2827 2309 Domino
2849 2252 2962 2323 regi
2992 2251 3340 2308 seculorum.

2184 2476 2268 2531 Ex
2298 2478 2565 2532 canonein
2592 2476 2727 2547 feria
2751 2494 2786 2532 ιι
2811 2477 2963 2533 hebd.
2993 2493 3073 2541 Ill,
3107 2474 3176 2531 ad
3201 2476 3551 2532 Matutinum.

2151 2679 2332 2745 Salve,
2357 2693 2390 2733 ο
2419 2677 2679 2749 templum
2711 2676 3157 2742 sanctissimum,
3198 2691 3232 2731 ο
3264 2676 3439 2732 vellus
3473 2675 3656 2729 divino

2078 2786 2201 2826 rore
2230 2770 2494 2832 infusum,
2533 2786 2566 2825 ο
2601 2770 2725 2827 fons
2773 2771 2985 2840 signate
3018 2770 3236 2825 ﬂuentis
3278 2768 3603 2824 immortalis
3637 2786 3652 2822 :

2077 2878 2295 2935 gregem
2329 2873 2483 2919 tuum
2504 2863 2739 2929 custodi,
2768 2861 3020 2927 Domina,
3061 2863 3130 2918 ab
3163 2863 3402 2917 hostium
3436 2861 3655 2916 univer-

2076 2970 2265 3035 sorum
2291 2956 2698 3025 oppugnatione
2725 2955 3050 3009 immunem.

2150 3046 2230 3099 Tu
2258 3060 2382 3116 quae
2416 3049 2692 3100 racemum
2715 3046 2923 3116 absque
2951 3045 3118 3101 ullius
3149 3045 3363 3100 cultura
3395 3044 3654 3115 concepi-

2077 3138 2167 3203 sti,
2201 3152 2286 3193 me
2308 3137 2516 3207 peccati
2564 3136 2830 3192 ebrietate
2880 3137 3297 3192 obtenebratum
3336 3137 3401 3191 ad
3438 3137 3651 3192 sobrie-

2079 3238 2242 3284 tatem
2271 3229 2517 3294 restitue,
2573 3244 2605 3281 ο
2654 3225 2819 3296 Virgo
2852 3226 3103 3297 Deipara,
3165 3240 3290 3294 Spes
3345 3225 3651 3280 animarum

2080 3332 2411 3377 nostrarum.

2150 3412 2229 3468 Tu
2255 3430 2336 3481 es,
2364 3430 2398 3470 ο
2425 3413 2677 3484 Deipara,
2710 3428 2860 3468 arma
2892 3422 3100 3476 nostra.
3133 3422 3188 3468 et
3212 3426 3402 3467 murus
3437 3427 3453 3466 :
3487 3418 3541 3465 tu
3570 3425 3654 3464 re-

2078 3506 2287 3576 fugium
2327 3505 2393 3561 ad
2434 3514 2485 3560 te
2516 3504 2972 3576 eoufugientium.
3004 3500 3162 3559 Nunc
3220 3503 3406 3574 itaque
3436 3514 3489 3557 te
3523 3517 3650 3557 ora-

2077 3598 2266 3653 tricem
2298 3605 2538 3653 nostram
2569 3595 2974 3663 constituimus,
3004 3604 3063 3650 ut
3085 3594 3420 3651 ablrostibus
3448 3592 3654 3649 nostris

2075 3687 2393 3748 liberemur.

2146 3800 2187 3850 0
2228 3798 2407 3853 divina
2461 3797 2635 3869 gratia
2680 3796 3021 3867 plenissima,
3053 3786 3223 3862 casta,
3259 3805 3313 3851 et
3345 3793 3651 3861 benedicta,

2076 3906 2182 3944 una
2211 3904 2336 3943 eum
2364 3889 2618 3957 supernis
2650 3889 2946 3943 virtutibus
2972 3896 3027 3943 et
3061 3886 3429 3956 archangelis,
3467 3885 3649 3939 omni-

2075 3980 2287 4050 busque
2318 3978 2652 4048 incorporeis
2675 3977 2971 4048 deprecare
3001 3977 3341 4033 incessanter
3364 3990 3460 4044 pro
3491 3974 3651 4031 nobis

2074 4073 2330 4129 omnibus
2358 4073 2510 4127 illum
2543 4072 2636 4143 qui
2674 4087 2742 4127 ex
2779 4081 2829 4126 te
2859 4080 3021 4126 natus
3050 4085 3134 4127 est
3176 4086 3271 4140 per
3306 4069 3517 4124 viscera
3551 4068 3656 4122 mi-

2074 4166 2421 4231 sericordize;
2447 4175 2505 4221 ut
2528 4164 2793 4220 concedat
2828 4164 3007 4228 nobis,
3055 4174 3348 4234 antequam
3394 4162 3516 4218 linis
3550 4162 3651 4218 ad.

2072 4256 2278 4321 veniat,
2309 4256 2725 4326 indulgentiam,
2749 4264 2801 4310 et
2824 4255 3259 4326 propitiationem
3280 4261 3647 4322 peccatorum,

2072 4349 2304 4419 vitaeque
2346 4349 2769 4415 correctionem,
2822 4357 2881 4402 ut
2920 4347 3352 4403 misericordiam
3406 4345 3652 4402 invenire

2072 4443 2371 4511 possimus.

2174 4556 2333 4628 311
2366 4555 2449 4622 Ea:
2469 4572 2666 4611 canone
2715 4556 2770 4610 in
2812 4555 2943 4626 feria
2978 4571 3037 4611 ιιι
3079 4554 3417 4610 hebdomadis
3451 4570 3534 4609 ιιι.

2140 4683 2186 4741 Ο
2234 4684 2400 4754 Virgo
2459 4684 2831 4751 sanctissima,
2887 4683 3123 4739 extende
3178 4682 3396 4739 divinas
3453 4698 3651 4739 manus

2069 4785 2217 4844 tuas,
2284 4777 2485 4848 quibus
2542 4777 2769 4848 portasti
2825 4773 3167 4841 Creatorem,
3216 4785 3439 4847 propter
3492 4789 3652 4832 suam

2071 4869 2460 4940 benignitatem
2488 4870 2830 4924 incarnatum
2856 4885 2873 4937 ;
2904 4882 3142 4938 eumque
3182 4882 3407 4938 precare
3435 4869 3647 4938 suppli-

2069 4960 2228 5026 citer,
2268 4969 2381 5015 uta
2416 4960 2831 5023 tentationibus,
2864 4958 3367 5027 perturbationibus
3418 4970 3474 5014 et
3500 4960 3648 5029 peri-

2069 5055 2208 5111 culis
2244 5054 2439 5124 eripiat
2480 5067 2603 5117 nos,
2636 5052 2730 5121 qui
2773 5060 2824 5105 te
2870 5066 2996 5107 eum
3041 5050 3236 5106 affectu
3283 5051 3653 5116 celebramus,

2069 5158 2121 5202 et
2152 5146 2219 5202 ad
2249 5157 2300 5203 te
2347 5146 2681 5201 clamamus:
2716 5143 2899 5199 Glnria
2935 5143 2983 5197 ei
3012 5143 3107 5214 qui
3154 5144 3208 5197 in
3242 5152 3293 5198 te
3336 5142 3645 5198 habitavit:

2070 5240 2241 5309 gloria
2277 5238 2325 5292 ei
2356 5237 2449 5307 qui
2478 5252 2544 5291 ex
2577 5245 2629 5290 te
2663 5234 2963 5305 processit:
3004 5234 3177 5305 gloria
3222 5235 3272 5289 ei
3304 5234 3397 5305 qui
3426 5248 3524 5290 nos
3550 5249 3647 5305 per

2069 5340 2285 5402 partum
2321 5341 2473 5385 tuum
2508 5328 2562 5383 in
2598 5327 2900 5383 libertatem
2932 5327 3254 5383 vindicavit.

2143 5426 2303 5481 Salva
2331 5440 2436 5488 me,
2460 5422 2611 5479 salva
2636 5437 2745 5490 me,
2769 5430 2825 5477 tu
2844 5437 2964 5492 qua:
2991 5421 3330 5476 Salvatorem
3356 5418 3644 5490 peperisti:

2068 5520 2191 5576 vide
2222 5517 2630 5573 tribulationem
2673 5529 2871 5580 meam,
2907 5522 3128 5578 oeasta,
3159 5527 3323 5584 quam
3356 5512 3653 5568 multitudo

2070 5616 2461 5670 immensorum
2550 5610 2815 5664 malorum
2877 5623 3122 5664 meorum
3181 5606 3345 5662 infert
3401 5604 3649 5673 quatidie

2072 5708 2283 5762 misera:
2317 5705 2514 5759 animae
2544 5718 2696 5767 meae,
2720 5717 2786 5756 ex
2816 5701 3213 5769 desperatione.

2139 5794 2183 5849 0
2214 5803 2360 5849 casta
2392 5791 2557 5864 Virgo
2588 5791 2779 5858 Maria,
2827 5791 3122 5861 deprecare
3169 5788 3441 5853 Judieem,
3483 5802 3649 5859 quem

2071 5886 2377 5960 getirrasti,
2411 5893 2468 5939 ut
2514 5885 2567 5938 iu
2624 5884 2757 5939 hora
2786 5881 2979 5953 judicii
3033 5882 3361 5939 misereatur
3415 5879 3544 5945 mei,
3594 5888 3649 5933 et
