  <div class='ocr_page' id='page_1' title='image "/cluster/home/n/w/nwhite01/storage/ocr_20150623/105/hvd.32044013678347/695.png"; bbox 0 0 4038 6620; ppageno 0'>
   <div class='ocr_carea' id='block_1_1' title="bbox 430 401 563 467">
    <p class='ocr_par' dir='ltr' id='par_1_1' title="bbox 430 401 563 467">
     <span class='ocr_line' id='line_1_1' title="bbox 430 401 563 467; baseline 0.023 -3"><span class='ocrx_word' id='word_1_1' title='bbox 430 401 563 467; x_wconf 78' lang='lat'><strong>1367</strong></span> 
     </span>
    </p>
   </div>
   <div class='ocr_carea' id='block_1_2' title="bbox 1559 393 2580 459">
    <p class='ocr_par' dir='ltr' id='par_1_2' title="bbox 1559 393 2580 459">
     <span class='ocr_line' id='line_1_2' title="bbox 1559 393 2580 459; baseline 0.001 -4"><span class='ocrx_word' id='word_1_2' title='bbox 1559 397 1621 455; x_wconf 87' lang='lat' dir='ltr'><strong>S.</strong></span> <span class='ocrx_word' id='word_1_3' title='bbox 1661 393 1974 459; x_wconf 74' lang='lat' dir='ltr'><strong>JOSEPHI</strong></span> <span class='ocrx_word' id='word_1_4' title='bbox 2017 395 2580 458; x_wconf 77' lang='lat' dir='ltr'><strong>HYMNOGRAPIII</strong></span> 
     </span>
    </p>
   </div>
   <div class='ocr_carea' id='block_1_3' title="bbox 3554 401 3696 464">
    <p class='ocr_par' dir='ltr' id='par_1_3' title="bbox 3554 401 3696 464">
     <span class='ocr_line' id='line_1_3' title="bbox 3554 401 3696 464; baseline -0.007 0"><span class='ocrx_word' id='word_1_5' title='bbox 3554 401 3696 464; x_wconf 64' lang='lat'><strong>1263</strong></span> 
     </span>
    </p>
   </div>
   <div class='ocr_carea' id='block_1_4' title="bbox 427 507 1988 585">
    <p class='ocr_par' dir='ltr' id='par_1_4' title="bbox 427 511 1988 585">
     <span class='ocr_line' id='line_1_4' title="bbox 427 511 1988 585; baseline -0.006 -11"><span class='ocrx_word' id='word_1_6' title='bbox 427 520 598 574; x_wconf 66' lang='lat' dir='ltr'><strong>salvet</strong></span> <span class='ocrx_word' id='word_1_7' title='bbox 625 532 712 574; x_wconf 87' lang='lat' dir='ltr'><strong>me</strong></span> <span class='ocrx_word' id='word_1_8' title='bbox 731 515 1073 574; x_wconf 75' lang='lat' dir='ltr'><strong>damnationi</strong></span> <span class='ocrx_word' id='word_1_9' title='bbox 1111 511 1408 571; x_wconf 78' lang='lat' dir='ltr'><strong>obnoxium</strong></span> <span class='ocrx_word' id='word_1_10' title='bbox 1437 529 1452 570; x_wconf 89' lang='lat'><strong>:</strong></span> <span class='ocrx_word' id='word_1_11' title='bbox 1484 528 1517 568; x_wconf 91' lang='grc' dir='ltr'><strong>ο</strong></span> <span class='ocrx_word' id='word_1_12' title='bbox 1551 514 1774 568; x_wconf 86' lang='lat' dir='ltr'><strong>unicum</strong></span> <span class='ocrx_word' id='word_1_13' title='bbox 1811 512 1988 585; x_wconf 66' lang='lat' dir='ltr'><strong>praesi-</strong></span> 
     </span>
    </p>
   </div>
   <div class='ocr_carea' id='block_1_5' title="bbox 2099 507 3692 585">
    <p class='ocr_par' dir='ltr' id='par_1_5' title="bbox 2107 507 3692 581">
     <span class='ocr_line' id='line_1_5' title="bbox 2107 507 3692 581; baseline -0.001 -18"><span class='ocrx_word' id='word_1_14' title='bbox 2107 512 2199 564; x_wconf 69' lang='grc' dir='ltr'>τὸν</span> <span class='ocrx_word' id='word_1_15' title='bbox 2249 514 2600 581; x_wconf 74' lang='grc' dir='ltr'><strong>κατάκριτον,</strong></span> <span class='ocrx_word' id='word_1_16' title='bbox 2654 509 2791 581; x_wconf 83' lang='grc' dir='ltr'>μόνη</span> <span class='ocrx_word' id='word_1_17' title='bbox 2835 508 3142 580; x_wconf 70' lang='grc' dir='ltr'><strong>προστασία</strong></span> <span class='ocrx_word' id='word_1_18' title='bbox 3179 507 3276 563; x_wconf 88' lang='grc' dir='ltr'><strong>τοῦ</strong></span> <span class='ocrx_word' id='word_1_19' title='bbox 3326 508 3526 579; x_wconf 85' lang='grc' dir='ltr'>γένους</span> <span class='ocrx_word' id='word_1_20' title='bbox 3574 509 3692 562; x_wconf 88' lang='grc' dir='ltr'><strong>τῶν</strong></span> 
     </span>
    </p>
   </div>
   <div class='ocr_carea' id='block_1_6' title="bbox 425 612 1097 682">
    <p class='ocr_par' dir='ltr' id='par_1_6' title="bbox 425 612 1097 682">
     <span class='ocr_line' id='line_1_6' title="bbox 425 612 1097 682; baseline 0.004 -18"><span class='ocrx_word' id='word_1_21' title='bbox 425 612 574 666; x_wconf 84' lang='lat' dir='ltr'><strong>dium</strong></span> <span class='ocrx_word' id='word_1_22' title='bbox 608 612 825 682; x_wconf 73' lang='lat' dir='ltr'><strong>generis</strong></span> <span class='ocrx_word' id='word_1_23' title='bbox 849 612 1097 668; x_wconf 84' lang='lat' dir='ltr'><strong>humani.</strong></span> 
     </span>
    </p>
   </div>
   <div class='ocr_carea' id='block_1_7' title="bbox 499 699 1998 776">
    <p class='ocr_par' dir='ltr' id='par_1_7' title="bbox 499 699 1998 776">
     <span class='ocr_line' id='line_1_7' title="bbox 499 699 1998 776; baseline -0.003 -19"><span class='ocrx_word' id='word_1_24' title='bbox 499 705 740 758; x_wconf 81' lang='lat' dir='ltr'><strong>Montem</strong></span> <span class='ocrx_word' id='word_1_25' title='bbox 766 719 797 759; x_wconf 93' lang='lat' dir='ltr'><strong>a</strong></span> <span class='ocrx_word' id='word_1_26' title='bbox 822 705 1052 775; x_wconf 86' lang='lat' dir='ltr'><strong>lapicida</strong></span> <span class='ocrx_word' id='word_1_27' title='bbox 1079 709 1380 774; x_wconf 76' lang='lat' dir='ltr'><strong>intactum;</strong></span> <span class='ocrx_word' id='word_1_28' title='bbox 1407 713 1622 776; x_wconf 87' lang='lat' dir='ltr'><strong>portam</strong></span> <span class='ocrx_word' id='word_1_29' title='bbox 1648 699 1998 771; x_wconf 83' lang='lat' dir='ltr'><strong>imperviam,</strong></span> 
     </span>
    </p>
   </div>
   <div class='ocr_carea' id='block_1_8' title="bbox 427 796 2002 875">
    <p class='ocr_par' dir='ltr' id='par_1_8' title="bbox 427 796 2002 875">
     <span class='ocr_line' id='line_1_8' title="bbox 427 796 2002 875; baseline -0.004 -20"><span class='ocrx_word' id='word_1_30' title='bbox 427 802 802 858; x_wconf 77' lang='lat' dir='ltr'><strong>sublimiorem</strong></span> <span class='ocrx_word' id='word_1_31' title='bbox 840 805 1002 870; x_wconf 57' lang='lat' dir='ltr'><strong>caelo,</strong></span> <span class='ocrx_word' id='word_1_32' title='bbox 1053 805 1439 875; x_wconf 80' lang='lat' dir='ltr'><strong>universisque</strong></span> <span class='ocrx_word' id='word_1_33' title='bbox 1514 801 1681 856; x_wconf 83' lang='lat' dir='ltr'><strong>rebus</strong></span> <span class='ocrx_word' id='word_1_34' title='bbox 1753 796 2002 862; x_wconf 84' lang='lat' dir='ltr'><strong>creatis;</strong></span> 
     </span>
    </p>
   </div>
   <div class='ocr_carea' id='block_1_9' title="bbox 426 890 2000 963">
    <p class='ocr_par' dir='ltr' id='par_1_9' title="bbox 426 890 2000 963">
     <span class='ocr_line' id='line_1_9' title="bbox 426 890 2000 963; baseline -0.004 -15"><span class='ocrx_word' id='word_1_35' title='bbox 426 897 661 963; x_wconf 77' lang='lat' dir='ltr'><strong>Speciem</strong></span> <span class='ocrx_word' id='word_1_36' title='bbox 699 894 903 961; x_wconf 81' lang='lat' dir='ltr'><strong>Jacob;</strong></span> <span class='ocrx_word' id='word_1_37' title='bbox 935 904 1126 953; x_wconf 80' lang='lat' dir='ltr'><strong>urnam</strong></span> <span class='ocrx_word' id='word_1_38' title='bbox 1161 890 1328 954; x_wconf 80' lang='lat' dir='ltr'><strong>totam</strong></span> <span class='ocrx_word' id='word_1_39' title='bbox 1363 909 1611 960; x_wconf 84' lang='lat' dir='ltr'><strong>auream,</strong></span> <span class='ocrx_word' id='word_1_40' title='bbox 1649 901 1704 947; x_wconf 87' lang='lat' dir='ltr'><strong>et</strong></span> <span class='ocrx_word' id='word_1_41' title='bbox 1741 898 2000 960; x_wconf 84' lang='lat' dir='ltr'><strong>pontem;</strong></span> 
     </span>
    </p>
   </div>
   <div class='ocr_carea' id='block_1_10' title="bbox 423 983 2000 1061">
    <p class='ocr_par' dir='ltr' id='par_1_10' title="bbox 423 983 2000 1061">
     <span class='ocr_line' id='line_1_10' title="bbox 423 983 2000 1061; baseline -0.004 -19"><span class='ocrx_word' id='word_1_42' title='bbox 423 999 474 1042; x_wconf 90' lang='lat' dir='ltr'><strong>et</strong></span> <span class='ocrx_word' id='word_1_43' title='bbox 500 987 721 1042; x_wconf 74' lang='lat' dir='ltr'><strong>Matrem</strong></span> <span class='ocrx_word' id='word_1_44' title='bbox 744 989 1044 1056; x_wconf 76' lang='lat' dir='ltr'><strong>Creatoris,</strong></span> <span class='ocrx_word' id='word_1_45' title='bbox 1070 989 1348 1061; x_wconf 77' lang='lat' dir='ltr'><strong>Virginem</strong></span> <span class='ocrx_word' id='word_1_46' title='bbox 1375 988 1558 1044; x_wconf 83' lang='lat' dir='ltr'><strong>ﬁdeles</strong></span> <span class='ocrx_word' id='word_1_47' title='bbox 1607 983 2000 1040; x_wconf 76' lang='lat' dir='ltr'><strong>beatiﬁcemus.</strong></span> 
     </span>
    </p>
   </div>
   <div class='ocr_carea' id='block_1_11' title="bbox 522 1187 1929 1263">
    <p class='ocr_par' dir='ltr' id='par_1_11' title="bbox 522 1187 1929 1263">
     <span class='ocr_line' id='line_1_11' title="bbox 522 1187 1929 1263; baseline -0.004 -18"><span class='ocrx_word' id='word_1_48' title='bbox 522 1191 607 1245; x_wconf 72' lang='lat' dir='ltr'><strong>Ex</strong></span> <span class='ocrx_word' id='word_1_49' title='bbox 633 1208 829 1247; x_wconf 82' lang='lat' dir='ltr'><strong>canone</strong></span> <span class='ocrx_word' id='word_1_50' title='bbox 859 1193 912 1247; x_wconf 82' lang='lat' dir='ltr'><strong>in</strong></span> <span class='ocrx_word' id='word_1_51' title='bbox 941 1192 1077 1263; x_wconf 81' lang='lat' dir='ltr'><strong>feria</strong></span> <span class='ocrx_word' id='word_1_52' title='bbox 1107 1209 1157 1248; x_wconf 88' lang='lat' dir='ltr'><strong>tv</strong></span> <span class='ocrx_word' id='word_1_53' title='bbox 1187 1193 1338 1247; x_wconf 83' lang='lat' dir='ltr'><strong>Itebd.</strong></span> <span class='ocrx_word' id='word_1_54' title='bbox 1373 1209 1452 1257; x_wconf 89' lang='grc' dir='ltr'>ιιι,</span> <span class='ocrx_word' id='word_1_55' title='bbox 1485 1191 1553 1245; x_wconf 83' lang='lat' dir='ltr'><strong>ad</strong></span> <span class='ocrx_word' id='word_1_56' title='bbox 1579 1187 1929 1243; x_wconf 71' lang='lat' dir='ltr'><strong>Matutiuum.</strong></span> 
     </span>
    </p>
   </div>
   <div class='ocr_carea' id='block_1_12' title="bbox 493 1367 2000 1438">
    <p class='ocr_par' dir='ltr' id='par_1_12' title="bbox 493 1367 2000 1438">
     <span class='ocr_line' id='line_1_12' title="bbox 493 1367 2000 1438; baseline -0.003 -14"><span class='ocrx_word' id='word_1_57' title='bbox 493 1371 840 1426; x_wconf 82' lang='lat' dir='ltr'><strong>lnrarnatum</strong></span> <span class='ocrx_word' id='word_1_58' title='bbox 869 1386 936 1426; x_wconf 82' lang='lat' dir='ltr'><strong>ex</strong></span> <span class='ocrx_word' id='word_1_59' title='bbox 963 1379 1084 1438; x_wconf 77' lang='lat' dir='ltr'><strong>te,o</strong></span> <span class='ocrx_word' id='word_1_60' title='bbox 1111 1369 1478 1433; x_wconf 85' lang='lat' dir='ltr'><strong>immaculata,</strong></span> <span class='ocrx_word' id='word_1_61' title='bbox 1519 1367 1750 1422; x_wconf 84' lang='lat' dir='ltr'><strong>Verbum</strong></span> <span class='ocrx_word' id='word_1_62' title='bbox 1779 1380 2000 1436; x_wconf 82' lang='lat' dir='ltr'><strong>proces-</strong></span> 
     </span>
    </p>
   </div>
   <div class='ocr_carea' id='block_1_13' title="bbox 423 1461 2001 1534">
    <p class='ocr_par' dir='ltr' id='par_1_13' title="bbox 423 1461 2001 1534">
     <span class='ocr_line' id='line_1_13' title="bbox 423 1461 2001 1534; baseline -0.003 -17"><span class='ocrx_word' id='word_1_63' title='bbox 423 1464 515 1531; x_wconf 81' lang='lat' dir='ltr'><strong>sit,</strong></span> <span class='ocrx_word' id='word_1_64' title='bbox 571 1474 630 1519; x_wconf 89' lang='lat' dir='ltr'><strong>ut</strong></span> <span class='ocrx_word' id='word_1_65' title='bbox 675 1463 976 1534; x_wconf 86' lang='lat' dir='ltr'><strong>primorum</strong></span> <span class='ocrx_word' id='word_1_66' title='bbox 1032 1472 1316 1532; x_wconf 87' lang='lat' dir='ltr'><strong>parentum</strong></span> <span class='ocrx_word' id='word_1_67' title='bbox 1355 1463 1566 1532; x_wconf 87' lang='lat' dir='ltr'><strong>lapsum</strong></span> <span class='ocrx_word' id='word_1_68' title='bbox 1615 1461 1852 1530; x_wconf 82' lang='lat' dir='ltr'><strong>erigeret</strong></span> <span class='ocrx_word' id='word_1_69' title='bbox 1905 1474 2001 1528; x_wconf 82' lang='lat' dir='ltr'><strong>per</strong></span> 
     </span>
    </p>
   </div>
   <div class='ocr_carea' id='block_1_14' title="bbox 423 1552 1219 1608">
    <p class='ocr_par' dir='ltr' id='par_1_14' title="bbox 423 1552 1219 1608">
     <span class='ocr_line' id='line_1_14' title="bbox 423 1552 1219 1608; baseline 0.001 -4"><span class='ocrx_word' id='word_1_70' title='bbox 423 1555 634 1608; x_wconf 77' lang='lat' dir='ltr'><strong>viscera</strong></span> <span class='ocrx_word' id='word_1_71' title='bbox 670 1552 1060 1607; x_wconf 74' lang='lat' dir='ltr'><strong>misericordiae</strong></span> <span class='ocrx_word' id='word_1_72' title='bbox 1087 1553 1219 1606; x_wconf 71' lang='lat' dir='ltr'><strong>suae.</strong></span> 
     </span>
    </p>
   </div>
   <div class='ocr_carea' id='block_1_15' title="bbox 499 1638 2000 1712">
    <p class='ocr_par' dir='ltr' id='par_1_15' title="bbox 499 1638 2000 1712">
     <span class='ocr_line' id='line_1_15' title="bbox 499 1638 2000 1712; baseline -0.003 -16"><span class='ocrx_word' id='word_1_73' title='bbox 499 1644 593 1698; x_wconf 79' lang='lat' dir='ltr'><strong>Dei</strong></span> <span class='ocrx_word' id='word_1_74' title='bbox 626 1643 928 1712; x_wconf 87' lang='lat' dir='ltr'><strong>Sapientia,</strong></span> <span class='ocrx_word' id='word_1_75' title='bbox 947 1644 1169 1696; x_wconf 84' lang='lat' dir='ltr'><strong>domum</strong></span> <span class='ocrx_word' id='word_1_76' title='bbox 1185 1641 1287 1695; x_wconf 88' lang='lat' dir='ltr'><strong>sibi</strong></span> <span class='ocrx_word' id='word_1_77' title='bbox 1313 1640 1616 1702; x_wconf 59' lang='lat' dir='ltr'><strong>aediﬁcans,</strong></span> <span class='ocrx_word' id='word_1_78' title='bbox 1644 1654 1710 1694; x_wconf 70' lang='lat' dir='ltr'><strong>cx</strong></span> <span class='ocrx_word' id='word_1_79' title='bbox 1735 1646 1790 1694; x_wconf 88' lang='lat' dir='ltr'><strong>te</strong></span> <span class='ocrx_word' id='word_1_80' title='bbox 1817 1638 2000 1692; x_wconf 87' lang='lat' dir='ltr'><strong>incar-</strong></span> 
     </span>
    </p>
   </div>
   <div class='ocr_carea' id='block_1_16' title="bbox 2104 603 2431 676">
    <p class='ocr_par' dir='ltr' id='par_1_16' title="bbox 2104 603 2431 676">
     <span class='ocr_line' id='line_1_16' title="bbox 2104 603 2431 676; baseline 0.003 -18"><span class='ocrx_word' id='word_1_81' title='bbox 2104 604 2202 658; x_wconf 84' lang='grc' dir='ltr'>ἀνθ</span> <span class='ocrx_word' id='word_1_82' title='bbox 2211 603 2431 676; x_wconf 78' lang='grc' dir='ltr'>ρώπων.</span> 
     </span>
    </p>
   </div>
   <div class='ocr_carea' id='block_1_17' title="bbox 2175 693 3689 768">
    <p class='ocr_par' dir='ltr' id='par_1_17' title="bbox 2175 693 3689 768">
     <span class='ocr_line' id='line_1_17' title="bbox 2175 693 3689 768; baseline -0.003 -18"><span class='ocrx_word' id='word_1_83' title='bbox 2175 695 2249 750; x_wconf 79' lang='grc' dir='ltr'>Τὸ</span> <span class='ocrx_word' id='word_1_84' title='bbox 2290 697 2638 768; x_wconf 82' lang='grc' dir='ltr'>ἀλατόμητον</span> <span class='ocrx_word' id='word_1_85' title='bbox 2677 696 2827 765; x_wconf 76' lang='grc' dir='ltr'>ὅρος,</span> <span class='ocrx_word' id='word_1_86' title='bbox 2873 694 2974 766; x_wconf 76' lang='grc' dir='ltr'>τὴν</span> <span class='ocrx_word' id='word_1_87' title='bbox 3003 694 3309 748; x_wconf 80' lang='grc' dir='ltr'>ἀδιόδευτον</span> <span class='ocrx_word' id='word_1_88' title='bbox 3344 693 3546 766; x_wconf 83' lang='grc' dir='ltr'>πύλην,</span> <span class='ocrx_word' id='word_1_89' title='bbox 3582 693 3689 765; x_wconf 80' lang='grc' dir='ltr'>τὴν</span> 
     </span>
    </p>
   </div>
   <div class='ocr_carea' id='block_1_18' title="bbox 2102 786 3690 861">
    <p class='ocr_par' dir='ltr' id='par_1_18' title="bbox 2102 786 3690 861">
     <span class='ocr_line' id='line_1_18' title="bbox 2102 786 3690 861; baseline -0.002 -19"><span class='ocrx_word' id='word_1_90' title='bbox 2102 789 2387 861; x_wconf 82' lang='grc' dir='ltr'>ἀνωτέραν</span> <span class='ocrx_word' id='word_1_91' title='bbox 2430 787 2691 860; x_wconf 86' lang='grc' dir='ltr'>ούρανοῦ,</span> <span class='ocrx_word' id='word_1_92' title='bbox 2750 789 2846 842; x_wconf 77' lang='grc' dir='ltr'>καὶ</span> <span class='ocrx_word' id='word_1_93' title='bbox 2901 788 3001 856; x_wconf 76' lang='grc' dir='ltr'>τῆς</span> <span class='ocrx_word' id='word_1_94' title='bbox 3037 786 3272 848; x_wconf 74' lang='grc' dir='ltr'>κτίσεως</span> <span class='ocrx_word' id='word_1_95' title='bbox 3329 792 3534 857; x_wconf 78' lang='grc' dir='ltr'>πάσης,</span> <span class='ocrx_word' id='word_1_96' title='bbox 3583 787 3690 857; x_wconf 81' lang='grc' dir='ltr'>τὴν</span> 
     </span>
    </p>
   </div>
   <div class='ocr_carea' id='block_1_19' title="bbox 2103 879 3689 954">
    <p class='ocr_par' dir='ltr' id='par_1_19' title="bbox 2103 879 3689 954">
     <span class='ocr_line' id='line_1_19' title="bbox 2103 879 3689 954; baseline -0.003 -18"><span class='ocrx_word' id='word_1_97' title='bbox 2103 882 2363 954; x_wconf 73' lang='grc' dir='ltr'>καλλονὴν</span> <span class='ocrx_word' id='word_1_98' title='bbox 2392 883 2485 937; x_wconf 88' lang='grc' dir='ltr'><strong>τοῦ</strong></span> <span class='ocrx_word' id='word_1_99' title='bbox 2525 881 2743 948; x_wconf 77' lang='grc' dir='ltr'>Ἰακὼϐ,</span> <span class='ocrx_word' id='word_1_100' title='bbox 2774 882 2873 952; x_wconf 82' lang='grc' dir='ltr'>τὴν</span> <span class='ocrx_word' id='word_1_101' title='bbox 2916 881 3156 950; x_wconf 81' lang='grc' dir='ltr'>στάμνον</span> <span class='ocrx_word' id='word_1_102' title='bbox 3189 880 3291 950; x_wconf 79' lang='grc' dir='ltr'>τὴν</span> <span class='ocrx_word' id='word_1_103' title='bbox 3343 879 3689 950; x_wconf 80' lang='grc' dir='ltr'>πάγχρυσον,</span> 
     </span>
    </p>
   </div>
   <div class='ocr_carea' id='block_1_20' title="bbox 2103 972 3683 1047">
    <p class='ocr_par' dir='ltr' id='par_1_20' title="bbox 2103 972 3683 1047">
     <span class='ocr_line' id='line_1_20' title="bbox 2103 972 3683 1047; baseline -0.003 -18"><span class='ocrx_word' id='word_1_104' title='bbox 2103 975 2196 1029; x_wconf 77' lang='grc' dir='ltr'><strong>καὶ</strong></span> <span class='ocrx_word' id='word_1_105' title='bbox 2220 975 2487 1047; x_wconf 82' lang='grc' dir='ltr'>γέφυραν,</span> <span class='ocrx_word' id='word_1_106' title='bbox 2528 977 2624 1029; x_wconf 71' lang='grc' dir='ltr'>καὶ</span> <span class='ocrx_word' id='word_1_107' title='bbox 2655 974 2888 1045; x_wconf 79' lang='grc' dir='ltr'><strong>Μητέρα</strong></span> <span class='ocrx_word' id='word_1_108' title='bbox 2915 973 3011 1027; x_wconf 86' lang='grc' dir='ltr'><strong>τοῦ</strong></span> <span class='ocrx_word' id='word_1_109' title='bbox 3043 973 3302 1039; x_wconf 81' lang='grc' dir='ltr'>Κτίστου,</span> <span class='ocrx_word' id='word_1_110' title='bbox 3332 972 3432 1043; x_wconf 85' lang='grc' dir='ltr'><strong>τὴν</strong></span> <span class='ocrx_word' id='word_1_111' title='bbox 3475 973 3683 1043; x_wconf 80' lang='grc' dir='ltr'>Παρθέ·</span> 
     </span>
    </p>
   </div>
   <div class='ocr_carea' id='block_1_21' title="bbox 2101 1066 2869 1139">
    <p class='ocr_par' dir='ltr' id='par_1_21' title="bbox 2101 1066 2869 1139">
     <span class='ocr_line' id='line_1_21' title="bbox 2101 1066 2869 1139; baseline 0 -17"><span class='ocrx_word' id='word_1_112' title='bbox 2101 1085 2192 1122; x_wconf 84' lang='grc' dir='ltr'><strong>νον</strong></span> <span class='ocrx_word' id='word_1_113' title='bbox 2217 1069 2634 1139; x_wconf 82' lang='grc' dir='ltr'>μακαρίσωμεν,</span> <span class='ocrx_word' id='word_1_114' title='bbox 2664 1066 2869 1122; x_wconf 79' lang='grc' dir='ltr'>πιστοί.</span> 
     </span>
    </p>
   </div>
   <div class='ocr_carea' id='block_1_22' title="bbox 2114 1170 3686 1242">
    <p class='ocr_par' dir='ltr' id='par_1_22' title="bbox 2114 1170 3686 1242">
     <span class='ocr_line' id='line_1_22' title="bbox 2114 1170 3686 1242; baseline -0.001 -14"><span class='ocrx_word' id='word_1_115' title='bbox 2114 1176 2210 1230; x_wconf 77' lang='grc' dir='ltr'>Ἐκ</span> <span class='ocrx_word' id='word_1_116' title='bbox 2229 1175 2336 1230; x_wconf 81' lang='grc' dir='ltr'><strong>τοῦ</strong></span> <span class='ocrx_word' id='word_1_117' title='bbox 2368 1177 2638 1242; x_wconf 77' lang='grc' dir='ltr'>Κανόγος</span> <span class='ocrx_word' id='word_1_118' title='bbox 2659 1173 2766 1241; x_wconf 86' lang='grc' dir='ltr'><strong>τῆς</strong></span> <span class='ocrx_word' id='word_1_119' title='bbox 2791 1174 3082 1241; x_wconf 80' lang='grc' dir='ltr'><strong>τετάρτης</strong></span> <span class='ocrx_word' id='word_1_120' title='bbox 3112 1172 3223 1242; x_wconf 77' lang='grc' dir='ltr'><strong>τῆς</strong></span> <span class='ocrx_word' id='word_1_121' title='bbox 3251 1170 3586 1240; x_wconf 75' lang='grc' dir='ltr'>ἑϐδομάδος</span> <span class='ocrx_word' id='word_1_122' title='bbox 3611 1178 3686 1242; x_wconf 72' lang='grc' dir='ltr'><strong>γ’,</strong></span> 
     </span>
    </p>
   </div>
   <div class='ocr_carea' id='block_1_23' title="bbox 2624 1246 3162 1314">
    <p class='ocr_par' dir='ltr' id='par_1_23' title="bbox 2624 1246 3162 1314">
     <span class='ocr_line' id='line_1_23' title="bbox 2624 1246 3162 1314; baseline -0.002 -16"><span class='ocrx_word' id='word_1_123' title='bbox 2624 1248 2714 1313; x_wconf 81' lang='grc' dir='ltr'>εὶς</span> <span class='ocrx_word' id='word_1_124' title='bbox 2753 1246 2860 1299; x_wconf 82' lang='grc' dir='ltr'><strong>τὸν</strong></span> <span class='ocrx_word' id='word_1_125' title='bbox 2889 1247 3162 1314; x_wconf 77' lang='grc' dir='ltr'>Ὅρθρον,</span> 
     </span>
    </p>
   </div>
   <div class='ocr_carea' id='block_1_24' title="bbox 2171 1354 3686 1428">
    <p class='ocr_par' dir='ltr' id='par_1_24' title="bbox 2171 1354 3686 1428">
     <span class='ocr_line' id='line_1_24' title="bbox 2171 1354 3686 1428; baseline -0.001 -19"><span class='ocrx_word' id='word_1_126' title='bbox 2171 1356 2602 1428; x_wconf 82' lang='grc' dir='ltr'>Σωματούμενος</span> <span class='ocrx_word' id='word_1_127' title='bbox 2634 1359 2698 1411; x_wconf 78' lang='grc' dir='ltr'>ὲκ</span> <span class='ocrx_word' id='word_1_128' title='bbox 2728 1354 2854 1422; x_wconf 89' lang='grc' dir='ltr'>σοῦ,</span> <span class='ocrx_word' id='word_1_129' title='bbox 2887 1356 3067 1426; x_wconf 81' lang='grc' dir='ltr'>Κόρη,</span> <span class='ocrx_word' id='word_1_130' title='bbox 3102 1355 3373 1426; x_wconf 74' lang='grc' dir='ltr'>προῆλθεν</span> <span class='ocrx_word' id='word_1_131' title='bbox 3403 1356 3430 1406; x_wconf 86' lang='grc' dir='ltr'><strong>ό</strong></span> <span class='ocrx_word' id='word_1_132' title='bbox 3490 1354 3686 1423; x_wconf 82' lang='grc' dir='ltr'>Λόγος,</span> 
     </span>
    </p>
   </div>
   <div class='ocr_carea' id='block_1_25' title="bbox 2100 1447 3689 1520">
    <p class='ocr_par' dir='ltr' id='par_1_25' title="bbox 2100 1447 3689 1520">
     <span class='ocr_line' id='line_1_25' title="bbox 2100 1447 3689 1520; baseline -0.001 -18"><span class='ocrx_word' id='word_1_133' title='bbox 2100 1450 2201 1519; x_wconf 82' lang='grc' dir='ltr'>τὴν</span> <span class='ocrx_word' id='word_1_134' title='bbox 2240 1449 2542 1514; x_wconf 76' lang='grc' dir='ltr'>ἔκπτωσιν,</span> <span class='ocrx_word' id='word_1_135' title='bbox 2577 1451 2842 1520; x_wconf 76' lang='grc' dir='ltr'>ἄχραντε,</span> <span class='ocrx_word' id='word_1_136' title='bbox 2869 1448 2980 1501; x_wconf 85' lang='grc' dir='ltr'><strong>τῶν</strong></span> <span class='ocrx_word' id='word_1_137' title='bbox 3004 1447 3368 1519; x_wconf 84' lang='grc' dir='ltr'><strong>προπατόρων</strong></span> <span class='ocrx_word' id='word_1_138' title='bbox 3398 1447 3487 1500; x_wconf 72' lang='grc' dir='ltr'><strong>διὰ</strong></span> <span class='ocrx_word' id='word_1_139' title='bbox 3514 1447 3689 1501; x_wconf 81' lang='grc' dir='ltr'>σπλά-</span> 
     </span>
    </p>
   </div>
   <div class='ocr_carea' id='block_1_26' title="bbox 2099 1540 3020 1612">
    <p class='ocr_par' dir='ltr' id='par_1_26' title="bbox 2099 1540 3020 1612">
     <span class='ocr_line' id='line_1_26' title="bbox 2099 1540 3020 1612; baseline 0.005 -23"><span class='ocrx_word' id='word_1_140' title='bbox 2099 1558 2242 1611; x_wconf 84' lang='grc' dir='ltr'>γχνα</span> <span class='ocrx_word' id='word_1_141' title='bbox 2277 1540 2584 1612; x_wconf 79' lang='grc' dir='ltr'>οἰκτιρμῶν</span> <span class='ocrx_word' id='word_1_142' title='bbox 2612 1540 3020 1610; x_wconf 79' lang='grc' dir='ltr'>διορθούμενος.</span> 
     </span>
    </p>
   </div>
   <div class='ocr_carea' id='block_1_27' title="bbox 2181 1629 3688 1705">
    <p class='ocr_par' dir='ltr' id='par_1_27' title="bbox 2181 1629 3688 1705">
     <span class='ocr_line' id='line_1_27' title="bbox 2181 1629 3688 1705; baseline -0.001 -19"><span class='ocrx_word' id='word_1_143' title='bbox 2181 1634 2277 1687; x_wconf 83' lang='grc' dir='ltr'>Ἐκ</span> <span class='ocrx_word' id='word_1_144' title='bbox 2307 1633 2405 1686; x_wconf 85' lang='grc' dir='ltr'><strong>σοῦ</strong></span> <span class='ocrx_word' id='word_1_145' title='bbox 2425 1633 2518 1687; x_wconf 90' lang='grc' dir='ltr'><strong>τοῦ</strong></span> <span class='ocrx_word' id='word_1_146' title='bbox 2535 1632 2670 1686; x_wconf 85' lang='grc' dir='ltr'>Θεοῦ</span> <span class='ocrx_word' id='word_1_147' title='bbox 2697 1635 2730 1704; x_wconf 81' lang='grc' dir='ltr'>ἡ</span> <span class='ocrx_word' id='word_1_148' title='bbox 2760 1634 2932 1702; x_wconf 80' lang='grc' dir='ltr'>Σοφία</span> <span class='ocrx_word' id='word_1_149' title='bbox 2959 1629 3109 1688; x_wconf 83' lang='grc' dir='ltr'>οἷκον</span> <span class='ocrx_word' id='word_1_150' title='bbox 3132 1634 3300 1705; x_wconf 83' lang='grc' dir='ltr'>ἑαυτῇ</span> <span class='ocrx_word' id='word_1_151' title='bbox 3325 1632 3688 1703; x_wconf 80' lang='grc' dir='ltr'>δομησαμένη</span> 
     </span>
    </p>
   </div>
   <div class='ocr_carea' id='block_1_28' title="bbox 427 1726 1988 1801">
    <p class='ocr_par' dir='ltr' id='par_1_28' title="bbox 427 1728 1988 1801">
     <span class='ocr_line' id='line_1_28' title="bbox 427 1728 1988 1801; baseline -0.003 -14"><span class='ocrx_word' id='word_1_152' title='bbox 427 1744 552 1790; x_wconf 83' lang='lat' dir='ltr'><strong>nata</strong></span> <span class='ocrx_word' id='word_1_153' title='bbox 578 1745 663 1791; x_wconf 80' lang='lat' dir='ltr'><strong>est</strong></span> <span class='ocrx_word' id='word_1_154' title='bbox 714 1733 973 1789; x_wconf 71' lang='lat' dir='ltr'><strong>ineﬂabili</strong></span> <span class='ocrx_word' id='word_1_155' title='bbox 1022 1733 1106 1787; x_wconf 87' lang='lat' dir='ltr'><strong>sui</strong></span> <span class='ocrx_word' id='word_1_156' title='bbox 1152 1733 1324 1801; x_wconf 83' lang='lat' dir='ltr'><strong>ipsius</strong></span> <span class='ocrx_word' id='word_1_157' title='bbox 1367 1731 1724 1795; x_wconf 86' lang='lat' dir='ltr'><strong>demissione,</strong></span> <span class='ocrx_word' id='word_1_158' title='bbox 1768 1745 1800 1785; x_wconf 93' lang='grc' dir='ltr'><strong>ο</strong></span> <span class='ocrx_word' id='word_1_159' title='bbox 1834 1728 1988 1800; x_wconf 71' lang='lat' dir='ltr'><strong>Virgo</strong></span> 
     </span>
    </p>
   </div>
   <div class='ocr_carea' id='block_1_29' title="bbox 2099 1726 3690 1801">
    <p class='ocr_par' dir='ltr' id='par_1_29' title="bbox 2100 1726 3690 1799">
     <span class='ocr_line' id='line_1_29' title="bbox 2100 1726 3690 1799; baseline -0.002 -19"><span class='ocrx_word' id='word_1_160' title='bbox 2100 1726 2390 1798; x_wconf 79' lang='grc' dir='ltr'>ὲσαρκώθη</span> <span class='ocrx_word' id='word_1_161' title='bbox 2437 1727 2738 1799; x_wconf 71' lang='grc' dir='ltr'>ἀπορρήτῳ</span> <span class='ocrx_word' id='word_1_162' title='bbox 2793 1727 3225 1795; x_wconf 69' lang='grc' dir='ltr'>συγκαταϐἅσει,</span> <span class='ocrx_word' id='word_1_163' title='bbox 3271 1728 3426 1798; x_wconf 79' lang='grc' dir='ltr'>Κόρη</span> <span class='ocrx_word' id='word_1_164' title='bbox 3456 1727 3690 1796; x_wconf 56' lang='grc' dir='ltr'>ἀπειρόέ</span> 
     </span>
    </p>
   </div>
   <div class='ocr_carea' id='block_1_30' title="bbox 427 1817 1988 1895">
    <p class='ocr_par' dir='ltr' id='par_1_30' title="bbox 427 1821 1988 1895">
     <span class='ocr_line' id='line_1_30' title="bbox 427 1821 1988 1895; baseline 0 -20"><span class='ocrx_word' id='word_1_165' title='bbox 427 1827 653 1895; x_wconf 86' lang='lat' dir='ltr'><strong>innupta</strong></span> <span class='ocrx_word' id='word_1_166' title='bbox 681 1842 698 1892; x_wconf 94' lang='lat'><strong>;</strong></span> <span class='ocrx_word' id='word_1_167' title='bbox 736 1833 794 1878; x_wconf 87' lang='lat' dir='ltr'><strong>tu</strong></span> <span class='ocrx_word' id='word_1_168' title='bbox 829 1825 972 1878; x_wconf 88' lang='lat' dir='ltr'><strong>enim</strong></span> <span class='ocrx_word' id='word_1_169' title='bbox 1006 1825 1118 1878; x_wconf 87' lang='lat' dir='ltr'><strong>sola</strong></span> <span class='ocrx_word' id='word_1_170' title='bbox 1151 1839 1217 1877; x_wconf 79' lang='lat' dir='ltr'><strong>ex</strong></span> <span class='ocrx_word' id='word_1_171' title='bbox 1251 1822 1512 1877; x_wconf 82' lang='lat' dir='ltr'><strong>omnibus</strong></span> <span class='ocrx_word' id='word_1_172' title='bbox 1547 1821 1988 1891; x_wconf 74' lang='lat' dir='ltr'><strong>generationibus</strong></span> 
     </span>
    </p>
   </div>
   <div class='ocr_carea' id='block_1_31' title="bbox 2099 1817 3689 1895">
    <p class='ocr_par' dir='ltr' id='par_1_31' title="bbox 2101 1817 3689 1895">
     <span class='ocr_line' id='line_1_31' title="bbox 2101 1817 3689 1895; baseline 0 -24"><span class='ocrx_word' id='word_1_173' title='bbox 2101 1836 2244 1888; x_wconf 85' lang='grc' dir='ltr'>γαμε</span> <span class='ocrx_word' id='word_1_174' title='bbox 2273 1835 2288 1849; x_wconf 86' lang='grc'><strong>·</strong></span> <span class='ocrx_word' id='word_1_175' title='bbox 2327 1819 2392 1872; x_wconf 81' lang='grc' dir='ltr'>σὺ</span> <span class='ocrx_word' id='word_1_176' title='bbox 2427 1821 2538 1889; x_wconf 78' lang='grc' dir='ltr'>γὰρ</span> <span class='ocrx_word' id='word_1_177' title='bbox 2585 1820 2724 1889; x_wconf 85' lang='grc' dir='ltr'>μόνη</span> <span class='ocrx_word' id='word_1_178' title='bbox 2772 1819 2965 1872; x_wconf 83' lang='grc' dir='ltr'>πασῶν</span> <span class='ocrx_word' id='word_1_179' title='bbox 3017 1819 3223 1884; x_wconf 85' lang='grc' dir='ltr'>γενεῶν</span> <span class='ocrx_word' id='word_1_180' title='bbox 3258 1819 3539 1895; x_wconf 78' lang='grc' dir='ltr'>ὲκλέλεξαι</span> <span class='ocrx_word' id='word_1_181' title='bbox 3579 1817 3689 1886; x_wconf 64' lang='grc' dir='ltr'><strong>ἁφ-</strong></span> 
     </span>
    </p>
   </div>
   <div class='ocr_carea' id='block_1_32' title="bbox 420 1882 1988 1987">
    <p class='ocr_par' dir='ltr' id='par_1_32' title="bbox 420 1914 1988 1987">
     <span class='ocr_line' id='line_1_32' title="bbox 420 1914 1988 1987; baseline 0 -19"><span class='ocrx_word' id='word_1_182' title='bbox 420 1917 590 1970; x_wconf 74' lang='lat' dir='ltr'><strong>rlecta</strong></span> <span class='ocrx_word' id='word_1_183' title='bbox 641 1932 721 1978; x_wconf 88' lang='lat' dir='ltr'><strong>es,</strong></span> <span class='ocrx_word' id='word_1_184' title='bbox 772 1917 1085 1987; x_wconf 86' lang='lat' dir='ltr'><strong>incorrupta</strong></span> <span class='ocrx_word' id='word_1_185' title='bbox 1137 1915 1193 1970; x_wconf 92' lang='lat' dir='ltr'><strong>in</strong></span> <span class='ocrx_word' id='word_1_186' title='bbox 1247 1915 1636 1972; x_wconf 80' lang='lat' dir='ltr'><strong>habitationem</strong></span> <span class='ocrx_word' id='word_1_187' title='bbox 1693 1914 1988 1984; x_wconf 88' lang='lat' dir='ltr'><strong>incorrupti</strong></span> 
     </span>
    </p>
   </div>
   <div class='ocr_carea' id='block_1_33' title="bbox 2099 1882 3226 1987">
    <p class='ocr_par' dir='ltr' id='par_1_33' title="bbox 2102 1882 3226 1980">
     <span class='ocr_line' id='line_1_33' title="bbox 2102 1882 3226 1980; baseline 0 -19"><span class='ocrx_word' id='word_1_188' title='bbox 2102 1882 2258 1980; x_wconf 72' lang='grc' dir='ltr'>θορος</span> <span class='ocrx_word' id='word_1_189' title='bbox 2290 1882 2685 1978; x_wconf 63' lang='grc' dir='ltr'>ἀφθάρτὸυἐις</span> <span class='ocrx_word' id='word_1_190' title='bbox 2711 1882 3002 1961; x_wconf 68' lang='grc' dir='ltr'>κατοικίαν</span> <span class='ocrx_word' id='word_1_191' title='bbox 3030 1882 3226 1976; x_wconf 64' lang='grc' dir='ltr'>Λόγου.</span> 
     </span>
    </p>
   </div>
   <div class='ocr_carea' id='block_1_34' title="bbox 422 2005 1039 2064">
    <p class='ocr_par' dir='ltr' id='par_1_34' title="bbox 422 2005 1039 2064">
     <span class='ocr_line' id='line_1_34' title="bbox 422 2005 1039 2064; baseline 0.006 -4"><span class='ocrx_word' id='word_1_192' title='bbox 422 2005 608 2064; x_wconf 77' lang='lat' dir='ltr'><strong>Verbi.</strong></span> <span class='ocrx_word' id='word_1_193' title='bbox 1034 2029 1039 2034; x_wconf 88' lang='grc'><strong>·</strong></span> 
     </span>
    </p>
   </div>
   <div class='ocr_carea' id='block_1_35' title="bbox 493 2091 1988 2172">
    <p class='ocr_par' dir='ltr' id='par_1_35' title="bbox 493 2097 1988 2172">
     <span class='ocr_line' id='line_1_35' title="bbox 493 2097 1988 2172; baseline -0.001 -18"><span class='ocrx_word' id='word_1_194' title='bbox 493 2099 570 2154; x_wconf 75' lang='lat' dir='ltr'><strong>Ex</strong></span> <span class='ocrx_word' id='word_1_195' title='bbox 625 2108 700 2164; x_wconf 83' lang='lat' dir='ltr'><strong>te,</strong></span> <span class='ocrx_word' id='word_1_196' title='bbox 739 2115 774 2155; x_wconf 91' lang='grc' dir='ltr'><strong>ο</strong></span> <span class='ocrx_word' id='word_1_197' title='bbox 818 2097 1004 2169; x_wconf 80' lang='lat' dir='ltr'><strong>Virgo,</strong></span> <span class='ocrx_word' id='word_1_198' title='bbox 1058 2109 1430 2172; x_wconf 82' lang='lat' dir='ltr'><strong>paupertatem</strong></span> <span class='ocrx_word' id='word_1_199' title='bbox 1484 2110 1729 2156; x_wconf 83' lang='lat' dir='ltr'><strong>nostram</strong></span> <span class='ocrx_word' id='word_1_200' title='bbox 1787 2099 1988 2169; x_wconf 82' lang='lat' dir='ltr'><strong>aceepil</strong></span> 
     </span>
    </p>
   </div>
   <div class='ocr_carea' id='block_1_36' title="bbox 2099 2091 3688 2172">
    <p class='ocr_par' dir='ltr' id='par_1_36' title="bbox 2183 2091 3688 2166">
     <span class='ocr_line' id='line_1_36' title="bbox 2183 2091 3688 2166; baseline -0.003 -18"><span class='ocrx_word' id='word_1_201' title='bbox 2183 2095 2279 2150; x_wconf 82' lang='grc' dir='ltr'>Ἐκ</span> <span class='ocrx_word' id='word_1_202' title='bbox 2335 2094 2429 2148; x_wconf 80' lang='grc' dir='ltr'><strong>σοῦ</strong></span> <span class='ocrx_word' id='word_1_203' title='bbox 2483 2094 2584 2166; x_wconf 75' lang='grc' dir='ltr'>τὴν</span> <span class='ocrx_word' id='word_1_204' title='bbox 2628 2095 2788 2166; x_wconf 75' lang='grc' dir='ltr'>ἡμῶν</span> <span class='ocrx_word' id='word_1_205' title='bbox 2832 2094 3130 2166; x_wconf 78' lang='grc' dir='ltr'>πτωχείαν,</span> <span class='ocrx_word' id='word_1_206' title='bbox 3179 2092 3463 2164; x_wconf 82' lang='grc' dir='ltr'>Παρθένε,</span> <span class='ocrx_word' id='word_1_207' title='bbox 3512 2091 3688 2144; x_wconf 87' lang='grc' dir='ltr'>θέλων</span> 
     </span>
    </p>
   </div>
   <div class='ocr_carea' id='block_1_37' title="bbox 419 2185 1988 2262">
    <p class='ocr_par' dir='ltr' id='par_1_37' title="bbox 419 2191 1988 2262">
     <span class='ocr_line' id='line_1_37' title="bbox 419 2191 1988 2262; baseline 0.002 -18"><span class='ocrx_word' id='word_1_208' title='bbox 419 2201 634 2259; x_wconf 76' lang='lat' dir='ltr'><strong>sponte,</strong></span> <span class='ocrx_word' id='word_1_209' title='bbox 668 2192 760 2246; x_wconf 88' lang='lat' dir='ltr'><strong>ille</strong></span> <span class='ocrx_word' id='word_1_210' title='bbox 805 2192 898 2262; x_wconf 90' lang='lat' dir='ltr'><strong>qui</strong></span> <span class='ocrx_word' id='word_1_211' title='bbox 929 2191 1084 2247; x_wconf 82' lang='lat' dir='ltr'><strong>dives</strong></span> <span class='ocrx_word' id='word_1_212' title='bbox 1119 2203 1203 2248; x_wconf 88' lang='lat' dir='ltr'><strong>est</strong></span> <span class='ocrx_word' id='word_1_213' title='bbox 1246 2202 1441 2260; x_wconf 84' lang='lat' dir='ltr'><strong>suapte.</strong></span> <span class='ocrx_word' id='word_1_214' title='bbox 1477 2201 1716 2248; x_wconf 81' lang='lat' dir='ltr'><strong>natura:</strong></span> <span class='ocrx_word' id='word_1_215' title='bbox 1762 2191 1988 2247; x_wconf 83' lang='lat' dir='ltr'><strong>visibilis</strong></span> 
     </span>
    </p>
   </div>
   <div class='ocr_carea' id='block_1_38' title="bbox 2099 2185 3685 2262">
    <p class='ocr_par' dir='ltr' id='par_1_38' title="bbox 2099 2185 3685 2259">
     <span class='ocr_line' id='line_1_38' title="bbox 2099 2185 3685 2259; baseline -0.004 -17"><span class='ocrx_word' id='word_1_216' title='bbox 2099 2187 2362 2259; x_wconf 71' lang='grc' dir='ltr'>ὶφόρεσεν</span> <span class='ocrx_word' id='word_1_217' title='bbox 2404 2188 2434 2240; x_wconf 87' lang='grc' dir='ltr'><strong>ό</strong></span> <span class='ocrx_word' id='word_1_218' title='bbox 2467 2186 2722 2251; x_wconf 83' lang='grc' dir='ltr'>πλούσιος</span> <span class='ocrx_word' id='word_1_219' title='bbox 2750 2189 2817 2256; x_wconf 83' lang='grc' dir='ltr'><strong>τῇ</strong></span> <span class='ocrx_word' id='word_1_220' title='bbox 2868 2186 3029 2257; x_wconf 80' lang='grc' dir='ltr'>φύσει</span> <span class='ocrx_word' id='word_1_221' title='bbox 3056 2205 3070 2218; x_wconf 89' lang='grc'>·</span> <span class='ocrx_word' id='word_1_222' title='bbox 3105 2186 3299 2258; x_wconf 79' lang='grc' dir='ltr'>ὁρατὸς</span> <span class='ocrx_word' id='word_1_223' title='bbox 3349 2186 3408 2238; x_wconf 75' lang='grc' dir='ltr'>δὲ</span> <span class='ocrx_word' id='word_1_224' title='bbox 3460 2185 3685 2254; x_wconf 78' lang='grc' dir='ltr'>γέγονεν</span> 
     </span>
    </p>
   </div>
   <div class='ocr_carea' id='block_1_39' title="bbox 419 2277 1988 2356">
    <p class='ocr_par' dir='ltr' id='par_1_39' title="bbox 419 2283 1988 2356">
     <span class='ocr_line' id='line_1_39' title="bbox 419 2283 1988 2356; baseline 0.001 -18"><span class='ocrx_word' id='word_1_225' title='bbox 419 2295 602 2339; x_wconf 80' lang='lat' dir='ltr'><strong>autem</strong></span> <span class='ocrx_word' id='word_1_226' title='bbox 647 2283 823 2340; x_wconf 81' lang='lat' dir='ltr'><strong>factus</strong></span> <span class='ocrx_word' id='word_1_227' title='bbox 853 2285 1016 2356; x_wconf 76' lang='lat'><strong>312</strong></span> <span class='ocrx_word' id='word_1_228' title='bbox 1055 2295 1141 2341; x_wconf 88' lang='lat' dir='ltr'><strong>est</strong></span> <span class='ocrx_word' id='word_1_229' title='bbox 1187 2286 1345 2340; x_wconf 88' lang='lat' dir='ltr'><strong>nobis</strong></span> <span class='ocrx_word' id='word_1_230' title='bbox 1379 2286 1468 2340; x_wconf 89' lang='lat' dir='ltr'><strong>ille</strong></span> <span class='ocrx_word' id='word_1_231' title='bbox 1498 2286 1592 2354; x_wconf 89' lang='lat' dir='ltr'><strong>qui</strong></span> <span class='ocrx_word' id='word_1_232' title='bbox 1639 2285 1930 2340; x_wconf 86' lang='lat' dir='ltr'><strong>invisibilis</strong></span> <span class='ocrx_word' id='word_1_233' title='bbox 1963 2301 1988 2339; x_wconf 91' lang='lat' dir='ltr'><strong>a</strong></span> 
     </span>
    </p>
   </div>
   <div class='ocr_carea' id='block_1_40' title="bbox 2099 2277 3688 2356">
    <p class='ocr_par' dir='ltr' id='par_1_40' title="bbox 2099 2277 3688 2351">
     <span class='ocr_line' id='line_1_40' title="bbox 2099 2277 3688 2351; baseline -0.002 -18"><span class='ocrx_word' id='word_1_234' title='bbox 2099 2283 2232 2351; x_wconf 77' lang='grc' dir='ltr'>ἡμῖν</span> <span class='ocrx_word' id='word_1_235' title='bbox 2263 2282 2293 2333; x_wconf 86' lang='grc' dir='ltr'><strong>ό</strong></span> <span class='ocrx_word' id='word_1_236' title='bbox 2318 2279 2566 2349; x_wconf 81' lang='grc' dir='ltr'><strong>ἀοράτως</strong></span> <span class='ocrx_word' id='word_1_237' title='bbox 2619 2280 2732 2343; x_wconf 81' lang='grc' dir='ltr'>τοῖς</span> <span class='ocrx_word' id='word_1_238' title='bbox 2788 2278 2902 2333; x_wconf 76' lang='grc' dir='ltr'>ἄνω</span> <span class='ocrx_word' id='word_1_239' title='bbox 2939 2281 3121 2350; x_wconf 82' lang='grc' dir='ltr'>χοροῖς</span> <span class='ocrx_word' id='word_1_240' title='bbox 3164 2277 3529 2348; x_wconf 81' lang='grc' dir='ltr'><strong>ὑμνούμενος,</strong></span> <span class='ocrx_word' id='word_1_241' title='bbox 3584 2277 3688 2348; x_wconf 80' lang='grc' dir='ltr'>τὴν</span> 
     </span>
    </p>
   </div>
   <div class='ocr_carea' id='block_1_41' title="bbox 417 2378 1996 2450">
    <p class='ocr_par' dir='ltr' id='par_1_41' title="bbox 417 2378 1996 2450">
     <span class='ocr_line' id='line_1_41' title="bbox 417 2378 1996 2450; baseline 0.001 -18"><span class='ocrx_word' id='word_1_242' title='bbox 417 2378 672 2447; x_wconf 81' lang='lat' dir='ltr'><strong>supernis</strong></span> <span class='ocrx_word' id='word_1_243' title='bbox 701 2379 887 2433; x_wconf 88' lang='lat' dir='ltr'><strong>choris</strong></span> <span class='ocrx_word' id='word_1_244' title='bbox 945 2379 1218 2442; x_wconf 79' lang='lat' dir='ltr'><strong>laudatur,</strong></span> <span class='ocrx_word' id='word_1_245' title='bbox 1256 2379 1554 2450; x_wconf 78' lang='lat' dir='ltr'><strong>imaginem</strong></span> <span class='ocrx_word' id='word_1_246' title='bbox 1587 2381 1876 2434; x_wconf 88' lang='lat' dir='ltr'><strong>contritam</strong></span> <span class='ocrx_word' id='word_1_247' title='bbox 1910 2395 1996 2435; x_wconf 85' lang='lat' dir='ltr'><strong>re-</strong></span> 
     </span>
    </p>
   </div>
   <div class='ocr_carea' id='block_1_42' title="bbox 418 2473 1454 2544">
    <p class='ocr_par' dir='ltr' id='par_1_42' title="bbox 418 2473 1454 2544">
     <span class='ocr_line' id='line_1_42' title="bbox 418 2473 1454 2544; baseline 0.002 -20"><span class='ocrx_word' id='word_1_248' title='bbox 418 2473 652 2526; x_wconf 79' lang='lat' dir='ltr'><strong>stituens</strong></span> <span class='ocrx_word' id='word_1_249' title='bbox 685 2482 910 2544; x_wconf 87' lang='lat' dir='ltr'><strong>propter</strong></span> <span class='ocrx_word' id='word_1_250' title='bbox 938 2490 1093 2528; x_wconf 87' lang='lat' dir='ltr'><strong>suam</strong></span> <span class='ocrx_word' id='word_1_251' title='bbox 1129 2474 1454 2528; x_wconf 85' lang='lat' dir='ltr'><strong>bonitatem.</strong></span> 
     </span>
    </p>
   </div>
   <div class='ocr_carea' id='block_1_43' title="bbox 525 2583 1885 2656">
    <p class='ocr_par' dir='ltr' id='par_1_43' title="bbox 525 2583 1885 2656">
     <span class='ocr_line' id='line_1_43' title="bbox 525 2583 1885 2656; baseline 0.002 -18"><span class='ocrx_word' id='word_1_252' title='bbox 525 2583 610 2645; x_wconf 66' lang='lat' dir='ltr'><strong>Ex</strong></span> <span class='ocrx_word' id='word_1_253' title='bbox 639 2601 836 2645; x_wconf 82' lang='lat' dir='ltr'><strong>canone</strong></span> <span class='ocrx_word' id='word_1_254' title='bbox 856 2585 909 2639; x_wconf 83' lang='lat' dir='ltr'><strong>in</strong></span> <span class='ocrx_word' id='word_1_255' title='bbox 932 2586 1068 2656; x_wconf 70' lang='lat' dir='ltr'><strong>feria</strong></span> <span class='ocrx_word' id='word_1_256' title='bbox 1090 2603 1122 2644; x_wconf 74' lang='grc' dir='ltr'><strong>γ</strong></span> <span class='ocrx_word' id='word_1_257' title='bbox 1143 2585 1296 2642; x_wconf 79' lang='lat' dir='ltr'><strong>hcbd.</strong></span> <span class='ocrx_word' id='word_1_258' title='bbox 1322 2602 1405 2652; x_wconf 83' lang='lat' dir='ltr'><strong>ut,</strong></span> <span class='ocrx_word' id='word_1_259' title='bbox 1433 2585 1502 2642; x_wconf 84' lang='lat' dir='ltr'><strong>ad</strong></span> <span class='ocrx_word' id='word_1_260' title='bbox 1531 2583 1885 2643; x_wconf 74' lang='lat' dir='ltr'><strong>Halutinum.</strong></span> 
     </span>
    </p>
   </div>
   <div class='ocr_carea' id='block_1_44' title="bbox 491 2761 1991 2830">
    <p class='ocr_par' dir='ltr' id='par_1_44' title="bbox 491 2761 1991 2830">
     <span class='ocr_line' id='line_1_44' title="bbox 491 2761 1991 2830; baseline -0.001 -13"><span class='ocrx_word' id='word_1_261' title='bbox 491 2761 722 2820; x_wconf 87' lang='lat' dir='ltr'><strong>Domina</strong></span> <span class='ocrx_word' id='word_1_262' title='bbox 776 2773 986 2828; x_wconf 85' lang='lat' dir='ltr'><strong>sancta.</strong></span> <span class='ocrx_word' id='word_1_263' title='bbox 1029 2762 1234 2820; x_wconf 87' lang='lat' dir='ltr'><strong>Christi</strong></span> <span class='ocrx_word' id='word_1_264' title='bbox 1269 2764 1363 2820; x_wconf 87' lang='lat' dir='ltr'><strong>Dei</strong></span> <span class='ocrx_word' id='word_1_265' title='bbox 1397 2765 1569 2820; x_wconf 87' lang='lat' dir='ltr'><strong>nostri</strong></span> <span class='ocrx_word' id='word_1_266' title='bbox 1621 2763 1830 2830; x_wconf 74' lang='lat' dir='ltr'><strong>Mater;</strong></span> <span class='ocrx_word' id='word_1_267' title='bbox 1867 2778 1991 2817; x_wconf 87' lang='lat' dir='ltr'><strong>cum</strong></span> 
     </span>
    </p>
   </div>
   <div class='ocr_carea' id='block_1_45' title="bbox 417 2854 1992 2926">
    <p class='ocr_par' dir='ltr' id='par_1_45' title="bbox 417 2854 1992 2926">
     <span class='ocr_line' id='line_1_45' title="bbox 417 2854 1992 2926; baseline 0.001 -20"><span class='ocrx_word' id='word_1_268' title='bbox 417 2857 663 2912; x_wconf 78' lang='lat' dir='ltr'><strong>utituium</strong></span> <span class='ocrx_word' id='word_1_269' title='bbox 688 2855 952 2911; x_wconf 81' lang='lat' dir='ltr'><strong>factorem</strong></span> <span class='ocrx_word' id='word_1_270' title='bbox 980 2855 1238 2911; x_wconf 78' lang='lat' dir='ltr'><strong>inell‘abiii</strong></span> <span class='ocrx_word' id='word_1_271' title='bbox 1269 2855 1476 2910; x_wconf 87' lang='lat' dir='ltr'><strong>ratione</strong></span> <span class='ocrx_word' id='word_1_272' title='bbox 1496 2854 1806 2926; x_wconf 79' lang='lat' dir='ltr'><strong>pepereris;</strong></span> <span class='ocrx_word' id='word_1_273' title='bbox 1828 2869 1992 2908; x_wconf 83' lang='lat' dir='ltr'><strong>exora</strong></span> 
     </span>
    </p>
   </div>
   <div class='ocr_carea' id='block_1_46' title="bbox 419 2945 1990 3018">
    <p class='ocr_par' dir='ltr' id='par_1_46' title="bbox 419 2945 1990 3018">
     <span class='ocr_line' id='line_1_46' title="bbox 419 2945 1990 3018; baseline -0.002 -15"><span class='ocrx_word' id='word_1_274' title='bbox 419 2965 526 3012; x_wconf 83' lang='lat' dir='ltr'><strong>una</strong></span> <span class='ocrx_word' id='word_1_275' title='bbox 569 2964 693 3004; x_wconf 89' lang='lat' dir='ltr'><strong>cum</strong></span> <span class='ocrx_word' id='word_1_276' title='bbox 738 2948 914 3003; x_wconf 90' lang='lat' dir='ltr'><strong>sacris</strong></span> <span class='ocrx_word' id='word_1_277' title='bbox 943 2947 1207 3018; x_wconf 87' lang='lat' dir='ltr'><strong>apostolis</strong></span> <span class='ocrx_word' id='word_1_278' title='bbox 1236 2946 1455 3001; x_wconf 85' lang='lat' dir='ltr'><strong>assidue</strong></span> <span class='ocrx_word' id='word_1_279' title='bbox 1485 2945 1783 3001; x_wconf 89' lang='lat' dir='ltr'><strong>bonitatem</strong></span> <span class='ocrx_word' id='word_1_280' title='bbox 1822 2945 1990 3012; x_wconf 88' lang='lat' dir='ltr'><strong>illius,</strong></span> 
     </span>
    </p>
   </div>
   <div class='ocr_carea' id='block_1_47' title="bbox 419 3039 1994 3110">
    <p class='ocr_par' dir='ltr' id='par_1_47' title="bbox 419 3039 1994 3110">
     <span class='ocr_line' id='line_1_47' title="bbox 419 3039 1994 3110; baseline -0.001 -14"><span class='ocrx_word' id='word_1_281' title='bbox 419 3053 478 3102; x_wconf 86' lang='lat' dir='ltr'><strong>ut</strong></span> <span class='ocrx_word' id='word_1_282' title='bbox 505 3059 604 3100; x_wconf 76' lang='lat' dir='ltr'><strong>nos</strong></span> <span class='ocrx_word' id='word_1_283' title='bbox 632 3041 698 3095; x_wconf 91' lang='lat' dir='ltr'><strong>ab</strong></span> <span class='ocrx_word' id='word_1_284' title='bbox 738 3040 904 3102; x_wconf 86' lang='lat' dir='ltr'><strong>animi</strong></span> <span class='ocrx_word' id='word_1_285' title='bbox 943 3039 1448 3109; x_wconf 85' lang='lat' dir='ltr'><strong>perturbationibus</strong></span> <span class='ocrx_word' id='word_1_286' title='bbox 1475 3039 1683 3106; x_wconf 91' lang='lat' dir='ltr'><strong>liberet,</strong></span> <span class='ocrx_word' id='word_1_287' title='bbox 1719 3045 1773 3094; x_wconf 89' lang='lat' dir='ltr'><strong>et</strong></span> <span class='ocrx_word' id='word_1_288' title='bbox 1800 3053 1994 3110; x_wconf 85' lang='lat' dir='ltr'><strong>pecca-</strong></span> 
     </span>
    </p>
   </div>
   <div class='ocr_carea' id='block_1_48' title="bbox 417 3131 1342 3203">
    <p class='ocr_par' dir='ltr' id='par_1_48' title="bbox 417 3131 1342 3203">
     <span class='ocr_line' id='line_1_48' title="bbox 417 3131 1342 3203; baseline -0.001 -15"><span class='ocrx_word' id='word_1_289' title='bbox 417 3145 595 3198; x_wconf 77' lang='lat' dir='ltr'><strong>torum</strong></span> <span class='ocrx_word' id='word_1_290' title='bbox 622 3136 834 3195; x_wconf 84' lang='lat' dir='ltr'><strong>veniam</strong></span> <span class='ocrx_word' id='word_1_291' title='bbox 869 3133 1027 3195; x_wconf 88' lang='lat' dir='ltr'><strong>nobis</strong></span> <span class='ocrx_word' id='word_1_292' title='bbox 1059 3131 1342 3203; x_wconf 80' lang='lat' dir='ltr'><strong>largiatur.</strong></span> 
     </span>
    </p>
   </div>
   <div class='ocr_carea' id='block_1_49' title="bbox 2101 2370 3456 2445">
    <p class='ocr_par' dir='ltr' id='par_1_49' title="bbox 2101 2370 3456 2445">
     <span class='ocr_line' id='line_1_49' title="bbox 2101 2370 3456 2445; baseline -0.004 -17"><span class='ocrx_word' id='word_1_293' title='bbox 2101 2373 2484 2445; x_wconf 76' lang='grc' dir='ltr'>συντριϐεἰσαν</span> <span class='ocrx_word' id='word_1_294' title='bbox 2521 2373 2711 2426; x_wconf 82' lang='grc' dir='ltr'>εἰκόνα</span> <span class='ocrx_word' id='word_1_295' title='bbox 2744 2371 3108 2426; x_wconf 76' lang='grc' dir='ltr'>ἀναπλάττων</span> <span class='ocrx_word' id='word_1_296' title='bbox 3136 2370 3456 2439; x_wconf 76' lang='grc' dir='ltr'>ἀγαθότητι.</span> 
     </span>
    </p>
   </div>
   <div class='ocr_carea' id='block_1_50' title="bbox 2111 2578 3679 2650">
    <p class='ocr_par' dir='ltr' id='par_1_50' title="bbox 2111 2578 3679 2650">
     <span class='ocr_line' id='line_1_50' title="bbox 2111 2578 3679 2650; baseline -0.001 -14"><span class='ocrx_word' id='word_1_297' title='bbox 2111 2582 2207 2638; x_wconf 77' lang='grc' dir='ltr'>Ἐκ</span> <span class='ocrx_word' id='word_1_298' title='bbox 2233 2581 2340 2636; x_wconf 82' lang='grc' dir='ltr'><strong>τοῦ</strong></span> <span class='ocrx_word' id='word_1_299' title='bbox 2368 2579 2642 2647; x_wconf 73' lang='grc' dir='ltr'>Κανόνος</span> <span class='ocrx_word' id='word_1_300' title='bbox 2674 2580 2784 2650; x_wconf 79' lang='grc' dir='ltr'><strong>τῆς</strong></span> <span class='ocrx_word' id='word_1_301' title='bbox 2810 2582 3086 2649; x_wconf 76' lang='grc' dir='ltr'><strong>πέμπτης</strong></span> <span class='ocrx_word' id='word_1_302' title='bbox 3120 2580 3231 2650; x_wconf 83' lang='grc' dir='ltr'><strong>τῆς</strong></span> <span class='ocrx_word' id='word_1_303' title='bbox 3253 2578 3583 2649; x_wconf 75' lang='grc' dir='ltr'>ἑϐδομάδος</span> <span class='ocrx_word' id='word_1_304' title='bbox 3611 2586 3679 2650; x_wconf 64' lang='grc' dir='ltr'>γ,</span> 
     </span>
    </p>
   </div>
   <div class='ocr_carea' id='block_1_51' title="bbox 2621 2653 3143 2722">
    <p class='ocr_par' dir='ltr' id='par_1_51' title="bbox 2621 2653 3143 2722">
     <span class='ocr_line' id='line_1_51' title="bbox 2621 2653 3143 2722; baseline 0.004 -18"><span class='ocrx_word' id='word_1_305' title='bbox 2621 2655 2708 2717; x_wconf 80' lang='grc' dir='ltr'><strong>εις</strong></span> <span class='ocrx_word' id='word_1_306' title='bbox 2735 2653 2844 2706; x_wconf 81' lang='grc' dir='ltr'><strong>τὸν</strong></span> <span class='ocrx_word' id='word_1_307' title='bbox 2872 2655 3143 2722; x_wconf 82' lang='grc' dir='ltr'>Ὀρθρον.</span> 
     </span>
    </p>
   </div>
   <div class='ocr_carea' id='block_1_52' title="bbox 2179 2762 3677 2836">
    <p class='ocr_par' dir='ltr' id='par_1_52' title="bbox 2179 2762 3677 2836">
     <span class='ocr_line' id='line_1_52' title="bbox 2179 2762 3677 2836; baseline -0.002 -19"><span class='ocrx_word' id='word_1_308' title='bbox 2179 2762 2338 2832; x_wconf 79' lang='grc' dir='ltr'>’Δγία</span> <span class='ocrx_word' id='word_1_309' title='bbox 2364 2764 2650 2830; x_wconf 80' lang='grc' dir='ltr'>Δέσποινα,</span> <span class='ocrx_word' id='word_1_310' title='bbox 2683 2762 2918 2834; x_wconf 80' lang='grc' dir='ltr'>Χριστοῦ</span> <span class='ocrx_word' id='word_1_311' title='bbox 2971 2763 3067 2816; x_wconf 84' lang='grc' dir='ltr'><strong>τοῦ</strong></span> <span class='ocrx_word' id='word_1_312' title='bbox 3093 2762 3230 2816; x_wconf 87' lang='grc' dir='ltr'>Θεοῦ</span> <span class='ocrx_word' id='word_1_313' title='bbox 3264 2762 3422 2836; x_wconf 73' lang='grc' dir='ltr'>ἡμῶν</span> <span class='ocrx_word' id='word_1_314' title='bbox 3459 2762 3677 2831; x_wconf 82' lang='grc' dir='ltr'>Μῆτερ,</span> 
     </span>
    </p>
   </div>
   <div class='ocr_carea' id='block_1_53' title="bbox 2095 2853 3677 2926">
    <p class='ocr_par' dir='ltr' id='par_1_53' title="bbox 2095 2853 3677 2926">
     <span class='ocr_line' id='line_1_53' title="bbox 2095 2853 3677 2926; baseline -0.003 -19"><span class='ocrx_word' id='word_1_315' title='bbox 2095 2854 2171 2919; x_wconf 83' lang='grc' dir='ltr'>ὡς</span> <span class='ocrx_word' id='word_1_316' title='bbox 2195 2856 2288 2909; x_wconf 77' lang='grc' dir='ltr'>τὸν</span> <span class='ocrx_word' id='word_1_317' title='bbox 2311 2856 2568 2910; x_wconf 81' lang='grc' dir='ltr'>ἁπάντων</span> <span class='ocrx_word' id='word_1_318' title='bbox 2613 2855 2843 2925; x_wconf 83' lang='grc' dir='ltr'>ποιητὴν</span> <span class='ocrx_word' id='word_1_319' title='bbox 2875 2855 3207 2926; x_wconf 80' lang='grc' dir='ltr'>ἀπορῤήτως</span> <span class='ocrx_word' id='word_1_320' title='bbox 3253 2853 3514 2920; x_wconf 86' lang='grc' dir='ltr'>τεκοῦσα,</span> <span class='ocrx_word' id='word_1_321' title='bbox 3565 2853 3677 2904; x_wconf 76' lang='grc' dir='ltr'><strong>ῑκέ-</strong></span> 
     </span>
    </p>
   </div>
   <div class='ocr_carea' id='block_1_54' title="bbox 2095 2945 3672 3017">
    <p class='ocr_par' dir='ltr' id='par_1_54' title="bbox 2095 2945 3672 3017">
     <span class='ocr_line' id='line_1_54' title="bbox 2095 2945 3672 3017; baseline -0.004 -15"><span class='ocrx_word' id='word_1_322' title='bbox 2095 2965 2245 3013; x_wconf 85' lang='grc' dir='ltr'>τευε,</span> <span class='ocrx_word' id='word_1_323' title='bbox 2273 2948 2370 3002; x_wconf 75' lang='grc' dir='ltr'>σὺν</span> <span class='ocrx_word' id='word_1_324' title='bbox 2414 2949 2737 3011; x_wconf 77' lang='grc' dir='ltr'>ἀποστόλοις</span> <span class='ocrx_word' id='word_1_325' title='bbox 2800 2949 2967 3017; x_wconf 79' lang='grc' dir='ltr'>ἱεροῖς</span> <span class='ocrx_word' id='word_1_326' title='bbox 3001 2948 3285 3012; x_wconf 75' lang='grc' dir='ltr'>ἑκάστοτε,</span> <span class='ocrx_word' id='word_1_327' title='bbox 3333 2945 3431 3016; x_wconf 84' lang='grc' dir='ltr'>τὴν</span> <span class='ocrx_word' id='word_1_328' title='bbox 3468 2945 3672 3014; x_wconf 82' lang='grc' dir='ltr'>ἀγαθό-</span> 
     </span>
    </p>
   </div>
   <div class='ocr_carea' id='block_1_55' title="bbox 2097 3037 3678 3111">
    <p class='ocr_par' dir='ltr' id='par_1_55' title="bbox 2097 3037 3678 3111">
     <span class='ocr_line' id='line_1_55' title="bbox 2097 3037 3678 3111; baseline -0.003 -17"><span class='ocrx_word' id='word_1_329' title='bbox 2097 3057 2237 3110; x_wconf 84' lang='grc' dir='ltr'>τητα</span> <span class='ocrx_word' id='word_1_330' title='bbox 2263 3040 2430 3094; x_wconf 80' lang='grc' dir='ltr'>αὐτοῦ</span> <span class='ocrx_word' id='word_1_331' title='bbox 2454 3041 2640 3095; x_wconf 87' lang='grc' dir='ltr'>παθῶν</span> <span class='ocrx_word' id='word_1_332' title='bbox 2687 3041 2836 3111; x_wconf 78' lang='grc' dir='ltr'>ἡμᾶς</span> <span class='ocrx_word' id='word_1_333' title='bbox 2877 3037 3282 3110; x_wconf 84' lang='grc' dir='ltr'>λυτρώσασθαι,</span> <span class='ocrx_word' id='word_1_334' title='bbox 3332 3040 3428 3092; x_wconf 72' lang='grc' dir='ltr'>καὶ</span> <span class='ocrx_word' id='word_1_335' title='bbox 3483 3040 3678 3108; x_wconf 74' lang='grc' dir='ltr'>ἀφεσιν</span> 
     </span>
    </p>
   </div>
   <div class='ocr_carea' id='block_1_56' title="bbox 2096 3131 2913 3203">
    <p class='ocr_par' dir='ltr' id='par_1_56' title="bbox 2096 3131 2913 3203">
     <span class='ocr_line' id='line_1_56' title="bbox 2096 3131 2913 3203; baseline -0.011 -17"><span class='ocrx_word' id='word_1_336' title='bbox 2096 3133 2230 3203; x_wconf 77' lang='grc' dir='ltr'>ἡμῖν</span> <span class='ocrx_word' id='word_1_337' title='bbox 2257 3131 2440 3186; x_wconf 88' lang='grc' dir='ltr'>δοῦναι</span> <span class='ocrx_word' id='word_1_338' title='bbox 2475 3132 2913 3203; x_wconf 77' lang='grc' dir='ltr'>ἁμαρτημάτων,</span> 
     </span>
    </p>
   </div>
   <div class='ocr_carea' id='block_1_57' title="bbox 485 3219 1988 3300">
    <p class='ocr_par' dir='ltr' id='par_1_57' title="bbox 485 3219 1988 3294">
     <span class='ocr_line' id='line_1_57' title="bbox 485 3219 1988 3294; baseline -0.002 -16"><span class='ocrx_word' id='word_1_339' title='bbox 485 3224 734 3280; x_wconf 79' lang='lat' dir='ltr'><strong>Lucerna</strong></span> <span class='ocrx_word' id='word_1_340' title='bbox 808 3223 1263 3294; x_wconf 78' lang='lat' dir='ltr'><strong>inextinguibilis,</strong></span> <span class='ocrx_word' id='word_1_341' title='bbox 1316 3221 1555 3277; x_wconf 88' lang='lat' dir='ltr'><strong>thalame</strong></span> <span class='ocrx_word' id='word_1_342' title='bbox 1627 3219 1988 3291; x_wconf 85' lang='lat' dir='ltr'><strong>undequaque</strong></span> 
     </span>
    </p>
   </div>
   <div class='ocr_carea' id='block_1_58' title="bbox 2099 3219 3675 3300">
    <p class='ocr_par' dir='ltr' id='par_1_58' title="bbox 2165 3222 3675 3296">
     <span class='ocr_line' id='line_1_58' title="bbox 2165 3222 3675 3296; baseline -0.003 -17"><span class='ocrx_word' id='word_1_343' title='bbox 2165 3225 2374 3296; x_wconf 83' lang='grc' dir='ltr'>Λυχνὶα</span> <span class='ocrx_word' id='word_1_344' title='bbox 2435 3225 2722 3288; x_wconf 75' lang='grc' dir='ltr'>ἄσϐεστος,</span> <span class='ocrx_word' id='word_1_345' title='bbox 2781 3222 3012 3296; x_wconf 73' lang='grc' dir='ltr'>νυμφὼν</span> <span class='ocrx_word' id='word_1_346' title='bbox 3082 3222 3344 3292; x_wconf 78' lang='grc' dir='ltr'>όλόφωτε,</span> <span class='ocrx_word' id='word_1_347' title='bbox 3421 3224 3675 3293; x_wconf 78' lang='grc' dir='ltr'>Σεραφὶμ.</span> 
     </span>
    </p>
   </div>
   <div class='ocr_carea' id='block_1_59' title="bbox 415 3312 1989 3387">
    <p class='ocr_par' dir='ltr' id='par_1_59' title="bbox 415 3312 1989 3387">
     <span class='ocr_line' id='line_1_59' title="bbox 415 3312 1989 3387; baseline -0.008 -11"><span class='ocrx_word' id='word_1_348' title='bbox 415 3332 738 3385; x_wconf 75' lang='lat' dir='ltr'><strong>coruscans,</strong></span> <span class='ocrx_word' id='word_1_349' title='bbox 771 3315 1055 3387; x_wconf 83' lang='lat' dir='ltr'><strong>Seraphim</strong></span> <span class='ocrx_word' id='word_1_350' title='bbox 1101 3313 1409 3376; x_wconf 85' lang='lat' dir='ltr'><strong>sublimior,</strong></span> <span class='ocrx_word' id='word_1_351' title='bbox 1439 3313 1750 3370; x_wconf 80' lang='lat' dir='ltr'><strong>vehiculum</strong></span> <span class='ocrx_word' id='word_1_352' title='bbox 1790 3312 1989 3366; x_wconf 89' lang='lat' dir='ltr'><strong>cheru-</strong></span> 
     </span>
    </p>
   </div>
   <div class='ocr_carea' id='block_1_60' title="bbox 417 3405 1988 3480">
    <p class='ocr_par' dir='ltr' id='par_1_60' title="bbox 417 3405 1988 3480">
     <span class='ocr_line' id='line_1_60' title="bbox 417 3405 1988 3480; baseline 0 -20"><span class='ocrx_word' id='word_1_353' title='bbox 417 3411 620 3475; x_wconf 80' lang='lat' dir='ltr'><strong>bicum,</strong></span> <span class='ocrx_word' id='word_1_354' title='bbox 652 3409 722 3463; x_wconf 92' lang='lat' dir='ltr'><strong>ab</strong></span> <span class='ocrx_word' id='word_1_355' title='bbox 751 3409 899 3469; x_wconf 86' lang='lat' dir='ltr'><strong>omni</strong></span> <span class='ocrx_word' id='word_1_356' title='bbox 929 3406 1140 3462; x_wconf 88' lang='lat' dir='ltr'><strong>macula</strong></span> <span class='ocrx_word' id='word_1_357' title='bbox 1195 3405 1458 3462; x_wconf 90' lang='lat' dir='ltr'><strong>immunis</strong></span> <span class='ocrx_word' id='word_1_358' title='bbox 1481 3405 1616 3474; x_wconf 65' lang='grc'><strong>(48),</strong></span> <span class='ocrx_word' id='word_1_359' title='bbox 1669 3420 1697 3459; x_wconf 87' lang='lat' dir='ltr'><strong>a</strong></span> <span class='ocrx_word' id='word_1_360' title='bbox 1723 3405 1988 3480; x_wconf 81' lang='lat' dir='ltr'><strong>gravissi-</strong></span> 
     </span>
    </p>
   </div>
   <div class='ocr_carea' id='block_1_61' title="bbox 413 3499 1498 3573">
    <p class='ocr_par' dir='ltr' id='par_1_61' title="bbox 413 3499 1498 3573">
     <span class='ocr_line' id='line_1_61' title="bbox 413 3499 1498 3573; baseline -0.003 -18"><span class='ocrx_word' id='word_1_361' title='bbox 413 3504 520 3566; x_wconf 70' lang='lat' dir='ltr'><strong>mis</strong></span> <span class='ocrx_word' id='word_1_362' title='bbox 559 3502 799 3573; x_wconf 83' lang='lat' dir='ltr'><strong>peccatis</strong></span> <span class='ocrx_word' id='word_1_363' title='bbox 833 3509 887 3555; x_wconf 89' lang='lat' dir='ltr'><strong>et</strong></span> <span class='ocrx_word' id='word_1_364' title='bbox 915 3500 1172 3570; x_wconf 84' lang='lat' dir='ltr'><strong>periculis</strong></span> <span class='ocrx_word' id='word_1_365' title='bbox 1201 3499 1371 3554; x_wconf 86' lang='lat' dir='ltr'><strong>libera</strong></span> <span class='ocrx_word' id='word_1_366' title='bbox 1393 3515 1498 3552; x_wconf 91' lang='lat' dir='ltr'><strong>me.</strong></span> 
     </span>
    </p>
   </div>
   <div class='ocr_carea' id='block_1_62' title="bbox 483 3591 1987 3660">
    <p class='ocr_par' dir='ltr' id='par_1_62' title="bbox 483 3591 1987 3660">
     <span class='ocr_line' id='line_1_62' title="bbox 483 3591 1987 3660; baseline -0.004 -10"><span class='ocrx_word' id='word_1_367' title='bbox 483 3595 877 3650; x_wconf 77' lang='lat' dir='ltr'><strong>Generatioues</strong></span> <span class='ocrx_word' id='word_1_368' title='bbox 910 3593 1318 3660; x_wconf 74' lang='lat' dir='ltr'><strong>generationum</strong></span> <span class='ocrx_word' id='word_1_369' title='bbox 1345 3591 1658 3645; x_wconf 81' lang='lat' dir='ltr'><strong>beatiﬁcant</strong></span> <span class='ocrx_word' id='word_1_370' title='bbox 1685 3599 1757 3654; x_wconf 90' lang='lat' dir='ltr'><strong>te,</strong></span> <span class='ocrx_word' id='word_1_371' title='bbox 1781 3599 1840 3644; x_wconf 92' lang='lat' dir='ltr'><strong>ut</strong></span> <span class='ocrx_word' id='word_1_372' title='bbox 1861 3591 1987 3645; x_wconf 93' lang='lat' dir='ltr'><strong>olim</strong></span> 
     </span>
    </p>
   </div>
   <div class='ocr_carea' id='block_1_63' title="bbox 417 3680 1988 3750">
    <p class='ocr_par' dir='ltr' id='par_1_63' title="bbox 417 3680 1988 3750">
     <span class='ocr_line' id='line_1_63' title="bbox 417 3680 1988 3750; baseline -0.001 -16"><span class='ocrx_word' id='word_1_373' title='bbox 417 3682 739 3750; x_wconf 65' lang='lat' dir='ltr'><strong>praedixisti,</strong></span> <span class='ocrx_word' id='word_1_374' title='bbox 771 3697 805 3735; x_wconf 93' lang='grc' dir='ltr'><strong>ο</strong></span> <span class='ocrx_word' id='word_1_375' title='bbox 839 3681 1024 3736; x_wconf 89' lang='lat' dir='ltr'><strong>divina</strong></span> <span class='ocrx_word' id='word_1_376' title='bbox 1067 3681 1324 3736; x_wconf 79' lang='lat' dir='ltr'><strong>felicitate</strong></span> <span class='ocrx_word' id='word_1_377' title='bbox 1357 3681 1792 3734; x_wconf 73' lang='lat' dir='ltr'><strong>cumulatissime</strong></span> <span class='ocrx_word' id='word_1_378' title='bbox 1828 3698 1842 3733; x_wconf 86' lang='lat'><strong>:</strong></span> <span class='ocrx_word' id='word_1_379' title='bbox 1875 3680 1988 3734; x_wconf 89' lang='lat' dir='ltr'><strong>sola</strong></span> 
     </span>
    </p>
   </div>
   <div class='ocr_carea' id='block_1_64' title="bbox 413 3769 1988 3840">
    <p class='ocr_par' dir='ltr' id='par_1_64' title="bbox 413 3769 1988 3840">
     <span class='ocr_line' id='line_1_64' title="bbox 413 3769 1988 3840; baseline -0.001 -13"><span class='ocrx_word' id='word_1_380' title='bbox 413 3773 556 3827; x_wconf 77' lang='lat' dir='ltr'><strong>enim</strong></span> <span class='ocrx_word' id='word_1_381' title='bbox 594 3773 905 3834; x_wconf 83' lang='lat' dir='ltr'><strong>hominibus</strong></span> <span class='ocrx_word' id='word_1_382' title='bbox 937 3773 1152 3827; x_wconf 88' lang='lat' dir='ltr'><strong>beatum</strong></span> <span class='ocrx_word' id='word_1_383' title='bbox 1184 3769 1422 3826; x_wconf 77' lang='lat' dir='ltr'><strong>Verbum</strong></span> <span class='ocrx_word' id='word_1_384' title='bbox 1458 3770 1896 3840; x_wconf 81' lang='lat' dir='ltr'><strong>peperisti,quod</strong></span> <span class='ocrx_word' id='word_1_385' title='bbox 1921 3787 1988 3826; x_wconf 78' lang='lat' dir='ltr'><strong>ex</strong></span> 
     </span>
    </p>
   </div>
   <div class='ocr_carea' id='block_1_65' title="bbox 412 3861 1684 3937">
    <p class='ocr_par' dir='ltr' id='par_1_65' title="bbox 412 3861 1684 3937">
     <span class='ocr_line' id='line_1_65' title="bbox 412 3861 1684 3937; baseline -0.005 -15"><span class='ocrx_word' id='word_1_386' title='bbox 412 3878 484 3926; x_wconf 89' lang='lat' dir='ltr'><strong>le.</strong></span> <span class='ocrx_word' id='word_1_387' title='bbox 523 3865 683 3937; x_wconf 84' lang='lat' dir='ltr'><strong>modo</strong></span> <span class='ocrx_word' id='word_1_388' title='bbox 718 3862 1102 3933; x_wconf 75' lang='lat' dir='ltr'><strong>inexplicabili,</strong></span> <span class='ocrx_word' id='word_1_389' title='bbox 1134 3876 1331 3930; x_wconf 89' lang='lat' dir='ltr'><strong>corpus</strong></span> <span class='ocrx_word' id='word_1_390' title='bbox 1361 3861 1684 3931; x_wconf 88' lang='lat' dir='ltr'><strong>assumpsit.</strong></span> 
     </span>
    </p>
   </div>
   <div class='ocr_carea' id='block_1_66' title="bbox 482 3953 1988 4027">
    <p class='ocr_par' dir='ltr' id='par_1_66' title="bbox 482 3953 1988 4027">
     <span class='ocr_line' id='line_1_66' title="bbox 482 3953 1988 4027; baseline -0.002 -14"><span class='ocrx_word' id='word_1_391' title='bbox 482 3959 627 4025; x_wconf 82' lang='lat' dir='ltr'><strong>Luce</strong></span> <span class='ocrx_word' id='word_1_392' title='bbox 657 3957 839 4012; x_wconf 87' lang='lat' dir='ltr'><strong>divina</strong></span> <span class='ocrx_word' id='word_1_393' title='bbox 869 3955 1114 4010; x_wconf 86' lang='lat' dir='ltr'><strong>illumina</strong></span> <span class='ocrx_word' id='word_1_394' title='bbox 1148 3971 1257 4019; x_wconf 90' lang='lat' dir='ltr'><strong>me,</strong></span> <span class='ocrx_word' id='word_1_395' title='bbox 1297 3969 1330 4009; x_wconf 97' lang='lat' dir='ltr'><strong>o</strong></span> <span class='ocrx_word' id='word_1_396' title='bbox 1357 3953 1524 4024; x_wconf 84' lang='lat' dir='ltr'><strong>Virgo</strong></span> <span class='ocrx_word' id='word_1_397' title='bbox 1555 3953 1809 4025; x_wconf 86' lang='lat' dir='ltr'><strong>Deipara,</strong></span> <span class='ocrx_word' id='word_1_398' title='bbox 1838 3957 1988 4027; x_wconf 84' lang='lat' dir='ltr'><strong>geni-</strong></span> 
     </span>
    </p>
   </div>
   <div class='ocr_carea' id='block_1_67' title="bbox 411 4047 1989 4118">
    <p class='ocr_par' dir='ltr' id='par_1_67' title="bbox 411 4047 1989 4118">
     <span class='ocr_line' id='line_1_67' title="bbox 411 4047 1989 4118; baseline -0.002 -11"><span class='ocrx_word' id='word_1_399' title='bbox 411 4054 512 4107; x_wconf 78' lang='lat' dir='ltr'><strong>trix</strong></span> <span class='ocrx_word' id='word_1_400' title='bbox 576 4051 758 4116; x_wconf 90' lang='lat' dir='ltr'><strong>lucis;</strong></span> <span class='ocrx_word' id='word_1_401' title='bbox 801 4049 1107 4118; x_wconf 64' lang='lat' dir='ltr'><strong>animmque</strong></span> <span class='ocrx_word' id='word_1_402' title='bbox 1141 4062 1276 4102; x_wconf 69' lang='lat' dir='ltr'><strong>meae</strong></span> <span class='ocrx_word' id='word_1_403' title='bbox 1309 4047 1598 4117; x_wconf 80' lang='lat' dir='ltr'><strong>caliginem</strong></span> <span class='ocrx_word' id='word_1_404' title='bbox 1649 4047 1876 4118; x_wconf 81' lang='lat' dir='ltr'><strong>dissipa,</strong></span> <span class='ocrx_word' id='word_1_405' title='bbox 1928 4057 1989 4104; x_wconf 87' lang='lat' dir='ltr'><strong>ut</strong></span> 
     </span>
    </p>
   </div>
   <div class='ocr_carea' id='block_1_68' title="bbox 412 4141 1991 4212">
    <p class='ocr_par' dir='ltr' id='par_1_68' title="bbox 412 4141 1991 4212">
     <span class='ocr_line' id='line_1_68' title="bbox 412 4141 1991 4212; baseline -0.004 -12"><span class='ocrx_word' id='word_1_406' title='bbox 412 4145 713 4201; x_wconf 80' lang='lat' dir='ltr'><strong>beatiﬁcem</strong></span> <span class='ocrx_word' id='word_1_407' title='bbox 746 4153 817 4206; x_wconf 89' lang='lat' dir='ltr'><strong>te,</strong></span> <span class='ocrx_word' id='word_1_408' title='bbox 851 4157 1014 4212; x_wconf 89' lang='lat' dir='ltr'><strong>quam</strong></span> <span class='ocrx_word' id='word_1_409' title='bbox 1041 4141 1306 4195; x_wconf 68' lang='lat' dir='ltr'><strong>universa!</strong></span> <span class='ocrx_word' id='word_1_410' title='bbox 1343 4141 1624 4195; x_wconf 91' lang='lat' dir='ltr'><strong>hominum</strong></span> <span class='ocrx_word' id='word_1_411' title='bbox 1677 4142 1991 4212; x_wconf 87' lang='lat' dir='ltr'><strong>generatio-</strong></span> 
     </span>
    </p>
   </div>
   <div class='ocr_carea' id='block_1_69' title="bbox 411 4233 1985 4314">
    <p class='ocr_par' dir='ltr' id='par_1_69' title="bbox 411 4233 1985 4314">
     <span class='ocr_line' id='line_1_69' title="bbox 411 4233 1985 4314; baseline -0.001 -23"><span class='ocrx_word' id='word_1_412' title='bbox 411 4254 535 4314; x_wconf 71' lang='lat' dir='ltr'><strong>nes,</strong></span> <span class='ocrx_word' id='word_1_413' title='bbox 591 4236 1055 4307; x_wconf 81' lang='lat' dir='ltr'><strong>quemadmodum</strong></span> <span class='ocrx_word' id='word_1_414' title='bbox 1123 4242 1286 4290; x_wconf 85' lang='lat' dir='ltr'><strong>antea</strong></span> <span class='ocrx_word' id='word_1_415' title='bbox 1341 4233 1705 4306; x_wconf 89' lang='lat' dir='ltr'><strong>prophetasti,</strong></span> <span class='ocrx_word' id='word_1_416' title='bbox 1769 4234 1985 4290; x_wconf 82' lang='lat' dir='ltr'><strong>beatam</strong></span> 
     </span>
    </p>
   </div>
   <div class='ocr_carea' id='block_1_70' title="bbox 409 4331 708 4401">
    <p class='ocr_par' dir='ltr' id='par_1_70' title="bbox 409 4331 708 4401">
     <span class='ocr_line' id='line_1_70' title="bbox 409 4331 708 4401; baseline 0 -17"><span class='ocrx_word' id='word_1_417' title='bbox 409 4331 708 4401; x_wconf 88' lang='lat' dir='ltr'><strong>appellant.</strong></span> 
     </span>
    </p>
   </div>
   <div class='ocr_carea' id='block_1_71' title="bbox 501 4437 1910 4511">
    <p class='ocr_par' dir='ltr' id='par_1_71' title="bbox 501 4437 1910 4511">
     <span class='ocr_line' id='line_1_71' title="bbox 501 4437 1910 4511; baseline -0.001 -16"><span class='ocrx_word' id='word_1_418' title='bbox 501 4440 586 4495; x_wconf 74' lang='lat' dir='ltr'><em>Ex</em></span> <span class='ocrx_word' id='word_1_419' title='bbox 612 4457 812 4508; x_wconf 77' lang='lat' dir='ltr'><strong>canone</strong></span> <span class='ocrx_word' id='word_1_420' title='bbox 835 4441 889 4494; x_wconf 82' lang='lat' dir='ltr'><strong>in</strong></span> <span class='ocrx_word' id='word_1_421' title='bbox 917 4439 1052 4511; x_wconf 76' lang='lat' dir='ltr'><strong>feria</strong></span> <span class='ocrx_word' id='word_1_422' title='bbox 1085 4456 1135 4493; x_wconf 77' lang='lat' dir='ltr'><strong>v1</strong></span> <span class='ocrx_word' id='word_1_423' title='bbox 1163 4437 1315 4492; x_wconf 82' lang='lat' dir='ltr'><strong>hebd.</strong></span> <span class='ocrx_word' id='word_1_424' title='bbox 1340 4454 1427 4506; x_wconf 88' lang='grc' dir='ltr'>ιιι,</span> <span class='ocrx_word' id='word_1_425' title='bbox 1461 4439 1531 4491; x_wconf 86' lang='lat' dir='ltr'><strong>ad</strong></span> <span class='ocrx_word' id='word_1_426' title='bbox 1561 4437 1910 4494; x_wconf 83' lang='lat' dir='ltr'><strong>Matutinum.</strong></span> 
     </span>
    </p>
   </div>
   <div class='ocr_carea' id='block_1_72' title="bbox 2096 3317 3673 3390">
    <p class='ocr_par' dir='ltr' id='par_1_72' title="bbox 2096 3317 3673 3390">
     <span class='ocr_line' id='line_1_72' title="bbox 2096 3317 3673 3390; baseline -0.002 -19"><span class='ocrx_word' id='word_1_427' title='bbox 2096 3319 2394 3387; x_wconf 76' lang='grc' dir='ltr'>ὑπερτέρα,</span> <span class='ocrx_word' id='word_1_428' title='bbox 2426 3318 2767 3390; x_wconf 62' lang='grc' dir='ltr'>Χερουὸικδν</span> <span class='ocrx_word' id='word_1_429' title='bbox 2784 3317 2989 3388; x_wconf 74' lang='grc' dir='ltr'>ὄχημα,</span> <span class='ocrx_word' id='word_1_430' title='bbox 3015 3319 3350 3387; x_wconf 84' lang='grc' dir='ltr'>πανάμωμε,</span> <span class='ocrx_word' id='word_1_431' title='bbox 3386 3317 3673 3389; x_wconf 84' lang='grc' dir='ltr'>ἁμαρτιῶν</span> 
     </span>
    </p>
   </div>
   <div class='ocr_carea' id='block_1_73' title="bbox 2096 3410 3299 3480">
    <p class='ocr_par' dir='ltr' id='par_1_73' title="bbox 2096 3410 3299 3480">
     <span class='ocr_line' id='line_1_73' title="bbox 2096 3410 3299 3480; baseline -0.001 -15"><span class='ocrx_word' id='word_1_432' title='bbox 2096 3427 2166 3478; x_wconf 82' lang='grc' dir='ltr'><strong>με</strong></span> <span class='ocrx_word' id='word_1_433' title='bbox 2203 3410 2458 3480; x_wconf 78' lang='grc' dir='ltr'>χαλεπῶν</span> <span class='ocrx_word' id='word_1_434' title='bbox 2487 3411 2582 3466; x_wconf 71' lang='grc' dir='ltr'>καὶ</span> <span class='ocrx_word' id='word_1_435' title='bbox 2609 3411 2871 3464; x_wconf 81' lang='grc' dir='ltr'>κινδύνων</span> <span class='ocrx_word' id='word_1_436' title='bbox 2907 3410 3299 3479; x_wconf 81' lang='grc' dir='ltr'>έλευθέρωσον.</span> 
     </span>
    </p>
   </div>
   <div class='ocr_carea' id='block_1_74' title="bbox 2163 3597 3670 3669">
    <p class='ocr_par' dir='ltr' id='par_1_74' title="bbox 2163 3597 3670 3669">
     <span class='ocr_line' id='line_1_74' title="bbox 2163 3597 3670 3669; baseline 0 -19"><span class='ocrx_word' id='word_1_437' title='bbox 2163 3598 2350 3651; x_wconf 73' lang='grc' dir='ltr'>Γενεαὶ</span> <span class='ocrx_word' id='word_1_438' title='bbox 2372 3597 2573 3666; x_wconf 84' lang='grc' dir='ltr'>γενεῶν</span> <span class='ocrx_word' id='word_1_439' title='bbox 2597 3615 2678 3663; x_wconf 84' lang='grc' dir='ltr'><strong>σε,</strong></span> <span class='ocrx_word' id='word_1_440' title='bbox 2711 3597 3140 3669; x_wconf 81' lang='grc' dir='ltr'>θεομακάριστε,</span> <span class='ocrx_word' id='word_1_441' title='bbox 3175 3599 3562 3668; x_wconf 71' lang='grc' dir='ltr'>μακαρίζουσι,</span> <span class='ocrx_word' id='word_1_442' title='bbox 3597 3599 3670 3662; x_wconf 81' lang='grc' dir='ltr'><strong>ὡς</strong></span> 
     </span>
    </p>
   </div>
   <div class='ocr_carea' id='block_1_75' title="bbox 2093 3689 3674 3762">
    <p class='ocr_par' dir='ltr' id='par_1_75' title="bbox 2093 3689 3674 3762">
     <span class='ocr_line' id='line_1_75' title="bbox 2093 3689 3674 3762; baseline 0.003 -20"><span class='ocrx_word' id='word_1_443' title='bbox 2093 3690 2260 3744; x_wconf 80' lang='grc' dir='ltr'>πάλαι</span> <span class='ocrx_word' id='word_1_444' title='bbox 2309 3690 2723 3761; x_wconf 82' lang='grc' dir='ltr'>προεφήτευσας</span> <span class='ocrx_word' id='word_1_445' title='bbox 2746 3704 2764 3722; x_wconf 79' lang='grc'><strong>⁸</strong></span> <span class='ocrx_word' id='word_1_446' title='bbox 2803 3690 2940 3761; x_wconf 84' lang='grc' dir='ltr'>μόνη</span> <span class='ocrx_word' id='word_1_447' title='bbox 2998 3692 3110 3761; x_wconf 83' lang='grc' dir='ltr'>γὰρ</span> <span class='ocrx_word' id='word_1_448' title='bbox 3141 3691 3349 3762; x_wconf 82' lang='grc' dir='ltr'>βροτοῖς</span> <span class='ocrx_word' id='word_1_449' title='bbox 3374 3689 3467 3745; x_wconf 62' lang='grc' dir='ltr'>τὸν</span> <span class='ocrx_word' id='word_1_450' title='bbox 3498 3693 3674 3762; x_wconf 77' lang='grc' dir='ltr'>μακά-</span> 
     </span>
    </p>
   </div>
   <div class='ocr_carea' id='block_1_76' title="bbox 2097 3781 3667 3854">
    <p class='ocr_par' dir='ltr' id='par_1_76' title="bbox 2097 3781 3667 3854">
     <span class='ocr_line' id='line_1_76' title="bbox 2097 3781 3667 3854; baseline 0.003 -20"><span class='ocrx_word' id='word_1_451' title='bbox 2097 3799 2210 3852; x_wconf 84' lang='grc' dir='ltr'>ριον</span> <span class='ocrx_word' id='word_1_452' title='bbox 2235 3781 2461 3846; x_wconf 83' lang='grc' dir='ltr'>τέτοκας</span> <span class='ocrx_word' id='word_1_453' title='bbox 2486 3781 2661 3849; x_wconf 80' lang='grc' dir='ltr'>Λόγον</span> <span class='ocrx_word' id='word_1_454' title='bbox 2680 3783 3009 3854; x_wconf 74' lang='grc' dir='ltr'>ἀπορρήτως</span> <span class='ocrx_word' id='word_1_455' title='bbox 3031 3785 3096 3838; x_wconf 79' lang='grc' dir='ltr'>ἐκ</span> <span class='ocrx_word' id='word_1_456' title='bbox 3116 3784 3209 3837; x_wconf 85' lang='grc' dir='ltr'><strong>σοῦ</strong></span> <span class='ocrx_word' id='word_1_457' title='bbox 3245 3785 3667 3854; x_wconf 80' lang='grc' dir='ltr'>σωματωθέντα.</span> 
     </span>
    </p>
   </div>
   <div class='ocr_carea' id='block_1_77' title="bbox 2161 3964 3668 4039">
    <p class='ocr_par' dir='ltr' id='par_1_77' title="bbox 2161 3964 3668 4039">
     <span class='ocr_line' id='line_1_77' title="bbox 2161 3964 3668 4039; baseline 0 -22"><span class='ocrx_word' id='word_1_458' title='bbox 2161 3965 2306 4018; x_wconf 75' lang='grc' dir='ltr'>Φωτὶ</span> <span class='ocrx_word' id='word_1_459' title='bbox 2349 3964 2428 4035; x_wconf 82' lang='grc' dir='ltr'>τῷ</span> <span class='ocrx_word' id='word_1_460' title='bbox 2465 3964 2593 4036; x_wconf 79' lang='grc' dir='ltr'>θείῳ</span> <span class='ocrx_word' id='word_1_461' title='bbox 2640 3983 2708 4036; x_wconf 83' lang='grc' dir='ltr'><strong>με</strong></span> <span class='ocrx_word' id='word_1_462' title='bbox 2755 3965 3189 4039; x_wconf 79' lang='grc' dir='ltr'>φωταγώγησον,</span> <span class='ocrx_word' id='word_1_463' title='bbox 3238 3969 3272 4038; x_wconf 78' lang='grc' dir='ltr'><strong>ὴ</strong></span> <span class='ocrx_word' id='word_1_464' title='bbox 3327 3968 3424 4020; x_wconf 86' lang='grc' dir='ltr'><strong>τοῦ</strong></span> <span class='ocrx_word' id='word_1_465' title='bbox 3472 3969 3668 4037; x_wconf 67' lang='grc' dir='ltr'>φωτὸς,</span> 
     </span>
    </p>
   </div>
   <div class='ocr_carea' id='block_1_78' title="bbox 2093 4055 3670 4128">
    <p class='ocr_par' dir='ltr' id='par_1_78' title="bbox 2093 4055 3670 4128">
     <span class='ocr_line' id='line_1_78' title="bbox 2093 4055 3670 4128; baseline 0.001 -19"><span class='ocrx_word' id='word_1_466' title='bbox 2093 4055 2363 4127; x_wconf 86' lang='grc' dir='ltr'>Παρθένε,</span> <span class='ocrx_word' id='word_1_467' title='bbox 2397 4056 2648 4122; x_wconf 86' lang='grc' dir='ltr'>Θεοτόκε,</span> <span class='ocrx_word' id='word_1_468' title='bbox 2699 4055 3009 4128; x_wconf 86' lang='grc' dir='ltr'>λοχεύτρια,</span> <span class='ocrx_word' id='word_1_469' title='bbox 3057 4058 3152 4112; x_wconf 75' lang='grc' dir='ltr'>καὶ</span> <span class='ocrx_word' id='word_1_470' title='bbox 3195 4057 3376 4128; x_wconf 77' lang='grc' dir='ltr'>ψυχῆς</span> <span class='ocrx_word' id='word_1_471' title='bbox 3433 4076 3536 4128; x_wconf 86' lang='grc' dir='ltr'><strong>μου</strong></span> <span class='ocrx_word' id='word_1_472' title='bbox 3579 4061 3670 4112; x_wconf 74' lang='grc' dir='ltr'>τὸν</span> 
     </span>
    </p>
   </div>
   <div class='ocr_carea' id='block_1_79' title="bbox 2090 4146 3668 4221">
    <p class='ocr_par' dir='ltr' id='par_1_79' title="bbox 2090 4146 3668 4221">
     <span class='ocr_line' id='line_1_79' title="bbox 2090 4146 3668 4221; baseline 0.003 -21"><span class='ocrx_word' id='word_1_473' title='bbox 2090 4146 2252 4216; x_wconf 76' lang='grc' dir='ltr'>ζόφον</span> <span class='ocrx_word' id='word_1_474' title='bbox 2282 4147 2572 4211; x_wconf 86' lang='grc' dir='ltr'>ἀπέλασον,</span> <span class='ocrx_word' id='word_1_475' title='bbox 2601 4149 2750 4214; x_wconf 79' lang='grc' dir='ltr'>ὅπως</span> <span class='ocrx_word' id='word_1_476' title='bbox 2773 4167 2832 4203; x_wconf 93' lang='grc' dir='ltr'><strong>σε</strong></span> <span class='ocrx_word' id='word_1_477' title='bbox 2864 4149 3179 4221; x_wconf 77' lang='grc' dir='ltr'>μακαρίζω.</span> <span class='ocrx_word' id='word_1_478' title='bbox 3216 4152 3282 4221; x_wconf 74' lang='grc' dir='ltr'>ἢν</span> <span class='ocrx_word' id='word_1_479' title='bbox 3306 4152 3668 4221; x_wconf 76' lang='grc' dir='ltr'>μακαρίζουσι</span> 
     </span>
    </p>
   </div>
   <div class='ocr_carea' id='block_1_80' title="bbox 2091 4241 3550 4319">
    <p class='ocr_par' dir='ltr' id='par_1_80' title="bbox 2091 4241 3550 4319">
     <span class='ocr_line' id='line_1_80' title="bbox 2091 4241 3550 4319; baseline 0.003 -25"><span class='ocrx_word' id='word_1_480' title='bbox 2091 4241 2390 4296; x_wconf 79' lang='grc' dir='ltr'>πᾶσαιτῶν</span> <span class='ocrx_word' id='word_1_481' title='bbox 2415 4242 2724 4313; x_wconf 79' lang='grc' dir='ltr'>ἀνθρώπων</span> <span class='ocrx_word' id='word_1_482' title='bbox 2749 4245 2960 4314; x_wconf 74' lang='grc' dir='ltr'>γενεαὶ,</span> <span class='ocrx_word' id='word_1_483' title='bbox 3000 4245 3076 4308; x_wconf 84' lang='grc' dir='ltr'><strong>ὡς</strong></span> <span class='ocrx_word' id='word_1_484' title='bbox 3109 4250 3550 4319; x_wconf 76' lang='grc' dir='ltr'>προεφήτευσας.</span> 
     </span>
    </p>
   </div>
   <div class='ocr_carea' id='block_1_81' title="bbox 2109 4442 3667 4518">
    <p class='ocr_par' dir='ltr' id='par_1_81' title="bbox 2109 4442 3667 4518">
     <span class='ocr_line' id='line_1_81' title="bbox 2109 4442 3667 4518; baseline 0.004 -22"><span class='ocrx_word' id='word_1_485' title='bbox 2109 4443 2210 4504; x_wconf 80' lang='grc' dir='ltr'>Ἐκ</span> <span class='ocrx_word' id='word_1_486' title='bbox 2258 4442 2367 4497; x_wconf 84' lang='grc' dir='ltr'><strong>τοῦ</strong></span> <span class='ocrx_word' id='word_1_487' title='bbox 2397 4447 2674 4518; x_wconf 63' lang='grc' dir='ltr'>Καιρρνος</span> <span class='ocrx_word' id='word_1_488' title='bbox 2728 4446 2840 4514; x_wconf 79' lang='grc' dir='ltr'><strong>τῆς</strong></span> <span class='ocrx_word' id='word_1_489' title='bbox 2885 4445 3300 4516; x_wconf 82' lang='grc' dir='ltr'>παρασκευῆς,</span> <span class='ocrx_word' id='word_1_490' title='bbox 3362 4447 3473 4518; x_wconf 83' lang='grc' dir='ltr'><strong>τῆς</strong></span> <span class='ocrx_word' id='word_1_491' title='bbox 3509 4449 3667 4502; x_wconf 77' lang='grc' dir='ltr'>ἐϐδο-</span> 
     </span>
    </p>
   </div>
   <div class='ocr_carea' id='block_1_82' title="bbox 2429 4515 3315 4587">
    <p class='ocr_par' dir='ltr' id='par_1_82' title="bbox 2429 4515 3315 4587">
     <span class='ocr_line' id='line_1_82' title="bbox 2429 4515 3315 4587; baseline 0.005 -19"><span class='ocrx_word' id='word_1_492' title='bbox 2429 4515 2623 4584; x_wconf 81' lang='grc' dir='ltr'>μάδος</span> <span class='ocrx_word' id='word_1_493' title='bbox 2658 4523 2729 4586; x_wconf 73' lang='grc' dir='ltr'><strong>γ’,</strong></span> <span class='ocrx_word' id='word_1_494' title='bbox 2763 4521 2853 4583; x_wconf 75' lang='grc' dir='ltr'>εἰς</span> <span class='ocrx_word' id='word_1_495' title='bbox 2902 4515 3010 4572; x_wconf 52' lang='grc' dir='ltr'><strong>τὸν·</strong></span> <span class='ocrx_word' id='word_1_496' title='bbox 3039 4519 3315 4587; x_wconf 78' lang='grc' dir='ltr'>Ὀρθρον.</span> 
     </span>
    </p>
   </div>
   <div class='ocr_carea' id='block_1_83' title="bbox 474 4600 1988 4700">
    <p class='ocr_par' dir='ltr' id='par_1_83' title="bbox 474 4620 1982 4692">
     <span class='ocr_line' id='line_1_83' title="bbox 474 4620 1982 4692; baseline 0.003 -17"><span class='ocrx_word' id='word_1_497' title='bbox 474 4620 710 4685; x_wconf 81' lang='lat' dir='ltr'><strong>Novum,</strong></span> <span class='ocrx_word' id='word_1_498' title='bbox 729 4631 789 4676; x_wconf 93' lang='lat' dir='ltr'><strong>ut</strong></span> <span class='ocrx_word' id='word_1_499' title='bbox 814 4621 1100 4685; x_wconf 70' lang='lat' dir='ltr'><strong>infantem,</strong></span> <span class='ocrx_word' id='word_1_500' title='bbox 1121 4623 1375 4692; x_wconf 86' lang='lat' dir='ltr'><strong>peperisti</strong></span> <span class='ocrx_word' id='word_1_501' title='bbox 1399 4638 1434 4678; x_wconf 89' lang='grc' dir='ltr'><strong>ο</strong></span> <span class='ocrx_word' id='word_1_502' title='bbox 1459 4623 1795 4690; x_wconf 83' lang='lat' dir='ltr'><strong>castissima,</strong></span> <span class='ocrx_word' id='word_1_503' title='bbox 1812 4624 1947 4680; x_wconf 89' lang='lat' dir='ltr'><strong>Crea</strong></span> <span class='ocrx_word' id='word_1_504' title='bbox 1968 4656 1982 4667; x_wconf 85' lang='lat'><strong>-</strong></span> 
     </span>
    </p>
   </div>
   <div class='ocr_carea' id='block_1_84' title="bbox 2099 4600 3668 4700">
    <p class='ocr_par' dir='ltr' id='par_1_84' title="bbox 2163 4627 3668 4700">
     <span class='ocr_line' id='line_1_84' title="bbox 2163 4627 3668 4700; baseline 0.003 -19"><span class='ocrx_word' id='word_1_505' title='bbox 2163 4627 2300 4682; x_wconf 81' lang='grc' dir='ltr'>Νέον</span> <span class='ocrx_word' id='word_1_506' title='bbox 2327 4629 2654 4700; x_wconf 74' lang='grc' dir='ltr'>ἀπεκύησας</span> <span class='ocrx_word' id='word_1_507' title='bbox 2689 4629 2766 4694; x_wconf 86' lang='grc' dir='ltr'>ὡς</span> <span class='ocrx_word' id='word_1_508' title='bbox 2820 4629 3040 4700; x_wconf 84' lang='grc' dir='ltr'>βρέφος,</span> <span class='ocrx_word' id='word_1_509' title='bbox 3088 4631 3356 4700; x_wconf 77' lang='grc' dir='ltr'>πάναγνε,</span> <span class='ocrx_word' id='word_1_510' title='bbox 3391 4631 3485 4684; x_wconf 80' lang='grc' dir='ltr'>τὸν</span> <span class='ocrx_word' id='word_1_511' title='bbox 3531 4633 3668 4686; x_wconf 70' lang='lat' dir='ltr'><strong>112a-</strong></span> 
     </span>
    </p>
   </div>
   <div class='ocr_carea' id='block_1_85' title="bbox 405 4715 1981 4786">
    <p class='ocr_par' dir='ltr' id='par_1_85' title="bbox 405 4715 1981 4786">
     <span class='ocr_line' id='line_1_85' title="bbox 405 4715 1981 4786; baseline 0.004 -18"><span class='ocrx_word' id='word_1_512' title='bbox 405 4723 578 4770; x_wconf 82' lang='lat' dir='ltr'><strong>torem</strong></span> <span class='ocrx_word' id='word_1_513' title='bbox 617 4731 792 4769; x_wconf 90' lang='lat' dir='ltr'><strong>meum</strong></span> <span class='ocrx_word' id='word_1_514' title='bbox 822 4733 836 4779; x_wconf 91' lang='lat'><strong>;</strong></span> <span class='ocrx_word' id='word_1_515' title='bbox 861 4731 1023 4785; x_wconf 88' lang='lat' dir='ltr'><strong>quem</strong></span> <span class='ocrx_word' id='word_1_516' title='bbox 1055 4715 1374 4786; x_wconf 87' lang='lat' dir='ltr'><strong>deprecare,</strong></span> <span class='ocrx_word' id='word_1_517' title='bbox 1403 4725 1454 4770; x_wconf 88' lang='lat' dir='ltr'><strong>te</strong></span> <span class='ocrx_word' id='word_1_518' title='bbox 1475 4731 1596 4782; x_wconf 87' lang='lat' dir='ltr'><strong>oro,</strong></span> <span class='ocrx_word' id='word_1_519' title='bbox 1622 4727 1784 4774; x_wconf 87' lang='lat' dir='ltr'><strong>utme</strong></span> <span class='ocrx_word' id='word_1_520' title='bbox 1811 4720 1981 4774; x_wconf 89' lang='lat' dir='ltr'><strong>multa</strong></span> 
     </span>
    </p>
   </div>
   <div class='ocr_carea' id='block_1_86' title="bbox 404 4807 1630 4878">
    <p class='ocr_par' dir='ltr' id='par_1_86' title="bbox 404 4807 1630 4878">
     <span class='ocr_line' id='line_1_86' title="bbox 404 4807 1630 4878; baseline 0.005 -18"><span class='ocrx_word' id='word_1_521' title='bbox 404 4808 612 4862; x_wconf 88' lang='lat' dir='ltr'><strong>malitia</strong></span> <span class='ocrx_word' id='word_1_522' title='bbox 645 4807 1027 4872; x_wconf 83' lang='lat' dir='ltr'><strong>inveteratum,</strong></span> <span class='ocrx_word' id='word_1_523' title='bbox 1060 4824 1322 4864; x_wconf 89' lang='lat' dir='ltr'><strong>renovare</strong></span> <span class='ocrx_word' id='word_1_524' title='bbox 1353 4810 1630 4878; x_wconf 83' lang='lat' dir='ltr'><strong>dignetur.</strong></span> 
     </span>
    </p>
   </div>
   <div class='ocr_carea' id='block_1_87' title="bbox 476 4902 1982 4972">
    <p class='ocr_par' dir='ltr' id='par_1_87' title="bbox 476 4902 1982 4972">
     <span class='ocr_line' id='line_1_87' title="bbox 476 4902 1982 4972; baseline 0.003 -16"><span class='ocrx_word' id='word_1_525' title='bbox 476 4903 795 4972; x_wconf 85' lang='lat' dir='ltr'><strong>Compesce,</strong></span> <span class='ocrx_word' id='word_1_526' title='bbox 835 4917 868 4956; x_wconf 94' lang='grc' dir='ltr'><strong>ο</strong></span> <span class='ocrx_word' id='word_1_527' title='bbox 900 4902 1106 4958; x_wconf 89' lang='lat' dir='ltr'><strong>Christi</strong></span> <span class='ocrx_word' id='word_1_528' title='bbox 1139 4902 1234 4958; x_wconf 89' lang='lat' dir='ltr'><strong>Dei</strong></span> <span class='ocrx_word' id='word_1_529' title='bbox 1277 4903 1464 4968; x_wconf 75' lang='lat' dir='ltr'><strong>Mater,</strong></span> <span class='ocrx_word' id='word_1_530' title='bbox 1498 4906 1762 4960; x_wconf 90' lang='lat' dir='ltr'><strong>malitiam</strong></span> <span class='ocrx_word' id='word_1_531' title='bbox 1796 4906 1982 4961; x_wconf 89' lang='lat' dir='ltr'><strong>cordis</strong></span> 
     </span>
    </p>
   </div>
   <div class='ocr_carea' id='block_1_88' title="bbox 405 4993 1986 5066">
    <p class='ocr_par' dir='ltr' id='par_1_88' title="bbox 405 4993 1986 5066">
     <span class='ocr_line' id='line_1_88' title="bbox 405 4993 1986 5066; baseline 0.003 -19"><span class='ocrx_word' id='word_1_532' title='bbox 405 4993 512 5048; x_wconf 87' lang='lat' dir='ltr'><strong>mei</strong></span> <span class='ocrx_word' id='word_1_533' title='bbox 539 4995 907 5065; x_wconf 86' lang='lat' dir='ltr'><strong>undequaque</strong></span> <span class='ocrx_word' id='word_1_534' title='bbox 936 4995 1299 5065; x_wconf 87' lang='lat' dir='ltr'><strong>periclitantis</strong></span> <span class='ocrx_word' id='word_1_535' title='bbox 1323 5014 1337 5050; x_wconf 89' lang='lat'><strong>:</strong></span> <span class='ocrx_word' id='word_1_536' title='bbox 1361 4995 1558 5052; x_wconf 76' lang='grc' dir='ltr'><strong>οοΙιίιΙθ</strong></span> <span class='ocrx_word' id='word_1_537' title='bbox 1577 4996 1760 5066; x_wconf 89' lang='lat' dir='ltr'><strong>jacula</strong></span> <span class='ocrx_word' id='word_1_538' title='bbox 1789 4998 1986 5052; x_wconf 60' lang='lat' dir='ltr'><strong>themoo</strong></span> 
     </span>
    </p>
   </div>
   <div class='ocr_carea' id='block_1_89' title="bbox 404 5089 1983 5160">
    <p class='ocr_par' dir='ltr' id='par_1_89' title="bbox 404 5089 1983 5160">
     <span class='ocr_line' id='line_1_89' title="bbox 404 5089 1983 5160; baseline 0.003 -19"><span class='ocrx_word' id='word_1_539' title='bbox 404 5105 556 5152; x_wconf 86' lang='lat' dir='ltr'><strong>num,</strong></span> <span class='ocrx_word' id='word_1_540' title='bbox 615 5098 670 5144; x_wconf 85' lang='lat' dir='ltr'><strong>et</strong></span> <span class='ocrx_word' id='word_1_541' title='bbox 706 5104 870 5144; x_wconf 86' lang='lat' dir='ltr'><strong>arcus</strong></span> <span class='ocrx_word' id='word_1_542' title='bbox 928 5089 1359 5160; x_wconf 70' lang='lat' dir='ltr'><strong>oppugnantium</strong></span> <span class='ocrx_word' id='word_1_543' title='bbox 1421 5089 1678 5146; x_wconf 87' lang='lat' dir='ltr'><strong>miseram</strong></span> <span class='ocrx_word' id='word_1_544' title='bbox 1745 5093 1983 5148; x_wconf 86' lang='lat' dir='ltr'><strong>animam</strong></span> 
     </span>
    </p>
   </div>
   <div class='ocr_carea' id='block_1_90' title="bbox 404 5197 603 5237">
    <p class='ocr_par' dir='ltr' id='par_1_90' title="bbox 404 5197 603 5237">
     <span class='ocr_line' id='line_1_90' title="bbox 404 5197 603 5237; baseline 0.01 -3"><span class='ocrx_word' id='word_1_545' title='bbox 404 5197 603 5237; x_wconf 85' lang='lat' dir='ltr'><strong>meam.</strong></span> 
     </span>
    </p>
   </div>
   <div class='ocr_carea' id='block_1_91' title="bbox 474 5273 1980 5346">
    <p class='ocr_par' dir='ltr' id='par_1_91' title="bbox 474 5273 1980 5346">
     <span class='ocr_line' id='line_1_91' title="bbox 474 5273 1980 5346; baseline 0.001 -17"><span class='ocrx_word' id='word_1_546' title='bbox 474 5273 835 5330; x_wconf 84' lang='lat' dir='ltr'><strong>Sauctissima</strong></span> <span class='ocrx_word' id='word_1_547' title='bbox 907 5273 1160 5336; x_wconf 83' lang='lat' dir='ltr'><strong>Domina,</strong></span> <span class='ocrx_word' id='word_1_548' title='bbox 1210 5289 1336 5344; x_wconf 85' lang='lat' dir='ltr'><strong>spes</strong></span> <span class='ocrx_word' id='word_1_549' title='bbox 1416 5289 1536 5330; x_wconf 88' lang='lat' dir='ltr'><strong>mea</strong></span> <span class='ocrx_word' id='word_1_550' title='bbox 1597 5283 1651 5330; x_wconf 89' lang='lat' dir='ltr'><strong>et</strong></span> <span class='ocrx_word' id='word_1_551' title='bbox 1708 5274 1980 5346; x_wconf 77' lang='lat' dir='ltr'><strong>refugium</strong></span> 
     </span>
    </p>
   </div>
   <div class='ocr_carea' id='block_1_92' title="bbox 403 5367 1979 5432">
    <p class='ocr_par' dir='ltr' id='par_1_92' title="bbox 403 5367 1979 5432">
     <span class='ocr_line' id='line_1_92' title="bbox 403 5367 1979 5432; baseline 0.003 -14"><span class='ocrx_word' id='word_1_552' title='bbox 403 5382 608 5432; x_wconf 88' lang='lat' dir='ltr'><strong>meum,</strong></span> <span class='ocrx_word' id='word_1_553' title='bbox 655 5367 876 5422; x_wconf 86' lang='lat' dir='ltr'><strong>medere.</strong></span> <span class='ocrx_word' id='word_1_554' title='bbox 920 5367 1239 5422; x_wconf 89' lang='lat' dir='ltr'><strong>vulneribus</strong></span> <span class='ocrx_word' id='word_1_555' title='bbox 1279 5368 1481 5424; x_wconf 62' lang='lat' dir='ltr'><strong>animae</strong></span> <span class='ocrx_word' id='word_1_556' title='bbox 1517 5383 1692 5432; x_wconf 61' lang='lat' dir='ltr'><strong>mea);</strong></span> <span class='ocrx_word' id='word_1_557' title='bbox 1745 5379 1979 5423; x_wconf 88' lang='lat' dir='ltr'><strong>mentem</strong></span> 
     </span>
    </p>
   </div>
   <div class='ocr_carea' id='block_1_93' title="bbox 400 5461 1975 5532">
    <p class='ocr_par' dir='ltr' id='par_1_93' title="bbox 400 5461 1975 5532">
     <span class='ocr_line' id='line_1_93' title="bbox 400 5461 1975 5532; baseline 0.004 -23"><span class='ocrx_word' id='word_1_558' title='bbox 400 5473 578 5512; x_wconf 86' lang='lat' dir='ltr'><strong>meam</strong></span> <span class='ocrx_word' id='word_1_559' title='bbox 606 5461 869 5529; x_wconf 80' lang='lat' dir='ltr'><strong>paciﬁca;</strong></span> <span class='ocrx_word' id='word_1_560' title='bbox 903 5472 963 5515; x_wconf 90' lang='lat' dir='ltr'><strong>ut</strong></span> <span class='ocrx_word' id='word_1_561' title='bbox 986 5469 1042 5515; x_wconf 89' lang='lat' dir='ltr'><strong>et</strong></span> <span class='ocrx_word' id='word_1_562' title='bbox 1073 5476 1174 5531; x_wconf 78' lang='lat' dir='ltr'><strong>ego</strong></span> <span class='ocrx_word' id='word_1_563' title='bbox 1201 5462 1448 5532; x_wconf 81' lang='lat' dir='ltr'><strong>gaudens</strong></span> <span class='ocrx_word' id='word_1_564' title='bbox 1471 5461 1784 5520; x_wconf 78' lang='lat' dir='ltr'><strong>collaudem</strong></span> <span class='ocrx_word' id='word_1_565' title='bbox 1804 5463 1975 5522; x_wconf 85' lang='lat' dir='ltr'><strong>mira-</strong></span> 
     </span>
    </p>
   </div>
   <div class='ocr_carea' id='block_1_94' title="bbox 402 5552 1448 5627">
    <p class='ocr_par' dir='ltr' id='par_1_94' title="bbox 402 5552 1448 5627">
     <span class='ocr_line' id='line_1_94' title="bbox 402 5552 1448 5627; baseline 0.005 -22"><span class='ocrx_word' id='word_1_566' title='bbox 402 5552 531 5608; x_wconf 88' lang='lat' dir='ltr'><strong>bilia</strong></span> <span class='ocrx_word' id='word_1_567' title='bbox 568 5561 678 5619; x_wconf 78' lang='lat' dir='ltr'><strong>tua,</strong></span> <span class='ocrx_word' id='word_1_568' title='bbox 699 5570 731 5609; x_wconf 85' lang='grc' dir='ltr'><strong>ο</strong></span> <span class='ocrx_word' id='word_1_569' title='bbox 757 5555 988 5627; x_wconf 84' lang='lat' dir='ltr'><strong>Deipara</strong></span> <span class='ocrx_word' id='word_1_570' title='bbox 1013 5571 1230 5626; x_wconf 83' lang='lat' dir='ltr'><strong>semper</strong></span> <span class='ocrx_word' id='word_1_571' title='bbox 1264 5555 1448 5626; x_wconf 78' lang='lat' dir='ltr'><strong>Virgo.</strong></span> 
     </span>
    </p>
   </div>
   <div class='ocr_carea' id='block_1_95' title="bbox 469 5731 1981 5808">
    <p class='ocr_par' dir='ltr' id='par_1_95' title="bbox 469 5731 1981 5808">
     <span class='ocr_line' id='line_1_95' title="bbox 469 5731 1981 5808; baseline 0.006 -21"><span class='ocrx_word' id='word_1_572' title='bbox 469 5731 605 5805; x_wconf 61' lang='lat'><strong>(48).</strong></span> <span class='ocrx_word' id='word_1_573' title='bbox 650 5733 972 5794; x_wconf 88' lang='lat' dir='ltr'><strong>Universum</strong></span> <span class='ocrx_word' id='word_1_574' title='bbox 1049 5753 1222 5808; x_wconf 83' lang='lat' dir='ltr'><strong>genus</strong></span> <span class='ocrx_word' id='word_1_575' title='bbox 1287 5740 1515 5794; x_wconf 74' lang='lat' dir='ltr'><strong>maculre</strong></span> <span class='ocrx_word' id='word_1_576' title='bbox 1572 5750 1683 5794; x_wconf 85' lang='lat' dir='ltr'><strong>tam</strong></span> <span class='ocrx_word' id='word_1_577' title='bbox 1745 5744 1981 5797; x_wconf 82' lang='lat' dir='ltr'><strong>aclualis</strong></span> 
     </span>
    </p>
   </div>
   <div class='ocr_carea' id='block_1_96' title="bbox 397 5808 1979 5879">
    <p class='ocr_par' dir='ltr' id='par_1_96' title="bbox 397 5808 1979 5879">
     <span class='ocr_line' id='line_1_96' title="bbox 397 5808 1979 5879; baseline 0.008 -21"><span class='ocrx_word' id='word_1_578' title='bbox 397 5819 562 5879; x_wconf 77' lang='lat' dir='ltr'><strong>quam</strong></span> <span class='ocrx_word' id='word_1_579' title='bbox 594 5808 876 5876; x_wconf 69' lang='lat' dir='ltr'><strong>originalis</strong></span> <span class='ocrx_word' id='word_1_580' title='bbox 900 5810 983 5864; x_wconf 85' lang='lat' dir='ltr'><strong>his</strong></span> <span class='ocrx_word' id='word_1_581' title='bbox 1006 5811 1188 5863; x_wconf 72' lang='lat' dir='ltr'><strong>Verbis</strong></span> <span class='ocrx_word' id='word_1_582' title='bbox 1205 5825 1233 5863; x_wconf 86' lang='lat' dir='ltr'><strong>a</strong></span> <span class='ocrx_word' id='word_1_583' title='bbox 1263 5808 1319 5863; x_wconf 87' lang='grc' dir='ltr'><strong>Β.</strong></span> <span class='ocrx_word' id='word_1_584' title='bbox 1344 5810 1558 5879; x_wconf 72' lang='lat' dir='ltr'><strong>Virgine.</strong></span> <span class='ocrx_word' id='word_1_585' title='bbox 1576 5817 1804 5865; x_wconf 83' lang='lat' dir='ltr'><strong>removit</strong></span> <span class='ocrx_word' id='word_1_586' title='bbox 1824 5814 1979 5874; x_wconf 60' lang='grc' dir='ltr'>,ιοειιτ</span> 
     </span>
    </p>
   </div>
   <div class='ocr_carea' id='block_1_97' title="bbox 401 5875 1976 5952">
    <p class='ocr_par' dir='ltr' id='par_1_97' title="bbox 401 5875 1976 5952">
     <span class='ocr_line' id='line_1_97' title="bbox 401 5875 1976 5952; baseline 0.008 -25"><span class='ocrx_word' id='word_1_587' title='bbox 401 5875 564 5950; x_wconf 58' lang='lat' dir='ltr'><strong>phus,</strong></span> <span class='ocrx_word' id='word_1_588' title='bbox 604 5875 727 5932; x_wconf 84' lang='lat' dir='ltr'><strong>cum</strong></span> <span class='ocrx_word' id='word_1_589' title='bbox 764 5879 874 5934; x_wconf 69' lang='lat' dir='ltr'><strong>inec</strong></span> <span class='ocrx_word' id='word_1_590' title='bbox 907 5881 1066 5935; x_wconf 77' lang='lat' dir='ltr'><strong>verba</strong></span> <span class='ocrx_word' id='word_1_591' title='bbox 1102 5881 1373 5946; x_wconf 82' lang='lat' dir='ltr'><strong>absolute,</strong></span> <span class='ocrx_word' id='word_1_592' title='bbox 1404 5875 1744 5952; x_wconf 82' lang='lat' dir='ltr'><strong>simpliciter,</strong></span> <span class='ocrx_word' id='word_1_593' title='bbox 1773 5895 1822 5939; x_wconf 79' lang='lat' dir='ltr'><strong>et</strong></span> <span class='ocrx_word' id='word_1_594' title='bbox 1859 5888 1976 5940; x_wconf 67' lang='lat' dir='ltr'><strong>sine</strong></span> 
     </span>
    </p>
   </div>
   <div class='ocr_carea' id='block_1_98' title="bbox 2094 4722 3668 4795">
    <p class='ocr_par' dir='ltr' id='par_1_98' title="bbox 2094 4722 3668 4795">
     <span class='ocr_line' id='line_1_98' title="bbox 2094 4722 3668 4795; baseline 0.002 -20"><span class='ocrx_word' id='word_1_595' title='bbox 2094 4722 2356 4793; x_wconf 87' lang='grc' dir='ltr'>στουργόν</span> <span class='ocrx_word' id='word_1_596' title='bbox 2395 4740 2520 4791; x_wconf 85' lang='grc' dir='ltr'>μου,</span> <span class='ocrx_word' id='word_1_597' title='bbox 2553 4723 2614 4776; x_wconf 86' lang='grc' dir='ltr'>ὃν</span> <span class='ocrx_word' id='word_1_598' title='bbox 2646 4723 2972 4778; x_wconf 84' lang='grc' dir='ltr'>δυσωποῦσα</span> <span class='ocrx_word' id='word_1_599' title='bbox 3005 4723 3468 4795; x_wconf 80' lang='grc' dir='ltr'>πεπαλαιωμένον</span> <span class='ocrx_word' id='word_1_600' title='bbox 3501 4743 3567 4795; x_wconf 88' lang='grc' dir='ltr'><strong>με</strong></span> <span class='ocrx_word' id='word_1_601' title='bbox 3610 4729 3668 4778; x_wconf 82' lang='grc' dir='ltr'>ἑν</span> 
     </span>
    </p>
   </div>
   <div class='ocr_carea' id='block_1_99' title="bbox 2095 4813 3097 4887">
    <p class='ocr_par' dir='ltr' id='par_1_99' title="bbox 2095 4813 3097 4887">
     <span class='ocr_line' id='line_1_99' title="bbox 2095 4813 3097 4887; baseline 0.003 -19"><span class='ocrx_word' id='word_1_602' title='bbox 2095 4813 2263 4884; x_wconf 86' lang='grc' dir='ltr'>πολλῇ</span> <span class='ocrx_word' id='word_1_603' title='bbox 2299 4816 2468 4885; x_wconf 78' lang='grc' dir='ltr'>κακία</span> <span class='ocrx_word' id='word_1_604' title='bbox 2495 4817 2846 4869; x_wconf 76' lang='grc' dir='ltr'>ἀνακαινίσαι</span> <span class='ocrx_word' id='word_1_605' title='bbox 2881 4816 3097 4887; x_wconf 76' lang='grc' dir='ltr'>δέομαι.</span> 
     </span>
    </p>
   </div>
   <div class='ocr_carea' id='block_1_100' title="bbox 2163 4907 3670 4983">
    <p class='ocr_par' dir='ltr' id='par_1_100' title="bbox 2163 4907 3670 4983">
     <span class='ocr_line' id='line_1_100' title="bbox 2163 4907 3670 4983; baseline 0.001 -23"><span class='ocrx_word' id='word_1_606' title='bbox 2163 4907 2380 4961; x_wconf 85' lang='grc' dir='ltr'>Παῦσον</span> <span class='ocrx_word' id='word_1_607' title='bbox 2411 4912 2511 4979; x_wconf 83' lang='grc' dir='ltr'>τῆς</span> <span class='ocrx_word' id='word_1_608' title='bbox 2540 4909 2681 4979; x_wconf 77' lang='grc' dir='ltr'>ἐμῆς</span> <span class='ocrx_word' id='word_1_609' title='bbox 2704 4911 3044 4965; x_wconf 79' lang='grc' dir='ltr'>πολυωδύνου</span> <span class='ocrx_word' id='word_1_610' title='bbox 3091 4913 3270 4966; x_wconf 82' lang='grc' dir='ltr'>πᾶσαν</span> <span class='ocrx_word' id='word_1_611' title='bbox 3297 4912 3529 4983; x_wconf 79' lang='grc' dir='ltr'>καρδίας</span> <span class='ocrx_word' id='word_1_612' title='bbox 3571 4911 3670 4982; x_wconf 78' lang='grc' dir='ltr'>τὴν</span> 
     </span>
    </p>
   </div>
   <div class='ocr_carea' id='block_1_101' title="bbox 2082 5001 3666 5075">
    <p class='ocr_par' dir='ltr' id='par_1_101' title="bbox 2082 5001 3666 5075">
     <span class='ocr_line' id='line_1_101' title="bbox 2082 5001 3666 5075; baseline 0.003 -22"><span class='ocrx_word' id='word_1_613' title='bbox 2082 5001 2350 5062; x_wconf 78' lang='grc' dir='ltr'>κάκωσιν,</span> <span class='ocrx_word' id='word_1_614' title='bbox 2377 5003 2572 5072; x_wconf 80' lang='grc' dir='ltr'>Μήτερ</span> <span class='ocrx_word' id='word_1_615' title='bbox 2598 5001 2836 5073; x_wconf 75' lang='grc' dir='ltr'>Χριστοῦ</span> <span class='ocrx_word' id='word_1_616' title='bbox 2871 5002 2965 5057; x_wconf 88' lang='grc' dir='ltr'><strong>τοῦ</strong></span> <span class='ocrx_word' id='word_1_617' title='bbox 2999 5003 3137 5058; x_wconf 84' lang='grc' dir='ltr'>Θεοῦ</span> <span class='ocrx_word' id='word_1_618' title='bbox 3165 5021 3181 5035; x_wconf 63' lang='grc' dir='ltr'><strong>ο</strong></span> <span class='ocrx_word' id='word_1_619' title='bbox 3210 5003 3448 5075; x_wconf 89' lang='grc' dir='ltr'>θραῦσον</span> <span class='ocrx_word' id='word_1_620' title='bbox 3475 5005 3666 5074; x_wconf 81' lang='grc' dir='ltr'>δαιμό-</span> 
     </span>
    </p>
   </div>
   <div class='ocr_carea' id='block_1_102' title="bbox 2085 5092 3666 5167">
    <p class='ocr_par' dir='ltr' id='par_1_102' title="bbox 2085 5092 3666 5167">
     <span class='ocr_line' id='line_1_102' title="bbox 2085 5092 3666 5167; baseline 0.003 -23"><span class='ocrx_word' id='word_1_621' title='bbox 2085 5109 2194 5145; x_wconf 89' lang='grc' dir='ltr'><strong>νων</strong></span> <span class='ocrx_word' id='word_1_622' title='bbox 2224 5092 2293 5144; x_wconf 74' lang='grc' dir='ltr'><strong>τὰ</strong></span> <span class='ocrx_word' id='word_1_623' title='bbox 2316 5092 2447 5164; x_wconf 84' lang='grc' dir='ltr'>βέλη</span> <span class='ocrx_word' id='word_1_624' title='bbox 2493 5093 2688 5148; x_wconf 75' lang='grc' dir='ltr'>καὶτὰ</span> <span class='ocrx_word' id='word_1_625' title='bbox 2729 5095 2859 5160; x_wconf 81' lang='grc' dir='ltr'>τόξα</span> <span class='ocrx_word' id='word_1_626' title='bbox 2905 5094 3016 5149; x_wconf 86' lang='grc' dir='ltr'><strong>τῶν</strong></span> <span class='ocrx_word' id='word_1_627' title='bbox 3063 5095 3516 5167; x_wconf 71' lang='grc' dir='ltr'>ικπολεμούντων</span> <span class='ocrx_word' id='word_1_628' title='bbox 3570 5097 3666 5166; x_wconf 79' lang='grc' dir='ltr'>τὴν</span> 
     </span>
    </p>
   </div>
   <div class='ocr_carea' id='block_1_103' title="bbox 2085 5184 2727 5258">
    <p class='ocr_par' dir='ltr' id='par_1_103' title="bbox 2085 5184 2727 5258">
     <span class='ocr_line' id='line_1_103' title="bbox 2085 5184 2727 5258; baseline 0.008 -22"><span class='ocrx_word' id='word_1_629' title='bbox 2085 5184 2352 5254; x_wconf 82' lang='grc' dir='ltr'>ταπεινὴν</span> <span class='ocrx_word' id='word_1_630' title='bbox 2395 5185 2576 5258; x_wconf 81' lang='grc' dir='ltr'>ψυχήν</span> <span class='ocrx_word' id='word_1_631' title='bbox 2604 5205 2727 5258; x_wconf 84' lang='grc' dir='ltr'>μου.</span> 
     </span>
    </p>
   </div>
   <div class='ocr_carea' id='block_1_104' title="bbox 2159 5277 3665 5351">
    <p class='ocr_par' dir='ltr' id='par_1_104' title="bbox 2159 5277 3665 5351">
     <span class='ocr_line' id='line_1_104' title="bbox 2159 5277 3665 5351; baseline 0.005 -23"><span class='ocrx_word' id='word_1_632' title='bbox 2159 5277 2408 5345; x_wconf 80' lang='grc' dir='ltr'>Παναγία</span> <span class='ocrx_word' id='word_1_633' title='bbox 2429 5279 2717 5345; x_wconf 81' lang='grc' dir='ltr'>Δέσποινα,</span> <span class='ocrx_word' id='word_1_634' title='bbox 2737 5283 2769 5351; x_wconf 82' lang='grc' dir='ltr'><strong>ἡ</strong></span> <span class='ocrx_word' id='word_1_635' title='bbox 2792 5280 2946 5345; x_wconf 71' lang='grc' dir='ltr'>ἐλπίς</span> <span class='ocrx_word' id='word_1_636' title='bbox 2975 5299 3098 5351; x_wconf 86' lang='grc' dir='ltr'>μου,</span> <span class='ocrx_word' id='word_1_637' title='bbox 3129 5282 3224 5335; x_wconf 77' lang='grc' dir='ltr'>καὶ</span> <span class='ocrx_word' id='word_1_638' title='bbox 3258 5282 3571 5349; x_wconf 76' lang='grc' dir='ltr'>καταφυγὴ,</span> <span class='ocrx_word' id='word_1_639' title='bbox 3598 5281 3665 5335; x_wconf 76' lang='grc' dir='ltr'>τὰ</span> 
     </span>
    </p>
   </div>
   <div class='ocr_carea' id='block_1_105' title="bbox 2086 5370 3662 5446">
    <p class='ocr_par' dir='ltr' id='par_1_105' title="bbox 2086 5370 3662 5446">
     <span class='ocr_line' id='line_1_105' title="bbox 2086 5370 3662 5446; baseline 0.004 -24"><span class='ocrx_word' id='word_1_640' title='bbox 2086 5370 2378 5440; x_wconf 83' lang='grc' dir='ltr'>τραύματα</span> <span class='ocrx_word' id='word_1_641' title='bbox 2408 5374 2505 5442; x_wconf 83' lang='grc' dir='ltr'>τῆς</span> <span class='ocrx_word' id='word_1_642' title='bbox 2534 5373 2674 5443; x_wconf 82' lang='grc' dir='ltr'>ἐμῆς</span> <span class='ocrx_word' id='word_1_643' title='bbox 2699 5375 2848 5428; x_wconf 76' lang='grc' dir='ltr'>ἴασαι</span> <span class='ocrx_word' id='word_1_644' title='bbox 2879 5375 3079 5446; x_wconf 81' lang='grc' dir='ltr'>ψυχῆς,</span> <span class='ocrx_word' id='word_1_645' title='bbox 3111 5375 3204 5428; x_wconf 86' lang='grc' dir='ltr'>τὸν</span> <span class='ocrx_word' id='word_1_646' title='bbox 3228 5376 3354 5429; x_wconf 89' lang='grc' dir='ltr'>νοῦν</span> <span class='ocrx_word' id='word_1_647' title='bbox 3383 5393 3485 5446; x_wconf 85' lang='grc' dir='ltr'><strong>μου</strong></span> <span class='ocrx_word' id='word_1_648' title='bbox 3509 5376 3662 5445; x_wconf 74' lang='grc' dir='ltr'>εἰρή-</span> 
     </span>
    </p>
   </div>
   <div class='ocr_carea' id='block_1_106' title="bbox 2087 5464 3662 5539">
    <p class='ocr_par' dir='ltr' id='par_1_106' title="bbox 2087 5464 3662 5539">
     <span class='ocr_line' id='line_1_106' title="bbox 2087 5464 3662 5539; baseline 0.001 -21"><span class='ocrx_word' id='word_1_649' title='bbox 2087 5480 2301 5527; x_wconf 85' lang='grc' dir='ltr'>νευσον,</span> <span class='ocrx_word' id='word_1_650' title='bbox 2326 5464 2413 5516; x_wconf 82' lang='grc' dir='ltr'>ἶνα</span> <span class='ocrx_word' id='word_1_651' title='bbox 2435 5464 2589 5532; x_wconf 79' lang='grc' dir='ltr'><strong>κάγὼ</strong></span> <span class='ocrx_word' id='word_1_652' title='bbox 2627 5467 2832 5538; x_wconf 82' lang='grc' dir='ltr'>χαίρων</span> <span class='ocrx_word' id='word_1_653' title='bbox 2852 5467 3080 5539; x_wconf 80' lang='grc' dir='ltr'>ἀνυμνῶ</span> <span class='ocrx_word' id='word_1_654' title='bbox 3103 5469 3172 5534; x_wconf 76' lang='grc' dir='ltr'><strong>τὰ</strong></span> <span class='ocrx_word' id='word_1_655' title='bbox 3227 5469 3498 5539; x_wconf 70' lang='grc' dir='ltr'>μεγαλεῖα</span> <span class='ocrx_word' id='word_1_656' title='bbox 3547 5484 3662 5530; x_wconf 87' lang='grc' dir='ltr'>σου,</span> 
     </span>
    </p>
   </div>
   <div class='ocr_carea' id='block_1_107' title="bbox 2088 5557 2696 5629">
    <p class='ocr_par' dir='ltr' id='par_1_107' title="bbox 2088 5557 2696 5629">
     <span class='ocr_line' id='line_1_107' title="bbox 2088 5557 2696 5629; baseline 0.005 -19"><span class='ocrx_word' id='word_1_657' title='bbox 2088 5557 2317 5618; x_wconf 81' lang='grc' dir='ltr'>Θεοτόκε</span> <span class='ocrx_word' id='word_1_658' title='bbox 2347 5559 2696 5629; x_wconf 81' lang='grc' dir='ltr'>ἀειπάρθενε.</span> 
     </span>
    </p>
   </div>
   <div class='ocr_carea' id='block_1_108' title="bbox 2092 5743 3660 5814">
    <p class='ocr_par' dir='ltr' id='par_1_108' title="bbox 2092 5743 3660 5814">
     <span class='ocr_line' id='line_1_108' title="bbox 2092 5743 3660 5814; baseline 0 -18"><span class='ocrx_word' id='word_1_659' title='bbox 2092 5744 2417 5800; x_wconf 66' lang='grc' dir='ltr'><strong>ιὶιιιτιοιὶοιιο</strong></span> <span class='ocrx_word' id='word_1_660' title='bbox 2447 5745 2553 5799; x_wconf 86' lang='lat' dir='ltr'><strong>ulla</strong></span> <span class='ocrx_word' id='word_1_661' title='bbox 2601 5745 2832 5813; x_wconf 85' lang='lat' dir='ltr'><strong>prolata,</strong></span> <span class='ocrx_word' id='word_1_662' title='bbox 2863 5745 2928 5799; x_wconf 88' lang='lat' dir='ltr'><strong>ad</strong></span> <span class='ocrx_word' id='word_1_663' title='bbox 2955 5743 3248 5814; x_wconf 83' lang='lat' dir='ltr'><strong>cujuslibet</strong></span> <span class='ocrx_word' id='word_1_664' title='bbox 3293 5743 3522 5798; x_wconf 73' lang='lat' dir='ltr'><strong>macula:</strong></span> <span class='ocrx_word' id='word_1_665' title='bbox 3555 5743 3660 5798; x_wconf 83' lang='lat' dir='ltr'><strong>im-</strong></span> 
     </span>
    </p>
   </div>
   <div class='ocr_carea' id='block_1_109' title="bbox 2089 5815 3449 5892">
    <p class='ocr_par' dir='ltr' id='par_1_109' title="bbox 2089 5815 3449 5892">
     <span class='ocr_line' id='line_1_109' title="bbox 2089 5815 3449 5892; baseline -0.002 -23"><span class='ocrx_word' id='word_1_666' title='bbox 2089 5818 2413 5882; x_wconf 67' lang='lat' dir='ltr'><strong>munitatem</strong></span> <span class='ocrx_word' id='word_1_667' title='bbox 2445 5817 2864 5892; x_wconf 77' lang='lat' dir='ltr'><strong>signiﬁcandam</strong></span> <span class='ocrx_word' id='word_1_668' title='bbox 2899 5816 3008 5871; x_wconf 86' lang='lat' dir='ltr'><strong>sint</strong></span> <span class='ocrx_word' id='word_1_669' title='bbox 3048 5831 3114 5870; x_wconf 80' lang='lat' dir='ltr'><strong>ex</strong></span> <span class='ocrx_word' id='word_1_670' title='bbox 3149 5830 3207 5869; x_wconf 88' lang='lat' dir='ltr'><strong>se</strong></span> <span class='ocrx_word' id='word_1_671' title='bbox 3237 5815 3449 5869; x_wconf 79' lang='lat' dir='ltr'><strong>idonea.</strong></span> 
     </span>
    </p>
   </div>
  </div>
