4038 6644
332 483 471 546 1369

1770 492 2137 553 MARIALE.

3452 486 3587 552 1370

341 603 444 653 Ἐκ
479 597 586 653 τοῦ
627 598 1053 677 Κανόνοςᾼτοῦ
1120 602 1423 677 Σαϐσάτου
1485 602 1595 673 τῆς
1657 605 1902 676 ἐϐδομὰ-

2009 605 2169 677 313
2191 605 2277 660 Ex
2298 622 2498 660 canone
2525 605 2577 660 in
2609 602 2845 660 Sabbato
2878 601 3170 658 Dominica:
3202 604 3281 668 ui,
3320 601 3389 655 ad
3409 601 3590 662 Matu-

750 670 858 736 ὃος
882 671 953 742 γ’,
990 675 1078 739 εις
1101 674 1207 727 τὸν
1226 676 1500 744 Ὅρθρον.

400 818 516 869 Ἵνα
541 833 598 869 σε
627 819 833 885 φωναῖς
870 818 1208 888 διαπρυσίοις
1237 818 1684 891 ἀνευφημοῦμεν,
1724 819 1901 892 Κόρη,

325 907 426 971 τὰς
484 909 668 978 φωνὰς
721 909 879 979 ήμῶν
917 910 1124 974 ταύτας
1178 912 1503 983 προσδέχου,
1554 914 1645 966 καὶ
1677 913 1905 982 ἱλασμὸν

323 999 657 1071 ὀφλημάτων
685 1000 952 1073 λήψεσθαι
975 1004 1065 1057 τὸν
1095 1004 1223 1058 Υίόν
1250 1021 1343 1058 σου
1364 1006 1716 1059 καθικέτευε.

396 1185 640 1249 Τέτοκας
666 1185 914 1255 νομίμων
953 1183 1075 1255 δίχα
1114 1185 1332 1255 φύσεως
1386 1186 1479 1241 τὸν
1520 1185 1906 1257 Πλαστουργὸν

323 1279 618 1349 γενόμενον
645 1278 952 1349 ἄνθρωπον,
999 1279 1274 1350 ἄχραντει
1316 1279 1479 1333 αὐτὸν
1527 1274 1619 1334 οῦν
1664 1280 1904 1333 δυσώπει

324 1372 545 1427 πάντων
577 1374 675 1437 τὰς
697 1373 929 1444 ἀνομίας
952 1372 1047 1426 νῦν
1073 1372 1319 1443 παριδεῖν
1341 1372 1524 1426 καὶτὰ
1558 1373 1901 1443 πταίσματα.

410 1560 501 1624 Ὠς
518 1559 763 1631 τεκοῦσα
784 1559 918 1614 Θεὸν
957 1561 1370 1633 ἀναμάρτητον,
1406 1559 1505 1624 τὰς
1531 1561 1561 1629 ή
1573 1558 1689 1629 μῶν
1721 1559 1904 1630 ἁμαρ·

320 1652 444 1717 τίας
502 1652 786 1723 ἐξάλειψον
825 1657 947 1717 ταῖς
1003 1656 1301 1725 μητρυιαῖς
1382 1652 1703 1722 πρεσϐείαις
1775 1669 1899 1720 σου,

322 1747 575 1813 Θεοτόκε,
603 1749 698 1802 καὶ
734 1746 876 1813 σῶζε
903 1746 1273 1812 ἀναϐοῶνταςο
1310 1748 1624 1817 Εὐλογεῖτε,
1661 1749 1731 1803 τὰ
1767 1747 1905 1818 ἔργα

324 1840 557 1911 Κυρίου,
572 1840 663 1893 τὸν
683 1840 910 1911 Κύριον.

2734 677 2923 737 tinum.

2080 822 2151 879 Ut
2200 832 2251 880 te
2306 823 2472 881 claris
2541 822 2768 878 vocibus
2843 820 3229 876 concelebrare
3285 820 3587 890 possimus,

2004 916 2214 984 Puella,
2265 918 2482 988 suscipe
2531 915 2631 972 has
2681 914 2987 970 oblationes
3025 924 3266 978 nostras,
3301 920 3354 967 et
3390 911 3586 965 Filium

2007 1020 2160 1064 tuum
2200 1026 2425 1080 precare
2486 1018 2545 1066 ut
2588 1009 2894 1065 debitorum
2931 1017 3242 1063 nostrorum
3271 1006 3587 1077 propitiatio

2006 1115 2132 1154 nem
2172 1101 2524 1169 recipiamus.

2076 1189 2366 1259 Peperisti,
2402 1202 2595 1261 praeter
2623 1191 2770 1263 leges
2801 1199 3031 1256 naturae,
3054 1189 3367 1245 Creatorem
3406 1188 3587 1243 homi-

2006 1298 2131 1339 nem
2170 1284 2399 1349 factum,
2448 1300 2482 1340 ο
2514 1286 2901 1340 immaculata:
2929 1284 3181 1340 eumdem
3210 1299 3339 1353 ergo
3377 1283 3589 1352 suppli-

2006 1377 2144 1431 citcr
2177 1393 2366 1443 exora,
2399 1387 2459 1434 ut
2489 1378 2803 1450 iniquitates
2857 1387 2911 1433 et
2940 1387 3164 1448 peccata
3201 1376 3585 1431 universorqu

2005 1471 2268 1526 dimittat.

2044 1562 2157 1620 ‘Tu
2195 1581 2315 1637 qua
2368 1565 2538 1621 Deum
2572 1565 2640 1620 ab
2680 1564 2827 1621 omni
2874 1565 3078 1634 peccati
3110 1563 3231 1619 labe
3282 1562 3586 1618 immunem

2006 1660 2290 1729 peperisti,
2322 1659 2441 1714 dele
2469 1667 2687 1729 peccata
2720 1667 2910 1713 nostra
2942 1656 3205 1712 maternis
3237 1654 3592 1710 intercessio«

2009 1751 2169 1805 nibus
2213 1751 2343 1817 tuis,
2374 1766 2405 1805 ο
2431 1749 2679 1819 Deipara,
2709 1762 2761 1805 et
2793 1751 2941 1808 salva
2981 1750 3323 1805 clamantes:
3355 1747 3590 1803 Benedi-

2006 1845 2131 1908 cite,
2157 1859 2324 1915 opera
2357 1844 2596 1910 Domini,
2631 1843 2942 1900 Dominum.

392 1947 574 2011 Φωτὸς
626 1948 941 2019 οἰκητήριον
977 1949 1011 2019 ή
1062 1946 1129 2019 σὴ
1165 1948 1477 2019 γεγένηται,
1508 1946 1770 2016 παναγία.
1802 1948 1902 2018 μή·

2082 1952 2246 2011 Lucis
2288 1956 2663 2011 habitaculum
2721 1959 2892 2012 factus
2927 1963 3010 2011 est
3054 1956 3439 2012 sanctissimus
3472 1964 3590 2010 ute-

321 2057 448 2113 τρα.
484 2040 726 2109 πάναγνε
746 2056 761 2072 ο
802 2039 927 2094 ὅθεν
952 2039 1157 2102 πιστῶς
1184 2040 1398 2094 ἀναϐοῶ
1422 2057 1502 2092 σοι
1527 2057 1542 2071 ·
1600 2039 1700 2102 τὰς
1734 2038 1904 2108 κόρας

318 2134 418 2203 τῆς
448 2130 630 2203 ψυχῆς
660 2150 761 2202 μου
792 2131 1163 2199 καταύγασον,
1200 2131 1295 2185 xal.
1320 2130 1510 2201 τρίϐον
1536 2131 1636 2202 τὴν
1684 2130 1904 2183 εὐθεῖαν

319 2225 599 2293 ὑπόδειξον
624 2226 703 2295 τῷ
731 2241 791 2278 σε
822 2224 1063 2295 γνησίως
1095 2223 1485 2295 μακαρίζοντι.

332 2468 435 2520 Ἐκ
457 2464 564 2520 τοῦ
594 2468 864 2529 Κανόνος
903 2462 1161 2528 διπλοῦς
1208 2460 1320 2531 τῆς
1365 2460 1570 2529 τρίτης
1599 2459 1710 2529 τῆς
1733 2459 1905 2515 ἐϐδοο

670 2535 864 2605 μὰδος
902 2534 973 2599 δ’,
1006 2535 1096 2599 εὶς
1143 2533 1251 2586 τὸν
1286 2534 1554 2601 Ὄρθρον.

394 2679 588 2754 Σάρκα
615 2678 911 2750 γενόμενον
939 2675 1315 2739 ἁναλλοιώτως
1339 2674 1432 2729 τὸν
1462 2674 1722 2745 Χριστὸν,
1756 2674 1905 2746 Παρ-

324 2776 471 2838 θένε,
540 2776 852 2845 κυοφορεῖς,
903 2772 962 2826 ὂν
1028 2769 1265 2835 ἐκτενῶς
1336 2768 1550 2822 ἱκέτευε
1622 2768 1902 2839 σαρκικῶν

324 2866 515 2921 παθῶν
557 2867 865 2933 ἀπαλλάξαι
911 2865 1039 2928 τοὺς
1092 2860 1534 2935 προσκυνοῦντας
1579 2860 1811 2932 σταυρὸν
1840 2859 1901 2913 ὃν

326 2959 701 3031 καθυπέμεινε
731 2958 918 3031 σαρκί.

399 3072 680 3143 Ἀρῤητον
715 3070 776 3125 τὸ
810 3069 995 3140 θαῦμα
1050 3070 1150 3139 τῆς
1212 3066 1314 3137 σῆς
1372 3064 1644 3134 κυήσεως,
1680 3063 1904 3133 Μητρο-

327 3164 587 3235 πάρθενε’
624 3164 741 3228 πῶς
767 3164 877 3234 γὰρ
904 3162 1151 3233 λοχεύεις
1178 3160 1273 3214 καὶ
1301 3144 1556 3227 ἀγνεύέις
1586 3159 1645 3210 ὲν
1679 3156 1861 3225 ταυτῷ
1884 3173 1899 3221 ;

326 3257 446 3321 πῶς
475 3256 836 3322 παιδοτοκεῖς,
870 3255 966 3308 καὶ
996 3254 1210 3321 ἀγνοεῖς
1257 3252 1458 3321 πεῖραν
1504 3248 1642 3311 ὅλως
1670 3246 1900 3316 ἀνδρός;

324 3350 353 3402 ὃ
390 3345 530 3402 εἶδεν
558 3351 587 3403 ὸ
635 3348 775 3418 ὑπὲρ
822 3348 985 3416 φύσιν
1032 3344 1092 3409 ἐξ
1132 3343 1268 3415 ἐμοῦ
1319 3340 1703 3412 καινοπρεπῶς
1732 3340 1903 3408 Λόγος
1933 3326 1977 3384 C

326 3439 464 3493 Θεοῦ
494 3439 800 3510 γεννηθείς.

394 3621 604 3689 Νοητὸν
652 3620 729 3683 ὡς
784 3619 1038 3689 ἁγίασμα
1084 3618 1178 3673 τὸν
1217 3619 1275 3671 ὲν
1311 3615 1487 3684 όιγίοις
1521 3613 1652 3667 Θεὸν
1688 3612 1897 3665 ἀναπε-

328 3712 612 3784 παυμένον
642 3711 869 3775 τίκτεις,
916 3708 1051 3779 ἁγία
1098 3709 1382 3779 Θεομῆτορ
1420 3705 1584 3775 ἁγνὴ,
1616 3704 1796 3757 πάντα
1835 3700 1905 3753 τὰ

328 3807 541 3877 πέρατα
576 3804 872 3873 ἁγιάζοντα
901 3803 1024 3874 θείᾳ
1051 3802 1421 3873 προσκυνήσει
1451 3800 1715 3869 σήμερον,
1742 3797 1888 3864 Παρ-

328 3901 471 3967 θένε,
506 3897 665 3964 ξύλου
698 3897 990 3966 παναγίου,
1030 3898 1088 3949 ὲν
1113 3888 1157 3964 ᾧ
1188 3896 1352 3967 σαρκὶ
1381 3895 1586 3962 ἐπάγη.

396 4091 549 4161 Μόνη
595 4089 833 4159 ἄφθορος
886 4085 1061 4149 κύεις,
1120 4084 1256 4154 μόνη
1296 4077 1552 4151 θηλάζεις
1581 4076 1783 4147 βρέφος
1825 4072 1901 4145 μὴ

328 4184 649 4256 λοχεύουσα,
684 4181 817 4252 μόνη
854 4179 946 4233 τὸν
977 4178 1220 4246 Κτίστην
1241 4176 1467 4236 τίκτεις,
1503 4174 1598 4225 καὶ
1619 4168 1904 4238 Δεσπότην

328 4293 446 4338 σου,
481 4270 529 4327 εἶ
574 4273 667 4326 καὶ
701 4272 862 4341 δούλη
925 4269 1020 4323 καὶ
1052 4270 1273 4339 Μήτηρ·
1330 4267 1414 4332 σὲ,
1454 4266 1901 4338 Παρθενομῆτορ,

324 4364 605 4437 ὑμνοῦμεν
626 4366 704 4428 είς
730 4364 950 4426 αἰῶνας.

399 4477 464 4529 Al
498 4476 681 4543 γενεαί
735 4491 797 4527 σε
852 4472 1059 4527 ἅπασαι
1100 4470 1513 4542 μακαρίζουσιν,
1562 4470 1701 4541 ἁγνή
1737 4487 1751 4501 ο
1800 4471 1906 4542 ’1η-

328 4569 453 4631 σοῦς
479 4569 589 4638 γὰρ
624 4567 785 4635 μόνος
812 4566 841 4616 ὸ
880 4565 1100 4635 τεχθεὶς
1124 4565 1187 4615 ὲκ
1225 4564 1326 4629 τῆς
1358 4562 1456 4632 σῆς
1485 4561 1700 4631 νηδύος.
1736 4562 1903 4624 αὐτὸς

2011 2064 2104 2103 rus
2134 2057 2279 2112 tuus,
2315 2065 2348 2103 ο
2381 2049 2688 2104 castissima
2719 2067 2732 2102 :
2787 2050 2926 2103 unde
2956 2064 3080 2104 cum
3114 2049 3217 2103 lide
3251 2050 3314 2102 ad
3352 2058 3404 2102 te
3458 2063 3591 2118 pro-

2007 2140 2223 2194 clamo:
2277 2140 2527 2195 lllumiua
2590 2141 2824 2212 pupillas
2884 2140 3081 2195 anisz
3141 2157 3296 2205 meae,
3324 2151 3378 2196 et
3442 2144 3585 2195 viam

2006 2237 2213 2285 rectam
2258 2231 2483 2287 ostende
2512 2231 2645 2287 mihi
2698 2232 2828 2287 dum
2856 2240 2907 2287 te
2955 2231 3196 2303 legitime
3238 2232 3452 2287 beatam
3491 2247 3589 2303 ap-
3668 2284 3671 2289 .

2006 2318 2172 2386 pello.

2007 2465 2093 2521 Ex
2114 2484 2312 2523 canone
2334 2469 2535 2539 duplici
2553 2471 2602 2523 in
2616 2469 2752 2539 feria
2779 2485 2864 2537 ιιι,
2894 2470 3048 2525 hebd.
3074 2486 3127 2526 tv
3148 2470 3221 2525 ad
3240 2469 3584 2524 Matutinum.

2076 2690 2361 2746 Christum
2430 2690 2547 2745 sine
2607 2691 2909 2746 mutatione
2979 2705 3201 2745 carnem
3281 2688 3504 2755 factum,
3552 2704 3589 2744 ο

2003 2783 2188 2854 Virgo,
2240 2791 2419 2853 gestas
2458 2781 2512 2836 iu
2544 2792 2699 2837 utero
2735 2801 2750 2838 :
2804 2782 3056 2837 eumdem
3097 2782 3297 2837 obnixe
3342 2797 3586 2852 precare,

2005 2886 2066 2932 ut
2090 2891 2121 2930 a
2148 2875 2464 2931 carnalibus
2491 2874 2840 2944 passionibus
2861 2875 3053 2930 liberet
3078 2890 3173 2929 eos
3221 2874 3315 2944 qui
3343 2890 3584 2935 crucem.

2005 2982 2168 3037 quam
2205 2966 2508 3021 secundum
2543 2980 2763 3021 carnem
2795 2964 3083 3031 sustinuit,
3118 2963 3372 3018 adorant.

2075 3073 2350 3128 lneﬂ‘aliile
2399 3082 2485 3130 est
2548 3073 2876 3127 miraculum
2945 3072 3321 3141 conceptionis
3357 3082 3486 3137 tum,
3553 3085 3589 3125 ο

2007 3164 2175 3235 Virgo
2222 3164 2394 3221 Mater
2435 3185 2448 3221 :
2487 3165 2763 3236 quomodo
2811 3165 2959 3221 enim
3016 3163 3282 3233 concipis,
3319 3173 3371 3217 et
3422 3163 3587 3218 simul

2008 3264 2158 3311 casta
2200 3257 2533 3327 permanes?
2575 3257 2851 3326 quomodo
2905 3271 3134 3325 puerum
3188 3254 3354 3324 paris,
3405 3262 3459 3309 et
3485 3255 3585 3308 viri

2007 3348 2394 3418 experientiam
2427 3363 2654 3418 prorsus
2681 3348 2935 3416 ignoras?
2963 3347 3081 3416 Ipse
3113 3346 3265 3401 solus
3296 3347 3468 3401 novit.
3493 3345 3586 3412 qui

2006 3456 2167 3510 supra
2201 3450 2447 3494 naturam
2473 3456 2537 3495 ex
2571 3456 2681 3508 me,
2710 3457 2833 3496 cum
2870 3449 3017 3495 esset
3042 3438 3274 3494 Verbum
3300 3437 3418 3504 Dei,
3449 3453 3588 3492 nova

2008 3535 2221 3588 ratione
2260 3535 2472 3603 genitus
2505 3540 2611 3588 est.

2078 3626 2360 3697 Tanquam
2418 3625 2664 3695 spiritale
2724 3624 3123 3685 sanctuarium,
3167 3623 3364 3686 Deum,
3394 3621 3489 3689 qui
3531 3622 3584 3674 in

2008 3716 2212 3771 sanctis
2252 3715 2763 3786 requiescil,paris.
2815 3730 2849 3770 ο
2908 3722 3096 3769 sancta
3137 3722 3190 3767 et
3222 3721 3371 3767 casta
3418 3707 3592 3780 Virgo

2006 3810 2101 3864 Dei
2155 3810 2363 3864 Mater:
2398 3810 2569 3874 illum,
2626 3808 2874 3878 inquam,
2932 3806 3027 3876 qui
3088 3804 3249 3859 hodie
3300 3803 3587 3858 universos

2007 3912 2165 3956 terras.
2189 3901 2324 3955 ﬁnes
2341 3900 2646 3955 sanctiﬁcat
2668 3899 2851 3952 divina
2886 3897 3202 3952 adoratione
3227 3893 3587 3948 sanctissima:

2006 3994 2207 4057 crucis,
2236 3994 2291 4047 in
2324 4006 2489 4062 quam
2517 3992 2817 4046 secundum
2847 4004 3068 4045 carnem
3099 3988 3326 4042 adactus
3347 3995 3451 4040 est.

2076 4085 2241 4159 314
2270 4085 2397 4139 Sola
2418 4086 2537 4140 sine
2566 4083 2920 4152 corruptione
2960 4081 3227 4149 concipis,
3269 4079 3386 4134 sola
3415 4079 3587 4133 laetas

2007 4180 2294 4244 infantem,
2320 4186 2507 4248 partus
2524 4178 2770 4233 sordium
2798 4176 2978 4230 nescia
3007 4193 3020 4228 :
3048 4173 3162 4229 sola
3187 4172 3303 4227 edis
3331 4171 3384 4226 in
3409 4171 3584 4225 lucem

2006 4273 2340 4336 Creatorem,
2374 4280 2430 4326 et
2461 4270 2746 4325 Dominum
2780 4280 2968 4330 tuum;
2995 4266 3192 4321 ancilla
3218 4280 3277 4321 es
3307 4271 3360 4320 et
3392 4262 3582 4318 Mater.

2006 4364 2103 4427 Te,
2136 4365 2299 4436 Virgo
2322 4380 2540 4436 parens,
2570 4362 2856 4418 laudamus
2884 4361 2937 4415 in
2972 4360 3193 4415 saecula.

2080 4474 2355 4530 Universae
2372 4472 2747 4545 generationes
2768 4481 2818 4527 te
2840 4471 3055 4525 beatam
3086 4469 3296 4535 dicunt,
3323 4486 3355 4524 ο
3391 4476 3541 4523 casta
3569 4511 3582 4527 .

2006 4570 2156 4624 solus
2179 4569 2321 4621 enim
2341 4565 2503 4622 Jesus
2523 4582 2588 4621 cx
2608 4575 2761 4619 utero
2780 4572 2873 4617 tuo
2890 4572 3070 4627 natus,
3094 4572 3153 4617 ut
3176 4562 3290 4632 ipse
3314 4562 3485 4626 novit,
3510 4562 3588 4616 l'c—

323 4664 399 4722 ὼς
426 4661 735 4725 ἐπίσταται,
777 4659 1027 4730 ἐποίησε,
1084 4657 1260 4727 Κόρη,
1296 4655 1434 4726 μετὰ
1481 4654 1599 4720 σοῦ,
1629 4655 1893 4726 Παρθένε,

2008 4662 2095 4729 cit,
2114 4677 2147 4717 ο
2167 4660 2333 4729 Virgo
2348 4659 2554 4725 Puella,
2576 4657 2843 4728 magnalia
2861 4665 3040 4712 tecum
3061 4655 3173 4727 (49)
3198 4675 3209 4712 ;
3233 4657 3409 4726 ipsum
3434 4670 3589 4711 eum-

328 4756 612 4826 μεγαλεῖα,
645 4753 704 4807 ὃν
729 4752 970 4807 δυσώπει
1026 4750 1298 4815 σώζεσθαι
1336 4749 1576 4820 ποίμνην
1619 4750 1717 4802 καὶ
1769 4747 1898 4801 λαόν

326 4867 442 4903 σου.

405 4943 493 4995 Ἐν
525 4940 601 5009 τῷ
632 4939 852 5011 σταυρῷ
900 4938 974 5001 ὡς
1013 4938 1203 4991 ἵστατο
1246 4938 1279 5008 ἡ
1314 4936 1490 5003 ἀμνάς
1519 4951 1636 4998 σου,
1693 4932 1890 5003 Ἰησοῦ,

322 5032 414 5085 τὸν
447 5029 683 5101 ποιμένα
712 5030 807 5083 καὶ
849 5030 1129 5098 Δεσπότην
1174 5028 1344 5098 αὐτῆς
1379 5044 1437 5080 σε
1467 5026 1652 5098 ὁρῶσα
1682 5025 1895 5095 πικρῶς

323 5122 655 5193 ἐπωδύρετο,
692 5121 786 5176 καὶ
823 5120 1107 5190 σπλάγχνα
1142 5119 1370 5173 κινοῦσα
1401 5120 1494 5171 ἐπὶ
1523 5116 1639 5180 σοῦ,
1670 5117 1893 5187 Χριστὲ,

323 5213 659 5268 ἀνεκαλεῖτο·
680 5213 743 5266 Τί
770 5212 831 5264 τὸ
857 5212 1005 5277 ξένον
1029 5210 1208 5281 θέαμα
1229 5228 1245 5278 ;
1268 5212 1300 5281 ή
1324 5208 1436 5280 ζωὴ
1462 5209 1578 5272 πῶς
1605 5209 1895 5279 θνήσκεις;

396 5468 531 5537 (49),
570 5484 589 5517 ι
639 5464 778 5531 Quid
799 5479 1079 5537 Amagnunt
1115 5462 1325 5537 (inquit
1367 5461 1420 5515 in
1448 5462 1739 5537 suaSacra
1770 5461 1895 5515 Dei-

322 5531 455 5608 para
484 5531 606 5607 pag.
641 5537 766 5603 ⁵551,
796 5535 858 5589 Ρ.
885 5534 1161 5606 Sylvester
1187 5534 1263 5608 de
1292 5531 1587 5608 Saavedra)
1633 5533 1676 5588 si
1704 5548 1733 5586 a
1771 5548 1895 5608 pec:

324 5603 448 5665 rato
484 5603 740 5677 originali
799 5623 902 5662 nou
930 5603 1293 5677 praescrvavit
1339 5605 1636 5674 Virginem,
1661 5619 1781 5677 quae
1826 5603 1903 5677 illi

328 5682 498 5735 Mater
556 5674 739 5733 futura
789 5674 957 5733 erat?
1006 5675 1279 5731 Naturalis
1362 5685 1444 5729 est
1497 5674 1791 5745 propensio
1848 5675 1901 5727 iu

325 5761 679 5823 regnaturum
721 5750 1039 5823 “utilitatem
1074 5787 1089 5811 ,
1185 5746 1443 5823 honorem
1500 5744 1575 5799 et
1652 5744 1899 5823 gloriam.

334 5815 488 5877 [Inde
523 5821 845 5892 rogantibus
874 5818 1027 5874 Siuai
1077 5818 1278 5873 montis
1326 5818 1577 5870 abbatem
1636 5815 1899 5892 piissimis

330 5885 637 5959 monachis,
707 5908 806 5945 cur
873 5892 1015 5946 Deus
1112 5897 1283 5953 tanta,
1343 5896 1401 5959 ct,
1448 5896 1525 5940 tot
1578 5885 1901 5959 contulisset

334 5965 540 6020 homini
595 5955 887 6030 beneﬁcia,
970 5959 1248 6031 rcspmdit
1319 5958 1585 6013 referente
1646 5955 1897 6027 Philippo

2006 4756 2128 4811 dem
2154 4756 2449 4825 deprecare
2478 4768 2578 4824 pro
2606 4752 2779 4807 salute
2808 4749 2988 4823 gregis
3011 4757 3065 4805 et
3088 4749 3273 4821 populi
3306 4748 3414 4804 sui.

2077 4933 2149 4991 Ut
2192 4934 2343 5003 Agna
2370 4944 2463 4989 tua
2497 4943 2650 4990 stans
2676 4935 2829 5003 juxta
2864 4948 3107 4998 crucem,
3152 4932 3289 4987 vidit
3324 4941 3374 4987 te
3398 4934 3449 4986 in
3500 4948 3586 5000 ea,

2005 5044 2036 5081 ο
2052 5027 2232 5089 Jesus,
2254 5037 2522 5096 pastorem
2543 5034 2596 5080 ct
2615 5025 2902 5080 Dominum
2920 5038 3111 5089 suum;
3132 5023 3357 5078 deﬂebat
3382 5040 3584 5087 amare,

2005 5129 2059 5173 et
2086 5118 2391 5174 visceribus
2440 5125 2714 5172 commota
2792 5132 2956 5186 super
2985 5125 3057 5180 te,
3111 5115 3365 5180 Christe,
3412 5116 3482 5169 ita
3539 5124 3589 5169 te

2004 5210 2404 5280 compellabat:
2455 5209 2611 5275 Quod
2665 5225 2865 5262 novum
2923 5207 3301 5277 spectaculum
3324 5216 3407 5261 est
3445 5207 3591 5261 hoc?

2005 5303 2282 5361 ouomodo
2320 5302 2569 5367 moreris,
2601 5317 2634 5356 0
2665 5301 2816 5355 vita?

2003 5461 2321 5585 presbytero
2346 5462 2585 5531 Dioptrae
2619 5459 2716 5513 lib.
2748 5475 2807 5516 tu
2830 5476 2881 5516 c.
2915 5462 2949 5515 3
2981 5479 3001 5542 ε.
3025 5457 3162 5524 Quia
3193 5465 3457 5539 cognatus
3488 5474 3587 5511 no-

2048 5548 2092 5585 IS
2151 5542 2208 5585 et
2253 5533 2499 5585 eiusdem
2562 5532 2903 5585 substantize.
2956 5530 3199 5585 eiusdem
3260 5543 3472 5585 generis
3522 5544 3587 5583 ac

2047 5533 2092 5587 is
2151 5530 2208 5585 et
2253 5530 2499 5598 eiusdem
2562 5532 2903 5596 substantize,
2956 5530 3199 5600 ejusdem
3260 5531 3587 5600 generisac

2012 5602 2222 5667 formae,
2242 5602 2406 5657 homo
2431 5613 2592 5657 natus
2616 5601 2888 5669 videlicet,
2910 5618 2976 5657 ac
2996 5599 3223 5670 proinde
3267 5599 3585 5670 naturaliter

2009 5674 2225 5727 deditus
2254 5682 2338 5727 est
2367 5689 2431 5729 ac
2456 5674 2633 5743 diligit
2672 5683 2953 5741 cognatos,
2985 5669 3039 5726 et
3066 5670 3283 5743 generis
3308 5669 3394 5722 sui
3424 5669 3585 5724 subs-

2007 5744 2315 5812 tantiaeque.
2350 5740 2593 5800 Perbelle
2628 5740 2753 5797 hmo
2790 5756 2972 5797 autem
3018 5741 3230 5812 cadunt
3272 5740 3325 5794 in
3369 5755 3580 5812 sacram

2007 5810 2310 5879 Deiparam,
2360 5831 2521 5882 quam
2560 5814 2821 5869 Dominus
2868 5828 3116 5883 magnam
3161 5810 3356 5883 eﬂecit,
3400 5811 3448 5863 id
3499 5820 3583 5883 est

2004 5885 2226 5937 omnino
2254 5881 2497 5949 liberant,
2531 5898 2585 5940 et
2645 5902 2806 5953 quam
2866 5881 2982 5939 sub
3028 5881 3313 5953 tyrannide
3368 5882 3580 5953 peccati

2003 5955 2282 6026 originalis
2322 5972 2597 6027 nunquam
2640 5956 2909 6027 permisit.
