4038 6600
443 427 577 494 13Ἷ1

1565 423 1625 481 S.
1666 420 1978 481 JOSEPIII
2025 418 2588 480 HYMNOGRAPIII

3572 419 3707 483 1372

442 543 526 597 Ea:
563 538 765 608 duplic!
814 552 1012 591 canone
1050 533 1309 608 i_u__{eria_
1342 549 1373 585 v
1418 532 1602 585 media!
1642 531 2007 588 hebdomadtc,

2146 528 2229 579 Ει
2270 526 2375 581 τοῦ
2413 530 2686 608 Κανᾴζςς
2720 526 2975 608 διπλοῦς
3000 527 3108 608 τῆς
3138 527 3414 608 πέμπτης
3452 529 3562 600 τῆς
3605 530 3713 600 μέ-

1007 605 1075 658 ad
1113 604 1461 657 Matutinum.

511 738 701 803 Maria,
731 735 1102 792 venerandum
1154 731 1369 785 Domini
1426 730 1853 801 rect‘placulum,
1878 727 2025 798 erige

441 850 545 888 nus
588 832 859 901 collapsos
908 829 960 882 in
1008 827 1176 881 chaos
1221 824 1558 895 gravissima:
1603 821 2022 891 desperationis,

2405 614 2525 665 σης
2544 598 2894 668 ἑϐδομάδος,
2922 602 3003 663 εις
3040 600 3148 652 τὸν
3177 601 3385 669 Ὄρθρο
3401 618 3462 654 ν.

2202 728 2413 800 Μαρία,
2440 728 2501 781 τὸ
2530 726 2728 781 σεπτὸν
2756 726 2850 780 τοῦ
2878 726 3151 780 Δεσπότου
3186 726 3413 797 δοχεῖον,
3470 727 3715 799 ἀνάστη-

2132 837 2221 874 σον
2249 823 2395 892 ἡμᾶς
2420 820 2779 882 πεπτωκότας
2830 820 2909 882 είς
2944 818 3084 889 χάος
3114 819 3295 889 δεινῆς
3326 817 3712 888 ἀπογνώσεως,

440 936 494 979 et
529 932 899 994 peccatorum,
928 932 979 976 et
1021 919 1433 973 tribulationum
1464 925 1557 970 :tu
1590 916 1734 967 enim
1777 915 1926 967 salus
1967 928 2027 967 es

2146 914 2223 967 ιαὶ
2256 913 2635 983 πταισμάτων,
2665 912 2759 965 καὶ
2778 911 3102 980 θλίψεωνοσὺ
3122 910 3231 980 γὰρ
3252 909 3499 979 πέφυκας
3526 911 3682 980 ἁμαρ
3696 940 3716 951 -

444 1026 815 1084 peccatorum,
854 1021 907 1064 et
958 1012 1245 1071 auxilium,
1294 1018 1349 1063 et
1392 1006 1530 1061 forte
1590 1004 1926 1076 praesidium,
1974 1009 2031 1056 et

2146 1007 2317 1061 πωλῶν
2399 1007 2641 1077 σωτηρία
2708 1005 2806 1059 καὶ
2857 1004 3101 1075 βοήθεια,
3160 1004 3254 1057 καὶ⁵
3312 1004 3547 1074 κραταιά
3582 1022 3717 1074 προ·

444 1107 624 1161 salvus
651 1103 787 1158 facis
823 1117 1012 1156 servos
1049 1110 1191 1155 tuos.

514 1201 689 1254 Mater
742 1198 870 1251 boui
933 1196 1050 1259 Dei,
1107 1194 1307 1269 bonam
1361 1191 1446 1246 fac
1521 1191 1760 1244 animam
1826 1203 2027 1252 meam,

442 1305 607 1357 quam
677 1287 947 1356 Maliguus
1019 1286 1159 1339 mala
1237 1282 1631 1337 consuetudine
1691 1280 2028 1350 depravavit,

2134 1096 2350 1155 στασία.
2381 1097 2476 1148 καὶ
2511 1094 2706 1160 σώζεις
2758 1094 2885 1158 τοὺς
2938 1093 3154 1156 δούλους
3196 1111 3308 1146 σου.

2166 1187 2380 1257 ’Μῆτερ
2412 1188 2544 1240 Θεοῦ
2572 1186 2666 1240 τοῦ
2692 1185 2920 1253 ἀγαθοῦ,
2955 1185 3222 1254 ἀγάθυνόν
3259 1204 3361 1255 μου
3391 1186 3487 1253 τὴν
3513 1185 3718 1254 ψυχὴν,

2131 1282 2198 1354 ἣν
2234 1282 2263 1333 ό
2304 1280 2545 1351 Πονηρὸς
2587 1281 2847 1353 συνηθείᾳ
2897 1284 3111 1354 πονηρᾷ
3150 1282 3452 1349 ἐκάκωσεν,
3514 1282 3716 1345 ἀθλίως

447 1384 645 1436 misere
683 1382 935 1434 inescaus
963 1395 1049 1433 me
1080 1395 1092 1431 :
1120 1388 1173 1430 ut
1206 1386 1255 1431 te
1291 1391 1513 1431 causam
1550 1374 1743 1429 salutis
1776 1372 2030 1426 laudibus

2146 1374 2395 1438 δελεάσας
2451 1391 2539 1445 με,
2578 1375 2729 1437 ὅπως
2774 1374 2847 1437 ὡς
2916 1375 3093 1428 αἰτίαν
3129 1374 3401 1445 σωτηρίας
3440 1372 3723 1443 ὑμνολογῶ

445 1490 663 1543 semper
696 1474 989 1534 celebrem,
1015 1487 1135 1540 qum
1163 1469 1395 1539 plurima
1416 1468 1573 1523 laude
1602 1483 1660 1521 es
1690 1465 2030 1536 dignissima.

519 1564 811 1636 Peperisti,
836 1580 869 1618 o
899 1564 1105 1629 Puella,
1136 1563 1255 1618 sine
1287 1562 1388 1616 viri
1424 1577 1609 1631 opera,
1634 1560 1702 1614 ab
1732 1560 1880 1614 omni
1916 1557 2034 1613 labe

447 1658 729 1721 immunis,
775 1656 967 1721 Deum,
997 1655 1089 1726 qui
1114 1654 1317 1725 pugillo
1352 1654 1596 1708 continet
1624 1652 1758 1707 lines
1783 1660 1959 1717 terrae,
1980 1658 2036 1705 et

447 1748 707 1801 omnibus
744 1757 825 1801 est
852 1745 1152 1813 antiquior.

517 1857 694 1913 Patris
725 1859 848 1913 sinu
886 1873 993 1911 non
1048 1855 1329 1920 derelicto,
1362 1855 1415 1909 in
1449 1853 1571 1908 sinu
1606 1853 1847 1925 Virginis
1880 1854 2037 1908 recli-

449 1958 611 2002 natus
634 1963 694 2003 es
751 1957 974 2018 propter
1045 1946 1454 2000 inclinationem
1515 1946 1738 2000 humani
1794 1944 2033 2015 generis,

448 2041 609 2111 cujus
644 2040 1057 2096 similitudinem
1092 2038 1349 2108 accepisti
1375 2046 1594 2109 pr0pter
1631 2036 1835 2091 viscera
1871 2036 2036 2089 mise-

451 2132 698 2187 ricordia:
723 2143 827 2187 tuae
853 2150 867 2189 :
915 2131 1057 2187 unde
1081 2141 1130 2185 te
1154 2130 1402 2186 homines
1429 2129 1715 2181 laudamus
1737 2127 1790 2180 in
1817 2125 2036 2181 Saecula.

521 2224 627 2289 Tu,
660 2241 783 2294 qua:
808 2224 1066 2294 gaudium
1097 2222 1394 2290 concepisti
1424 2221 1489 2273 ad
1527 2235 1711 2273 vocem
1741 2220 2039 2284 archange-

452 2317 519 2381 li,
559 2318 715 2370 abole
749 2332 896 2371 nunc
944 2331 1238 2371 mmrorem
1285 2314 1466 2369 cordis
1500 2312 1629 2375 mei,
1655 2310 1748 2381 qui
1790 2310 2036 2363 corrum-

453 2410 530 2476 pit
554 2409 794 2462 animam
828 2407 990 2478 315
1023 2420 1199 2463 meam
1231 2424 1245 2461 :
1275 2415 1331 2461 et
1358 2406 1427 2459 da
1458 2404 1616 2467 mihi,
1648 2418 1681 2457 ο
1742 2412 1916 2465 casta,
1948 2400 2035 2453 lu-

457 2512 607 2556 ctum
639 2502 819 2568 gaudii
841 2502 1171 2566 eﬂ‘ectorem;
1194 2504 1327 2553 utin
1364 2499 1545 2552 futuro
1572 2496 1771 2551 saeculo
1799 2494 2037 2550 divinam

452 2594 883 2648 consolationem
924 2591 1172 2647 invenire
1206 2589 1439 2662 possim.

543 2683 620 2740 Te
652 2684 942 2755 gloriosam
1004 2699 1067 2737 ac
1096 2682 1267 2738 solam
1304 2680 1617 2751 Deiparam,
1650 2694 1770 2749 qua:
1797 2674 2037 2730 Verbum

454 2775 1009 2846 incomprehensibile
1034 2776 1089 2829 in
1120 2783 1214 2830 tuo
1249 2786 1437 2829 ventre
1476 2771 1818 2835 continuisti,
1865 2780 1918 2825 et
1948 2784 2039 2824 se-

453 2870 695 2925 cundum
733 2882 956 2924 carnem
1000 2865 1283 2939 peperisti,
1330 2867 1550 2937 hymnis
1600 2863 2036 2936 magniﬁcamus.

457 3182 542 3237 Ea:
562 3200 761 3238 canone
786 3183 934 3254 feria:
950 3199 1000 3238 Vl
1034 3182 1185 3307 hebeti.
1208 3181 1392 3264 media;
1416 3183 1470 3235 in
1496 3181 1862 3236 adorationent
1885 3196 2038 3238 vene-

1040 3271 1136 3307 rau
1179 3270 1223 3307 ω
1243 3270 1439 3306 crum.

1040 3270 1223 3308 rauaa:
1243 3270 1415 3306 crucu
1426 3293 1439 3306 .

526 3382 661 3435 Cum
699 3389 772 3446 te,
808 3398 841 3436 ο
868 3381 997 3447 Fili,
1048 3378 1310 3436 inen‘abili
1360 3379 1521 3434 modo
1570 3380 1789 3449 peperi,
1814 3377 2037 3434 dolores

459 3482 649 3543 partus
675 3473 871 3544 etl‘ugi;
926 3488 1073 3527 nunc
1110 3485 1292 3527 autem
1338 3482 1448 3527 tota
1490 3472 1775 3528 doloribus
1832 3472 2036 3541 repleta

458 3581 580 3619 sum
617 3583 629 3617 :
658 3566 817 3619 video
838 3566 983 3619 enim
1022 3576 1073 3619 te
1094 3574 1351 3632 tauquam
1384 3564 1787 3619 malefactorem
1818 3566 1871 3619 in
1893 3566 2039 3633 ligno

466 3672 817 3725 suspensum,
871 3657 963 3725 qui
1015 3663 1222 3709 terram
1276 3657 1483 3725 absque
1543 3657 1655 3712 ullo
1720 3657 2039 3713 fulcimento

458 3747 814 3816 suspendisti.
848 3747 921 3802 Ita
952 3748 1262 3803 castissima
1290 3749 1638 3820 illacrymans
1686 3750 2032 3819 loquebatur.

526 3842 664 3895 Cum
708 3842 872 3895 vitam
914 3844 968 3896 in
1008 3858 1173 3898 cruce
1207 3852 1478 3897 mortuam
1534 3841 1697 3913 Virgo
1730 3844 2039 3897 veneranda

458 3934 702 3999 vidisset,
736 3937 917 3991 cordis
968 3937 1213 3992 dolorem
1246 3938 1505 3992 cohibere
1549 3951 1657 3990 non
1691 3936 1901 4002 valens,
1931 3946 2041 3991 tota

456 4028 904 4082 commovebatur
955 4037 1009 4082 et
1038 4028 1382 4082 exclamabat
1417 4025 1548 4083 :Hei
1611 4027 1764 4092 mihi,
1797 4026 1897 4081 Fili
1937 4027 2035 4080 mi!

459 4119 586 4185 quid
608 4118 703 4171 tibi
731 4119 963 4188 pepulus
994 4120 1376 4187 praevaricator
1402 4126 1456 4172 et
1488 4118 1711 4187 iniquus
1750 4117 2042 4173 retribuit?

535 4211 611 4263 Ex
644 4220 800 4264 utero
822 4210 1075 4279 virginali
1105 4219 1157 4265 te
1212 4212 1419 4279 peperi,
1452 4226 1485 4264 ο
1520 4209 1646 4274 Fili,
1676 4219 1731 4265 et
1770 4211 2039 4281 nunc.vi-

458 4302 595 4355 dens
628 4312 678 4355 te
707 4301 760 4354 in
806 4303 953 4370 ligno
1003 4316 1355 4370 suspensum,
1393 4302 1691 4356 conturbor
1734 4310 1790 4354 et
1840 4301 2037 4365 haereo,

458 4402 511 4445 et
556 4392 899 4447 altitudinem
945 4392 1210 4464 mysterii,
1260 4401 1317 4447 et
1361 4392 1661 4445 multorum
1705 4390 2038 4461 judiciurum

464 4494 683 4539 tuorum
714 4484 1139 4555 profunditatem
1173 4501 1277 4540 non
1323 4485 1755 4555 comprehendo.
1804 4483 1879 4537 Ita
1914 4499 2040 4537 cus-

2137 1483 2195 1520 σε
2222 1468 2309 1519 ἀεὶ
2348 1466 2446 1537 τὴν
2478 1465 2873 1536 πολυύμνητον.

2218 1561 2510 1632 Ἐκύησας,
2551 1560 2704 1631 Κόρη
2767 1560 3017 1633 ἇνανδρε,
3059 1561 3212 1627 Θεὸν,
3264 1562 3593 1631 πανάμωμε,
3629 1561 3724 1613 τὶν

2137 1654 2437 1742 κατέχοντα
2478 1653 2644 1727 δρακὶ
2693 1653 2762 1708 τά
2811 1654 3049 1726 πέρατα,
3106 1655 3200 1710 καὶ
3235 1655 3457 1709 πάντων
3488 1654 3724 1726 ἀρχαιό-

2136 1764 2315 1817 τερον.

2208 1858 2443 1912 Κόλπων
2498 1859 2599 1912 ούκ
2660 1860 2860 1924 ὲκστάς
2908 1859 3019 1912 τῶν
3077 1859 3347 1930 πατρῴων
3400 1860 3460 1913 ὲν
3499 1858 3726 1922 κόλπιις

2138 1949 2428 2020 ἀνεκλίθης
2461 1950 2762 2020 Παρθένου,
2813 1951 2899 2004 ἐπ’
2940 1950 3237 2019 ἀνακλήσει
3269 1948 3361 2002 τοῦ
3414 1950 3629 2018 γένους,
3663 1943 3725 2001 οῦ

2140 2043 2409 2113 ἑφόρεσας
2433 2042 2521 2096 διά
2554 2043 2861 2113 σπλάγχνα.
2925 2041 3128 2111 ⁸1ησοῦ,
3157 2042 3217 2095 τὸ
3246 2040 3521 2112 ὁμοίωμα.
3558 2042 3726 2095 Ὅθεν

2141 2152 2199 2188 σε
2231 2133 2510 2203 ύμνοῦμεν
2538 2134 2717 2204 βροτοὶ
2750 2136 2831 2196 είς
2854 2136 2987 2195 τοὺς
3016 2133 3241 2195 αἰῶνας.

2210 2225 2399 2295 Χαράν
2431 2226 2772 2279 συλλαϐοῦσα
2793 2224 2887 2278 τοῦ
2918 2226 3259 2295 ἀρχαγγέλου
3305 2227 3371 2296 τῇ
3406 2226 3584 2295 φωνῇ,
3615 2223 3717 2293 τῆς

2138 2321 2281 2391 ἐμῆς
2314 2320 2410 2375 νῦν
2433 2319 2662 2389 καρδίας
2700 2319 2799 2390 τὴν
2846 2319 3027 2390 λύπην
3077 2320 3343 2389 ἀφάνισον
3384 2320 3487 2388 τὴν
3544 2318 3721 2387 ψυχο⁴

2141 2412 2364 2484 φθόρον,
2417 2412 2511 2465 καὶ
2558 2410 2723 2469 δίδου.
2760 2411 2924 2481 ἁγνὴ,
2971 2410 3265 2482 χαροποιδν
3307 2410 3526 2475 πένθος,
3573 2412 3724 2471 ὅπως

2140 2504 2290 2577 εῦρω
2316 2506 2434 2558 ἐκεῖ
2460 2504 2562 2574 τὴν
2602 2502 2757 2556 θείαν
2792 2504 3162 2574 παράκλησιν.

2213 2689 2282 2743 Σὲ
2317 2689 2416 2760 τὴν
2454 2686 2662 2754 ἔνδοξον
2696 2688 2791 2740 καὶ
2824 2686 2995 2758 μόνην
3021 2684 3303 2751 Θεοτόκον,
3335 2683 3433 2754 τὴν
3448 2681 3539 2737 τὸν
3575 2682 3720 2754 ἀχώ-

2145 2798 2307 2852 ρητον
2337 2778 2510 2847 Λόγον
2571 2779 2628 2830 ὲν
2682 2777 2885 2846 γαστρὶ
2924 2776 3258 2846 χωρήσασαν
3308 2774 3401 2826 καὶ
3452 2772 3721 2826 τεκοῦσαν

2142 2874 2307 2942 σαρκὶ
2352 2869 2549 2944 ὕμνοις
2591 2871 2990 2943 μεγαλύνομεν.
3052 2868 3149 2922 Ἐκ
3204 2868 3298 2922 τοῦ
3350 2868 3575 2930 κανόνος
3622 2866 3720 2935 τῆς

2140 2965 2508 3035 ῙΙαρασκευῆς
2535 2965 2635 3034 τῆς
2689 2962 2861 3034 μέσης
2904 2960 3217 3032 ἑϐδομάδος,
3252 2960 3331 3024 είς
3371 2958 3468 3030 τὴν
3503 2956 3596 3012 τοῦ
3641 2974 3720 3008 τι-

2144 3057 2271 3129 μίου
2305 3056 2543 3129 σταυροῦ
2570 3054 2963 3125 προσκύνησιν.

2152 3187 2250 3239 Ἐκ
2286 3185 2390 3240 τοῦ
2424 3184 2680 3250 κανόνος
2706 3185 2812 3239 τοῦ
2848 3183 3157 3238 Σαϐεάτου
3188 3180 3298 3247 τῆς
3334 3180 3529 3249 μέσης
3558 3176 3719 3250 ἑϐδο-

2062 3258 2111 3322 C
2205 3255 2399 3327 μάδος
2422 3258 2505 3322 είς
2536 3248 2964 3324 προσκύνησιν
2996 3254 3101 3306 τοῦ
3130 3248 3645 3322 τιμίουσταυροῦ.

2215 3383 2341 3437 Ὀτε
2374 3400 2453 3449 σε,
2488 3380 2711 3445 Τέκνον,
2741 3382 3069 3453 ἀπορῤήτως
3112 3378 3318 3443 ἔτεκον,
3355 3377 3555 3438 ὠδῖνας
3587 3373 3720 3444 ἔφυ-

2141 3491 2259 3543 γον,
2296 3475 2388 3528 καὶ
2425 3473 2543 3537 πῶς
2591 3474 2710 3527 νυνὶ
2760 3473 2856 3543 ὅλη
2917 3472 3124 3526 ὀδυνῶν
3164 3470 3574 3541 πεπλῆρωμαι;
3610 3467 3721 3535 ὁρῶ

2141 3570 2250 3639 γάρ
2279 3586 2337 3622 σε
2372 3568 2726 3640 κρεμάμενον
2752 3567 2828 3631 ὡς
2856 3565 3165 3635 κακουργδν
3186 3566 3265 3636 τῷ
3292 3563 3454 3634 ξύλῳ,
3486 3565 3585 3632 τὴν
3616 3561 3718 3629 γῆν

2141 3661 2385 3732 ἀσχέτως
2433 3662 2792 3732 κρεμάσαντα
2813 3700 2830 3726 ,
2864 3660 3049 3727 ἔλεγεν
3080 3660 3111 3728 ἡ
3140 3657 3414 3725 πάναγνος
3440 3654 3719 3709 κλαίουσα.

2215 3847 2653 3917 Νενεκρωμένην
2698 3845 2799 3917 τὴν
2830 3845 2979 3917 ζωὴν
3010 3845 3106 3898 ἐπὶ
3142 3842 3378 3914 σταυροῦ
3420 3841 3727 3913 θεωροῦσα,

2143 3938 2237 3991 καὶ
2284 3937 2361 4007 μὴ
2394 3936 2635 4007 φέρουσα
2660 3936 2771 3989 τῶν
2807 3935 3133 4005 σπλάγχνων
3167 3935 3257 3988 τὸν
3289 3933 3473 4000 πόνον,
3497 3934 3727 3986 ἐδονεῖτο

2141 4026 2372 4099 ἡσεμνὴ
2398 4025 2671 4097 Ιῐαρθένος
2711 4024 3097 4095 ἀνακράζουσα
3129 4041 3143 4055 ο
3181 4026 3251 4079 Οῐ
3303 4041 3417 4098 μοι,
3470 4023 3569 4076 Υίέ
3601 4039 3725 4094 μου,

2143 4120 2197 4173 τί
2234 4136 2317 4173 σοι
2340 4120 2514 4191 δῆμος
2545 4120 2763 4189 ἀνόμων
2787 4117 3109 4183 ἀπέδωκεν;

2212 4212 2578 4283 Παρθενικῆς,
2631 4210 2857 4276 Τέκνον,
2895 4212 2961 4263 ὲκ
2998 4211 3216 4280 μήτρας
3272 4226 3331 4262 σε
3375 4208 3587 4273 ἔτεκον,
3638 4209 3731 4262 καὶ

2142 4304 2325 4376 δρῶσα
2349 4304 2492 4374 ξύλῳ
2520 4322 2579 4357 σε
2598 4303 2950 4374 κρεμάμενον
2972 4302 3246 4373 ἐξαπορῶ,
3282 4302 3376 4354 καλ⁵
3414 4302 3477 4355 ού
3516 4302 3728 4372 συνορῶ

2143 4396 2280 4467 ὕψος
2312 4395 2408 4450 τοῦ
2441 4394 2769 4467 μυστηρίου.
2831 4396 2929 4449 καὶ
2975 4395 3137 4467 βάθος
3191 4394 3406 4447 πολλῶν
3440 4395 3729 4465 χριμάτων

2145 4506 2238 4543 σου
2269 4532 2285 4557 ,
2320 4490 2355 4560 ἡ
2396 4489 2669 4559 πάναγνος
2718 4489 2868 4553 ἐϐόα,
2929 4488 2999 4561 ἦν
3048 4490 3256 4557 φωναῖς
3310 4488 3600 4559 ἀσιγήτοις
3654 4486 3730 4550 ὡς

461 4578 671 4632 tissima
699 4580 1039 4633 exclamabat
1061 4596 1077 4645 ;
1099 4594 1264 4649 quam
1296 4594 1395 4633 nos
1446 4577 1676 4634 vocibus
1696 4577 2038 4634 incessabili-

2146 4584 2373 4655 Μητέρα
2394 4582 2530 4636 Θεοῦ
2550 4582 2976 4654 μακαρίζωμεν.

461 4670 563 4724 bus
592 4681 851 4738 tanquam
878 4671 969 4726 Dei
1002 4671 1233 4725 Matrem
1256 4671 1653 4726 beatiﬁcemus.

529 4761 667 4817 Cum
706 4763 917 4817 videres
948 4762 1000 4816 in
1031 4778 1194 4818 cruce
1218 4763 1369 4816 illum
1410 4763 1529 4833 qui,
1574 4772 1798 4832 propter
1824 4760 2045 4818 bonita-

460 4863 566 4908 tem
597 4870 777 4917 suam,
819 4871 883 4909 ex
921 4863 1045 4921 te,o
1069 4856 1598 4919 immaculatissima,
1625 4856 2046 4926 incompiehen-

460 4948 604 5003 sibili
638 4948 847 5003 ratione
882 4960 1044 5004 natus
1068 4959 1183 5012 est.
1211 4951 1641 5005 vulnerabantur
1667 4949 1880 5005 viscera
1930 4962 2046 5016 tua,

459 5056 524 5095 ac
556 5040 779 5095 dicebas
816 5057 829 5094 :
861 5040 958 5096 Hei
992 5041 1149 5108 mihi,
1182 5043 1363 5097 divine
1394 5042 1544 5097 Fili?
1605 5043 1889 5113 quomodo
1951 5059 2048 5112 pro

458 5135 716 5190 omnibus
748 5134 939 5191 dolore
961 5136 1271 5191 cruciaris?
1316 5134 1576 5191 Pietatem
1626 5146 1774 5191 tuam
1837 5138 2046 5200 adoro;

460 5229 531 5284 sit
560 5228 655 5283 tibi
682 5227 877 5299 gloria.

538 5319 614 5374 Da
650 5308 808 5375 nobis
840 5320 1055 5383 vires,o
1082 5328 1255 5385 casta,
1279 5330 1338 5375 ut
1364 5320 1433 5375 ab
1464 5321 1612 5375 omni
1660 5322 1867 5376 malitia
1902 5322 2045 5393 jeju-

462 5430 680 5480 nemus,
705 5423 759 5469 et
793 5424 905 5469 uta
955 5414 1139 5485 pravis
1178 5415 1447 5484 malisque
1493 5415 1805 5470 actionibus
1834 5432 2051 5486 semper

461 5508 840 5563 abStineamus
890 5525 903 5561 :
964 5508 1221 5563 virtutem
1274 5509 1435 5562 nobis
1496 5509 1735 5563 concede
1800 5517 1881 5573 tu,
1921 5524 2044 5580 quae

462 5618 521 5654 es
547 5602 795 5656 oumium
821 5601 1106 5657 hominum
1142 5602 1479 5673 presidium.

543 5695 708 5765 316
736 5692 932 5750 Mentis
956 5711 1090 5751 mea:
1124 5698 1407 5767 angustias
1450 5695 1615 5750 dilata
1652 5696 2048 5752 intercessione

470 5796 585 5850 tua,
638 5803 671 5841 o
732 5787 980 5853 Domina,
1028 5806 1151 5858 qua:
1207 5789 1491 5844 universas
1547 5788 1878 5844 insidiarum
1930 5789 2047 5846 vias

468 5882 643 5938 hostis
682 5899 782 5939 nos
823 5886 1192 5954 oppugnantis
1228 5884 1629 5955 coangustasti,
1660 5892 1713 5939 et
1748 5898 1842 5953 per
1870 5900 2045 5954 angu-

2234 4771 2321 4824 'Ev
2353 4769 2572 4842 σταυρῷ
2603 4768 2896 4839 καθορῶσα
2942 4768 3034 4820 τὸν
3063 4765 3131 4821 δι’
3152 4766 3471 4838 ἀγαθότητα
3515 4766 3579 4819 ἐκ
3613 4765 3729 4830 σοῦ,

2150 4864 2482 4934 πανάμωμε,
2536 4862 2678 4933 ὑπὲρ
2741 4861 2869 4914 νοῦν
2920 4860 3205 4930 τεχθέντα,
3273 4857 3610 4930 ἐτιτρώσκου
3665 4862 3731 4911 τά

2152 4958 2437 5028 σπλάγχνα
2469 4957 2563 5011 καὶ
2612 4956 2798 5024 ἔλεγες
2823 4972 2836 4986 ο
2882 4955 2949 5008 Oi
3004 4973 3117 5026 μοι,
3151 4956 3295 5008 θεῖον
3332 4954 3559 5018 Τέκνον,
3618 4952 3731 5014 πῶς

2152 5052 2292 5123 ὑπὲρ
2323 5050 2541 5103 πάντων
2567 5048 2863 5108 όδυιιᾶσαις
2909 5046 3201 5118 προσκυνῶ
3233 5063 3328 5099 σου
3366 5046 3428 5097 τὸ
3462 5043 3735 5111 εῦσπλαγ·

2151 5160 2277 5215 χνον
2301 5158 2315 5172 ·
2343 5140 2539 5211 Κύριε,
2562 5139 2696 5211 σοὶή
2730 5137 2879 5203 δόξα.

2224 5321 2527 5393 Νηστεύειν
2560 5319 2727 5391 ἡμᾶς,
2762 5317 2926 5387 ἁγνὴ,
2966 5316 3165 5378 κακίας
3200 5315 3381 5384 πάσης
3419 5313 3732 5384 ἐπίσχυσον,

2155 5416 2251 5473 καὶ¹
2292 5415 2515 5487 φαύλων
2559 5414 2653 5467 καὶ
2688 5410 2944 5481 πονηρῶν
2996 5408 3301 5480 ἀπέχεσθαι
3360 5407 3614 5477 πράξεων
3648 5406 3736 5458 ἀεὶ

2157 5509 2562 5575 ὲνδυνάμωσον,
2618 5505 2927 5576 προστασία
2974 5502 3195 5555 πάντων
3254 5499 3365 5552 τῶν
3426 5497 3735 5569 ἀνθρώπιον

2158 5600 2595 5675 χρηματίζουσα.

2227 5696 2368 5757 Νοὸς
2422 5709 2524 5763 μου
2558 5690 2657 5761 τὴν
2708 5687 2971 5743 στένωσιν
3004 5688 3069 5759 τῇ
3112 5690 3177 5758 σῇ
3207 5684 3477 5757 πρεσϐείᾳ
3530 5682 3735 5737 metu.

2158 5807 2267 5855 νον,
2300 5789 2587 5851 Δέσποινα,
2630 5784 2663 5854 ή
2699 5782 3015 5835 στενὼσασα
3069 5780 3249 5842 πάσας
3304 5778 3404 5841 τὰς
3457 5773 3740 5847 μεθοδείας

2157 5880 2251 5936 τοῦ
2286 5879 2675 5950 πολεμήτορος,
2712 5875 2806 5929 καὶ
2843 5873 2909 5927 δι’
2942 5871 3063 5927 ὀδοῦ
3099 5889 3166 5944 με
3205 5870 3399 5941 στενῆς
3435 5867 3741 5924 κατευόδω-
