4038 6636
376 469 514 536 1373

1825 474 2190 537 MARIALE.

3501 483 3636 549 1374

373 600 466 636 σον
518 580 655 652 πρὸς
706 580 1025 653 πλατυσμὸν
1071 581 1167 652 τῆς
1218 581 1363 651 ζωῆς
1416 580 1689 651 βαδίζειν,
1752 581 1950 653 Μῆτερ

2061 594 2197 639 stam
2224 586 2364 640 viam
2395 585 2627 642 feliciter
2669 587 2847 644 deduc
2898 603 3008 656 me,
3058 597 3121 643 ut
3172 590 3239 646 ad
3290 591 3637 649 latitudinem

372 676 533 730 Θεοῦ.

440 769 557 824 Νῦν
594 770 670 833 ὡς
716 769 902 841 ἀρνίον
947 770 1157 825 ἄκακον
1200 771 1420 842 καθορῶ
1465 788 1527 826 σε
1574 770 1949 844 κρεμάμενον,

375 863 466 915 καὶ
498 862 603 915 ὑπὸ
645 860 865 933 ἀνόμων
906 861 987 933 τῷ
1018 864 1240 936 σταυρῷ
1292 865 1674 936 πηγνύμενον,
1708 863 1803 916 Υίέ
1850 880 1954 933 μου

373 954 710 1025 προάναρχε,
773 957 889 1017 τοῖς
952 956 1207 1025 ὀδυρμοῖς
1262 956 1641 1026 συγκόπτομαι
1692 956 1788 1009 καὶ
1836 956 1954 1018 ταῖς

376 1047 673 1117 μητρικαῖς
711 1045 1145 1116 περιστατοῦμαι
1169 1046 1406 1109 ὀδύναις,
1433 1048 1466 1117 ἡ
1499 1045 1771 1114 πάναγνος
1800 1044 1951 1105 ἐϐόα,

372 1138 437 1208 ἣν
456 1139 655 1205 φωναῖς
675 1138 954 1208 ἀσιγήτοις
979 1138 1149 1209 ύμνοῦ
1158 1156 1257 1209 μεν
1274 1139 1612 1209 καταχρέως,
1637 1140 1716 1202 είς
1744 1138 1955 1200 πάντας

371 1246 501 1308 τοὺς
556 1246 783 1312 αίῶνας,

439 1334 652 1404 Φθορᾶς
687 1350 746 1386 σε
790 1334 916 1405 δίχα
960 1333 1160 1388 τέτοκα
1205 1335 1267 1388 ἐκ
1301 1333 1560 1406 γαστρὸς,
1607 1333 1714 1404 πρὸ
1742 1332 1954 1387 αίὼνων

374 1421 567 1490 Πατὴρ
616 1421 675 1474 δν
746 1422 1030 1493 ἐγέννησε,
1082 1423 1178 1478 καὶ
1230 1424 1349 1488 πῶς
1409 1424 1633 1496 φθορεῐς
1672 1424 1954 1496 ἄνθρωποι

374 1512 747 1582 σπαράττουσί
776 1530 859 1577 σε,
910 1514 1027 1580 re,
1084 1514 1181 1567 καὶ
1240 1515 1337 1586 τὴν
1376 1516 1617 1587 πλευρὰν
1664 1514 1954 1585 ὀρύττουσι

371 1604 560 1677 λόγχῃ.
587 1606 680 1658 καὶ⁹
706 1607 806 1669 τὰς
827 1608 1017 1677 χεῖρας
1043 1608 1140 1661 σὺν
1161 1609 1273 1670 τοῖς
1304 1607 1464 1661 ποσὶν
1491 1607 1715 1678 ἡλοῦσιν
1751 1607 1957 1661 ἀπανθ-

373 1695 603 1768 ρώπωςὶ
636 1699 669 1769 ἡ
704 1698 977 1768 πάναγνος
996 1699 1146 1767 ἐϐόα,
1178 1702 1244 1766 ἢν
1278 1699 1516 1765 ἐπαξίως
1543 1698 1974 1771 μεγαλύνωμενοι

382 1866 485 1922 Ἐκ
517 1866 623 1922 τοῦ
652 1867 924 1933 Κανόνας
954 1867 1061 1921 τοῦ
1086 1867 1392 1922 Σασϐἁτου
1424 1866 1534 1934 τῆς
1555 1864 1753 1937 μέσης
1778 1863 1947 1918 ἑϐδο-

751 1937 966 2007 μάδος,
1007 1940 1093 2005 εὶς
1118 1939 1227 1993 τὸν
1259 1941 1536 2007 Ὀρθρον.

452 2024 513 2080 Ὀ
536 2025 672 2079 Θεοῦ
702 2026 833 2090 Θεὸς
865 2026 1038 2093 Λόγος
1069 2028 1249 2099 ζητῶν
1283 2026 1486 2080 θεῶσαι
1514 2026 1606 2079 τὸν
1638 2025 1950 2096 ἄνθρωπον,

370 2116 533 2188 ἁγνὴ,
562 2118 626 2170 ἐκ
657 2117 752 2171 σοῦ
787 2118 1084 2187 σαρκοῦται
1117 2119 1209 2172 καὶ⁸
1232 2118 1418 2189 βροτὸς
1452 2119 1667 2190 ὁρᾶται,
1693 2118 1752 2171 ὃν
1775 2118 1954 2171 ἀπαύ-

369 2225 511 2271 στως
540 2207 1000 2280 δυσώπει,εὐρείν
1023 2211 1172 2281 ἡμᾶς
1206 2210 1355 2275 ἔλεος
1396 2212 1456 2264 ὲν
1487 2210 1662 2281 καιρῷ
1687 2209 1786 2281 τῆς
1813 2211 1954 2265 ἀπο-

365 2301 577 2371 λογίας.

440 2488 509 2541 Σὲ
556 2488 654 2558 τὴν
706 2489 873 2559 μόνην
922 2487 1136 2560 ἀγαθὴν
1169 2488 1619 2557 ἐκδυσωποῦμεν,
1680 2487 1952 2559 Παρθένε,

368 2581 791 2652 κεκακωμένους
839 2583 985 2654 ἡμᾶς
1040 2582 1316 2651 ἀγάθυνον
1343 2622 1358 2648 ,
1404 2583 1501 2637 καὶ
1572 2583 1807 2645 ἐκτενῶς
1862 2582 1953 2634 τὸν

371 2673 605 2743 Χριστὸν
633 2672 872 2727 δυσώπει
900 2676 1060 2743 φύσει
1091 2675 1222 2729 ὄντα
1252 2674 1478 2744 ἀγαθὸν,
1512 2673 1843 2745 ἐγκρατείας
1861 2674 1954 2727 τὸν

371 2764 565 2836 καιρὸν
612 2765 681 2818 τὰ
713 2766 897 2834 ἀγαθά
948 2769 1290 2838 πράττοντας
1358 2765 1757 2837 ἀποπληρῶσαι
1806 2768 1956 2837 ἡμᾶς

369 2855 807 2927 ύμνολογοῦντας
837 2858 1023 2912 αὐτόν.

440 2966 545 3020 Τὸν
578 2967 809 3038 σταυρὸν
851 2968 1091 3039 Χριστοῦ
1117 2968 1210 3022 τὸν
1248 2969 1452 3040 τίμιον,
1509 2969 1741 3024 Θεοτόκε
1791 2970 1955 3040 ἁγνὴ,

374 3057 695 3131 βλέψαντας,
732 3063 827 3116 καὶ
861 3062 927 3115 ὲκ
978 3061 1209 3132 καρδίας
1247 3065 1738 3134 προσκυνήσαντας
1784 3063 1955 3133 ἡμᾶς.

373 3155 495 3217 ταῖς
528 3155 647 3219 σαῖς
706 3154 843 3224 πρὸς
892 3155 984 3208 τὸν
1029 3155 1311 3225 Δεσπότην
1356 3153 1588 3220 ἀξίωσον
1635 3154 1958 3225 πρεσϐείαις

375 3247 506 3301 ίδείν
534 3249 627 3302 καὶ
653 3248 723 3302 τά
752 3247 900 3319 πάθη
927 3248 996 3303 τά
1022 3246 1198 3300 σεπτά
1228 3245 1419 3312 αὐτοῦ,
1447 3245 1639 3299 παθῶν
1671 3243 1953 3315 κεκαθαρ-
1985 3269 2028 3329 C

377 3343 593 3413 μένους.

443 3450 656 3523 Σαρκός
702 3467 803 3521 μου
856 3450 957 3511 τὰς
1001 3451 1246 3520 κινήσεις
1299 3449 1726 3521 ἀπονέκρωσον,
1755 3450 1789 3520 ἡ
1819 3448 1955 3501 Θεὸν

374 3544 538 3614 σαρκὶ
623 3542 973 3596 ἀποτεκοῦσα
1045 3543 1189 3613 ὑπὲρ
1260 3546 1386 3598 νοῦν
1413 3582 1427 3606 ,
1494 3543 1591 3596 καὶ
1666 3541 1954 3611 παράσχου

372 3638 657 3706 φωτισμὸν
695 3638 760 3708 τῇ
794 3635 1015 3707 ’διανοίᾳ
1048 3652 1175 3707 μου,
1225 3635 1387 3707 ἁγνὴ,
1434 3635 1634 3707 νεφέλη
1681 3630 1814 3688 οὖσα
1842 3651 1957 3703 φω-

370 3728 485 3791 τός.

386 3859 482 3912 Ἐκ
510 3857 617 3912 τοῦ
644 3856 913 3925 Κανόνος
939 3857 1050 3925 τῆς
1082 3857 1365 3924 δευτέρας
1392 3855 1503 3925 τῆς
1530 3853 1865 3924 ἑϐδομάδος
1888 3851 1956 3919 ε’,

893 3930 979 3994 εὶς
1008 3929 1116 3981 τὸν
1148 3930 1423 3996 Ὄρθρον.

445 4056 555 4129 Τὴν
584 4057 900 4128 ὡραιότητα
928 4054 1032 4125 τῆς
1078 4053 1380 4125 παρθενίας
1417 4070 1535 4114 σου,
1567 4053 1661 4106 καὶ
1693 4051 1755 4104 τὸ
1790 4050 1959 4119 ὑπέρ-

372 4150 627 4221 λαμπρον
660 4150 721 4202 τὸ
742 4148 842 4218 τῆς
872 4146 1094 4216 ἁγνείας
1119 4164 1213 4199 σου
1243 4145 1272 4196 ὀ
1302 4146 1550 4217 Γαϐριὴλ
1581 4142 1958 4210 καταπλαγεὶς

375 4242 506 4295 ἐϐόα
538 4258 639 4305 σοι,
676 4240 903 4294 Θεοτόκε
926 4256 942 4273 θ
976 4240 1133 4293 Ποῖόν
1177 4256 1260 4292 σοι
1301 4236 1582 4309 ἐγκώμιον
1622 4235 1960 4308 προσαγάγω

372 4331 629 4400 indito»);
661 4334 714 4386 τί
745 4332 802 4386 δὲ
847 4332 1101 4402 ὀνομάσω
1142 4348 1224 4396 σε,
1258 4330 1450 4401 ἀπορῶ
1502 4329 1597 4384 καὶ
1642 4329 1957 4398 ἐξίσταμαι.

377 4428 486 4491 Διὸ,
528 4428 602 4492 ὼς
633 4428 1001 4499 προσετάγην,
1060 4425 1167 4496 βοῶ
1196 4442 1309 4479 σοι’
1351 4427 1550 4496 Χαῖρε,
1589 4425 1623 4495 ἡ
1654 4439 1961 4494 κεχαριτω-

384 4522 541 4593 μένη.

446 4608 773 4679 Πολυώνυμε
803 4608 978 4680 Κόρη,
1029 4606 1266 4678 χαίροις,
1321 4606 1453 4674 ἀγία
1503 4606 1771 4678 Παρθένε,
1824 4607 2040 4690 Θεο-Ῑ)

378 4704 586 4773 κυῆτορ
642 4702 865 4773 Μαρία,
917 4701 1028 4755 τῶν
1086 4700 1295 4754 πιστῶν
1364 4698 1664 4770 καύχημα,
1715 4699 1960 4769 κατάρας

377 4796 668 4866 λύτρωσις,
719 4793 923 4865 κλίμαξ
957 4793 1270 4866 ἐπουράνιε,
1317 4792 1693 4864 ἀκατανόητον
1745 4791 1958 4863 θαῦμα,

381 4889 511 4961 βάτε
541 4886 942 4957 ἀκατάφλεκτε,
973 4885 1047 4957 γῆ
1072 4884 1423 4957 ἀγεώργητε.

465 5075 527 5126 Ἦ
559 5071 700 5145 μετά
737 5071 897 5125 τόκον
932 5068 1171 5139 ἄφθορος
1205 5066 1460 5137 μείνασα,
1499 5065 1831 5135 πανάμωμε,
1867 5063 1963 5117 λύ-

381 5184 611 5238 ¹τρωσαι,
640 5162 896 5235 δεόμεθα,
924 5160 1082 5232 ἁγνὴ,
1115 5158 1469 5228 καταφθορᾶς
1496 5158 1622 5219 τοὺς
1641 5156 1867 5218 δούλους
1899 5173 1959 5208 σε

380 5257 589 5322 πιστῶς
614 5256 744 5321 τοὺς
771 5252 1145 5325 μελῳδοῦντας
1174 5253 1233 5305 ὲν
1258 5250 1483 5321 ὁμονοίᾳ
1530 5247 1711 5319 ψυχῆς
1736 5264 1750 5278 ⁸
1793 5246 1961 5301 Εὐλο-

380 5354 554 5423 γείτε,
581 5351 650 5404 τὰ
682 5350 843 5420 ἔργα.

450 5463 605 5518 Μετά
656 5460 969 5533 μαρτύρων,
1027 5456 1165 5527 μετά
1203 5453 1504 5526 προφητῶν
1543 5451 1643 5523 τὴν
1693 5449 1962 5504 τεκοῦσάν

382 5574 465 5623 σε,
502 5557 639 5626 μετά
662 5555 822 5609 ὁσίων
852 5554 1093 5618 πάντων,
1124 5548 1354 5620 Χριστὲ,
1385 5545 1747 5601 δυσωποῦσαν
1784 5543 1961 5614 πρόσ-

379 5649 532 5717 δεξαι
561 5648 671 5711 ἀεὶ,
720 5647 857 5719 ὑπὲρ
886 5644 1092 5699 δούλων
1136 5643 1247 5696 τῶν
1295 5640 1749 5711 παροργισάντων
1780 5654 1839 5690 σε
1869 5636 1963 5689 τὸν

388 5740 550 5810 μόνον
580 5740 964 5809 φιλάνθρωπον
1002 5735 1300 5807 Δεσπότην,
1334 5734 1394 5789 ὃν
1427 5733 1749 5804 ἐπουράνιαι
1783 5729 1965 5795 τάξεις

386 5851 415 5887 ιτ
424 5850 587 5904 ρεμου
598 5850 667 5887 σι.

2056 676 2178 732 vita:
2209 679 2544 747 perveniam,
2574 694 2606 735 ο
2640 679 2735 735 Dei
2767 690 2963 735 mater.

2122 771 2259 825 Cum
2292 771 2505 826 videam
2536 781 2587 827 te
2617 788 2784 837 nunc,
2820 789 2853 829 ο
2880 772 2981 828 Fili
3015 774 3087 828 mi
3116 784 3337 840 mterne,
3375 785 3636 846 tanquam

2055 878 2254 932 agnum
2309 864 2659 919 innocentem
2698 880 3050 935 suspensum,
3086 876 3141 922 et
3178 882 3276 936 pro
3324 868 3531 937 iniquis
3581 869 3635 923 in

2054 972 2217 1013 cruce
2251 959 2550 1026 conﬁxum,
2583 960 2897 1015 discrucior
2947 961 3213 1030 querelis,
3262 969 3317 1017 et
3352 961 3638 1017 doloribus

2058 1051 2320 1106 maternis
2347 1051 2659 1106 circumdor
2694 1070 2707 1106 :
2753 1053 3027 1107 clamabat
3088 1054 3423 1118 castissima,
3460 1068 3627 1122 quam

2059 1143 2283 1198 vocibus
2327 1143 2570 1199 assiduis
2597 1143 2780 1199 debite
2802 1145 3093 1200 laudamus
3119 1146 3171 1199 in
3197 1146 3437 1225 saecula.‘

2130 1330 2261 1387 Sine
2288 1333 2640 1403 corruptione
2667 1349 2730 1389 ex
2762 1342 2916 1388 utero
2943 1342 2996 1388 te
3020 1335 3227 1404 peperi,
3253 1348 3286 1387 o
3320 1335 3445 1401 Fili,
3468 1351 3633 1406 quem

2056 1422 2218 1478 Pater
2257 1432 2383 1478 ante
2416 1423 2613 1478 smeula
2642 1424 2963 1493 generavit:
2994 1434 3047 1479 et
3071 1425 3349 1494 quomodo
3384 1426 3637 1481 homines

2057 1516 2440 1586 corruptibiles
2493 1526 2544 1571 te
2591 1516 2931 1584 dilacerant;
2976 1527 3031 1572 et
3066 1518 3253 1573 lancea
3302 1519 3445 1573 latus
3483 1530 3636 1573 tuum

2056 1607 2390 1679 perfodiunt,
2429 1617 2483 1663 et
2506 1623 2704 1664 manus
2739 1624 2802 1664 ac
2834 1610 2999 1679 pedes
3050 1611 3427 1665 inhumaniter
3467 1612 3638 1666 clavis

2056 1701 2368 1772 conﬁgunt?
2410 1700 2487 1755 lta
2537 1700 2849 1756 castissima
2893 1702 3239 1757 exclamabat
3287 1720 3304 1758 :
3343 1718 3510 1773 quam
3538 1719 3637 1756 nos

2057 1808 2157 1863 pro
2179 1793 2375 1847 merito
2402 1791 2841 1861 magnitieemus.

2060 1883 2146 1936 Ex
2170 1896 2368 1935 canone
2397 1881 2453 1933 in
2491 1878 2723 1934 Sabbato
2756 1878 2941 1934 media:
2972 1880 3149 1948 hebd.,
3188 1879 3257 1934 ad
3284 1879 3635 1935 Matutinum.

2123 2024 2363 2081 Verbum
2389 2024 2481 2081 Dei
2507 2025 2753 2080 divinum
2789 2024 2978 2081 volens
3028 2025 3308 2081 hominem
3356 2028 3635 2091 deiﬁcare,

2053 2132 2118 2172 ex
2148 2127 2219 2182 te,
2248 2133 2282 2172 o
2316 2126 2490 2181 casta,
2535 2116 2876 2172 incarnatum
2922 2126 3027 2182 est,
3054 2130 3110 2173 et
3145 2119 3310 2173 homo
3341 2120 3588 2187 apparuit
3621 2137 3634 2171 :

2054 2225 2217 2280 quem
2255 2211 2375 2266 sine
2429 2210 2745 2264 cessatione
2784 2210 3107 2278 deprecare,
3168 2218 3228 2265 ut
3282 2210 3335 2264 in
3391 2220 3638 2280 tempore

2054 2302 2345 2358 reddendae
2400 2303 2657 2370 rationis,
2710 2301 3149 2358 misericordiam
3202 2305 3449 2359 invenire
3508 2320 3639 2374 pos-

2055 2396 2250 2451 simus.

2129 2485 2205 2541 Te
2234 2487 2409 2541 solam
2445 2487 2648 2543 bonam
2681 2488 3069 2559 deprecamur,
3096 2485 3284 2555 Virgo,
3311 2493 3368 2540 ut
3391 2500 3491 2541 nos
3521 2500 3638 2540 ma-

2058 2580 2177 2636 litia
2215 2579 2470 2646 iniectos,
2496 2580 2672 2636 bonos
2720 2582 2963 2647 elﬁcias;
2994 2589 3050 2636 et
3083 2580 3331 2649 impense
3358 2579 3637 2633 Christum

2057 2688 2273 2740 exores,
2292 2673 2385 2743 qui
2410 2680 2604 2729 natura
2637 2674 2815 2729 bonus
2844 2684 2958 2741 est;
2991 2682 3266 2743 quatenus
3294 2670 3641 2726 abstinentiae

2060 2777 2276 2836 tempus
2321 2765 2378 2819 in
2415 2764 2578 2821 bonis
2609 2767 2872 2836 operibus
2898 2767 3125 2836 explere
3151 2764 3456 2835 possimus,
3482 2777 3639 2816 eum-

2059 2856 2180 2909 dem
2205 2855 2484 2910 Christum
2519 2856 2921 2912 collaudantes.

2132 2962 2268 3017 Dum
2296 2964 2594 3034 pretiosam
2638 2966 2843 3023 Christi
2892 2983 3111 3024 crucem
3167 2967 3465 3031 intuemur,
3491 2973 3543 3019 et
3572 2980 3642 3019 ex

2060 3052 2225 3109 corde
2251 3054 2576 3119 adoramus;
2616 3058 2872 3127 precibus
2914 3059 3024 3114 tuis
3070 3062 3213 3128 apud
3238 3057 3528 3112 Dominum
3556 3056 3640 3110 di-

2063 3161 2198 3217 gnos
2220 3161 2321 3201 nos
2352 3146 2523 3210 eﬁice,
2587 3162 2621 3201 ο
2666 3158 2819 3204 casta
2872 3149 3126 3219 Deipara,
3182 3159 3242 3204 ut
3293 3148 3641 3203 venerandas

2062 3239 2208 3295 illius
2234 3240 2519 3309 passiones
2546 3257 2575 3294 a
2601 3241 2952 3311 passionibus
2981 3242 3187 3298 nostris
3215 3242 3513 3312 puriﬁcati,
3555 3239 3640 3294 in-

2060 3331 2309 3398 telligere
2338 3332 2645 3401 possimus.

2131 3439 2375 3510 Tu,quze
2398 3439 2570 3495 Deum
2610 3440 2663 3495 in
2697 3455 2887 3508 carne,
2920 3441 3249 3513 intelligibili
3285 3442 3498 3496 ratione
3545 3456 3640 3510 pc-

2059 3532 2273 3603 peristi,
2323 3534 2507 3590 carnis
2564 3549 2700 3590 mea:
2758 3537 3157 3591 commotiones
3231 3532 3534 3599 mortiﬁca;
3588 3536 3663 3586 et

2059 3626 2302 3681 concede
2323 3626 2485 3696 317
2514 3628 2686 3682 menti
2716 3642 2851 3683 mea:
2894 3628 3344 3688 illustrationem.
3375 3639 3502 3681 cum
3537 3624 3638 3689 sis,

2061 3731 2095 3772 ο
2135 3726 2313 3784 casta,
2356 3721 2532 3773 nubes
2570 3719 2736 3775 lucis.

2069 3840 2158 3895 Ex
2183 3860 2384 3898 canone
2422 3843 2637 3912 inferio
2664 3861 2702 3899 ιι
2731 3843 3027 3911 Dominica:
3071 3861 3125 3912 v,
3165 3844 3235 3896 ad
3290 3844 3637 3898 Matutinnm.

2132 4027 2476 4116 Virginitatis
2509 4054 2613 4100 tua:
2635 4041 3072 4117 pulchi'itudine,
3114 4056 3167 4100 et
3193 4046 3460 4099 immenso
3481 4047 3644 4100 casti-

2062 4136 2189 4191 tatis
2208 4146 2312 4191 tuae
2330 4136 2624 4205 splendore
2652 4135 3067 4207 obstupefactus
3111 4136 3354 4201 Gabriel,
3375 4137 3647 4191 clamabat

2062 4229 2128 4283 ad
2151 4237 2202 4284 te
2218 4227 2311 4283 Dei
2342 4243 2473 4298 para
2501 4244 2515 4284 :
2540 4228 2660 4294 Quo
2679 4238 2731 4284 te
2752 4230 3005 4285 encomio
3030 4230 3194 4301 digne
3211 4230 3495 4285 celebrare
3519 4246 3642 4301 pos-

2062 4321 2164 4376 sim
2203 4328 2302 4376 :et
2330 4336 2441 4390 quo
2473 4332 2523 4376 te
2552 4322 2777 4376 nomine
2828 4323 3095 4392 appellem
3154 4337 3380 4392 prorsus
3428 4323 3647 4392 ignoro,

2062 4418 2117 4464 et
2147 4419 2327 4465 mente
2359 4412 2565 4466 excedo
2599 4428 2612 4465 :
2650 4423 2957 4482 propterea,
2982 4412 3135 4482 juxta
3173 4413 3226 4466 id
3265 4412 3411 4482 quod
3468 4412 3641 4480 impe-

2065 4512 2246 4560 ratum
2278 4512 2364 4560 est
2393 4506 2547 4569 mihi,
2578 4506 2830 4560 exclamo
2865 4506 2931 4559 ad
2966 4515 3017 4560 te
3050 4525 3063 4560 :
3094 4506 3231 4569 Ave,
3254 4505 3430 4575 gratia
3456 4505 3642 4575 plena.

2143 4597 2329 4666 Salve,
2361 4599 2551 4655 multis
2570 4599 2888 4655 nominibus
2910 4601 3186 4656 celebrata
3208 4599 3431 4666 Puella;
3455 4609 3647 4654 sancta

2065 4689 2160 4745 Dei
2193 4690 2441 4747 Genitrix
2486 4689 2682 4757 Maria,
2736 4691 2975 4748 ﬁdelium
3008 4691 3202 4763 gloria,
3248 4690 3649 4747 maledictionis

2065 4782 2392 4853 redemptio,
2432 4784 2580 4838 scala
2622 4785 2886 4847 caelestis,
2925 4784 3251 4839 miraculum
3304 4783 3453 4837 omni
3486 4783 3643 4837 intel~

2064 4872 2204 4928 lectu
2235 4874 2515 4942 superius,
2546 4875 2718 4930 rubus
2747 4874 3148 4940 incombustus,
3183 4884 3327 4929 terra
3364 4889 3646 4943 nunquam

2064 4973 2252 5017 aratro
2276 4965 2582 5032 proscissa.

2134 5055 2180 5110 Ο
2212 5056 2509 5126 purissima
2551 5068 2719 5127 atquc
2740 5059 3080 5125 castissima,
3120 5074 3242 5128 quae
3276 5067 3398 5128 post
3430 5066 3647 5127 partum

2066 5148 2386 5218 incorrupta
2414 5149 2783 5219 permansisti,
2853 5150 3079 5216 redime,
3138 5162 3189 5206 te
3247 5165 3559 5221 precamur,
3620 5166 3650 5204 a

2066 5241 2422 5311 corruptione
2479 5256 2669 5297 servos
2732 5252 2876 5307 tuos,
2919 5244 3015 5312 qui
3067 5243 3297 5298 ﬁdeliter
3351 5244 3649 5298 concinunt

2066 5333 2311 5387 unanimi
2332 5350 2638 5390 consensu:
2673 5333 3004 5401 Benedicite,
3026 5351 3215 5407 opera,
3236 5347 3346 5391 ‘etc.

2139 5444 2473 5503 Genitricem
2506 5455 2655 5501 tuam
2697 5462 2914 5517 semper
2946 5448 3187 5517 suscipe,
3240 5448 3480 5509 Christe,
3519 5462 3644 5499 cum

2069 5540 2427 5613 martyribus,
2472 5540 2776 5611 pr0phctis,
2821 5550 2986 5611 atque
3032 5543 3290 5596 omnibus
3332 5540 3542 5596 sanctis
3601 5549 3650 5593 te

2068 5635 2453 5703 deprecantem
2488 5648 2586 5701 pro
2623 5633 2797 5689 servis
2851 5634 2982 5697 tuis,
3044 5633 3138 5704 qui
3175 5633 3242 5687 ad
3298 5632 3642 5687 iracundiam

2070 5733 2511 5797 provocaveruut
2545 5734 2596 5779 te
2623 5724 2912 5780 Dominum
2940 5726 3426 5795 placabilissimum
3470 5724 3646 5781 solum

2072 5829 2375 5875 amatorem
2427 5817 2735 5880 hominum,
2767 5827 2821 5873 ct
2850 5821 3298 5887 omnipotentem,
3345 5836 3504 5890 quem
3534 5833 3647 5872 εω-

2073 5913 2233 5967 lcstes
2270 5912 2543 5966 exercitus
2579 5914 3026 5969 contremiscunt.
