4038 6650
371 475 512 538 1375

463 586 548 640 Ea:
573 602 772 642 canone
814 588 869 641 in
904 585 1043 656 feria
1072 582 1308 640 mhebd.
1348 601 1397 650 ν,
1431 587 1499 639 ad
1533 587 1878 642 Matulinum.

436 786 687 841 Divinum
745 784 905 839 Verbi
966 784 1378 839 tabernaculum
1434 784 1575 838 facta
1607 802 1686 851 es,
1742 802 1775 841 ο
1832 788 1947 840 sola

365 876 675 932 castissima
713 877 875 945 Virgo
910 874 1101 937 Mater,
1139 892 1261 943 qua:
1317 878 1551 946 puritate
1599 879 1825 949 angulos
1852 895 1948 932 su-

369 969 599 1035 pcrasti;
638 983 722 1022 me
766 983 929 1035 super
963 981 1157 1020 omnes
1202 969 1519 1023 carnalibus
1568 972 1805 1040 peccatis
1841 971 1945 1025 lte-

368 1060 554 1113 ilatum
582 1058 815 1113 emunda
849 1058 1339 1114 intercessionibus
1375 1062 1505 1122 tuis,
1543 1078 1574 1116 ο
1609 1063 1947 1127 veneranda;

368 1154 567 1207 divinis
607 1153 1022 1240 “vrigationibus
1050 1154 1301 1221 praebens
1337 1170 1589 1224 magnam
1636 1156 1951 1211 misericor-

369 1248 539 1300 diatn.

444 1337 732 1407 Requievit
765 1340 816 1393 in
838 1350 888 1396 te
915 1344 1195 1409 Christus,
1226 1359 1258 1397 0
1295 1344 1407 1398 sola
1443 1343 1753 1405 benedicta,
1787 1352 1951 1413 atque

368 1446 435 1483 ex
457 1442 508 1483 te
538 1447 757 1486 carnem
792 1449 944 1489 suam
972 1439 1235 1508 suscepit.

441 1521 853 1579 Miserationum
886 1538 1104 1582 tuarum
1137 1530 1454 1593 stillicidiis,
1481 1545 1514 1583 0
1550 1543 1765 1597 semper
1793 1528 1952 1599 Virgo

371 1613 656 1681 inviolata,
714 1619 880 1690 318
938 1622 1254 1690 passionum
1319 1622 1503 1675 cordis
1578 1622 1681 1676 mei
1741 1623 1953 1685 sordes,

369 1707 626 1771 cmunda,
665 1710 876 1767 donans
913 1714 1043 1767 mihi
1092 1715 1455 1785 lacrymarum
1486 1716 1725 1781 canales,
1756 1715 1956 1785 quibus

371 1799 551 1851 anima
576 1818 691 1856 mea
726 1805 1065 1871 puriﬁeetur.

1474 476 1531 535 S.
1575 476 1889 535 JOSEPlll
1936 478 2494 541 llYMNOGRAPIlI

2049 882 2515 951 Παρθενομῆτορ,
2568 882 2633 950 τῇ
2704 879 3036 949 καθαρότητι
3112 878 3378 947 ἀγγέλους

2048 976 2267 1043 ἀρασα,
2306 974 2395 1027 τὸν
2440 974 2580 1044 ὑπὲρ
2630 974 2837 1031 πάντας
2882 973 2987 1041 ἐμὲ
3041 974 3435 1042 ρερυπωμένον
3495 990 3638 1041 (ηρ--

3494 482 3632 545 1376

1978 597 2022 651 Α
2064 595 2165 647 Ἐκ
2198 592 2305 646 τοῦ
2362 593 2624 657 κανόνος
2674 592 2783 659 τῆς
2821 594 3022 659 τρίτης
3060 593 3170 663 τῆς
3202 592 3530 664 ἑϐδομάδος
3560 602 3628 661 ε’,

2575 666 2663 729 εἰς
2693 664 2799 717 τὸν
2837 667 3111 732 Ὄρθρον.

2118 791 2249 843 Θεία
2297 790 2528 859 γέγονας
2577 789 2749 858 σκηνὴ
2799 787 2893 840 τοῦ
2940 788 3148 855 Λόγου,
3185 787 3320 858 μόνη
3374 788 3621 856 πάναγνε

3459 880 3637 949 ὑπερ-

2058 1066 2151 1128 κδς
2194 1065 2660 1135 πλημμελήμασιν
2710 1064 3062 1134 ἀποκάθαρον
3121 1064 3443 1132 πρεσϐείαις
3495 1081 3587 1116 σου
3619 1105 3636 1124 ,

2057 1160 2171 1221 τοῖς
2212 1159 2415 1222 ἐνθέοις
2462 1160 2667 1229 νάμασι
2719 1158 3071 1227 παρέχουσα,
3114 1158 3289 1229 σεμνὴ
3315 1198 3328 1220 ,
3385 1159 3448 1210 τὸ
3491 1158 3639 1227 μέγα

2060 1251 2228 1312 ἔλεος.

2143 1343 2595 1398 Ἐπανεπαύσατο
2643 1345 2879 1412 Χριστὸς
2925 1346 2983 1398 ὲν
3013 1346 3094 1398 σοὶ
3124 1346 3187 1415 τῇ
3226 1343 3363 1415 μόνῃ
3407 1342 3642 1413 εὐλογη-

2065 1435 2226 1508 μένῃ.
2258 1436 2352 1489 καὶ
2384 1436 2569 1506 σὰρκα
2602 1436 2700 1506 τὴν
2733 1436 2925 1489 ἑαυτοῦ
2958 1439 3021 1489 ἐκ
3050 1435 3143 1489 σοῦ
3178 1436 3460 1504 ἐφόρεσεν.

2128 1528 2246 1581 Τῶν
2262 1528 2561 1600 οἰκτιρμῶν
2586 1546 2679 1581 σου
2697 1531 2790 1582 καὶ
2812 1530 3047 1600 ῥανίσιν,
3111 1528 3465 1598 ’Δειπάρθενε
3495 1527 3639 1596 ἀμόν

2058 1618 2238 1683 λυντε,
2270 1618 2398 1681 τοὺς
2437 1619 2749 1690 μολυσμοῦς
2784 1621 2909 1682 τοὺς
2948 1620 3212 1689 ἐμπαθεῖς
3263 1620 3362 1686 τῆς
3411 1618 3643 1688 καρδίας

2064 1730 2163 1782 μου
2196 1712 2527 1777 ἀπόπλυνον,
2573 1713 2825 1782 δακρύων
2854 1713 3073 1783 ὀχετούς
3130 1730 3219 1783 μοι
3273 1710 3645 1781 παρεκτικοὺς

2062 1805 2386 1875 καθάρσεως
2417 1805 2655 1875 ψυχικῆς
2690 1806 3037 1876 δωρουμένη.

442 1891 697 1947 Animam
760 1913 936 1951 meam
994 1902 1315 1969 passimnum
1367 1902 1818 1968 voluptuosarum
1868 1898 2155 1970 nigredine
2203 1899 2640 1963 obtencbratam,
2698 1899 3032 1962 illumina,o
3102 1906 3421 1967 casta,quae
3463 1894 3645 1949 lucem

372 1985 653 2053 peperisti,
691 1995 748 2039 ut
778 2003 901 2042 cum
944 1990 1046 2043 [ide
1078 2008 1295 2061 Semper
1330 1991 1675 2063 magniﬁcem
1704 2002 1777 2046 te.
1848 2050 1851 2053 γ

437 2112 522 2167 Ea:
552 2130 751 2170 canone
785 2117 838 2169 in
868 2117 1001 2187 feria
1035 2135 1086 2173 Iv
1120 2120 1270 2175 hcbd.
1314 2138 1368 2186 v,
1412 2122 1481 2174 ad
1516 2120 1863 2175 Matutinum.

442 2312 579 2368 Cum
612 2314 846 2382 videres,
888 2334 921 2371 ο
967 2320 1318 2385 veneranda,
1354 2321 1508 2375 illum
1547 2322 1641 2391 qui
1693 2336 1758 2375 ex
1802 2322 1959 2391 puris

374 2405 737 2473 sanguinibus
783 2408 893 2463 tuis
942 2425 1143 2480 corpus
1209 2423 1522 2483 acceperat,
1569 2424 1733 2483 atque
1784 2431 1850 2470 ex
1909 2426 1961 2472 te

378 2496 539 2549 modo
580 2496 991 2569 inexcogitabili
1043 2511 1204 2557 natus
1264 2503 1464 2569 fuerat,
1516 2520 1844 2574 suspensum
1900 2506 1955 2560 in

375 2587 521 2656 ligno
557 2589 611 2642 in
653 2592 837 2645 modio
886 2592 1328 2661 malefactorum,
1386 2598 1696 2654 visceribus
1742 2600 1959 2654 discru-

375 2678 636 2742 ciabaris.
667 2691 721 2736 et
767 2694 1015 2739 materno
1043 2686 1238 2741 aﬂ‘ectu
1275 2690 1497 2758 plorans
1523 2690 1834 2746 clamabas:
1862 2691 1958 2747 llei

378 2773 536 2839 mihi,
575 2774 676 2827 Fili
708 2775 818 2828 mi!
849 2792 975 2846 qua:
1006 2788 1087 2833 est
1122 2779 1235 2834 ha'c
1260 2782 1442 2836 divina
1470 2794 1633 2853 atque
1666 2785 1959 2841 ineﬂ‘abilis

376 2868 666 2937 dispositio
696 2879 809 2935 tua,
841 2887 940 2941 per
978 2889 1143 2941 quam
1191 2874 1401 2943 plasma
1449 2889 1602 2932 tuum
1638 2880 1962 2935 vivilicasti?

377 2962 771 3019 misericordiae
791 2974 897 3020 tuae
919 2967 1126 3021 viscera
1150 2968 1425 3023 collaudo.

448 3053 610 3110 Porta
636 3058 917 3125 salutaris,
951 3076 1085 3129 pons
1132 3062 1409 3117 deducens
1440 3063 1506 3117 ad
1552 3062 1762 3129 Deum;
1795 3063 1955 3119 Chri-

378 3148 681 3203 stianorum
726 3165 954 3220 praases,
1008 3152 1240 3207 Domina
1300 3156 1648 3221 castissima;
1700 3171 1788 3209 me
1836 3158 1961 3210 vita:

378 3241 783 3297 calamitatibus
815 3238 1242 3313 circumdatum,
1271 3246 1639 3317 ﬂuctibusque
1661 3246 1956 3317 jact‘atum,

378 3328 647 3398 guberna,
668 3348 699 3385 ο
731 3332 936 3388 Puella.

450 3434 495 3491 Ο
527 3436 619 3493 Dei
643 3442 874 3509 genitrix
910 3444 1253 3512 castissima,
1309 3445 1504 3500 anima:
1544 3463 1677 3502 mea:
1711 3448 1954 3514 vulnera,

1977 2132 2025 2192 Β
2066 2124 2166 2177 Ἐκ
2197 2123 2304 2177 τοῦ
2336 2122 2593 2188 κανόνος
2628 2122 2738 2189 τῆς
2762 2122 3043 2187 τετάρτης
3060 2123 3169 2188 τῆς
3191 2121 3521 2191 ἑϐδομάδος
3569 2130 3638 2190 ε’,

2583 2197 2672 2259 εὶς
2700 2195 2806 2248 τὸν
2848 2196 3121 2262 Ὅρθρον.

2137 2321 2240 2374 Τὺν
2279 2320 2338 2386 ἐξ
2385 2320 2634 2391 αἱμάτων
2683 2336 2777 2373 σου
2831 2320 3012 2388 ἁγνῶν
3063 2319 3492 2390 σωματωθέντα,
3553 2322 3651 2374 καῖ

2068 2413 2209 2484 ὑπὲρ
2255 2413 2465 2466 ἔννοιαν
2499 2414 2562 2466 ὲκ
2608 2412 2727 2479 σοῦ,
2764 2411 2959 2481 σεμνὴ,
3010 2410 3295 2481 τεχθέντα,
3343 2411 3437 2462 ἐπὶ
3487 2410 3651 2477 ξύλου

2068 2506 2415 2577 κρεμάμενον
2440 2505 2607 2575 μέσον
2640 2506 2751 2559 τῶν
2775 2505 3103 2575 κακούργων
3126 2504 3333 2575 ὁρῶσα,
3355 2504 3421 2557 τὰ
3437 2505 3650 2572 σπλάγ-

2066 2616 2167 2668 χνα
2197 2599 2403 2668 ἧλγεις,
2435 2598 2528 2650 καὶ
2565 2596 2848 2666 μητρικῶς
2888 2595 3161 2666 θρηνοῦσα
3198 2595 3389 2659 ἐϐόας*
3435 2596 3505 2646 Ol
3532 2611 3648 2665 μοι,

2065 2691 2281 2752 τέκνον,
2328 2689 2473 2762 τίςὴ
2507 2689 2629 2743 θεία
2677 2689 2771 2741 καὶ
2821 2688 3027 2756 ἄφατος
3080 2688 3369 2757 οἰκονομία
3408 2704 3526 2754 σου,
3582 2686 3655 2739 δι’

2066 2781 2130 2852 ἧς
2166 2781 2419 2845 ὲζώωσας
2456 2781 2516 2835 τὸ
2566 2780 2793 2851 πλάσμα
2843 2797 2971 2846 σου;
3022 2779 3251 2850 ἀνυμνῶ
3307 2795 3398 2832 σου
3462 2778 3523 2831 τὺ
3558 2777 3650 2830 εὖε-

2068 2889 2099 2926 σ
2109 2872 2393 2944 πλαγχνον.

2149 3060 2218 3112 Ἥ
2270 3058 2537 3129 σωτήριος
2581 3057 2750 3127 πύλη.
2794 3058 2827 3127 ἡ
2870 3056 3008 3127 πρὸς
3061 3057 3198 3110 Θεδν
3251 3057 3489 3128 γέφυρα,
3554 3054 3658 3113 :29

2066 3148 2412 3221 Χριστιανῶν
2442 3151 2475 3219 ἡ
2508 3149 2828 3219 προστάτις,
2864 3148 3132 3216 πάναγνε,
3169 3148 3459 3223 Δέσποινα,
3494 3164 3654 3218 περι-

2069 3241 2439 3311 στατούμενον
2476 3241 2599 3303 ταῖς
2628 3241 2938 3309 συμφοραῖς
2972 3257 3039 3310 με
3077 3238 3173 3292 τοῦ
3232 3238 3349 3309 βίου
3401 3239 3497 3291 καὶ
3524 3239 3657 3301 κλυ-

2064 3334 2440 3404 δωνιζόμενον,
2462 3331 2635 3404 Κόρη,
2665 3331 3019 3401 κυϐέρνησον.
3664 3324 3667 3325 ⁷

2136 3443 2506 3514 Θεογεννῆτορ
2528 3442 2797 3509 πάναγνε,
2812 3440 2911 3509 τῆς
2929 3439 3109 3509 ψυχῆς
3125 3455 3226 3507 μου
3252 3437 3321 3490 τὰ
3341 3437 3655 3507 τραύματα,

377 3536 431 3580 et
458 3532 661 3598 peccati
687 3533 971 3589 cicatrices
1007 3537 1184 3601 abole,
1215 3538 1499 3592 exsiccans
1531 3548 1696 3606 atque
1718 3553 1955 3595 exurens

2071 3537 2160 3590 καὶ
2205 3537 2305 3605 τῆς
2354 3535 2632 3605 ἁμαρτίας
2690 3536 2791 3595 τὰς
2843 3531 3008 3594 οὐλὰς
3063 3530 3385 3600 ὲξάλειψον,
3451 3531 3655 3597 πηγαῖς

380 3620 625 3678 futilibus
660 3640 690 3678 e
726 3625 895 3679 latere
925 3626 1044 3679 Filii
1080 3629 1154 3682 tui
1188 3630 1556 3693 manantibus,
1583 3641 1637 3684 et
1668 3633 1962 3699 purilicans

380 3712 601 3767 ﬂuentis
640 3730 761 3783 quze
788 3731 853 3769 ex
889 3716 1007 3784 ipso
1042 3720 1345 3787 procedunt
1372 3721 1473 3774 :ad
1513 3732 1564 3775 te
1593 3722 1739 3775 enim
1773 3738 1961 3776 vocem

380 3807 591 3871 attollo,
625 3818 678 3862 et
736 3808 803 3862 ad
858 3815 912 3863 te
969 3808 1246 3881 confugio,
1308 3821 1364 3866 et
1425 3821 1475 3867 te
1530 3813 1729 3868 invoco
1789 3814 1965 3884 gratia

380 3898 593 3968 plenam
606 3944 619 3957 .

452 3990 787 4061 Concepisti,
821 4008 854 4046 υ
877 3990 1068 4063 Virgo,
1098 3994 1494 4061 sine.semine,
1524 4011 1649 4051 eum
1687 3996 1781 4067 qui
1837 3996 1964 4051 uni-

382 4097 539 4136 versa
574 4082 801 4146 creavit,
835 4081 1072 4138 Verbum
1117 4082 1233 4149 Dei,
1268 4086 1473 4155 absque
1509 4087 1793 4143 voluntate
1837 4103 1961 4141 car-

380 4174 466 4227 nis
498 4191 512 4226 :
551 4175 758 4243 absque
792 4177 1142 4254 corruptione
1176 4180 1454 4247 peperisti,
1488 4192 1540 4234 et
1570 4183 1777 4249 absque
1808 4180 1963 4235 dnlo-

381 4264 556 4329 ribus,
590 4265 682 4334 qui
719 4275 941 4319 caeteras
982 4278 1184 4321 matres
1233 4268 1498 4322 invadunt
1540 4289 1552 4323 :
1588 4281 1873 4339 prepterea
1916 4281 1967 4325 te

380 4356 666 4428 Deiparam
690 4358 875 4429 lingua
898 4361 1131 4415 etcorde
1149 4363 1494 4428 conﬁtentes,
1522 4365 1961 4433 magnilicamus.

485 4486 573 4541 Ea:
604 4504 804 4543 canone
830 4490 883 4543 in
908 4490 1043 4560 feria
1066 4506 1115 4544 vt
1146 4489 1296 4544 Itebd.
1330 4506 1359 4546 v
1381 4492 1451 4545 ad
1484 4490 1834 4549 Matutinum.

452 4687 591 4741 Cum
627 4688 837 4743 videret
871 4696 926 4744 te
977 4690 1290 4746 caSIissima
1354 4692 1408 4745 in
1459 4706 1622 4747 cruce
1650 4694 1956 4759 sublatum,

382 4778 623 4849 ejulabat
684 4781 849 4835 corde
929 4780 1238 4844 vulnerata,
1300 4797 1365 4835 ac
1425 4782 1675 4840 dicebat:
1730 4784 1965 4854 Propter

2066 3628 2464 3698 ἀποσμήχουσα
2501 3627 2620 3687 ταῖς
2651 3626 2717 3677 ὲκ
2762 3623 3001 3693 πλευρᾶς
3033 3621 3126 3674 τοῦ
3179 3622 3341 3673 τόκου
3394 3636 3513 3681 σου,
3566 3620 3659 3671 καὶ

2067 3722 2177 3783 τοῖς
2209 3717 2268 3783 ἐξ
2298 3717 2465 3786 αὐτῆς
2495 3714 2943 3783 ἀποκαθαίρουσα
2981 3710 3217 3782 ῥείθροις
3239 3726 3251 3741 ο
3287 3708 3421 3778 πρὸς
3460 3708 3517 3759 σὲ
3550 3708 3659 3774 γὰρ

2068 3811 2364 3884 ἁνακράζω
2386 3850 2400 3870 ,
2434 3808 2529 3862 καὶ
2567 3807 2626 3860 σὲ
2658 3805 3017 3876 καταφεύγω,
3049 3805 3145 3857 καὶ
3169 3804 3232 3856 σὲ
3291 3800 3661 3871 ἐπικαλοῦμαι

2068 3908 2167 3975 τὴν
2207 3900 2684 3976 κεχαριτωμένην.

2141 3995 2461 4061 Συνέ).α6ες,
2524 3992 2787 4063 Παρθένε,
2842 3990 2966 4059 δίχα
3004 3990 3213 4060 σπορᾶς
3265 3987 3355 4039 τὸν
3391 3985 3463 4039 τὰ
3520 3983 3661 4053 σύμ-

2072 4105 2251 4142 παντα
2285 4085 2775 4158 δημιουργήσαντοι
2807 4081 2982 4149 Λόγον
3012 4079 3146 4132 Θεοῦ
3177 4079 3308 4132 ἄνευ
3334 4076 3659 4146 θελημάτων

2068 4180 2177 4233 τῶν
2202 4182 2304 4249 τῆς
2351 4178 2579 4247 σαρκὸς,
2634 4175 2764 4230 ἄνευ
2820 4172 3029 4242 φθορᾶς
3060 4171 3117 4223 δὲ
3146 4171 3393 4233 τέτοκας,
3436 4167 3662 4221 ἄνευθεν

2069 4275 2273 4327 ὠδίνων
2304 4271 2411 4324 τῶν
2448 4269 2732 4340 μητρικῶν
2755 4285 2768 4299 ο
2812 4267 2892 4322 διό
2926 4285 2983 4320 σε
3016 4265 3279 4319 Θεοτόκον
3316 4264 3407 4315 καὶ
3443 4259 3662 4329 γλώσσῃ

2070 4368 2165 4422 καὶ
2202 4364 2402 4437 καρδίᾳ
2432 4362 2825 4431 ὁμολογοῦντες
2867 4360 3269 4433 μεγαλύνομεν.

2082 4497 2184 4550 Ἐκ
2214 4494 2320 4549 τοῦ
2338 4490 2609 4556 Κανόγος
2635 4488 2746 4557 τῆς
2763 4485 3154 4555 παρασκευῆς
3180 4484 3290 4553 τῆς
3316 4481 3645 4552 ἑϐδομάδος

2529 4568 2596 4626 ε’,
2633 4564 2720 4627 εὶς
2748 4560 2852 4614 τὸν
2881 4559 3158 4625 Ὀρθρον.

2153 4693 2371 4765 ⁸0ρῶσά
2401 4708 2462 4745 σε
2491 4691 2550 4744 έν
2579 4687 2796 4760 σταυρῷ
2823 4684 3136 4758 ἠρτημένον
3166 4685 3199 4753 ἡ
3237 4680 3508 4749 παναγία,
3541 4680 3663 4750 nixi-

2072 4787 2201 4852 λαζε
2230 4782 2633 4856 τετρωμένητὰ
2649 4782 2931 4850 σπλάγχνα
2962 4778 3058 4832 καὶ.
3078 4776 3233 4842 έλεγε
3260 4790 3276 4805 ⁸
3307 4774 3410 4827 Διὰ
3465 4774 3671 4839 σπλάγ-

382 4872 591 4926 viscera
619 4872 1121 4927 misericordiarum
1160 4882 1404 4937 tuarum,
1428 4872 1677 4942 Domine,
1711 4878 1821 4945 pati
1864 4894 1960 4932 vo-

2071 4897 2192 4951 χνα,
2250 4878 2445 4947 Κύριε,
2483 4875 2592 4929 σῶν
2639 4872 2945 4945 οίκτιρμῶν
2977 4870 3175 4925 παθεῖν
3229 4867 3488 4937 ἠνέσχου,
3534 4866 3665 4917 πᾶσι

384 4962 557 5026 luisti,
588 4964 835 5033 praabens
860 4966 1116 5020 omnibus
1157 4967 1678 5034 impassibilitatem.

454 5068 620 5138 319
644 5066 845 5123 Urnam
882 5077 954 5134 te,
1003 5069 1246 5124 divinum
1290 5068 1519 5125 Deitatis
1552 5089 1749 5129 manna
1789 5077 1969 5131 conti-

384 5169 601 5213 nentem
642 5162 985 5231 agnovimus,
1026 5176 1058 5215 ο
1098 5162 1319 5228 Puella;
1359 5179 1566 5223 arcam.
1600 5173 1653 5218 et
1694 5182 1964 5233 mensam,

384 5262 441 5307 et
470 5253 1162 5316 camlelabrum,thronum
1200 5254 1293 5309 Dei
1327 5268 1380 5310 et
1412 5258 1699 5326 palatium,
1745 5270 1796 5312 et
1823 5275 1964 5329 pon-

390 5356 494 5398 tem
524 5346 594 5399 ad
614 5345 855 5399 divinam
890 5346 1057 5400 vitam
1111 5348 1486 5401 traducenlem
1526 5364 1621 5402 eos
1656 5349 1749 5417 qui
1780 5350 1970 5404 conci-

389 5449 526 5492 nnnt
559 5454 573 5491 :
607 5437 898 5493 Benedical
931 5440 1112 5494 omnis
1146 5448 1395 5494 creatura
1428 5438 1741 5505 Dominum,
1783 5450 1889 5497 etc.

455 5550 499 5603 0
538 5551 759 5605 Domina
796 5551 1071 5607 universis
1105 5551 1414 5617 sublimior,
1436 5551 1522 5607 l‘ac
1539 5568 1625 5607 me
1655 5555 1975 5623 passionum

394 5644 601 5697 malitia
634 5646 996 5715 superiorem,
1034 5646 1162 5700 dum
1217 5656 1267 5700 te
1306 5646 1656 5700 verissimam
1690 5646 1976 5718 Dciparam

397 5731 659 5801 gloriﬁco,
689 5745 741 5787 et
767 5744 982 5803 partum
1010 5746 1159 5790 tuum
1197 5736 1415 5807 hymnis
1447 5736 1685 5802 celebro,
1718 5754 1750 5791 0
1780 5740 1978 5795 innua-

394 5821 597 5885 culata,
627 5822 737 5878 Deo
770 5824 1116 5893 charissima,
1140 5826 1775 5897 incomprehensibiliter
1807 5829 1983 5886 bono-

403 5928 604 5973 ratum.

2080 4970 2337 5041 παρέχων
2366 4968 2664 5022 ἀπάθειαν.

2148 5076 2392 5147 Στάμνον
2423 5092 2480 5128 σε
2507 5075 2568 5126 τὸ
2600 5073 2746 5125 θεῖον
2781 5070 2955 5140 μάννα
3006 5065 3357 5136 κεκτημένην
3391 5063 3493 5132 τῆς
3526 5061 3665 5115 Θεό-

2078 5184 2239 5237 τητος
2288 5165 2553 5234 ἔγνωμεν,
2590 5162 2762 5231 Κόρη,
2801 5158 3056 5219 κιϐωτὸν,
3111 5157 3206 5211 καὶ
3236 5154 3540 5226 τράπεζαν,
3575 5150 3671 5204 καὶ

2082 5260 2325 5330 λυχνίαν,
2357 5258 2547 5329 θρόνον
2610 5255 2768 5317 Θεοῦ,
2803 5254 2898 5307 καὶ
2935 5251 3225 5313 παλάτιον,
3254 5250 3507 5317 γέφυραν
3546 5262 3671 5315 μετ⁹

2088 5353 2222 5418 άγου
2234 5369 2331 5405 σαν
2362 5350 2497 5421 πρὸς
2528 5348 2679 5402 θείαν
2699 5346 2846 5416 ζωὴν
2878 5346 3004 5407 τοὺς
3023 5343 3443 5413 ἀναμέλποντας
3464 5355 3478 5368 ·
3502 5337 3671 5392 Εὐλο-

2084 5447 2252 5516 γείτω
2279 5447 2311 5517 ἡ
2341 5446 2490 5499 πᾶσα
2512 5443 2690 5506 κτίσις
2720 5442 2811 5495 τὸν
2845 5439 3074 5510 Κύριον.

2160 5559 2386 5614 Πάντων
2436 5554 2748 5626 ὑπερτέρα,
2800 5554 3098 5615 Δέσποινα,
3159 5552 3257 5618 τῆς
3310 5547 3422 5599 τῶν
3481 5543 3671 5597 παθῶν

2090 5652 2285 5714 κακίας
2351 5649 2524 5717 δεῖξον
2595 5648 2895 5717 ὑπέρτερον
2965 5645 3057 5697 τὸν
3136 5641 3431 5705 δοξάζον-ια
3534 5654 3674 5690 παν-

2091 5744 2266 5815 αληθῆ
2322 5760 2380 5797 σε
2424 5741 2722 5806 Θεοτόκον,
2766 5743 2861 5793 καὶ
2912 5738 3183 5809 ὑμνοῦντα
3213 5737 3304 5788 τὸν
3350 5735 3509 5787 τόκον
3560 5747 3672 5796 σου,

2091 5839 2367 5909 ἄχραντε,
2420 5836 2512 5891 τὸν
2590 5833 2979 5905 ἀκαταληψία,
3042 5827 3443 5900 θεοχαρίτωτε,
3499 5821 3671 5893 τιμώο

2100 5948 2279 6003 μενον.
