4038 6598
338 428 471 494 1377

980 536 1006 548 ιδ

858 609 946 673 είς
973 608 1081 661 tor
1114 609 1385 675 Ὄρθρον.

1742 426 2105 486 MARIALE.

349 544 451 594 Ἐκ
478 540 582 595 τοῦ
608 539 876 595 Κανόνορ
905 536 1009 590 τοῦ
1040 534 1343 590 Σαόϐἁτου
1362 536 1470 605 τῆς
1490 535 1817 605 ἑϐδομάδος
1842 534 1911 599 ε’,
1946 544 1989 600 Α

3461 427 3596 491 1378

2130 536 2211 589 Ea:
2231 553 2428 591 canone
2446 538 2500 591 in
2516 536 2750 592 Sabbato
2784 538 2937 593 Iled.
2966 554 3018 605 ν,
3041 541 3109 592 ad
3140 537 3487 595 Malulinum.

410 726 489 779 Tu
518 740 639 793 qua:
658 724 775 778 sola
810 738 869 775 es
894 722 1043 775 omni
1073 722 1231 775 laude
1256 723 1577 792 dignissima
1598 765 1612 785 ,
1646 722 1714 777 iis
1746 722 1839 791 qui
1870 732 1919 776 te
1978 722 2209 779 fideliter
2242 725 2481 792 laudant,
2517 741 2741 795 precare
2776 734 2836 779 ut
2889 724 3222 780 concedatur
3248 733 3595 794 peccatorum

338 822 613 879 remissio.
646 829 700 873 et
720 819 1026 871 divinorum
1058 817 1449 872 charismatum
1484 817 1819 878 distributio.
1856 826 1909 870 et
1940 815 2174 872 Verbum
2218 820 2628 873 sanctissimum
2662 836 2849 875 exora.

424 915 486 967 'H
518 911 612 965 τοῦ
653 911 817 981 νόμου
851 910 940 963 τὸν
966 910 1202 978 Δοτῆρα,
1252 910 1606 981 Ἀειπάρθενε
1646 912 1920 979 κυήσασα,

2100 909 2259 981 Virgo
2310 921 2591 981 perpetua.
2651 928 2771 981 quae
2824 913 2955 982 legis
3016 912 3267 966 Datorem
3338 910 3595 979 genuisti.

340 1008 553 1061 ἱκέτευε
576 1005 674 1067 τὰς
698 1004 928 1072 ἀνομίας
956 1004 1225 1074 ύπεξᾶραι
1244 1005 1424 1067 πάσας
1452 1006 1508 1055 ὲν
1530 1004 1704 1074 καιρῷ
1725 1004 1804 1074 τῷ
1828 1002 1920 1055 νῦν

2024 1006 2269 1059 eumdem
2297 1022 2542 1074 precare,
2591 1020 2649 1061 ut
2680 1024 2710 1060 e
2743 1008 2923 1060 medio
2970 1006 3129 1061 tollat
3165 1020 3357 1058 omnes
3391 1004 3597 1071 iniqui-

338 1100 595 1154 ἐνεστῶτι
616 1100 729 1160 τοῖς
761 1096 945 1159 καλῶς
972 1096 1427 1168 προαιρουμένοις
1470 1095 1720 1160 ὲξασκεῖν
1757 1094 1907 1157 θείας

338 1192 593 1263 νηστείας
630 1190 887 1259 σπουδήν.
1554 1248 1561 1254 _

421 1282 674 1344 ’ἱκεσίαις
729 1282 1031 1352 οἰκτίρμων
1063 1283 1161 1350 τῆς
1190 1279 1472 1350 κυησάσης
1498 1295 1580 1341 σε,
1611 1279 1706 1332 καὶ
1742 1278 1912 1346 ἁγίων

342 1375 657 1445 μαρτύρων,
709 1375 799 1427 καὶ
848 1374 1160 1427 ἀποστόλων
1196 1390 1312 1435 σου,
1350 1370 1584 1439 φώτισον
1624 1372 1782 1440 ἡμῶν
1815 1371 1913 1433 τὰς

338 1467 518 1537 ψυχὰς
550 1465 641 1518 τοῦ
669 1465 914 1531 δοξάζειν
940 1482 999 1518 σε
1034 1468 1092 1518 ὲν
1119 1464 1436 1531 ἀγαλλιάσει
1469 1462 1647 1535 ψυχῆς
1679 1466 1759 1528 εἰς
1790 1464 1915 1527 τοὺς

338 1561 562 1620 αἰῶνας.
1684 1594 1692 1602 .

409 1652 562 1721 Φωνῇ
582 1648 812 1717 ἀγγέλου
831 1647 1024 1716 βουλῆς
1052 1648 1141 1699 τὸν
1168 1647 1432 1716 ’Ἄγγελον
1459 1646 1556 1715 τῆς
1580 1646 1673 1700 τοῦ
1704 1646 1917 1718 Πατρὸς

338 1744 596 1814 ἀρρήτως
647 1741 799 1806 Θεὸν,
853 1741 1105 1805 Θεοτόκε,
1154 1740 1426 1810 ὲκύησας·
1476 1742 1575 1802 τὰς
1614 1741 1795 1808 φωνὰς
1825 1736 1918 1793 οὖν

338 1836 449 1887 τῶν
496 1834 697 1887 δούλων
745 1851 837 1885 σου
887 1833 1197 1902 πρόσδεξαι,
1249 1833 1315 1905 δις
1340 1836 1398 1886 ὲν
1431 1832 1509 1903 τῷ
1540 1833 1639 1902 τῆς
1670 1832 1925 1901 νηστείας

340 1929 516 1998 χρόνῳ
571 1926 941 1996 προσάγομεν,
1000 1928 1095 1979 καὶ
1144 1924 1351 1989 ταύτας
1408 1925 1727 1996 προσάγαγε
1776 1924 1914 1995 Θεῷ,

339 2015 528 2085 ῶσπερ
560 2014 836 2084 θυμίαμα.

351 2126 447 2177 Ἐκ
487 2124 593 2178 τοῦ
628 2126 895 2188 Κανίνος
928 2122 1038 2191 τῆς
1062 2126 1261 2189 τρίτης
1291 2121 1409 2177 τῶν
1440 2124 1652 2188 Βαΐων,
1684 2124 1771 2189 είς
1811 2122 1919 2178 τὸν

990 2197 1264 2261 Ὀινθρονκ

426 2322 591 2394 Ἀρχὴ
646 2322 918 2391 σωτηρίας
954 2323 1105 2392 ἡτοῡ
1139 2314 1750 2394 Γαϐριὴλπροσηγορία
1783 2322 1920 2395 πρὸς

340 2412 437 2482 τὴν
488 2413 761 2482 Παρθένον
796 2414 1017 2481 γέγονεν
1053 2430 1068 2445 ο
1101 2414 1300 2483 ἢκουσε
1332 2414 1438 2482 γὰρ
1470 2414 1554 2479 τὸ,
1588 2414 1778 2485 Χαῖρε,
1820 2416 1919 2468 οὐκ

341 2504 589 2571 ἀπέφυγε
618 2503 707 2556 τὸν
738 2505 1050 2575 ἀσπασμὸν,
1082 2506 1182 2559 οὐκ
1214 2506 1466 2559 ὲδίστασε
1492 2507 1567 2570 ὡς
1592 2509 1624 2577 ὴ
1654 2508 1837 2577 Σάρῤα
1863 2509 1919 2560 ἐν

340 2598 406 2663 τῇ
442 2598 634 2665 σκηνῇ,
668 2594 782 2648 ἀλλ’
816 2596 986 2659 οὕτως
1016 2597 1259 2665 ἐλεγενί
1284 2598 1414 2651 Ἰδοὺ
1445 2600 1479 2669 ἡ
1502 2599 1663 2670 δούλη
1690 2600 1918 2670 Κυρίου,

344 2687 559 2754 γένοιτό
588 2705 679 2758 μοι
712 2687 854 2741 κατὰ
882 2688 943 2741 τὸ
976 2690 1128 2758 ῥῆμά
1150 2706 1302 2744 σου.»

415 2781 608 2850 Χαῖρε,
666 2780 747 2833 σοὶ
803 2779 1035 2851 βοῶμεν,
1086 2784 1153 2851 τῇ
1206 2781 1457 2852 κυησάσῃ
1510 2782 1607 2854 τὴν
1659 2784 1851 2854 χαρὰν,
1883 2784 1919 2854 ἡ

344 2874 758 2944 κεχαριτωμένη
782 2873 1008 2927 Θεοτόκε
1033 2874 1297 2945 Παρθένε,
1328 2866 1461 2928 Θεὸν
1489 2875 1547 2926 ὃν
1578 2876 1765 2938 ἔτεκες
1792 2876 1921 2929 δυσ-

342 2964 482 3018 ώπει
534 2965 875 3034 λυτρωθῆναι
923 2964 1185 3019 κινδύνων
1225 2965 1323 3019 καὶ
1375 2966 1584 3037 φθορᾶς
1641 2967 1765 3031 τοὺς
1819 2968 1919 3020 ἀν-

345 3054 648 3125 υμνοῦντάς
676 3073 735 3108 σε
770 3056 878 3110 ἀεί.

418 3147 665 3214 Παναγία
701 3148 979 3217 Παρθένε,
1042 3148 1105 3200 σύ
1142 3166 1209 3217 με
1275 3147 1581 3214 διὰσωσον,
1635 3148 1734 3217 τῆς
1780 3148 1922 3218 ἐμῆς

2021 1104 2156 1148 tates
2184 1110 2399 1160 eorum,
2426 1096 2518 1165 qui
2546 1097 2799 1166 praesenti
2828 1107 3073 1165 tempore
3093 1096 3146 1148 in
3172 1093 3357 1148 divino
3381 1092 3598 1163 jejunio

2018 1200 2139 1250 sese
2166 1187 2400 1242 sollicite
2428 1204 2685 1243 exercere
2709 1189 3034 1242 deliberant.

2096 1272 2581 1342 Deprecationibns
2622 1276 2920 1332 Genitricis
2964 1286 3141 1341 tum,o
3174 1274 3511 1335 miscricors,
3543 1281 3599 1327 et

2021 1377 2332 1422 sanctorum
2366 1378 2667 1439 martyrum
2707 1378 2761 1423 et
2799 1369 3170 1438 apostolorum
3198 1377 3441 1431 tuorum,
3475 1365 3600 1417 illu-

2023 1462 2170 1516 mina
2202 1462 2414 1515 animas
2455 1470 2697 1523 nostras.
2732 1471 2790 1515 ut
2826 1462 3194 1532 glorificemus
3223 1470 3273 1514 te
3322 1461 3374 1512 in
3407 1458 3599 1513 exsul-

2027 1554 2230 1607 tatione
2268 1552 2433 1605 animi
2469 1568 2561 1620 per
2599 1552 2794 1606 sanrula
2828 1553 3101 1606 universa.

2092 1645 2171 1697 Ad
2197 1660 2385 1699 vocem
2416 1646 2591 1714 angeli
2623 1644 2891 1713 Angelum
2935 1644 3149 1699 consilii
3200 1641 3375 1697 Patris
3406 1638 3598 1695 ineffa-

2022 1734 2202 1788 bititer
2229 1735 2551 1801 concepisti,
2600 1750 2632 1787 ο
2684 1733 2911 1802 Deipara
2945 1751 2958 1787 :
2994 1748 3154 1787 voces
3206 1745 3337 1801 ergo
3382 1730 3599 1797 suscipe

2021 1842 2304 1881 servorum
2341 1835 2582 1890 tuorum,
2621 1840 2758 1895 quas
2787 1825 2981 1894 jejunii
3015 1834 3257 1893 tempore
3291 1821 3596 1887 offerimus,

1952 1898 1996 1954 Β
2025 1934 2224 1990 easque
2254 1929 2311 1973 tu
2350 1918 2460 1973 Deo
2494 1918 2652 1984 olIer,
2686 1919 2860 1973 instar
2890 1918 3281 1989 thymiamatis.

2029 2123 2113 2177 Ea:
2146 2140 2345 2178 canone
2372 2124 2426 2178 in
2457 2123 2672 2193 feriant
2702 2123 2757 2175 in
2791 2121 2973 2203 {lamis
3009 2121 3345 2186 Palmarum,
3380 2123 3447 2173 ad
3479 2121 3603 2176 illa-

2700 2204 2955 2247 (ulmum.

2103 2315 2441 2385 Principium
2494 2314 2691 2368 salutis
2743 2310 2847 2367 fuit
2911 2312 3169 2366 allocutio
3212 2311 3483 2366 Gabrielis
3535 2312 3602 2365 ad

2029 2408 2304 2478 Virginem
2340 2424 2353 2460 :
2386 2408 2597 2461 audivit
2626 2408 2798 2472 enim,
2837 2408 2971 2461 Ave.
2997 2404 3116 2459 Non
3142 2403 3345 2471 refugit
3390 2404 3601 2457 saluta-

2030 2502 2268 2565 tionem;
2309 2516 2417 2554 non
2440 2501 2705 2554 dubitavit
2731 2509 2788 2553 ut
2819 2500 2980 2553 Sarra
3014 2500 3065 2553 in
3101 2498 3600 2566 taberttaculu;setl

2029 2593 2102 2645 ita
2132 2592 2266 2645 dixit
2303 2610 2317 2646 :
2356 2610 2375 2642 ι
2414 2591 2554 2647 Ecce
2596 2592 2761 2662 320
2795 2592 2989 2646 ancilla
3036 2592 3288 2657 Domini,
3332 2591 3425 2645 fiat
3468 2592 3603 2645 mibi

2030 2685 2327 2739 secundum
2353 2685 2577 2739 verbum
2606 2694 2782 2740 tuum.
2817 2702 2837 2735 ›

2097 2781 2167 2831 At
2197 2788 2246 2832 te
2266 2779 2587 2841 clamamus,
2610 2776 2818 2839 Gaude,
2850 2793 2969 2846 quze
2987 2778 3243 2848 gaudium
3276 2779 3603 2849 concepisti,

2028 2885 2062 2924 o
2087 2872 2259 2941 gratia
2292 2870 2449 2939 plena
2481 2869 2706 2937 Deipara
2758 2866 2925 2936 Virgo
2960 2887 2973 2921 :
3012 2869 3207 2935 Deum,
3241 2885 3402 2940 quem
3438 2887 3601 2941 pepe-

2032 2961 2180 3024 riati,
2211 2958 2531 3029 deprecare,
2597 2967 2655 3011 ut
2707 2958 2897 3013 liberet
2947 2973 2976 3012 a
3014 2959 3271 3028 periculis
3299 2970 3353 3015 et
3415 2977 3609 3018 corrun

2029 3058 2215 3127 ptione
2244 3070 2339 3111 eos
2369 3056 2461 3125 qui
2491 3063 2539 3109 te
2568 3054 2789 3110 assidue
2812 3056 3221 3114 concelebrant.

2105 3148 2266 3218 Virgo
2288 3146 2653 3210 sanctissima,
2698 3155 2753 3201 tu
2779 3162 2864 3201 me
2888 3148 3097 3201 salvum
3132 3148 3235 3212 fac,
3271 3158 3325 3203 et
3351 3164 3485 3205 mea:
3520 3150 3607 3204 in-

345 3239 635 3301 ἀσθενείας
691 3239 848 3306 γενοῦ
889 3238 1130 3309 βοήθεια,
1165 3241 1198 3309 ἡ
1227 3238 1319 3291 τὸν
1349 3237 1578 3309 θελητὴν
1614 3238 1706 3291 τοῦ
1738 3239 1920 3303 ἐλέους

2029 3238 2298 3294 ﬁrmitatis
2318 3252 2435 3293 eSto
2455 3237 2740 3303 auxilium,
2758 3254 2878 3308 qua:
2898 3240 3602 3298 misericordiaeamatorem

344 3334 615 3403 κυήσασα,
652 3333 710 3385 ὃν
743 3333 1130 3402 ὑπερυψοῦμεν
1174 3334 1253 3394 είς
1285 3332 1492 3394 πάντας
1530 3334 1655 3395 τοὺς
1694 3332 1916 3394 αἰῶνας.

430 3426 524 3478 Ἐκ
576 3425 694 3487 σοῦ,
755 3424 997 3495 Παρθὲνε
1060 3424 1444 3495 θεοχαρίτωτε,
1495 3427 1606 3488 τοῖς
1654 3426 1712 3478 ἐν
1765 3425 1921 3478 νυκτὶ

344 3518 535 3572 παθῶν
566 3517 999 3587 κεκρατημένοις
1045 3517 1285 3569 ἀνέτειλε
1315 3517 1406 3569 τοῦ
1436 3518 1613 3585 φωτὸς
1639 3519 1732 3570 καὶ
1762 3520 1921 3589 εἰρή-

344 3627 442 3679 νης
491 3610 725 3678 Χριστὸς
767 3611 1021 3678 χορηγὶς,
1070 3609 1167 3678 τὴν
1195 3608 1255 3673 ἐξ
1282 3609 1613 3681 ἀπροσεξίας
1644 3610 1785 3663 λύων
1817 3628 1920 3665 πα·

345 3700 596 3769 ράϋασιν,
638 3698 728 3751 καὶ
769 3699 865 3769 τὴν
898 3700 1281 3771 ἀπολύτρωσιν
1323 3702 1456 3771 ἡμῖν
1492 3701 1678 3771 σαφῶς
1713 3699 1922 3772 δωρού-

345 3808 528 3862 μενος.

354 3912 455 3975 Ἕὲι
504 3919 611 3974 τοῦ
697 3923 966 3987 Κανόνος
1025 3921 1244 3975 διπλοῦ
1292 3921 1404 3989 τῆς
1460 3921 1745 3991 τετάρτης
1804 3919 1923 3975 τῶν

728 3994 946 4057 Baiter,
985 3994 1072 4057 εὶς
1106 3992 1214 4045 τὸν
1262 3993 1529 4059 Ὄρθρον.

413 4118 503 4189 Τῷ
552 4119 721 4188 τιμίῳ
776 4117 996 4187 σταυρῷ
1034 4116 1129 4170 τοῦ
1182 4116 1312 4170 Υίοῦ
1362 4135 1453 4170 σου
1504 4117 1917 4189 φυλαττόμενοι,

341 4211 606 4261 Δέσποινα
641 4208 780 4279 ἁγνὴ
814 4208 1067 4274 Θεοτόκε,
1101 4209 1281 4260 πᾶσαν
1312 4208 1618 4279 προσϐολὴν
1647 4209 1740 4261 τοῦ
1764 4210 1921 4262 πολε-

344 4304 577 4370 μήτορος
607 4299 845 4363 ἅπαντες
880 4300 1085 4370 ῥᾳδίως
1112 4299 1519 4370 ἐκτρεπόμεθα·
1547 4299 1627 4353 διό
1659 4317 1719 4353 σε
1747 4318 1919 4353 κατα·-

338 4392 515 4462 χρέως
565 4391 861 4460 δοξάζομεν
887 4392 963 4454 ὡς
1003 4391 1231 4462 Μητέρα
1270 4378 1365 4443 τοῦ
1397 4390 1574 4463 φωτὸς
1616 4392 1710 4445 καὶ
1750 4392 1920 4463 μόνην

338 4486 531 4538 ἐλπίδα
552 4486 659 4537 τῶν
679 4485 866 4554 ψυχῶν
888 4485 1065 4555 ἡμῶν.

2023 3331 2346 3400 concepisti,
2401 3345 2561 3399 quem
2586 3332 3056 3400 superexaltamus
3081 3334 3134 3386 in
3169 3334 3351 3388 omnia
3375 3338 3601 3391 Saecula.

2094 3423 2171 3477 Ex
2200 3432 2269 3488 te,
2307 3440 2340 3479 o
2382 3422 2548 3494 Virgo
2572 3423 2681 3479 Deo
2713 3425 3065 3492 charissima,
3100 3426 3168 3480 iis
3203 3427 3297 3496 qui
3332 3428 3385 3481 in
3443 3440 3606 3485 nocte

2024 3519 2343 3588 passionum
2378 3518 2785 3582 detinebantur,
2824 3530 3050 3574 exortus
3098 3530 3181 3574 est
3213 3531 3409 3575 auctor
3461 3522 3605 3579 lucis

2022 3621 2073 3667 et
2112 3610 2264 3681 pacis
2303 3610 2582 3674 Christus,
2630 3611 3125 3681 transgressionem
3167 3625 3231 3665 ex
3274 3612 3603 3683 negligentia

2023 3714 2198 3759 ortam
2248 3705 2483 3771 diluens,
2522 3714 2574 3759 et
2621 3704 2912 3760 manifeste
2964 3705 3122 3760 nobis
3174 3704 3604 3776 redemptionem

2022 3796 2337 3865 dilargiens.

2022 3922 2108 3976 Ex
2131 3940 2329 3977 canone
2348 3923 2546 3990 duplici
2569 3923 2621 3975 in
2641 3923 2775 4045 tirio
2802 3936 2854 4004 tv
2878 3923 2932 3975 in
2966 3920 3144 3977 Hamis
3178 3921 3513 3991 Palmarunt,
3534 3928 3604 3981 ad

2704 4001 2990 4045 atuttnnm.

2704 4001 2990 4047 atutinnm.

2097 4119 2347 4175 Pretiosa
2373 4119 2492 4173 Filii
2544 4118 2619 4172 tui
2665 4133 2827 4173 cruce
2867 4119 3147 4183 custoditi,
3184 4117 3415 4176 Domina
3449 4130 3604 4178 casta

2024 4213 2277 4284 Deipara,
2310 4229 2528 4267 omnem
2562 4212 2737 4267 hostis
2774 4212 3040 4281 impetum
3072 4210 3233 4267 facile
3256 4230 3447 4270 omnes
3484 4216 3604 4269 evi-

2023 4317 2203 4361 tamus
2239 4315 2565 4376 :propterea
2610 4314 2659 4360 te
2695 4320 2794 4375 pro
2836 4303 3020 4359 debito
3072 4303 3443 4374 glorificamus
3483 4317 3606 4362 tan-

2021 4413 2187 4469 quam
2219 4396 2453 4452 Matrem
2484 4395 2645 4463 lucis,
2676 4405 2841 4466 atque
2872 4394 3089 4449 unicam
3115 4410 3266 4465 spem
3293 4397 3604 4453 animarum

2021 4500 2352 4545 nostrarum.

410 4578 502 4647 Μὴ
531 4578 831 4647 φλαχθεῖσα
861 4577 939 4646 τῷ
966 4577 1098 4647 πυρὶ
1125 4576 1223 4645 τῆς
1253 4576 1540 4646 Θεότητος,
1568 4577 1725 4649 ἁγνὴ,
1752 4578 1919 4631 κατά-

2096 4579 2140 4637 O
2170 4598 2342 4647 casra,
2370 4597 2491 4653 quae
2531 4597 2560 4636 a
2591 4580 2898 4637 Divinitatis
2927 4582 3047 4654 igne
3074 4599 3421 4655 nequaquam
3450 4600 3605 4640 com-

339 4672 533 4739 φλεξόν
586 4689 687 4742 μου
732 4671 829 4733 τὰς
871 4669 1092 4734 ὑλώδεις
1140 4670 1316 4741 ὁρμὰς
1362 4671 1473 4724 τῶν
1516 4673 1724 4739 παθῶν,
1774 4674 1922 4737 ὃπως

338 4767 570 4829 πιστῶς,
595 4767 756 4834 ἁγνὴ,
786 4764 994 4831 δοξάζω
1023 4781 1105 4821 σε.

409 4860 836 4930 Παρθενομῆτορ
876 4859 1133 4929 ἄχραντε,
1171 4860 1203 4928 ἡ
1236 4859 1362 4929 ῥίζα
1390 4857 1483 4912 τοῦ
1527 4859 1750 4925 Ἰεσσαὶ,
1776 4859 1834 4924 ἐξ
1854 4856 1923 4931 ἧς

337 4950 576 5018 Χριστὸς
615 4947 875 5009 ἀνέτειλε,
908 4948 967 5000 τὸ
994 4948 1276 5019 ζωηφόρον
1302 4950 1462 5013 ἄνθος
1486 4950 1594 5003 τῶν
1648 4952 1917 5020 γηγενῶν,

336 5043 402 5094 δι’
420 5038 483 5113 ἧς
502 5038 887 5112 ὲλυτρώθημεν
912 5040 1113 5111 φθορᾶς
1136 5043 1227 5093 καὶ
1254 5041 1597 5113 θνητότητος,
1631 5042 1687 5094 σὲ
1718 5042 1919 5112 ὑμνοῦ-

341 5152 439 5204 μεν
464 5133 686 5196 πάντες,
724 5134 885 5202 ἁγνή.

420 5228 509 5279 Ἑν
539 5226 643 5291 σοὶ,
681 5227 926 5296 ῐΙαρθένε
988 5227 1149 5295 ἁγνὴ.
1191 5226 1577 5297 ἐθεωρήθησαν
1609 5231 1780 5283 πᾶσαι
1824 5231 1917 5284 τοῦ

335 5321 471 5373 Θεοῦ
523 5322 579 5373 αἱ
618 5321 855 5390 πορεῖαι,
918 5318 1011 5371 τοῦ
1054 5317 1389 5388 φυλάξαντος
1421 5321 1517 5391 τὴν
1558 5320 1656 5392 σὴν
1697 5323 1918 5388 ἁγνείαν

337 5412 477 5483 μετὰ
510 5414 667 5465 τόκον
702 5412 1149 5484 ἐσφραγισμένην
1191 5414 1376 5481 σαφῶς
1432 5415 1512 5477 εἰς
1546 5416 1753 5479 πάντας
1790 5417 1915 5481 τοὺς

337 5508 568 5568 αἰῶνας.

416 5601 547 5653 Ἰδοὺ
587 5602 759 5653 πᾶσαι
799 5599 983 5669 γενεαὶ
1026 5599 1405 5670 μακαρίζομέν
1432 5617 1510 5665 σε,
1560 5601 1815 5671 ἇχραντε,
1848 5602 1915 5655 τὰ

336 5695 603 5765 μεγαλεῖα
632 5694 698 5746 τὰ
740 5695 805 5746 σὰ
837 5693 1215 5764 καθορῶντες’
1249 5696 1312 5745 συ
1347 5694 1454 5763 γὰρ
1506 5694 1713 5757 τίκτεις
1741 5694 1912 5765 ὑπερ-

333 5790 483 5858 φυῶς
514 5790 606 5841 τὸν
645 5789 737 5842 τοῦ
781 5789 988 5860 κόσμου
1040 5789 1240 5853 παντὸς
1294 5790 1554 5860 Ποιητὴν,
1604 5789 1733 5843 Θεὸν
1782 5791 1910 5844 ὂντα

332 5879 425 5930 καὶ
459 5877 667 5947 βροτόν.

2027 4678 2182 4730 busta
2215 4693 2295 4737 es,
2338 4677 2601 4730 combure
2648 4676 2960 4733 materialcs
3013 4676 3243 4732 allectus
3282 4679 3604 4748 passionum

2026 4786 2294 4833 mearum,
2326 4779 2383 4821 ut
2419 4783 2539 4823 cum
2574 4767 2698 4829 fide.
2741 4784 2774 4822 ο
2798 4776 2970 4835 casta,
3005 4778 3055 4823 te
3087 4769 3408 4838 glorificent.

2096 4863 2262 4931 Virgo
2310 4861 2478 4916 Mater
2528 4848 2907 4927 immaculata,
2954 4863 3102 4931 virga
3144 4863 3317 4925 Jesse,
3371 4877 3436 4915 ex
3496 4877 3604 4931 qua

2022 4952 2275 5008 Christus
2297 4960 2523 5004 exortus
2545 4948 2786 5013 est,llos,
2813 4950 2903 5015 qui
2931 4948 3095 5001 vitam
3123 4950 3348 5018 pr0tulit
3374 4952 3599 5019 terrige-

2022 5045 2141 5109 nis;
2176 5060 2271 5111 per
2302 5058 2469 5113 quam
2500 5042 2764 5111 redempti
2814 5057 3008 5097 sumus
3069 5057 3099 5094 a
3152 5043 3504 5111 corruptione
3549 5052 3605 5098 et

2022 5136 2393 5201 mortalitate;
2428 5145 2480 5190 te
2508 5134 2769 5200 universi,
2813 5151 2845 5189 ο
2868 5150 3026 5204 pura,
3058 5135 3463 5189 eollaudamus.

2092 5228 2152 5281 ln
2180 5235 2256 5294 te,
2298 5226 2463 5297 Virgo
2494 5237 2667 5293 cista,
2697 5238 3002 5295 conspectae
3056 5237 3184 5282 sunt
3242 5244 3437 5283 omnes
3504 5228 3605 5283 via:

2022 5320 2139 5385 Dei,
2171 5321 2262 5391 qui
2301 5321 2646 5375 conservavit
2686 5321 2978 5389 puritatem
3028 5332 3173 5374 tuam
3228 5332 3349 5392 post
3384 5332 3601 5392 partum

2024 5412 2313 5468 manifeste
2338 5413 2634 5483 sigillatam
2670 5414 2725 5467 iu
2755 5413 2939 5467 omnia
2966 5414 3187 5467 saecula.

2091 5596 2233 5653 Ecce
2264 5613 2456 5653 onmes
2492 5598 2873 5668 generationes
2921 5598 3131 5651 beatam
3183 5605 3235 5651 te
3286 5595 3545 5659 dicimus,
3571 5612 3605 5650 ο

2021 5691 2307 5754 inviolata,
2364 5690 2635 5762 magnalia
2674 5700 2765 5745 tua
2817 5692 3299 5759 contemplantes:
3343 5699 3401 5743 tu
3453 5691 3600 5744 enim

2019 5786 2511 5855 supernaturalitcr
2543 5790 2689 5857 paris
2717 5786 2991 5842 universis
3038 5784 3390 5841 Conditorem
3430 5785 3600 5840 Deum

2019 5891 2071 5935 et
2105 5880 2403 5934 hominem.
