4038 6602
420 427 557 491 1379

418 640 568 693 omni
611 637 877 692 miraculo
922 634 1195 703 superior,
1238 645 1360 698 qua:
1404 616 1836 698 pulcherrimum
1870 628 2001 682 Ver-

421 732 549 785 bum
579 728 900 799 concepisti.
958 726 1116 796 321
1169 724 1351 793 Ipsum
1415 738 1548 792 ergo
1590 722 1907 791 deprecare,
1946 728 2003 773 ut

422 824 718 878 formosam
756 819 947 877 reddat
968 818 1372 873 deformitatem
1409 815 1592 870 cordis
1623 814 1752 868 mei.

493 1007 824 1078 Puerperam
878 1005 1144 1076 virginem
1193 1006 1319 1073 quis
1367 1002 1616 1065 audivit.
1659 1010 1715 1056 et
1771 1009 2001 1056 matrem

428 1101 547 1156 sine
574 1101 722 1155 viro?
755 1101 837 1154 Tu
868 1098 1040 1154 eﬂicis
1096 1096 1474 1169 hujuscemodi
1520 1094 1854 1165 prodigium,
1890 1093 2003 1148 Ma-

424 1198 504 1247 ria
546 1212 559 1247 :
601 1193 692 1247 sed
726 1192 895 1246 dicito
936 1190 1093 1257 mihi,
1134 1188 1451 1260 quomodo?
1476 1186 1553 1241 Ne
1584 1185 1851 1241 scruteris
1880 1199 2005 1254 pro—

427 1285 597 1338 funda
625 1283 795 1338 divini
828 1291 1021 1353 partus
1048 1282 1177 1336 mei.
1220 1279 1580 1335 Verissimum
1622 1287 1709 1332 est
1737 1279 1874 1343 hoc;
1909 1276 2003 1330 sed

425 1377 493 1429 ab
529 1376 766 1429 humana
795 1382 975 1427 mente
1006 1370 1397 1442 comprehendi
1423 1386 1530 1425 non
1564 1378 1765 1440 potest.

430 1484 513 1538 Ex
546 1500 744 1538 canone
768 1484 822 1536 in
864 1482 999 1552 feria
1021 1497 1074 1547 v,
1116 1480 1383 1564 inﬂantis
1426 1478 1763 1544 l’almarum,
1788 1477 1858 1531 ad
1884 1476 2004 1530 Μα-

1076 1564 1344 1606 -tutmum.

498 1666 707 1720 Anima:
737 1681 869 1719 mezc
897 1663 1182 1734 passiones
1213 1659 1527 1715 doloriﬁcas
1574 1668 1626 1713 et
1659 1657 1840 1713 carnis
1875 1671 2007 1710 mea:

428 1760 652 1814 morbos
700 1759 959 1812 velociter
988 1771 1141 1819 cura,
1181 1768 1213 1807 o
1243 1752 1539 1823 purissima
1590 1767 1603 1805 :
1638 1749 1837 1805 mentis
1872 1764 2006 1804 mea:

430 1854 563 1908 siste
623 1850 1074 1911 instabilitatem;
1127 1854 1181 1900 et
1221 1845 1307 1901 fac
1362 1860 1451 1899 me
1501 1844 1725 1912 dignum
1774 1850 1833 1896 ut
1879 1857 2003 1896 cum

431 1942 827 2013 tranquillitate
861 1938 1029 1992 animi
1064 1936 1288 1991 oti'eram
1316 1950 1480 2006 puras
1508 1948 1699 2003 preces
1724 1931 1856 2003 ιιοεὶ
1886 1948 2005 1985 om-

430 2035 604 2097 nium,
640 2044 693 2087 et
724 2047 943 2086 exorem
980 2045 1079 2099 pro
1107 2027 1431 2083 remissione
1453 2027 1703 2095 lapsuum
1735 2040 2004 2089 meorum,

429 2142 462 2181 ο
487 2126 738 2195 Deipara.

500 2218 577 2272 Ex
611 2227 663 2270 te
712 2214 892 2269 divina
944 2212 1232 2269 scaturivit
1284 2226 1425 2281 aqua
1478 2208 1908 2263 immortalitatis
1955 2215 2009 2260 et

428 2310 572 2372 vitae,
608 2325 642 2362 ο
673 2308 764 2361 Dei
799 2306 1045 2361 Genitrix
1079 2304 1376 2376 purissima
1442 2312 1496 2356 et
1538 2302 1881 2367 castissima;
1915 2315 2009 2370 per

429 2418 615 2472 quam,
650 2400 898 2455 bibentes
936 2396 1273 2454 a'mortilera
1296 2397 1383 2451 siti
1409 2395 1728 2450 liberantur.

502 2494 581 2548 Te
619 2494 761 2547 lucis
801 2500 1014 2562 portam
1051 2483 1314 2559 fulgidam
1350 2490 1483 2543 vidit
1528 2486 1873 2556 Propheta.o
1901 2500 2007 2555 pu-

431 2587 652 2641 rissima
678 2604 691 2639 :
725 2586 862 2639 lucis
893 2585 1038 2639 enim
1074 2583 1325 2637 datorem
1355 2581 1514 2635 nobis
1544 2580 1781 2635 similem
1803 2576 2008 2631 factum

431 2678 690 2733 iuell'abili
737 2677 951 2732 ratione
998 2674 1280 2745 peperisti,
1338 2688 1501 2744 quem
1541 2671 2011 2743 supereraltamus

430 2773 487 2825 in
517 2773 768 2826 universa
799 2771 1020 2826 saecula.

500 2865 558 2919 In
584 2865 797 2920 duabus
831 2862 1209 2919 voluntatibus
1245 2870 1299 2916 et
1332 2861 1591 2917 essentiis
1622 2859 1883 2931 peperisti
1911 2875 2011 2915 no-

430 2958 516 3013 bis
548 2958 885 3030 unigenitum
919 2956 1113 3011 Filium
1141 2955 1336 3022 Patris,
1362 2970 1395 3009 ο
1425 2954 1605 3009 Puella
1642 2952 2010 3019 immaculata,

433 3052 705 3105 hominem
730 3050 957 3116 factum,
984 3060 1042 3104 ut
1068 3063 1167 3103 nos
1194 3048 1285 3102 ille
1314 3062 1611 3118 supremus
1632 3045 1777 3101 Deus
1808 3045 2010 3100 divina:

430 3151 641 3197 natura:
687 3142 982 3212 participes
1011 3138 1264 3195 elliceret.

1524 420 1583 480 S.
1629 418 1942 479 JOSEPHI
1983 415 2545 477 llYMNOGRAPHI

487 544 634 600 Inter
657 543 916 600 mulieres
944 548 1000 594 tu
1034 535 1149 592 sola
1186 533 1433 605 speciosa
1478 532 1620 588 facta
1665 548 1745 598 es,
1782 548 1816 586 ο
1850 544 1997 587 casta
2029 537 2077 595 Α

2193 531 2279 584 Ίιῖν
2306 531 2521 598 γυναιξὶ
2548 531 2613 584 σὺ
2655 530 2791 602 μόνη
2829 531 3142 604 ὠραιώθης,
3178 527 3224 587 ὧ
3258 534 3683 605 ῦπερθαῦμαστε

2108 624 2267 693 ἁγνὴ,
2303 623 2644 693 ὡραιότατον
2670 622 2761 674 τόν
2790 623 2961 688 Λόγον
2991 624 3381 694 ἀποκυήσασα,
3418 626 3508 679 τὸν
3542 628 3687 696 ὑπὲρ

2108 716 2314 776 πάντας
2343 714 2578 781 φανέντα
2607 712 2835 783 βροτοὺς
2858 712 3081 783 ὡραῖον.
3118 714 3293 766 Αὑτὸν
3323 712 3416 766 οὖν
3449 714 3686 767 muco.

2107 824 2197 858 πει
2227 806 2289 859 τὸ
2328 804 2567 875 εἰδεχθὲς
2599 804 2963 875 καθωραῗσαι,
3012 805 3277 877 Παρθένε,
3307 806 3407 874 τῆς
3454 806 3687 877 καρδίας

2109 917 2233 969 μου.

2178 990 2502 1044 Παιδοτόκον
2549 989 2822 1061 παρθένον
2872 990 2956 1053 τίς
3010 991 3254 1060 ἤκουσε,
3314 990 3407 1041 καὶ
3470 988 3687 1059 μητέρα

2108 1084 2248 1154 πλὴν
2275 1084 2468 1153 ἀνδρός
2494 1101 2509 1150 ;
2559 1084 2772 1153 Μαρία,
2821 1083 3059 1146 ἐκτελεῖς
3090 1083 3149 1135 τὸ
3179 1082 3514 1154 τεράστειον,
3552 1081 3688 1134 ἀλλὰ

2107 1175 2281 1245 φράζε
2317 1193 2405 1245 μοι
2426 1176 2487 1228 τὸ
2504 1176 2658 1241 πῶς;
2688 1176 2782 1246 Μὴ
2810 1175 3009 1246 ἐρεύνα
3024 1176 3091 1228 τά
3120 1175 3257 1246 βάθη
3280 1176 3377 1245 τῆς
3410 1175 3688 1237 θεοτοκίας

2110 1284 2235 1337 μου’
2288 1270 2449 1321 τοῦτο
2488 1269 2824 1339 πανάληθες,
2860 1270 3002 1339 ὑπὲρ
3032 1270 3089 1322 δὲ
3124 1267 3466 1338 ἀνθρώπινον
3499 1266 3622 1319 νοῦν
3650 1270 3686 1336 ἡ

2107 1356 2430 1425 κατάληψις.

2119 1468 2214 1521 Ἐκ
2252 1466 2358 1521 τοῦ
2390 1467 2658 1534 Κανόνος
2708 1466 2819 1535 τῆς
2868 1466 3134 1535 πέμπτης
3172 1464 3290 1520 τῶν
3330 1465 3541 1532 Βατων,
3592 1466 3680 1530 είς

2682 1538 2790 1590 τὸν
2832 1539 3106 1605 Ὀρθρον.

2180 1652 2291 1721 Τῆς
2317 1650 2498 1721 ψυχῆς
2532 1669 2633 1723 μου
2662 1651 2727 1704 τά
2764 1650 2911 1721 πάθη
2948 1651 3014 1702 τὶ
3049 1648 3386 1711 πολυῶδυνα,
3428 1649 3522 1700 καὶ
3551 1665 3692 1715 σαρο

2109 1744 2202 1807 κός
2254 1761 2356 1813 μου
2404 1744 2503 1807 τάς
2542 1745 2731 1807 νόσους
2772 1745 2830 1796 έν
2877 1744 3032 1813 τάχει
3088 1744 3255 1807 ἴασαι,
3300 1742 3402 1802 τὰς
3440 1740 3534 1793 τοῦ
3564 1741 3690 1803 νοός

2114 1854 2214 1908 μου
2253 1836 2533 1907 ἐκτροπὰς
2577 1836 2796 1908 στῆσον,
2852 1836 3186 1905 πανάμωμε,
3240 1833 3333 1886 καὶ
3377 1834 3434 1886 ἐν
3480 1833 3692 1903 γαλήνῃ

2108 1930 2369 2001 λογισμοῦ
2389 1932 2552 2003 εὐχὰς
2586 1933 2923 2003 προσφέρειν
2956 1930 3203 1999 καθαράς
3230 1928 3308 1999 τῷ
3340 1928 3555 1999 βασιλεί
3581 1928 3692 1979 τῶν

2110 2024 2365 2078 ἁπάντων
2416 2024 2671 2089 ἀξίωσον,
2704 2024 2957 2087 Θεοτόκε,
2998 2024 3094 2075 καὶ
3164 2022 3498 2086 ἐξαιτεῖσθαι
3532 2038 3694 2074 πται.

2114 2118 2338 2188 σμάτων
2366 2116 2583 2185 ἄφεσιν.

2196 2210 2292 2261 Ἐκ
2323 2208 2417 2261 σοῦ
2448 2210 2506 2261 τὸ
2552 2208 2693 2261 θεῖον
2724 2206 2868 2279 ῦδωρ
2902 2205 3196 2259 ἀνέϐλυσεν
3240 2204 3547 2267 ἀθανασίας
3596 2205 3693 2257 καὶ

2113 2301 2281 2371 ζωῆς,
2323 2300 2631 2369 Θεοκυῆτορ
2660 2300 2995 2369 πανάμωμε,
3020 2291 3081 2351 οὗ
3110 2299 3157 2351 οἱ
3184 2297 3497 2368 γευόμενοι,
3533 2296 3693 2366 δίψης

2115 2395 2273 2465 ἁγνὴ,
2305 2396 2682 2466 θανατηφόρου
2725 2395 3108 2466 ρυσθήσονται.

2185 2489 2368 2560 “tiqu
2402 2506 2461 2543 σε
2508 2489 2685 2558 φωτὸς
2739 2487 3163 2559 πεφωτισμένην
3191 2486 3381 2558 βλέπει
3422 2487 3451 2539 ό
3476 2486 3693 2554 προφή-

2113 2594 2234 2647 της,
2261 2578 2599 2648 πανάμωμεο
2653 2578 2745 2632 τὸν
2790 2578 3101 2649 φωτοδότην
3123 2579 3234 2648 γὰρ
3271 2579 3479 2639 τίκτεις
3516 2577 3695 2645 ἀφράο

2116 2687 2256 2733 στως
2284 2672 2417 2739 ἡμῖν
2453 2670 2807 2742 ὁμοιωθέντα,
2833 2670 2893 2724 ὃν
2926 2670 3315 2743 ὑπερυψοῦμεν
3344 2672 3423 2733 εἰς
3484 2670 3693 2730 πάντας

2113 2762 2241 2824 τοὺς
2265 2762 2490 2825 αἰῶνας.

2200 2856 2289 2908 Ἐν
2319 2857 2443 2908 δυσὶ
2474 2855 2727 2926 θελήσεσι
2772 2856 2868 2911 καὶ
2894 2856 3108 2921 οὐσίαις
3141 2856 3371 2919 τέτοκας
3402 2857 3534 2927 ἡμῖν
3567 2854 3695 2907 Υἱδν

2115 2947 2206 3001 τὸν
2238 2948 2527 3018 μονογενῆ,
2565 2948 2741 3018 Κόρη,
2771 2948 2867 3001 τοῦ
2898 2949 3130 3020 Πατρός,
3160 2949 3451 3018 γενόμενον
3480 2945 3694 3016 ἄνθρω·

2116 3057 2241 3104 πον,
2293 3040 2380 3093 ἵνα
2414 3041 2564 3111 ἡμᾶς
2608 3040 2760 3113 δείξῃ
2827 3041 3117 3105 κοινωνοὺς
3163 3039 3401 3110 φύσεως,
3434 3040 3693 3109 ἆχραντεν

2118 3132 2269 3196 θείας
2295 3134 2322 3185 ό
2348 3132 2637 3204 ὑπέρθεος.
3152 3150 3160 3156 ’

434 3249 519 3303 Ea:
561 3266 760 3305 canone
814 3252 870 3304 in
915 3250 1051 3319 feria
1088 3264 1164 3311 vt,
1228 3250 1283 3303 in
1322 3248 1503 3303 Remis
1568 3246 1883 3302 Palmarum
1938 3246 2008 3301 ad

2123 3243 2223 3297 Ἐκ
2263 3242 2367 3297 τοῦ
2392 3242 2660 3308 Κανόνος
2676 3240 2783 3319 τῆς
2816 3241 3209 3319 παρασκευῆς
3232 3241 3348 3296 τῶν
3373 3240 3586 3309 Butam,
3610 3242 3697 3309 εἰς

1037 3319 1388 3375 Matutinnm.

506 3433 551 3489 Ο
584 3432 749 3502 Virgo
794 3431 1115 3502 purissima,
1163 3429 1333 3485 Mater
1384 3429 1586 3485 Christi
1636 3426 1751 3493 Dei,
1803 3428 2015 3498 gladius

436 3525 789 3595 pertransivit
817 3524 1224 3577 sanctissimam
1264 3521 1506 3575 animam
1540 3531 1855 3583 tuam,cum
1889 3535 2013 3575 cru-

431 3620 652 3671 ciﬁxum
684 3616 992 3670 voluntarie
1024 3614 1220 3667 Filium
1241 3624 1296 3667 et
1325 3613 1490 3667 Deum
1516 3623 1669 3667 tuum
1703 3613 2013 3681 aspiceres;

431 3722 595 3776 quem
632 3721 701 3760 ne
723 3719 929 3769 cesses,
955 3718 989 3758 ο
1027 3703 1335 3767 benedicta,
1362 3718 1577 3773 rogare,
1601 3711 1661 3757 ut
1690 3703 1850 3757 nobis
1877 3711 2015 3757 tem-

431 3796 774 3867 porejejuuii
804 3806 1156 3864 peccatorum
1188 3794 1586 3864 indulgentiam
1620 3792 1905 3864 largiatur.

506 3889 897 3944 Misericordia
925 3898 1029 3943 tua:
1058 3887 1358 3943 stillicidiis
1406 3887 1597 3957 irriga,
1634 3901 1667 3940 ο
1694 3886 2015 3942 immacula-

437 3983 647 4040 tissitna
670 3982 806 4053 (50),
840 3982 1002 4051 322
1032 3996 1126 4035 cor
1160 3995 1342 4035 meum
1380 3978 1595 4034 ﬂamma
1619 3980 1827 4050 peccati
1852 3979 2017 4050 lique-

432 4078 667 4142 factum;
696 4085 748 4130 et
776 4077 1100 4130 exstinctam
1130 4074 1309 4129 cordis
1340 4073 1443 4128 mei
1472 4074 1769 4138 lucernam,
1803 4082 1856 4128 tu
1893 4088 2015 4141 qua:

430 4185 493 4227 es
530 4180 682 4238 porta
710 4169 872 4235 lucis,
902 4168 1159 4223 acccnde.

500 4261 684 4315 Sacra:
702 4259 1092 4331 prophetarum
1121 4272 1283 4312 voces
1312 4265 1366 4312 te
1386 4253 2012 4327 praedicantsymbolice,

434 4370 469 4409 ο
495 4352 682 4425 Virgo,
720 4364 958 4424 portam,
987 4362 1040 4407 et
1072 4362 1334 4415 montem,
1369 4361 1422 4405 et
1443 4350 1850 4403 tabernaculum
1882 4365 2014 4405 san-

426 4457 577 4501 ctum
610 4464 622 4499 :
658 4444 798 4500 lucis
834 4444 1146 4508 nubem,ex
1177 4457 1283 4512 qua
1309 4440 1626 4496 sedentibus
1662 4440 1715 4493 in
1772 4440 2012 4496 tenebris

424 4547 483 4592 ct
522 4537 713 4591 umbra
747 4545 970 4590 exortus
1004 4546 1089 4589 est
1116 4534 1221 4600 sol,
1249 4533 1447 4587 unicus
1476 4532 1615 4586 lucis
1634 4532 1815 4585 dator.

2691 3316 2799 3368 τὸν
2835 3316 3108 3383 Ὀρθρον.

2190 3424 2433 3496 Παρθένε
2476 3426 2814 3495 πανάμωμε,
2844 3427 3035 3497 Μῆτερ
3081 3423 3322 3495 Χριστοῦ
3371 3422 3466 3477 τοῦ
3520 3422 3682 3481 Θεοῦ.

2118 3520 2366 3591 ῥομφαία
2385 3519 2568 3587 διῆλθέ
2598 3536 2693 3573 σου
2710 3520 2811 3590 τὴν
2834 3519 3108 3588 παναγίαν
3127 3518 3326 3589 ψυχὴν,
3356 3520 3515 3587 ἡνίκα
3535 3534 3698 3570 σταυ-

2120 3616 2383 3687 ρούμενον
2418 3614 2656 3685 ἔϐλεψας
2703 3614 2968 3676 ἑκουσίως
2997 3614 3087 3667 τὸν
3120 3614 3248 3665 Υἱὸν
3279 3612 3372 3665 καὶ
3409 3612 3542 3664 Θεόν
3575 3628 3695 3673 σου,

2116 3707 2197 3773 ὃν,
2226 3707 2591 3777 εὐλογημένη,
2632 3705 2959 3759 δυσωποῦσα
2993 3705 3067 3777 μὴ
3103 3702 3310 3776 παύσῃ,
3344 3702 3698 3774 συγχώρησιν

2118 3802 2478 3871 πταισμάτων
2508 3800 2688 3872 καιρῷ
2712 3799 2970 3869 νηστείας
3000 3798 3373 3869 δωρήσασθαι.

2199 3894 2410 3950 Ῥανίσι
2448 3896 2543 3948 τοῦ
2574 3892 2760 3956 ἐλέους
2784 3909 2878 3947 σου
2903 3893 3294 3962 κατάρόευσον,
3325 3885 3695 3965 πανάχραντε,

2114 3987 2214 4057 τὴν
2252 3985 2579 4039 ὲκτακεῖσάν
2614 4000 2718 4055 μου
2750 3982 2978 4053 καρδίαν
3006 3981 3236 4051 ερλογμῷ
3264 3983 3363 4053 τῆς
3392 3985 3694 4055 ἁμαρτίας,

2116 4080 2211 4133 καὶ
2235 4079 2325 4132 τὸν
2352 4077 2683 4149 ἐσϐεσμένον
2712 4094 2813 4148 μου
2840 4077 2939 4146 τῆς
2988 4075 3216 4146 καρδίας
3246 4075 3452 4147 ἄναψον
3478 4077 3693 4148 λύχνον,

2117 4171 2262 4240 πύλη
2287 4171 2381 4225 τοῦ
2409 4172 2610 4241 φωτός.

2196 4264 2365 4335 Ἰεραί
2395 4282 2454 4317 σε
2480 4265 2590 4319 τῶν
2620 4265 2919 4337 προφητῶν
2965 4266 3301 4338 κηρύττουσι
3340 4265 3522 4335 φωναὶ
3551 4282 3695 4335 συμσ

2116 4354 2347 4419 δολικῶς
2368 4355 2546 4425 πύλην
2575 4355 2667 4409 καὶ
2688 4356 2837 4427 δρος,
2864 4357 2960 4411 καὶ
2993 4354 3201 4427 σκηνὴν
3222 4354 3324 4423 τὴν
3358 4353 3547 4423 ἁγίαν,
3576 4372 3693 4422 φω-

2115 4448 2205 4513 τὸς
2239 4449 2492 4519 νεφέλην,
2522 4448 2580 4515 ἐξ
2609 4443 2675 4518 ἦς
2702 4451 2815 4512 τοῖς
2840 4451 2897 4502 ὲν
2926 4450 3107 4502 σκότει
3148 4448 3241 4502 καὶ
3288 4449 3419 4520 σκιᾷ
3444 4446 3694 4517 καθημέ-

2116 4556 2244 4604 νους
2272 4539 2547 4594 ἀνέτειλεν
2576 4539 2747 4612 ἥλιος,
2797 4541 3065 4611 Παρθένε,
3092 4542 3121 4594 ό
3153 4541 3313 4610 μόνος
3358 4541 3690 4611 φωτοδότης.

505 4626 851 4681 Tremendus
904 4637 988 4682 est
1039 4636 1227 4697 partus
1270 4637 1416 4689 tuus,
1465 4640 1498 4679 ο
1554 4623 1782 4694 Deipara
1838 4622 2010 4680 Mater

2185 4632 2390 4703 Φρικτή
2418 4650 2512 4686 σου
2538 4636 2568 4702 ὴ
2599 4632 2805 4703 λοχεία,
2829 4633 3059 4687 Θεοτόκε
3089 4634 3281 4704 Μῆτερ
3304 4632 3545 4704 Χριστοῦ
3573 4647 3588 4663 ·
3613 4630 3696 4684 διό

430 4720 635 4774 Christi
666 4738 678 4773 :
714 4728 1005 4790 propterea
1037 4718 1251 4772 beatam
1289 4727 1339 4771 te
1378 4716 1607 4770 tideliter
1642 4714 2004 4785 appellamus,

430 4820 484 4865 et
514 4811 898 4865 venerabiliter
916 4810 1287 4879 gloriﬁcamus
1308 4807 1685 4881 generationes
1706 4807 2011 4879 generatio-

429 4922 562 4959 uum
593 4905 648 4959 in
685 4906 906 4960 saecula.
937 4906 1132 4959 Amen.

492 5067 610 5139 (50)
650 5065 789 5139 Cum
823 5081 927 5120 vox
979 5062 1347 5118 immaculata:
1391 5070 1445 5139 et
1476 5062 1650 5139 multo
1675 5061 1871 5139 magis
1907 5063 2013 5115 im-

426 5132 897 5201 maculatissimaa,
934 5151 1088 5204 atque
1138 5149 1204 5188 ac
1258 5150 1359 5187 vos
1388 5132 1721 5203 virginitatis
1750 5132 2015 5187 innocen-

424 5213 559 5265 tiam
594 5209 891 5278 quamdam
921 5220 1200 5275 nuuquam
1228 5205 1351 5278 labe
1384 5204 1634 5278 opposita
1664 5204 2011 5278 contamina-

424 5292 537 5335 tam
571 5271 750 5344 souet,
784 5271 1132 5348 perspicuum
1173 5285 1262 5348 est
1293 5274 1351 5329 S.
1379 5271 1704 5348 Joieplunn,
1728 5276 1867 5348 dum
1890 5273 2012 5348 Vir-

426 5354 607 5423 ginem
644 5345 893 5423 absolute
917 5345 1368 5423 rinimaculatant,
1406 5356 1571 5414 atque
1614 5345 2010 5423 immaculatis-

426 5416 622 5475 simam
656 5422 814 5474 toties
867 5418 1193 5480 nominavit,
1224 5416 1469 5470 voluisse
1531 5431 1811 5483 nunquam
1839 5416 2004 5469 ullam

419 5495 470 5545 ei
500 5493 833 5546 iuexstitisse
859 5490 1063 5560 peccati
1105 5488 1397 5560 maculam,
1421 5502 1484 5541 ac
1518 5486 1746 5555 proinde
1773 5501 1872 5540 nec
1897 5488 2008 5560 ori-

424 5564 661 5630 ginalem
695 5558 935 5630 quidem,
967 5575 1083 5626 qua:
1117 5559 1396 5612 teterrima
1430 5567 1512 5611 est
1548 5571 1709 5630 atque
1735 5558 2003 5630 mortalis.

426 5628 580 5685 Unde
618 5648 682 5685 ex
712 5628 838 5685 inea
863 5630 1165 5693 sententia,
1208 5644 1311 5682 non
1352 5632 1486 5681 bene
1534 5628 1725 5697 aliqui,
1762 5628 1855 5697 qui
1886 5628 2008 5682 Vir-

422 5705 603 5773 ginem
656 5704 873 5772 quidem
911 5713 1056 5758 recte
1103 5700 1210 5755 dici
1246 5699 1653 5754 immaculatam
1691 5699 2005 5763 admittunt,

2120 4738 2179 4774 σε
2216 4722 2599 4794 μακαρίζομεν
2636 4723 2865 4786 πιστῶς,
2898 4724 2993 4776 καὶ
3036 4723 3337 4793 δοξάζομεν
3394 4720 3611 4786 σεπτῶς
3636 4723 3695 4773 αι

2115 4810 2301 4879 γενεαὶ
2327 4813 2531 4880 γενεῶν
2568 4814 2648 4876 είς
2676 4813 2801 4877 τοὺς
2835 4813 3294 4885 αἰῶναςηἌμήν.

2113 5064 2527 5137 conceptionem
2560 5074 2741 5137 tamen
2790 5075 2989 5137 negant
3012 5066 3295 5123 dicendam
3322 5084 3447 5124 esse
3503 5073 3694 5124 imma-

2112 5135 2371 5215 culatam.
2407 5133 2540 5215 Nam
2582 5138 2629 5192 si
2659 5136 2829 5215 Virgo
2855 5133 2938 5190 est
2979 5140 3349 5215 immaculata,
3386 5156 3521 5215 ergo
3554 5158 3691 5215 nun-

2112 5221 2277 5275 quam
2310 5208 2591 5285 inquinata
2631 5216 2716 5261 est
2756 5208 2863 5261 ulla
2901 5211 3112 5285 macula
3151 5211 3315 5285 etiam
3351 5208 3603 5285 originali
3637 5212 3688 5263 in

2112 5280 2508 5357 conceptioue._
2564 5294 2690 5357 cum
2736 5280 3031 5357 conceptio
3081 5294 3193 5357 Anon
3244 5282 3312 5335 sit
3376 5284 3687 5351 subjectum

2112 5347 2343 5401 macula:
2376 5347 2681 5415 originalis,
2748 5350 2841 5402 sed
2884 5350 2953 5402 sit
2987 5352 3130 5403 actio
3183 5362 3407 5405 nectens
3448 5347 3687 5406 animam

2115 5419 2355 5490 corpori,
2414 5420 2498 5471 vel
2560 5420 2845 5487 utriusque
2909 5421 3062 5484 unio,
3132 5421 3183 5474 in
3239 5438 3343 5490 qua
3382 5438 3489 5477 non
3548 5425 3691 5475 cadit

2118 5488 2352 5553 macula,
2398 5490 2491 5543 sed
2543 5490 2595 5543 in
2644 5491 2904 5553 animam,
2970 5500 3131 5559 prout
3202 5488 3543 5547 substantem
3617 5495 3689 5545 illi

2116 5559 2321 5634 actioni
2367 5560 2448 5634 vel
2481 5562 2849 5627 conccptioni.
2888 5562 3019 5634 Vide
3045 5561 3114 5634 Ρ.
3146 5561 3509 5634 Theophilum
3554 5565 3692 5634 Bay-

2116 5630 2430 5703 naudumin
2449 5645 2609 5703 Opere
2632 5642 2956 5703 praenotato:
2978 5631 3167 5703 Pietas
3193 5630 3554 5702 Lugdunensis
3571 5630 3690 5703 ετρα

2118 5701 2521 5755 immaculatum
2562 5699 2640 5755 Β,
2694 5700 2923 5771 Virginis
2958 5699 3385 5773 Conceptionem.
