4038 6598
314 411 443 477 1381

1717 413 2075 474 MARIALE.

3423 421 3559 484 1382

2474 577 2705 589 ο--οι

1193 691 1549 752 EIUSDEM
1597 693 1659 753 S.
1701 693 2025 753 JOSEPHI
2073 694 2670 756 HYMNOGRAI’HI

1501 831 2190 925 THEOTOCIA
2267 818 2388 899 (δί)

1012 990 1161 1053 Sive
1207 987 1654 1050 Allecutioues
1700 988 1777 1050 ad
1826 990 2069 1051 beatam
2101 991 2433 1069 Virginem
2487 993 2847 1072 Deiparam.

622 1157 706 1211 Ex
733 1173 930 1211 canone
960 1156 1107 1224 ferite
1131 1171 1167 1209 ιι
1204 1154 1357 1209 hebd.
1392 1170 1427 1207 ιι
1455 1152 1557 1224 (α).

374 1255 513 1309 Cum
540 1251 820 1306 Christum
850 1265 914 1302 ex
943 1249 1178 1303 mortuis
1220 1248 1520 1309 secundum
1543 1260 1765 1300 carnem
1793 1260 1880 1300 re-

304 1354 616 1416 surgentem
660 1342 912 1405 vidisses,
939 1356 971 1395 ο
1005 1340 1098 1394 Dei
1149 1340 1403 1409 genitrix,
1436 1338 1732 1409 gaudebas.
1773 1337 1878 1391 Sed

304 1454 448 1494 nunc
484 1451 607 1493 eum
654 1433 849 1489 aﬁ'ectu
899 1434 964 1487 ad
1014 1443 1066 1485 te
1112 1432 1310 1495 clamo,
1347 1449 1379 1485 υ
1421 1442 1595 1495 casta,
1640 1430 1880 1499 gratula-

294 1531 633 1605 bundus,'ut
680 1526 934 1580 eumdem
987 1524 1296 1593 depreceris
1345 1531 1404 1576 ut
1441 1522 1572 1575 mihi
1616 1524 1881 1577 concedat

305 1622 359 1675 in
392 1621 575 1675 futuro
619 1618 821 1673 sarculo
871 1618 1110 1670 divinam
1158 1624 1307 1669 tuam
1349 1614 1766 1669 advocationem
1814 1630 1879 1670 ac

302 1712 673 1785 patrocinium
707 1710 966 1780 reperire.

374 1804 430 1859 In
460 1805 602 1859 ulnis
626 1803 807 1858 ferens
833 1802 1110 1857 Christum
1132 1815 1196 1855 ex
1218 1809 1267 1855 te
1293 1808 1663 1870 corporatum,
1691 1798 1876 1867 Virgo,

300 1900 479 1970 ipsum
516 1912 644 1968 roga
677 1896 899 1950 utulnis
926 1910 1012 1948 me
1051 1893 1271 1963 colligat
1297 1907 1442 1945 nunc
1480 1900 1751 1945 errantcm
1786 1905 1880 1960 per

298 1991 484 2045 omnia
514 1989 745 2058 abrupta
788 1988 932 2051 vitae,
973 2002 1037 2041 ac
1066 1986 1269 2057 passim
1298 1984 1546 2055 quotidie
1588 1999 1683 2054 per
1710 1983 1880 2053 negli-

298 2083 538 2154 gentiam
577 2081 961 2136 olfensautem.

366 2173 528 2244 323
573 2172 923 2241 Obstupescit
959 2170 1248 2225 universus
1289 2167 1462 2235 orbis,
1505 2167 1757 2229 Domina,
1810 2166 1876 2221 ad

297 2265 630 2336 cogitatione
665 2264 919 2334 superius
974 2263 1296 2333 mysterium
1349 2270 1539 2331 partus
1572 2260 1672 2315 tui.
1722 2258 1878 2313 Paris

296 2358 441 2412 enim
464 2355 871 2410 Emmanuelem
892 2369 1017 2409 vere
1036 2353 1201 2408 Deum
1223 2352 1724 2407 immaculatissima
1740 2352 1873 2422 (52),

296 2447 661 2515 eumdemque
705 2453 924 2514 propter
976 2459 1078 2499 nos
1109 2444 1403 2510 hominem,
1438 2444 1531 2513 qui
1562 2458 1725 2498 cruce
1775 2457 1875 2498 sua

298 2539 463 2594 solvit
506 2537 847 2608 tyrannidem
885 2536 1098 2591 mortis.

639 2626 721 2681 Ex
755 2643 951 2681 canone
981 2626 1129 2694 feriae
1162 2639 1221 2680 ιιι
1253 2624 1403 2682 Iiebd.
1440 2644 1498 2682 it.

366 2721 411 2775 Ο
455 2720 745 2775 miracula!
779 2733 812 2772 ο
867 2728 1091 2788 stupore
1137 2720 1355 2788 plenum
1404 2718 1689 2772 nuntium!
1718 2716 1869 2774 Paris

296 2814 442 2869 enim
474 2828 638 2869 carne
663 2812 855 2876 Deum,
880 2811 972 2881 qui
994 2810 1155 2866 solvit
1179 2811 1366 2865 mortis
1391 2811 1626 2875 vincula,
1653 2821 1705 2864 et
1742 2826 1867 2864 cor-

298 2907 550 2977 ruptione
578 2905 827 2961 homines
854 2903 1130 2970 liberavit,
1168 2903 1331 2975 Virgo
1361 2905 1502 2973 apud
1536 2901 1706 2957 Deum
1747 2918 1870 2971 gra-

300 3001 620 3056 tiosissima.

368 3090 502 3148 Viso
530 3106 689 3161 quem
712 3089 969 3161 peperisti
999 3088 1108 3144 Deo
1138 3103 1261 3143 cum
1296 3097 1601 3157 resurgeret
1623 3104 1687 3142 ex
1720 3103 1869 3142 mor-

300 3186 433 3249 tuis,
467 3185 769 3256 apparuisti
814 3182 1013 3255 gaudio
1045 3182 1226 3252 plena,
1274 3180 1435 3251 Virgo
1466 3179 1632 3235 Maria
1667 3198 1680 3235 :
1712 3180 1867 3235 illum

370 3326 585 3398 (5t).ln
640 3333 952 3398 pervetusto
996 3324 1193 3398 codice
1223 3322 1871 3398 pergamenaceoAGrazce

298 3392 402 3455 ms.
427 3392 788 3454 celeberrimae
806 3395 1142 3451 bibliothecae
1160 3392 1465 3449 Bai-bei-inze
1497 3411 1553 3447 n.
1584 3395 1705 3457 118,
1732 3411 1872 3463 pra:-

300 3480 380 3524 ter
411 3470 689 3524 'l‘riodium
723 3468 810 3535 (de
837 3482 945 3534 quo
967 3480 1129 3532 supra
1161 3463 1422 3535 diximus)
1470 3480 1499 3518 a
1531 3480 1652 3535 pag.
1681 3466 1789 3518 217
1818 3476 1873 3521 et

298 3542 576 3609 deinceps,
626 3547 804 3609 exstat
834 3535 975 3609 aliud
1020 3534 1329 3609 Triodiuni,
1368 3534 1528 3609 Aquod
1568 3534 1761 3609 incipit
1803 3538 1872 3593 ab

299 3604 851 3678 Antipa'schatejseu
881 3606 949 3659 ab
977 3616 1180 3678 octava
1206 3604 1470 3678 __l’_asclue,
1528 3604 1784 3678 nimii-inn
1838 3623 1869 3662 a

300 3673 495 3735 feria-2
548 3688 669 3749 post
702 3673 1038 3749 Dominicam
1074 3676 1126 3729 in
1156 3673 1330 3739 Albis)
1377 3691 1563 3749 usque
1580 3676 1646 3730 ad
1680 3674 1869 3731 Domi-

1904 1164 1948 1220 Α
1980 1155 2145 1225 igitur
2177 1171 2295 1221 ora,
2329 1158 2514 1228 Virgo.
2557 1169 2615 1214 ut
2645 1177 2709 1215 ex
2746 1163 2910 1218 corde
2953 1176 3144 1221 nostro
3169 1167 3410 1224 dolorem
3464 1186 3557 1241 pe-

1982 1249 2129 1301 nitus
2162 1262 2379 1302 omnem
2418 1250 2713 1321 abstergat.

2052 1338 2260 1394 Lumen
2321 1342 2668 1398 inocciduum
2720 1346 3010 1414 splendens
3049 1365 3115 1404 ex
3150 1353 3379 1407 mortuis
3430 1370 3553 1409 cum

1985 1431 2244 1496 vidisses,
2276 1436 2474 1503 gaudio
2506 1437 2707 1505 repleta
2736 1454 2796 1493 es
2829 1455 3047 1511 magno,
3077 1452 3129 1496 et
3159 1448 3447 1513 congavisa
3472 1463 3554 1511 es,

1989 1521 2175 1591 Virgo,
2214 1527 2582 1581 sanctissimis
2620 1528 2929 1599 discipulis,
2982 1550 3106 1588 cum
3147 1538 3348 1607 quilms
3396 1543 3555 1595 nobis

1982 1614 2211 1684 impetra
2269 1619 2647 1675 remissionem
2710 1623 3189 1683 inmimcrabilium
3248 1632 3553 1701 culparum,

1980 1706 2206 1777 Deipara
2247 1711 2410 1764 tutela
2446 1711 2707 1767 ﬁdelium.

2328 1799 2411 1852 Ea:
2445 1818 2642 1856 canone
2672 1803 2822 1872 feria:
2851 1822 2901 1860 tv
2937 1808 3089 1863 hebd.
3126 1827 3186 1865 ll.

2053 1887 2308 1959 Spectata
2338 1906 2396 1945 es
2439 1893 2693 1961 superior
2726 1896 2954 1963 angelis,
2982 1914 3107 1954 cum
3159 1898 3324 1956 Deum
3361 1918 3555 1973 corpo-

1980 1994 2160 2035 rasses
2202 1982 2525 2035 cruciﬁxum
2574 1985 2873 2053 sepultum,
2915 1998 2970 2042 et
3025 1993 3257 2045 mortuis
3300 1992 3551 2046 incorru-

1979 2075 2245 2142 ptionem,
2276 2091 2308 2126 o
2345 2076 2527 2147 Virgo,
2566 2077 2925 2146 largientem:
2962 2080 3132 2147 Quem
3172 2085 3464 2153 deprecare
3498 2095 3554 2139 ut

1980 2174 2158 2220 servet
2183 2181 2282 2221 nos
2306 2168 2585 2223 laudantes
2609 2178 2679 2226 te.

2052 2257 2376 2312 Mortiﬁcate
2420 2268 2564 2326 tuus,
2605 2277 2638 2314 ο
2685 2260 2870 2332 Virgo,
2921 2261 3091 2319 Filius
3138 2264 3370 2329 inferno,
3408 2270 3551 2322 sicut

1978 2350 2321 2419 praedixerat,
2352 2367 2380 2405 e
2413 2354 2641 2408 mortuis
2670 2355 2928 2409 surrexit.
2964 2356 3117 2410 Illum
3144 2373 3261 2425 ora,
3289 2369 3394 2413 uta
3428 2375 3552 2429 pec-

1977 2442 2082 2495 cati
2154 2451 2209 2496 et
2259 2444 2508 2513 supplicii
2554 2446 2792 2515 pernicie
2823 2447 3012 2503 liberet
3055 2464 3245 2503 omnes
3276 2452 3367 2520 qui
3402 2454 3467 2505 ad
3501 2460 3551 2505 te

1979 2534 2031 2588 in
2064 2534 2169 2589 ﬁde
2202 2536 2461 2591 clamant.
3510 2540 3511 2543 “

2050 2627 2423 2684 ιωιίεείωιιιιι
2474 2639 2669 2693 totum,
2720 2629 2894 2685 forma
2944 2632 3447 2703 incomparabilem,
3496 2647 3554 2689 ut

1979 2720 2188 2791 Sponsa
2238 2723 2576 2792 conspicata,
2632 2722 2799 2792 Virgo
2854 2740 2884 2778 e
2949 2727 3140 2779 tumuli
3202 2727 3444 2781 thalamo
3495 2730 3548 2782 in

1976 2830 2139 2869 carne
2183 2818 2590 2885 procedentem,
2620 2814 2822 2885 gaudio
2860 2819 3063 2886 repleta
3100 2835 3176 2873 cs.
3211 2819 3383 2886 Quem
3417 2839 3549 2892 sup-

1978 2907 2118 2976 plica
2154 2916 2211 2961 ut
2241 2909 2594 2976 corruptione
2629 2925 2693 2963 ac
2716 2924 2875 2978 poena
2902 2926 3002 2965 nos
3034 2911 3249 2967 liberet.

2221 2999 2384 3071 324
2420 2999 2502 3053 δατ
2532 3016 2734 3055 canone
2776 3003 2925 3070 feria:
2961 3018 2989 3055 ν
3019 3002 3171 3056 ltcbd.
3209 3020 3289 3058 ιι.ο

2058 3091 2159 3157 Qui
2195 3101 2247 3146 te
2301 3102 2357 3147 ut
2409 3093 2667 3163 templum
2719 3095 3153 3163 pulcherrimum
3179 3096 3419 3150 condidit
3458 3096 3550 3153 Je-

1980 3199 2076 3240 sus
2108 3184 2244 3256 (55),
2274 3183 2385 3238 [lex
2421 3185 2716 3252 maximus,
2736 3186 3069 3242 descendens
3091 3187 3142 3241 in
3167 3186 3370 3244 inferos
3397 3198 3548 3245 tene-

1979 3327 2223 3400 hendat:
2292 3328 2607 3400 frequenter
2653 3330 3018 3400 tamenidem
3048 3328 3320 3400 Joscphus
3374 3331 3546 3400 ipsam

1980 3399 2039 3453 It.
2073 3398 2351 3470 Virginem
2388 3398 2552 3456 etiam
2610 3399 3129 3456 immaculatissimze
3163 3398 3319 3455 titulo
3362 3398 3549 3470 appel-

1980 3469 2226 3542 lavit,Aut
2256 3473 2542 3541 perspicue
2593 3472 2943 3542 intelligatur,
2975 3473 3224 3525 eamdem
3260 3471 3320 3525 Β.
3364 3469 3546 3540 Virgi-

1976 3555 2101 3594 nem
2126 3538 2297 3595 luisse
2329 3538 2562 3596 in'omni
2591 3538 2791 3611 genere
2816 3557 3027 3611 puram,
3057 3557 3119 3597 ac
3148 3557 3365 3596 omnem
3396 3538 3550 3611 puri-

1976 3616 2143 3683 tatem
2211 3612 2524 3680 possibilem
2612 3613 2891 3683 attigisse,
2958 3627 3123 3680 quam
3205 3628 3546 3682 nequaquam

1977 3680 2264 3752 attingere,
2310 3684 2355 3738 si
2417 3680 2787 3751 impuritatem
2842 3683 3162 3752 originalem
3213 3680 3546 3737 adlnlSlSSt'l.

300 3753 479 3805 nicani
526 3746 768 3822 omnium
797 3746 1146 3805 Sanctorum.
1183 3761 1303 3814 quae
1343 3750 1488 3822 apud
1524 3746 1742 3822 Graecos
1787 3746 1945 3809 estC
1980 3746 2445 3808 Huic'Matthaeus
2472 3746 2885 3807 Cantacuzenus
2932 3746 3229 3822 imperator
3284 3754 3336 3805 in
3367 3754 3549 3805 Canti-

301 3823 472 3892 prima
514 3830 633 3888 post
658 3817 1058 3882 Pentecostem,
1098 3832 1225 3892 cum
1274 3831 1371 3892 sua
1407 3816 1741 3892 hebdomada
1775 3835 1873 3892 se-

299 3886 484 3961 quenti
509 3886 523 3944 ἑ
551 3900 1005 3961 θιλρνιθιυτιιυθιιι
1041 3886 1268 3961 quod_in_
1306 3886 1618 3961 ips_o_titu_lo
1654 3888 1874 3961 praefert

300 3954 575 4016 auctorem
623 3954 938 4027 Josephuin.
967 3973 1140 4011 canon
1176 3954 1338 4027 ferite
1374 3956 1406 4027 2
1440 3954 1789 4027 hebdomadis
1816 3960 1872 4021 2,

303 4039 443 4086 hanc
468 4031 627 4086 habet
666 4024 1086 4085 accestiehidem
1117 4043 1131 4079 :
1172 4024 1329 4079 Canit
1354 4025 1473 4096 ista
1511 4024 1727 4096 Josepli.
1759 4025 1875 4082 Hoc

302 4104 579 4156 'l‘riodinm
612 4102 774 4171 (quod
830 4113 1093 4171 tanquam
1140 4094 1606 4171 pretiosissimum
1640 4094 1872 4171 thesau-

301 4189 421 4227 rum
456 4172 587 4226 mihi
620 4167 821 4225 detexit
856 4174 933 4223 vir
966 4168 1325 4227 eiarissimus,
1358 4181 1389 4219 a
1417 4181 1503 4221 me
1535 4167 1693 4230 alias,
1748 4167 1872 4221 licet

304 4258 411 4296 non
446 4257 543 4305 pro
571 4242 801 4305 meritis,
830 4241 1076 4294 laudatus
1113 4237 1219 4291 Leo
1248 4235 1483 4291 Allatius
1508 4246 1563 4290 et
1603 4235 1666 4292 Ι).
1700 4234 1873 4291 Caro-

303 4316 386 4367 lus
422 4305 701 4377 Mor-onus,
756 4307 1172 4366 eminentissimi
1200 4306 1260 4359 D.
1283 4305 1560 4362 Francisei
1590 4306 1869 4363 Barberini

306 4385 367 4439 S.
412 4383 476 4438 ll.
512 4384 571 4436 Ε.
598 4382 887 4438 cardinalis
919 4381 1032 4435 vice
1052 4377 1361 4433 cancellarii
1395 4377 1869 4445 bibliothecarius,

303 4458 385 4507 vir
413 4453 850 4519 eruditissinuis,
878 4462 930 4505 et
960 4467 1065 4503 non
1091 4449 1263 4503 solum
1294 4449 1360 4501 de
1389 4464 1495 4515 me,
1525 4450 1617 4504 sed
1654 4450 1722 4503 de
1746 4448 1868 4516 plu-

310 4525 421 4579 mis
459 4525 777 4578 homiuibus
801 4522 1030 4575 eruditis
1060 4520 1262 4589 optime
1286 4520 1535 4583 meritus,
1558 4530 1610 4574 et
1634 4535 1867 4584 merens,

304 4595 439 4649 milii
481 4595 875 4649 humanissime
912 4590 1357 4655 communicavit)
1393 4602 1586 4656 praeter
1629 4607 1869 4645 canones

303 4667 467 4719 trium
515 4666 737 4719 odarttm
776 4664 852 4734 (a
898 4662 1097 4731 quibus
1132 4658 1413 4734 Triodium
1442 4660 1871 4730 deuominatur),

304 4738 466 4790 habet
522 4737 683 4789 etiam
727 4729 965 4787 ca'nones
999 4730 1316 4791 tetraodios,
1364 4729 1416 4783 id
1476 4742 1561 4784 est
1609 4729 1865 4799 quatuor,

303 4823 370 4860 ne
400 4822 638 4862 canones
686 4806 943 4874 integros,
985 4817 1176 4857 novem
1228 4801 1480 4855 odarum.
1532 4799 1597 4874 ιει
1637 4803 1777 4874 licet
1813 4802 1864 4854 in

302 4892 369 4930 co
398 4880 645 4946 quaedam
677 4870 953 4931 sint'lolia
1013 4873 1277 4946 abscissa,
1309 4884 1472 4939 atque
1502 4870 1699 4946 alicubi
1733 4872 1866 4946 cliaf

302 4940 480 5001 raeter
513 4949 583 5001 ob
612 4946 987 5015 antiquitatem
1030 4945 1101 4997 ita
1136 4954 1509 5009 consumptus.
1541 4951 1600 4995 ut
1644 4942 1729 4995 vix
1766 4940 1867 5015 legi

302 5019 495 5086 possit,
527 5014 837 5071 Theotociis
868 5025 1070 5075 tamen,
1103 5030 1222 5082 qua:
1247 5021 1643 5078 remanserunt,
1678 5024 1732 5066 et
1762 5014 1863 5086 legi

301 5084 614 5156 potuerunt,
653 5087 929 5141 Lectorein
972 5086 1208 5139 lraudari
1252 5100 1355 5156 non
1383 5099 1501 5138 sum
1524 5099 1741 5153 passus,
1772 5084 1864 5137 sed

1978 3838 2102 3875 cum
2162 3822 2499 3877 canticorum
2553 3824 2783 3877 lirmiter
2841 3822 3126 3876 alliaereus
3185 3821 3245 3876 Β.
3307 3823 3543 3890 Virginis

1982 3891 2131 3943 totali
2186 3893 2407 3956 puritati
2452 3890 2625 3959 Super
2680 3892 3110 3953 immaculatum,
3153 3890 3309 3960 quasi
3366 3891 3549 3946 dieere

1976 3960 2207 4014 voluerit
2247 3961 2556 4015 ascendisse
2613 3976 2775 4028 supra
2807 3977 3024 4014 omnem
3075 3963 3360 4029 puritatem
3393 3977 3548 4014 crea-

1977 4039 2109 4101 tam,
2161 4031 2341 4086 adhuc
2376 4033 2518 4101 ultra
2573 4030 2843 4101 justitiam
2913 4032 3073 4084 etiam
3131 4030 3471 4095 originalem,
3498 4033 3544 4084 si

1976 4100 2088 4170 ﬁeri
2147 4111 2347 4170 posset.
2410 4100 2585 4155 Favet
2627 4102 2684 4155 S.
2718 4102 3045 4155 Eustarhius
3088 4101 3459 4155 Antiochenus
3494 4103 3546 4154 in

1973 4167 2375 4235 Hexaenteron,
2408 4174 2535 4225 dum
2580 4173 2651 4225 ibi
2712 4170 2985 4240 Virginem
3016 4171 3252 4240 appellat
3282 4172 3545 4224 Acrantos

1974 4256 2095 4308 quae
2121 4240 2286 4295 dictio
2340 4252 2426 4296 est
2458 4243 2622 4296 totius
2676 4242 2927 4311 puritatis
2973 4258 3038 4296 ac
3092 4242 3270 4295 omnis
3322 4242 3548 4295 macqu

1973 4312 2306 4365 exclusionis
2337 4311 2721 4381 signiﬁcativa.
2770 4313 3112 4381 Quapropter
3161 4313 3241 4363 vir
3290 4312 3548 4365 eruditis—

1974 4382 2152 4451 simus
2188 4381 2295 4435 Leo
2314 4383 2546 4436 Allatius
2571 4383 2691 4451 ejus
2751 4384 3019 4449 interpres
3051 4391 3105 4435 et
3149 4390 3547 4435 commentator

1972 4450 2104 4505 dicit
2133 4454 2277 4520 quod
2328 4450 2618 4521 signiﬁcat,
2647 4455 2788 4522 quod
2847 4452 2979 4505 Tota
3020 4451 3241 4522 pulchra
3296 4460 3394 4522 est,
3426 4468 3547 4522 inec

1972 4519 2162 4574 ultumi
2222 4519 2461 4575 admittit
2534 4519 2746 4576 omnino
2822 4521 3111 4576 maculam.
3175 4521 3241 4575 Et
3310 4519 3545 4574 Lexicou

1974 4592 2360 4661 locupletatum
2393 4609 2420 4646 a
2442 4592 2623 4647 Budeo
2650 4594 2822 4656 ducit,
2853 4595 2996 4661 quod
3032 4592 3337 4662 signiﬁcat:
3378 4590 3545 4662 i\'_nlla

1971 4659 2218 4731 aspersus
2278 4666 2512 4729 macula,
2591 4664 2749 4717 nulla
2808 4659 3050 4717 labccula
3091 4659 3338 4715 notatus.
3415 4659 3545 4716 Vide

1971 4729 2444 4805 Ni'erembergium
2474 4736 2527 4790 in
2553 4733 2981 4806 Excoptienibus
3004 4750 3125 4804 cap.
3151 4733 3181 4788 6
3204 4743 3256 4788 et
3289 4732 3379 4787 15.

2048 4870 2183 4940 (53).
2213 4871 2270 4925 Si
2296 4871 2355 4929 Β.
2397 4871 2562 4942 Virgo
2613 4882 2669 4926 ut
2736 4872 2993 4940 iemplum
3052 4870 3479 4942 pulcherrimum
3514 4886 3545 4922 a

1970 4941 2079 4995 Deo
2124 4954 2207 4995 est
2260 4941 2514 5002 condita,
2564 4943 2713 4995 nullo
2760 4954 2921 5011 pacto
3003 4944 3131 4994 dum
3192 4941 3544 4999 eiinderetur,

1971 5012 2105 5065 idest
2155 5012 2283 5065 dum
2314 5014 2713 5081 conciperetur,
2745 5010 3017 5066 Contraxit
3062 5010 3323 5081 originale
3355 5025 3547 5081 pecca-

1972 5093 2110 5142 tum,
2150 5083 2424 5149 quodnon
2480 5080 2669 5136 solum
2729 5096 2945 5136 omnem
3007 5092 3221 5134 amovet
3256 5080 3325 5134 ab
3359 5080 3544 5133 anima

300 5151 388 5221 ea,
418 5168 473 5211 ut
511 5158 773 5211 Marianis
805 5156 1107 5211 cultoribus
1153 5155 1492 5223 prodessent,
1526 5151 1623 5209 ἐχ
1668 5156 1867 5223 praedi-
1904 5153 1945 5207 Ι)
1974 5152 2451 5223 pulchritudinem,
2485 5152 2577 5205 sed
2603 5152 2985 5223 eamﬂmacula
3054 5151 3229 5223 inﬁcit
3260 5161 3425 5223 atque
3449 5152 3546 5223 de-

302 5239 406 5281 ctis
462 5230 766 5283 cauonihus
820 5228 1048 5280 ﬁdeliter
1106 5238 1376 5293 excerpta,
1455 5235 1511 5279 et
1574 5225 1768 5293 partim
1838 5239 1868 5275 a

303 5298 361 5351 Ρ.
382 5300 542 5353 Petro
573 5298 803 5352 Possino
835 5311 951 5352 sec.
974 5294 1099 5349 Jesu
1134 5296 1381 5363 theologo
1414 5296 1529 5348 viro
1552 5295 1870 5349 doctissimo

304 5386 367 5422 ac
405 5371 796 5430 eruditissimo,
822 5370 1015 5436 partim
1060 5381 1186 5419 vero
1215 5382 1243 5419 a
1264 5364 1340 5436 _P.
1362 5364 1637 5420 Ludovico
1660 5363 1871 5418 Marac»

301 5440 390 5494 cie
437 5440 604 5495 fratre
661 5455 799 5503 meo,
824 5434 902 5491 Vde
933 5437 1122 5491 (ἓνεκςο
1156 5440 1207 5489 in
1260 5434 1509 5488 Latinum
1559 5450 1865 5490 sermonem

306 5514 593 5574 translata,
634 5526 797 5579 supra
823 5509 874 5562 iu
907 5507 1011 5562 hoc
1036 5522 1197 5575 opere
1227 5506 1446 5560 exhibui
1476 5522 1490 5559 :

377 5581 513 5649 (52).
580 5573 725 5633 Licet
773 5594 870 5633 vox
923 5573 1292 5639 immaculata,
1345 5576 1641 5649 saepissime
1699 5591 1728 5628 a
1776 5573 1870 5629 Jo-

307 5648 478 5721 seplio
510 5664 694 5705 nostro
721 5650 777 5703 Β.
814 5650 1016 5719 Virgini
1052 5650 1271 5721 tributa,
1303 5657 1357 5721 et
1399 5648 1539 5716 quod
1576 5648 1857 5721 sitaiega-

306 5716 434 5785 tiva,
504 5734 555 5777 et
638 5722 790 5790 juxta
871 5716 984 5776 suae
1055 5719 1469 5790 signiﬁcationis
1534 5716 1867 5785 amplexum,

308 5796 473 5847 totius
497 5810 559 5847 ac
588 5793 874 5860 cujuslibet
902 5794 1127 5845 macula:
1188 5791 1483 5844 carentium
1513 5792 1869 5855 comprehen-

1977 5218 2175 5290 turpat.
2204 5221 2341 5276 lline
2366 5220 2605 5277 Thomas
2626 5222 2694 5276 de
2723 5220 2944 5291 Kempis
2974 5238 3139 5275 scrin.
3161 5221 3233 5274 25
3286 5218 3351 5273 ad
3385 5218 3547 5273 Novi-

1980 5293 2189 5361 tiosiait
2231 5310 2244 5345 :
2289 5314 2305 5344 ε
2375 5293 2668 5361 Spirituale
2714 5291 2806 5346 Dei
2856 5292 3165 5361 Templum,
3246 5292 3390 5357 quod
3462 5298 3546 5361 est

1972 5362 2030 5416 Β.
2073 5360 2235 5433 Virgo
2265 5360 2432 5417 Maria
2460 5363 2529 5417 ab
2588 5363 2736 5417 omni
2791 5363 2911 5418 labe
2962 5360 3120 5431 pura.
3156 5375 3319 5430 supra
3361 5360 3549 5433 omnia

1975 5430 2515 5500 templa'sanctorum
2550 5436 2815 5502 praenitet.
2857 5453 2873 5484 ›
2916 5430 3018 5487 Sed
3067 5433 3269 5501 Optime
3300 5433 3359 5484 S.
3409 5430 3544 5502 Gre-

1974 5505 2162 5572 goritts
2194 5501 2569 5559 Nazianzenus
2615 5504 2668 5557 in
2700 5503 2870 5573 Epist.
2906 5505 2970 5557 ad
3024 5503 3360 5566 Nemesium,
3414 5501 3547 5553 dum

1974 5574 2149 5643 inquit
2186 5594 2198 5629 :
2239 5595 2279 5647 (ί
2325 5576 2380 5629 1η
2415 5578 2709 5629 multorum
2776 5576 3055 5628 hominum
3108 5589 3203 5647 ore
3255 5574 3342 5626 hic
3365 5586 3549 5647 seriae

1974 5640 2237 5710 versatur,
2265 5646 2434 5700 Deum
2456 5647 2755 5708 hominem,
2789 5647 2838 5698 id
2865 5654 2971 5711 est,
2998 5644 3299 5707 Christum,
3321 5660 3384 5694 ex
3420 5640 3540 5692 Vir-

1973 5717 2112 5786 ginis
2138 5719 2260 5771 siuu
2287 5725 2468 5771 ortum
2495 5732 2637 5782 esse,
2665 5732 2848 5786 quem,
2878 5716 2930 5769 id
2968 5726 3047 5769 est
3078 5716 3256 5769 sinum
3282 5712 3547 5781 Virginis,

1974 5790 2210 5857 Spiritus
2241 5799 2486 5852 sanctus,
2528 5805 2648 5842 cum
2680 5788 2768 5842 Uei
2796 5788 2975 5857 magni
3006 5786 3206 5857 templo
3251 5797 3546 5852 coagmen-

369 5908 442 5973 (a)
478 5906 571 5956 llic
592 5918 763 5967 canon,
789 5912 842 5957 ut
866 5906 948 5954 alii
974 5905 1097 5954 intra
1129 5903 1374 5965 nonnulli,
1402 5903 1569 5953 Grece
1592 5914 1688 5949 non
1714 5906 1875 5951 exstat
1898 5902 1946 5952 in
1982 5902 2352 5954 Pentecostario
2374 5905 2671 5955 Graecorum.
