4038 6640
373 444 511 507 1385

1847 435 2213 499 MARIALE.

3482 433 3619 502 1386

367 556 735 625 lnopinatum,
776 552 939 624 325
984 561 1039 608 et
1099 550 1368 608 inellabile
1420 549 1786 607 miraculum!
1840 551 1945 609 Ubi
1974 567 2017 625 Α
2070 578 2073 579 ν
2123 552 2330 623 Expers
2356 561 2564 608 natum
2592 553 2792 625 legum,
2820 561 2875 609 et
2903 560 3143 610 matrum
3174 566 3337 609 usum
3368 552 3619 608 nesciens

363 647 507 701 enim
535 645 682 700 Deus
715 648 850 710 vult,
880 648 1046 699 vincit
1070 645 1315 699 ordinem
1355 655 1585 698 naturae.

433 738 791 793 Celebramus
819 748 869 793 te
891 738 1205 792 mortalium
1238 752 1407 808 genus
1436 745 1494 792 ut
1518 736 1763 792 omnium
1797 733 1945 791 salu—

368 841 502 896 tent,
529 847 561 884 ο
598 830 1057 887 Laudabilissima
1088 829 1223 900 (56),
1253 833 1318 884 ad
1355 828 1521 883 vitam
1556 828 1817 883 revocati.
1844 827 1948 882 Per

368 932 422 975 te
452 923 724 991 siquidem
775 937 967 976 omnes
1008 919 1407 975 maledictionis
1447 919 1637 975 mortis
1674 920 1949 975 liberatio-

362 1029 485 1067 nem
518 1015 661 1068 nacti
687 1029 898 1069 sumus.

359 1108 459 1159 Ἐκ
489 1107 595 1159 τοῦ
620 1109 891 1172 Κανόνος
936 1104 1046 1173 τῆς
1073 1104 1373 1174 Κυριακῆς
1395 1104 1477 1169 β’,
1508 1103 1627 1157 ἀπὸ
1659 1104 1765 1157 τοῦ
1820 1103 1941 1174 Hd:

433 1193 560 1245 σχα
591 1192 606 1207 ο
664 1176 781 1229 τῶν
839 1172 1022 1245 ἁγίων
1071 1172 1372 1246 γυίτιικών
1419 1176 1797 1245 μυροφόρων,
1843 1172 1942 1227 καὶ

433 1246 663 1315 Ἰωσὴφ
691 1246 795 1301 τοῦ
827 1246 1085 1304 δικαίου.

434 1357 546 1426 Τὴν
572 1357 806 1427 ἀρχαίαν
840 1355 981 1429 ἀρὰν
1005 1358 1061 1410 ὲν
1097 1355 1295 1427 γαστρί
1332 1372 1424 1409 σου
1458 1354 1687 1420 λύσασα,
1738 1356 1934 1425 σεμνὴ,

366 1448 781 1518 ἀνεϐλάστησας
808 1452 939 1520 ἡμῖν
966 1449 1064 1519 τὴν
1118 1449 1391 1517 εὐλογίαν,
1428 1448 1627 1520 βρέφος
1658 1448 1892 1501 τεκοῦσα
1924 1464 1937 1478 ·

360 1533 516 1605 οὗτος
543 1542 651 1612 γὰρ
677 1542 811 1606 Θεός
833 1544 973 1608 ἐστι,
994 1540 1091 1595 καὶ
1118 1541 1295 1612 σάρκα
1323 1543 1496 1612 φορεῖ.

431 1729 700 1801 Μακαρία
726 1725 795 1793 εἴ,
824 1730 1020 1801 σεμνὴ,
1061 1731 1095 1799 ἡ
1124 1731 1188 1784 ἐκ
1226 1727 1383 1801 ῥίζης
1428 1730 1646 1795 Ἰεσσαὶ,
1702 1728 1762 1793 ἐξ
1807 1722 1874 1799 ἧς
1909 1729 1941 1799 ἡ

359 1820 559 1888 ῥάϐδος
583 1821 678 1874 καὶ
708 1820 767 1873 τὸ
796 1821 956 1885 ἄνθος
987 1823 1015 1874 ὀ
1040 1822 1274 1893 Χριστὸς
1299 1822 1440 1875 κατὰ
1472 1825 1654 1893 σάρκα
1697 1821 1766 1873 δι’
1789 1821 1941 1892 ἡμᾶς

361 1911 851 1982 ἀναϐλαστῆσασα.

2044 642 2304 714 peperisti
2368 645 2538 699 lilium
2592 646 2713 700 sine
2769 646 2973 710 dolore.
3006 644 3192 716 Virgo,
3228 644 3321 714 qui
3374 653 3425 699 te
3454 659 3619 699 manu

2045 754 2142 819 sua
2186 738 2239 792 in
2269 738 2458 793 matris
2492 746 2646 793 utero
2679 737 2953 793 formavit.
2987 735 3143 793 Unde
3174 750 3367 790 omnes
3398 749 3621 806 genera-

2045 832 2224 886 tiones
2259 832 2454 886 merito
2502 831 2790 887 laudantes
2824 839 2876 888 te
2910 845 3124 899 semper
3157 829 3373 885 beatam
3424 829 3620 898 praedi-

2046 931 2194 978 cant.

2052 1106 2136 1159 Ea:
2164 1122 2361 1159 canone
2388 1105 2675 1161 Dominich
2702 1108 2945 1161 secunda:
2967 1117 3083 1175 post
3106 1108 3448 1175 Antipascha.
3482 1106 3621 1162 San-

2121 1188 2331 1258 ctarum
2372 1177 2648 1231 mulierum
2678 1188 2945 1249 unguenta
2980 1179 3280 1248 ferentium,
3314 1188 3364 1231 et
3407 1177 3624 1247 Joseplti

2109 1258 2266 1316 Iusti.

2115 1355 2408 1426 Antiquam
2430 1357 2865 1413 maledictionem
2900 1358 2953 1411 in
2978 1368 3070 1412 tuo
3091 1365 3280 1412 ventre
3311 1356 3552 1421 solvens,
3587 1373 3620 1412 ο

2044 1450 2373 1515 veneranda,
2421 1451 2741 1520 germinasti
2786 1450 2946 1506 nobis
2980 1450 3412 1506 benedictionem
3461 1450 3623 1505 Chri-

2047 1552 2192 1598 stum
2248 1545 2485 1612 pariens.
2520 1544 2621 1599 Hic
2661 1543 2808 1599 enim
2853 1542 2997 1600 Deus
3023 1552 3126 1609 est,
3158 1553 3213 1599 et
3260 1558 3480 1599 carnem
3528 1556 3595 1612 ge

2044 1645 2173 1692 stat.

2113 1728 2274 1784 Beata
2337 1740 2388 1785 ct
2441 1730 2770 1785 venerabilis
2814 1745 2879 1784 ex
2938 1716 3120 1786 radice
3170 1729 3345 1797 Jesse,
3395 1744 3463 1785 ex
3513 1742 3620 1798 qua

2047 1822 2220 1893 virga,
2242 1831 2295 1875 et
2313 1821 2412 1877 llos
2438 1822 2695 1879 Christus
2718 1823 3018 1878 secundum
3037 1837 3258 1879 carnem
3277 1830 3495 1892 prepter
3521 1834 3622 1875 nos

2042 1915 2387 1984 germinavit.

430 2005 697 2075 Magnalia
733 2007 846 2077 (57)
880 2015 993 2071 tua,
1016 2022 1048 2061 ο
1082 2007 1534 2069 incontaminata.
1565 2008 1689 2078 quis
1716 2007 2013 2074 praedicare
2056 2008 2323 2063 sulliciet?
2370 2007 2504 2076 Quis
2561 2010 2708 2066 dicat
2737 2010 3131 2080 terrigenarum
3188 2019 3248 2065 ut
3304 2008 3619 2064 Creatorem

358 2101 677 2171 conceperis
708 2102 1083 2172 corruptionis
1115 2118 1332 2174 expers,
1374 2104 1674 2159 solventem
1711 2102 1928 2158 vincula
1961 2104 2256 2160 multorum
2324 2102 2660 2160 criminum?
2721 2114 2898 2176 potest
2944 2105 3093 2161 enim
3134 2119 3478 2175 quascunque
3502 2102 3619 2157 vult

360 2193 563 2247 facere.

444 2284 515 2338 Σὲ
539 2284 638 2355 τὴν
683 2286 911 2358 ἀσπόρῳ
971 2287 1167 2357 κυήσει
1207 2288 1550 2357 γεννήσασαν
1583 2287 1725 2358 ὑπὲρ
1772 2288 1934 2358 φύσιν

355 2378 449 2432 τὸν
474 2379 797 2434 καινίσαντα
825 2382 924 2452 τὴν
959 2381 1124 2450 φύσιν
1151 2382 1385 2453 Χριστὸν
1414 2381 1506 2435 τὸν
1539 2382 1701 2452 μόνον
1727 2382 1935 2435 Δεσπό-

356 2486 457 2539 την
479 2468 827 2539 ἀνυμνοῢμεν
852 2471 901 2522 οἱ
925 2470 1128 2525 πιστοί.

429 2562 637 2630 Γαστρὶ
683 2563 1058 2634 ἁγεωργήτως
1110 2562 1422 2628 συνέλαϐες,
1479 2560 1775 2634 ἁγνὴ,⁶τῆς
1832 2563 1938 2632 άφ-

358 2651 591 2725 Θαρσίας
625 2653 724 2708 τὸν
754 2653 948 2725 βότρυν
975 2654 1052 2718 ὡς
1098 2654 1364 2725 ἄμπελος,
1395 2656 1452 2722 ἐξ
1485 2649 1546 2708 οὗ
1595 2656 1690 2724 τῆς
1722 2655 1933 2709 ἀθανα-

358 2748 479 2811 σίας
505 2749 555 2801 oi
585 2749 806 2817 κρουνοὶ
834 2749 908 2811 ὡς
933 2743 1077 2802 οἶνον
1104 2751 1237 2817 ἡμῖν
1257 2749 1567 2820 πηγάζουσι
1592 2749 1690 2821 τὴν
1717 2750 1936 2804 αἰώνιον

357 2839 548 2911 ζωήνο·

441 2933 531 2988 Ἐν
554 2934 618 3003 τῇ
660 2932 860 3005 γαστρί
892 2950 1009 2998 σου,
1046 2934 1302 3004 ἄχραντε,
1342 2931 1459 2997 πῶς
1489 2932 1775 3004 ὲχώρησας
1802 2933 1932 3005 βρέ-

356 3043 480 3097 φος.
538 3026 597 3081 ὃν
644 3028 910 3098 τρέμουσι
974 3028 1235 3098 δυνάμεις
1289 3027 1493 3081 αἰτῶν
1554 3027 1807 3096 ἀγγέλων
1859 3028 1934 3091 ὡς

355 3119 529 3188 Θεόν;
587 3120 636 3173 εἰ
685 3119 761 3191 μὴ
813 3120 888 3184 ὠς
937 3121 1239 3190 ἠϐουλήθη,
1280 3119 1355 3183 ὡς
1402 3116 1563 3185 οἶδεν,
1598 3122 1942 3190 ὲσκήνωσεν,’

2111 2288 2186 2344 Te
2221 2289 2444 2344 seminis
2487 2298 2709 2360 experte
2752 2298 3022 2360 conceptu
3059 2289 3278 2344 enixam
3322 2302 3487 2358 supra
3521 2303 3620 2343 na-

2041 2387 2217 2433 turam
2250 2394 2398 2445 eum,
2425 2379 2517 2449 qui
2548 2381 2830 2435 innovavit
2858 2389 3111 2435 naturam
3134 2379 3412 2435 Christum
3441 2377 3619 2434 solum

2037 2469 2330 2545 Dominum
2374 2471 2732 2541 praedicamus
2764 2471 2977 2528 ﬁdeles.

2105 2562 2304 2619 Venire
2354 2565 2473 2619 sine
2506 2565 2732 2622 cultoris
2782 2581 2951 2636 Opera
2995 2564 3274 2620 Christum
3318 2563 3619 2636 concepisti

2047 2654 2477 2724 ineorruptionis
2526 2654 2780 2723 botrum,
2830 2663 2891 2710 ut
2940 2656 3064 2710 vitis
3098 2670 3113 2708 :
3146 2669 3211 2710 ex
3257 2670 3366 2723 quo
3401 2630 3621 2708 immorf-

2044 2747 2271 2803 talitatis
2300 2748 2501 2813 fontes,
2546 2754 2603 2801 ut
2650 2748 2862 2814 vinum,
2890 2748 3051 2802 nobis
3093 2746 3326 2801 fundunt
3358 2754 3619 2801 aeternam

2044 2840 2233 2894 vitam.

2111 2933 2172 2984 In
2206 2941 2298 2986 tuo
2324 2940 2503 2998 utero,
2528 2946 2560 2987 ο
2590 2931 2962 2997 immaculata,
2995 2932 3270 3000 quomodo
3299 2932 3618 2989 continuisti

2044 3022 2308 3079 infantem
2326 3023 2500 3090 illum,
2534 3038 2720 3095 quem,
2752 3033 2940 3094 utpote
2962 3024 3158 3087 Deum,
3187 3025 3445 3094 angelicae
3461 3035 3618 3095 pote-

2043 3126 2215 3174 states
2244 3117 2719 3173 contremiscunt?
2750 3115 2933 3183 Certe,
2964 3124 3022 3172 ut
3047 3118 3163 3186 ipse
3192 3117 3384 3182 voluit,
3419 3126 3478 3172 ut
3504 3117 3620 3187 ipse

354 3211 566 3274 πάντας
590 3190 758 3265 θέλων
788 3212 958 3265 σῶσαι
981 3212 1109 3276 τοὺς
1140 3213 1201 3278 ἐξ
1244 3212 1418 3282 Ἀδὰμ.
1454 3215 1727 3281 γηγενεῖς,
1770 3212 1937 3277 λύσας

2044 3209 2213 3277 novit,
2240 3210 2295 3264 in
2328 3225 2413 3264 me
2437 3209 2720 3277 habitavit,
2752 3210 2977 3280 cupiens
3005 3209 3217 3264 salvare
3238 3209 3523 3265 universos
3550 3224 3619 3264 ex

354 3302 449 3356 τὸν
512 3301 686 3373 Ἀδάμ
734 3302 837 3372 τῆς
889 3303 1030 3372 άρᾶς
1084 3301 1299 3371 ἐκείνης
1362 3300 1465 3371 τῆς
1518 3300 1607 3355 διὰ
1679 3300 1934 3373 βρώσεως

356 3394 582 3466 πικρᾶς.

437 3578 529 3633 Ἐν
558 3582 625 3651 τῇ
668 3580 868 3652 γαστρί
900 3596 1016 3646 σου,
1044 3580 1206 3653 ἁγνὴ,
1234 3582 1329 3635 τὸν
1348 3582 1576 3648 ἀείζωον
1618 3583 1782 3655 ἄρτον
1834 3603 1933 3655 φυ-

357 3668 593 3741 ραθέντα
644 3671 905 3743 ἁφύρτως
967 3674 1025 3726 ὲν
1090 3673 1375 3745 φυράματι
1420 3674 1579 3746 ήμῶν
1639 3675 1934 3747 ἐγέννησας

356 3764 643 3835 ἀτρέπτως
673 3764 770 3818 ἕνα
801 3763 1036 3834 Χριστὸν
1074 3764 1169 3818 τὸν
1225 3765 1356 3820 Θεὸν
1391 3767 1448 3820 ὲν
1504 3766 1628 3821 δυσὶ
1675 3770 1794 3833 ταῖς
1843 3769 1935 3823 οὑ-

357 3856 525 3918 σεαις.

426 3948 821 4020 Εὑφραινέσϐω
862 3950 1081 4016 Ἰεσσαὶ,
1113 3949 1389 4023 χορευέτω
1424 3952 1519 4005 καὶ
1553 3953 1718 4007 Δαὸίδ
1745 3971 1758 3985 ”
1805 3954 1934 4008 Ἰδοὺ

357 4041 466 4113 γὰρ
502 4044 536 4113 ἡ
565 4042 862 4113 Παρθένος,
910 4044 945 4113 ή
989 4043 1247 4111 θεόφυτος
1295 4043 1491 4113 ῥάϐδος
1536 4044 1840 4117 ἐϐλάστησε
1874 4046 1936 4099 τὸ

356 4133 518 4197 ἄνθος
541 4134 633 4187 τὸν
668 4132 897 4197 άεεζωον
916 4133 1175 4205 Χριστόν.

2042 3302 2214 3357 Adam
2266 3303 2432 3374 326
2474 3312 2789 3373 prognatos,
2839 3304 2934 3374 qui
2968 3302 3142 3358 Adam
3194 3304 3373 3372 ipsum
3426 3302 3494 3356 ab
3525 3302 3619 3357 illa

2043 3397 2425 3454 maletllctione
2451 3397 2708 3464 absolvit,
2741 3413 2863 3470 quae
2890 3411 2956 3452 ex
2979 3410 3168 3451 amaro
3194 3396 3317 3452 cibo
3347 3410 3619 3466 provene-

2040 3500 2144 3547 rat.

2109 3584 2166 3638 In
2198 3594 2292 3639 tuo
2332 3596 2541 3647 ventre,
2585 3592 2758 3650 casta,
2788 3598 3005 3654 semper
3049 3583 3230 3638 vivum
3267 3597 3462 3653 panem
3500 3582 3619 3637 sine

2044 3676 2315 3733 fermento
2362 3677 2712 3732 commistum
2750 3692 2945 3732 massa:
2975 3684 3176 3730 nostrae
3220 3675 3478 3745 genuisti,
3513 3675 3618 3729 im-

2044 3766 2381 3823 mutabiliter
2427 3784 2596 3823 unum
2628 3767 2852 3834 Filium,
2892 3777 2947 3823 ct
2978 3766 3263 3824 Christum
3310 3768 3366 3822 in
3405 3768 3618 3823 duabus

2040 3862 2384 3917 substantiis.

2123 3951 2366 4007 Gaudeat
2390 3952 2569 4018 Jesse,
2596 3954 2796 4008 choros
2826 3963 2950 4024 agat
2978 3963 3032 4009 et
3060 3953 3229 4009 David
3268 3973 3281 4009 :
3312 3953 3449 4010 Ecce
3470 3954 3616 4009 enim

2039 4043 2207 4113 Virgo
2234 4044 2405 4099 divini
2438 4057 2590 4100 satus
2630 4045 2782 4115 virga
2812 4045 3140 4115 germinavit
3182 4044 3370 4101 ﬂorem
3403 4060 3618 4115 semper

2035 4138 2220 4191 vivum
2264 4136 2563 4191 Christum.

1547 4229 1633 4284 Ex
1670 4248 1867 4287 canone
1896 4233 2043 4303 ferite
2072 4248 2131 4299 tt,
2167 4234 2317 4290 hebd.
2353 4248 2436 4291 tu.

434 4318 630 4376 Vidisti
672 4320 953 4377 Christum
995 4337 1060 4377 ex
1106 4323 1344 4379 mortuis
1391 4333 1646 4379 exortum
1701 4323 1938 4382 iustitiae

361 4410 568 4478 Solem,
613 4412 725 4469 Deo
754 4414 1090 4485 gratissima,
1119 4430 1284 4486 quem
1321 4430 1475 4487 roga,
1511 4423 1571 4471 ut
1601 4418 1848 4473 omnium
1884 4428 1937 4475 te

2044 4327 2383 4383 laudantium
2415 4330 2582 4386 corda
2605 4331 2895 4387 illuminat.

2123 4421 2454 4481 Sacerrimis
2489 4435 2541 4482 te
2562 4429 2790 4485 vocibus
2826 4428 2921 4486 Dei
2961 4428 3187 4487 Matrem
3227 4430 3613 4503 gloriﬁcamus.

439 4544 553 4626 ςξὶίῇ)
593 4545 746 4631 Inter
785 4547 922 4631 alias
972 4547 1207 4631 Laudes,
1235 4548 1470 4631 quas‘B.
1498 4548 1709 4631 Virgini
1757 4552 1939 4608 lauda-
1964 4570 2018 4631 ι)
2044 4555 2187 4624 quod
2217 4571 2283 4631 ηδ
2325 4555 2487 4631 Horis
2524 4558 2591 4631 BL
2617 4558 2858 4631 Virginis
2890 4563 3190 4617 secundum
3223 4578 3384 4618 usum
3415 4561 3618 4616 Roma-

357 4614 639 4670 bilissima:
678 4618 974 4674 attribuere
1008 4614 1293 4684 debemus,
1334 4628 1393 4674 ut
1422 4620 1490 4674 ah
1520 4614 1846 4677 ea'iavores
1880 4634 1933 4679 et

358 4686 563 4759 gratias
621 4698 1006 4757 reponemus,
1068 4690 1210 4745 haud
1260 4699 1547 4759 postrema?
1596 4706 1719 4747 esse
1772 4696 1935 4750 debet

359 4754 846 4830 eju_s_lmintinitas
878 4773 905 4813 a
941 4771 1167 4830 peccato
1198 4754 1473 4830 originali.
1508 4758 1662 4816 Unde
1710 4764 1764 4818 in
1801 4764 1933 4820 Mis-

359 4826 461 4903 sali
494 4825 745 4903 liomano
777 4825 1002 4903 antiquo
1034 4833 1174 4900 apud
1212 4825 1532 4903 Balinghent
1569 4832 1623 4887 in
1663 4834 1932 4890 Parnasso

359 4894 628 4966 Mariano,
660 4912 783 4969 pag.
815 4894 1268 4969 25,'cane'hatur;

708 5002 816 5076 Nos
842 5021 964 5076 ergo
1000 5004 1144 5061 dulci
1171 5007 1405 5062 carmine

778 5071 1077 5153 gaudemus
1104 5079 1286 5153 initae
1322 5077 1532 5153 Virgine

780 5146 1099 5216 Conceptum
1124 5150 1235 5203 sine
1270 5146 1471 5209 nubilo.

708 5214 865 5287 Hanc
896 5214 1198 5287 conceptam
1221 5236 1285 5273 ex
1309 5228 1506 5281 semine

788 5286 858 5364 [Et
886 5286 1135 5364 mundam
1173 5293 1237 5343 ab
1269 5295 1469 5364 origine

780 5356 985 5413 Laudet
1010 5363 1207 5435 chorus
1238 5356 1565 5435 cunt'jubilo,

716 5431 782 5487 Ut
814 5440 958 5484 mola
984 5430 1131 5484 dulci
1156 5432 1369 5488 modulo

780 5502 893 5556 Nos
916 5513 1078 5555 servet
1110 5504 1165 5555 in
1194 5503 1290 5557 hoc
1315 5509 1508 5562 stmulo

783 5573 1008 5627 Mundos
1040 5576 1105 5626 ab
1146 5577 1288 5628 omni
1311 5579 1548 5634 crimine.

714 5644 782 5698 Et
811 5646 861 5697 in
894 5644 1075 5697 mortis
1104 5646 1333 5700 articulo

780 5713 984 5768 Liberet
1012 5732 1043 5768 α
1077 5716 1307 5785 periculo

786 5784 855 5838 Et
881 5784 1083 5855 inferni
1100 5790 1365 5856 voragine.

432 5868 502 5930 Et
532 5874 587 5930 in
617 5874 854 5946 quodam
877 5874 1069 5928 OlIicio
1085 5874 1152 5930 de
1170 5875 1525 5938 Immaculata
1539 5881 1930 5955 Conceptione,

682 5969 959 6032 PATROL.
1007 5967 1127 6032 Gn.
1178 5969 1300 6035 CV.

2044 4626 2356 4704 nurn_all3rt
2387 4629 2530 4683 idem
2562 4626 2876 4704 Balinﬁhem
2906 4632 3024 4688 loco
3048 4635 3213 4690 citato
3252 4649 3375 4704 pag.
3408 4635 3499 4701 54,
3531 4634 3617 4690 his

2043 4699 2227 4754 verbis
2261 4697 2491 4769 Deipara
2519 4697 2862 4758 salutabatur
2889 4720 2904 4758 :

2396 4805 2525 4879 Ave,
2564 4806 2760 4879 Regina
2793 4810 3043 4867 caelorum

2466 4877 2615 4932 Inter
2635 4877 2811 4935 amnes
2837 4883 3119 4938 mitissima
3136 4902 3156 4939 :

2461 4948 2583 5022 dre,
2602 4950 2759 5004 decus
2776 4952 3096 5022 Angelorum

2466 5016 2494 5069 Ι
2501 5030 2616 5072 nter
2642 5037 2820 5075 omnes
2846 5016 3224 5089 pulcherrima,

2395 5089 2569 5164 Simul
2590 5100 2639 5164 et
2661 5091 3112 5164 Arcliangelorum

2469 5159 2627 5235 ρονιηὶ
2660 5164 2817 5217 laude
2854 5159 3191 5235 dignissima,

2466 5231 2598 5303 Qui:
2614 5246 2873 5303 ‘concepta
2906 5231 2958 5290 es
2989 5238 3240 5291 vitiorum

2468 5302 2593 5357 Sine
2613 5305 2752 5367 tabe,
2778 5302 3087 5372 purissima.

2115 5392 2230 5465 (57)
2269 5393 2405 5469 Cum
2447 5410 2610 5469 nemo
2661 5407 2820 5467 neget
2871 5413 2966 5469 per
3007 5398 3425 5469 appellationem
3461 5417 3480 5453 ι
3532 5401 3621 5456 ln-

2044 5466 2430 5540 contaminat-4e
2478 5486 2496 5519 ι
2531 5466 2789 5540 allirma’ri
2821 5483 2851 5523 a
2873 5466 3146 5540 ‘Joseph‘o,
3174 5481 3230 5526 et
3274 5471 3401 5527 aliis
3436 5472 3616 5527 Patri-

2044 5536 2147 5589 bus
2191 5536 2803 5612 purit_atem_actualem
2854 5541 2914 5594 B.
2954 5536 3217 5612 Virginis,
3254 5543 3327 5597 ita
3369 5552 3432 5597 ut
3476 5560 3614 5599 nun-

2040 5623 2206 5680 quam
2265 5607 2346 5680 vel
2386 5608 2602 5680 veniali
2644 5611 2805 5680 culpa
2861 5611 3025 5666 fuerit
3053 5607 3323 5680 'inl‘ecta;
3377 5628 3476 5668 cur
3505 5630 3615 5669 non

2044 5678 2206 5750 etiam
2257 5679 2594 5747 signiﬁcetur
2645 5678 2853 5750 put-itas
2904 5683 3216 5750 originalis,
3267 5678 3393 5739 cum
3443 5684 3619 5741 multo

2041 5747 2556 5874 algise’contaminet
2610 5747 2873 5823 originale
2924 5747 3250 5824 peccatum,
3305 5770 3473 5827 quam
3528 5771 3620 5813 ve-

3179 5992 3259 6055 Ιώ
