4038 6602
288 447 425 513 1389

1729 444 2096 509 MARIALE.

3410 452 3544 516 1390

286 562 446 624 sisti,
508 560 652 615 sicut
702 573 826 615 cras
884 567 1176 630 antequam
1233 571 1493 630 pareres,
1547 556 1862 630 incorrupta
1890 560 2113 626 Aenim
2164 560 2284 617 sine
2330 562 2540 629 dolore,
2599 565 2691 621 Dei
2744 566 3011 631 Gcnitrix,
3052 567 3329 623 Christum
3382 584 3544 639 pepe—

290 655 455 724 Virgo
504 652 754 723 Deipara.
800 651 936 707 Nam
995 654 1182 718 Deus,
1241 668 1404 722 quem
1450 650 1729 722 peperisti,
1775 668 1867 707 na-

288 752 468 799 turam
502 743 802 799 innovavit.

362 836 483 891 Tibi
512 844 567 892 et
603 837 704 892 soli
737 836 1013 903 convenit,
1040 849 1101 892 ut
1136 837 1350 903 salutis,
1374 848 1427 894 et
1452 838 1635 909 gaudii
1664 853 1869 909 procu-

294 929 501 992 ratrici,
534 929 665 983 illud
712 930 856 1000 quod
894 932 1121 1001 angelus
1160 931 1362 997 attulit,
1390 930 1525 997 Ave,
1568 933 1714 1002 quod
1743 946 1868 987 cum

294 1021 396 1075 fide
430 1022 523 1077 tibi
560 1023 879 1088 rccinimns,
918 1023 1084 1078 Maria
1119 1040 1335 1094 semper
1364 1024 1554 1095 Virgo.

268 1118 269 1123 ‘
367 1113 620 1169 Liberata
656 1131 751 1184 per
784 1126 835 1170 te
866 1129 951 1171 est
986 1117 1160 1187 prima
1193 1117 1396 1172 Parens
1441 1120 1663 1190 antiqua
1701 1120 1873 1174 male-

306 1202 570 1258 dictione.
604 1202 723 1257 Non
752 1204 856 1272 iam
889 1206 1125 1274 amplius
1147 1206 1235 1261 iila
1274 1208 1326 1261 in
1353 1206 1542 1263 dolore
1563 1210 1755 1279 pariet.
1788 1206 1871 1265 Tu

293 1356 395 1411 Ἕκ
446 1356 555 1411 τοῦ
594 1358 862 1425 Κανόνος
909 1359 1049 1435 τῆς,
1083 1360 1384 1431 Κυριακῆς
1409 1360 1480 1434 γ’,
1530 1364 1639 1419 τοῦ
1690 1375 1875 1435 παρα-

975 1432 1185 1486 λύτου.

368 1535 483 1606 Τὴν
539 1536 788 1607 τιμῶσαν
832 1538 1061 1610 ταύτην,
1102 1538 1281 1610 ’ἁγνὴ,
1330 1540 1485 1595 πόλιν
1540 1559 1600 1595 σε
1643 1543 1875 1597 πάντοτε

298 1628 509 1690 πιστῶς
549 1629 821 1700 περίσωζε
884 1630 1144 1684 κινδύνων
1209 1631 1466 1698 ἁλώσεως
1552 1634 1871 1707 Βαρϐάρων,

299 1722 541 1791 πολέμου
574 1723 862 1793 ἐμφυλίου,
898 1726 991 1779 καὶ
1018 1726 1315 1800 μαχαὶρας,
1347 1729 1442 1783 καὶ
1486 1729 1667 1802 πάσης
1710 1730 1875 1801 ἄλλης

298 1818 553 1888 ἀπειλῆς.

379 2002 658 2073 ΙἊσπορον
686 2003 842 2074 ἔσχες
871 2003 1156 2076 σύλληψιν,
1205 2005 1301 2059 καὶ
1331 2006 1471 2078 ὑπὲρ
1492 2006 1617 2062 νοῦν
1637 2009 1877 2074 τοκετδν,

300 2095 731 2168 Παρθενομῆτορ
799 2098 1035 2168 ἄχραντε
1066 2114 1081 2127 ·
1133 2098 1293 2170 ἔργον
1343 2101 1636 2171 φρικῶδες.
1693 2100 1878 2173 οαῦμα

306 2187 587 2256 μέγιστον,
623 2187 876 2257 ἀγγέλοις
897 2188 1228 2261 τιμώμενον,
1253 2189 1468 2263 βροτοῖς
1494 2192 1874 2264 δοξαζόμενον,

304 2280 459 2351 Κόρη
489 2280 775 2337 Δέσποινα.

388 2464 455 2517 Ἦ
487 2466 646 2537 ἁγνὴ,
685 2468 802 2531 πῶς
836 2467 1124 2538 θηλάζειςς
1160 2471 1281 2536 πῶς
1314 2473 1371 2527 δὲ
1411 2474 1711 2546 ἐγέννησας
1756 2476 1882 2548 βρέ-

306 2571 408 2624 φος
438 2557 532 2610 τοῦ
585 2559 759 2630 Ἀδὰμ
812 2563 1198 2635 ἀρχαιότερον;
1232 2566 1347 2630 πῶς
1399 2569 1457 2622 ἐν
1488 2570 1755 2639 ἀγκάλαις
1781 2570 1882 2639 φέ-

307 2666 422 2720 ρεις
456 2649 591 2716 υἱὸν,
620 2653 709 2706 τὸν
736 2655 829 2707 ἐπὶ
851 2654 1017 2726 ὤμων
1039 2658 1389 2729 Χερουϐικῶν
1418 2663 1750 2734 φερόμενονσ
1796 2664 1885 2729 Ὠς

309 2742 623 2819 επισταται,
655 2746 730 2811 ὡς
753 2740 893 2803 οἶδεν
920 2751 948 2802 ὁ
985 2750 1046 2804 τὸ
1073 2752 1182 2807 πᾶν
1197 2753 1489 2819 οὺσιὼσας.

379 2930 492 3003 Τὴν
521 2934 761 3006 ἄσπορον
787 2935 1003 3007 λοχείαν
1022 2955 1137 3006 σου,
1167 2939 1330 3013 ἁγνὴ,
1367 2941 1471 3013 τὴν
1493 2944 1885 3017 ἀκατάληπτον

306 3024 589 3096 ὖμνσῦμεν
622 3031 898 3098 γέννησιν,
924 3030 1327 3103 μακαρίζοντες
1352 3035 1428 3099 ὡς
1452 3036 1684 3109 Μητέρα
1710 3056 1767 3093 σε
1789 3040 1882 3094 τοῦ

308 3114 543 3186 Ποιητοῢ
577 3118 796 3172 πάντων
833 3120 927 3172 καὶ
965 3121 1261 3179 Δεσπότου.

1970 652 2113 707 risti.
2147 652 2327 719 Quare
2354 664 2408 710 te
2452 658 2649 712 merito
2675 657 2887 714 felicem
2930 660 3316 731 praedicamus,
3348 671 3404 717 ct
3436 661 3546 718 Do-

1968 742 2179 798 minum
2217 744 2587 815 glorificantes
2619 749 2927 808 laudamus.

2038 835 2120 891 Ad
2152 846 2205 892 te
2232 839 2411 908 ipsum
2461 842 2712 912 recepisti
2741 853 2959 915 gentem
2998 855 3269 910 sanctam,
3301 861 3421 911 eos,
3452 847 3548 916 qui

1969 939 2124 984 erant
2166 931 2325 1002 longe
2363 948 2393 986 a
2426 941 2479 988 te
2522 934 2726 991 faciens
2766 952 2935 1008 prope
2981 954 3210 1010 corpore
3260 956 3288 993 a
3323 936 3548 1010 Virgine

1970 1034 2245 1093 suscepto,
2282 1040 2315 1079 o
2351 1025 2623 1094 Salvator,
2664 1036 2719 1083 et
2750 1045 2857 1085 non
2886 1032 3145 1103 populum
3183 1042 3333 1088 tuum
3380 1050 3547 1089 voca-

1972 1114 2038 1169 sti
2088 1116 2347 1185 populum
2396 1127 2549 1173 tuum
2598 1121 2884 1188 divinum;
2921 1135 3208 1194 propterea
3255 1140 3447 1182 omnes
3494 1136 3547 1181 te

1974 1223 2122 1264 nunc
2150 1210 2466 1281 adoramus,
2498 1227 2531 1269 o
2564 1215 2930 1286 omnipotens.

2020 1358 2185 1431 329
2216 1359 2298 1415 Ea:
2326 1377 2529 1419 canone
2562 1364 2853 1423 Damiuij
2880 1384 2965 1437 tu,
3000 1370 3056 1425 in
3088 1369 3474 1444 Paralyticum.

2054 1538 2258 1595 Urbem
2303 1543 2465 1608 hanc,
2498 1561 2621 1615 qtia:
2663 1555 2735 1615 te,
2765 1562 2799 1603 o
2836 1547 3023 1621 Virgo,
3056 1565 3271 1623 semper
3319 1530 3552 1615 fideliter

1977 1632 2189 1701 adorat,
2230 1644 2284 1689 tu
2337 1637 2702 1710 undequaquc
2743 1651 2897 1697 tuere
2940 1657 2969 1697 a
3022 1645 3281 1712 periculis
3327 1651 3553 1720 captivi-

1977 1725 2104 1781 tatis
2159 1725 2545 1795 Barbarorinn,
2596 1732 2837 1787 civilium
2900 1734 3167 1792 bellorum
3210 1741 3476 1808 tenebris,
3522 1759 3553 1797 a

1978 1819 2180 1889 gladio,
2233 1832 2397 1893 atque
2454 1823 2710 1882 infaustis
2751 1828 2996 1884 omnium
3053 1833 3321 1889 malorum
3376 1852 3557 1907 augu—

1906 1916 1952 1975 B
1981 1912 2099 1967 riis.

2058 2004 2296 2062 Seminis
2339 2018 2615 2079 expertem
2665 2011 2905 2069 habuisti
2948 2025 3296 2086 conceptum,
3334 2030 3554 2091 partum

1980 2111 2109 2150 vero
2141 2100 2467 2169 cogitatione
2505 2107 2867 2174 superiorem,
2898 2107 3215 2180 incorrupta
3241 2110 3333 2166 Dei
3362 2112 3555 2170 Mater.

1979 2187 2129 2259 Opus
2152 2193 2505 2261 stupendum,
2541 2197 2869 2252 miraculum
2903 2200 3229 2269 maximum,
3255 2204 3325 2259 ab
3350 2209 3556 2277 angelis

1979 2281 2333 2351 honoratum,
2368 2285 2437 2341 ab
2472 2286 2790 2346 hominibus
2830 2290 3216 2364 glorificatum,
3256 2296 3422 2368 Virgo
3451 2299 3558 2355 Do-

1980 2378 2150 2431 mina.

2052 2470 2358 2539 Quomodo,
2390 2472 2579 2544 Virgo,
2613 2474 2820 2530 laetas?
2855 2475 3139 2543 Quomodo
3162 2484 3394 2552 genuisti
3427 2502 3557 2557 par-

1982 2564 2170 2618 vulum
2219 2566 2391 2619 Adam
2434 2567 2750 2622 seniorem?
2779 2567 3070 2635 Quomodo
3106 2573 3158 2627 in
3195 2575 3338 2631 ulnis
3379 2588 3560 2647 gestas

1985 2655 2135 2710 illum
2173 2658 2267 2728 qui
2299 2668 2545 2728 gestatur
2584 2675 2752 2730 supra
2789 2661 3049 2719 humeros
3080 2664 3455 2725 Cherubicos?
3485 2671 3563 2727 Eo

1986 2750 2150 2804 modo
2189 2766 2351 2821 quem
2387 2751 2501 2822 ipse
2528 2752 2634 2809 scit
2676 2764 2731 2809 et
2755 2756 2924 2823 novit,
2958 2757 3053 2828 qui
3092 2760 3263 2821 rebus
3292 2763 3563 2822 universis

1985 2838 2134 2895 dedit
2166 2855 2314 2896 esse.

2056 2928 2484 3001 Conceptionem
2521 2941 2667 2989 tuam
2718 2934 2841 2991 sine
2886 2938 3115 3005 semine,
3155 2955 3189 2995 ο
3236 2952 3410 3008 easta,
3438 2961 3563 3016 par-

1985 3029 2101 3077 tum
2137 3032 2289 3077 tuum
2333 3025 2945 3096 incomprehensibilem
2983 3032 3293 3097 laudamus,
3340 3037 3562 3096 Beatam

1986 3113 2065 3170 Te
2095 3128 2496 3187 nuncupantes,
2528 3128 2716 3191 utpote
2754 3121 2981 3179 Matrem
3018 3123 3111 3181 Dei
3148 3126 3397 3187 Factoris
3437 3148 3561 3188 om-

1989 3207 2141 3263 nium
2172 3223 2236 3264 ac
2260 3208 2497 3265 Domini.

393 3306 453 3359 Ὀ
484 3307 667 3361 πάντα
697 3308 826 3379 θείῳ
850 3308 1079 3378 νεύματι
1100 3309 1283 3380 φέρων
1310 3315 1617 3383 κρατεῖται,
1651 3312 1882 3367 Θεοτόκε

2060 3298 2164 3365 Qui
2190 3310 2323 3355 nutu
2347 3302 2529 3358 divino
2560 3312 2756 3360 cuncta
2789 3308 3042 3375 sustinet,
3077 3317 3309 3396 tenetur,
3337 3312 3564 3384 Deipara

309 3397 579 3469 Παρθένε,
608 3400 666 3453 ὲν
691 3403 813 3462 ταῖς
842 3402 1111 3468 ἀγκάλαις
1145 3419 1264 3466 σου,
1291 3404 1500 3467 πάντας
1522 3406 1670 3475 ἡμᾶς
1704 3406 1884 3477 ἀρπά-

309 3485 421 3550 ζων
455 3487 638 3559 χειρὸς
668 3488 914 3553 δουλείας
942 3491 1035 3544 τοῦ
1070 3492 1334 3562 πονηροῦ,
1356 3493 1432 3557 ὼς
1452 3495 1776 3566 οἰκτίρμων.

382 3579 750 3648 Παρθενεύεις
784 3580 1021 3635 τεκοῦσα
1048 3582 1187 3653 ὑπὲρ
1212 3584 1369 3653 λόγον
1404 3585 1497 3639 τὸν
1525 3588 1633 3658 πρὸ
1668 3588 1887 3643 πάντων

309 3669 524 3724 αἰώνων
546 3670 876 3740 γεννηθέντα
918 3676 982 3726 ἐκ
1010 3673 1105 3726 τοῦ
1133 3676 1371 3746 ἀνάρχου
1422 3679 1638 3751 Πατρός
1682 3682 1887 3753 spess-

311 3778 475 3825 στως.
508 3762 607 3816 Διὰ
636 3761 815 3828 τοῦτο,
848 3763 1011 3836 ἁγνὴ,
1040 3765 1100 3818 σὲ
1133 3767 1532 3841 μακαρίζομεν.

382 3950 562 4020 Τόμον
607 3966 667 4003 σε
711 3948 880 4003 πάλαι
930 3950 1193 4006 ἐθεάσατο
1222 3954 1471 4019 Ἡσαΐας,
1505 3957 1884 4031 Ἀειπάροενε,

312 4043 371 4095 ἐν
404 4035 449 4109 ᾧ
472 4042 721 4112 δακτύλῳ
744 4042 838 4095 τοῦ
870 4043 1083 4113 Πατρὸς
1105 4046 1278 4115 Λόγος
1305 4047 1531 4119 ἄχρονος
1552 4051 1887 4121 ἐγέγραπτο,

314 4138 379 4189 ἐκ
407 4136 587 4205 πάσης
615 4134 839 4203 ἀλογίας
870 4134 1059 4200 σώζων
1080 4139 1252 4209 ἡμᾶς,
1283 4144 1409 4205 τοὺς
1441 4141 1620 4211 λόγοις
1645 4160 1704 4197 σε
1726 4146 1892 4216 ἱεροῖς

313 4228 708 4297 ἀνυμνοῦντας.

385 4319 706 4390 Φωτοψόρου
762 4318 1001 4390 προῆλθε
1058 4322 1252 4392 νηδύος
1303 4341 1397 4378 σου
1438 4327 1612 4397 μέγας
1644 4329 1672 4382 ὁ
1701 4328 1892 4394 Ἥλιος

315 4412 574 4482 Χριστὸς,
622 4412 718 4465 καὶ
747 4415 842 4467 τὸν
869 4415 1074 4484 κόσμον
1128 4416 1416 4485 ἐφώτισεν,
1457 4420 1721 4491 ἄχραντε,
1772 4423 1894 4476 ἐπι-

314 4504 558 4573 λάμψεσι
585 4504 859 4575 φαιδραῖς,
879 4508 974 4560 καὶ
1002 4508 1062 4560 τὸ
1092 4510 1281 4573 σκότος
1308 4510 1469 4582 ἐξῆρε
1497 4513 1557 4565 τὸ
1587 4515 1685 4585 τῆς
1714 4533 1893 4587 παρα-

1990 3384 2174 3462 Virgo,
2216 3394 2324 3449 tuis
2367 3395 2534 3461 ulnis,
2577 3412 2769 3453 omnes
2811 3414 2911 3456 nos
2947 3400 3185 3473 eripiens
3226 3390 3257 3460 ὁ
3304 3408 3568 3465 servitute

1988 3481 2187 3537 diaboli
2222 3493 2281 3539 ut
2315 3487 2645 3543 misericors.

2063 3574 2228 3647 Virgo
2259 3594 2577 3648 perseveras
2625 3592 2911 3654 postquam
2943 3588 3200 3658 peperisti
3230 3590 3573 3649 ineﬂ‘abiliter

1989 3671 2231 3740 genitum
2287 3680 2411 3728 ante
2468 3677 2654 3730 omnia
2707 3679 2905 3733 sre'cula
2951 3682 3069 3737 sine
3105 3686 3459 3743 successione
3498 3702 3568 3743 ex

1989 3761 2151 3817 Patre
2186 3764 2456 3835 principio
2490 3779 2715 3825 carentc
2750 3788 2763 3824 :
2797 3781 3107 3843 propterea,
3139 3788 3311 3846 casta,
3346 3788 3396 3835 te
3431 3780 3564 3837 bea-

1990 3863 2099 3909 tam
2131 3857 2513 3923 praedicamus.

2061 3945 2289 4002 Lihrum
2327 3960 2378 4005 te
2415 3946 2542 4007 olim
2564 3955 2698 4011 vidit
2739 3956 2931 4026 isaias,
2966 3977 2998 4016 ο
3028 3977 3247 4035 semper
3303 3967 3480 4039 virgo.
3513 3969 3566 4023 in

1993 4053 2102 4109 quo
2154 4040 2324 4111 digito
2367 4044 2547 4101 Patris
2578 4047 2817 4106 Verbum
2868 4053 3024 4109 initio
3072 4072 3267 4113 carens
3320 4062 3573 4115 conscri-

1991 4142 2141 4202 ptum
2181 4145 2287 4200 est,
2326 4143 2471 4207 quod
2515 4156 2579 4195 ex
2609 4146 2758 4198 omni
2810 4145 3115 4204 irrationali
3164 4160 3292 4207 actu
3336 4162 3389 4209 et
3420 4162 3573 4210 motu

1994 4228 2189 4285 liberat
2225 4247 2326 4288 nos
2355 4236 2528 4290 sacris
2558 4246 2610 4292 te
2643 4241 2824 4296 verbis
2848 4242 3247 4303 collaudantes.

2058 4320 2269 4378 Prodiit
2296 4341 2360 4381 ex
2397 4328 2619 4384 lucifera
2646 4340 2740 4386 tua
2769 4334 2890 4389 alvo
2916 4352 3148 4409 magnus
3178 4340 3267 4396 Sol
3293 4340 3571 4412 Christus,

1995 4430 2051 4473 et
2074 4419 2339 4474 mundum
2386 4422 2738 4491 illuminavit,
2772 4441 2805 4480 ο
2847 4429 3223 4498 immaculata,
3274 4436 3441 4492 radiis
3478 4437 3573 4491 la:-

1996 4511 2245 4578 tissimis,
2284 4514 2647 4585 tenebrasque
2679 4520 2888 4589 expulit
2910 4526 3388 4594 transgressionis.
3418 4528 3575 4585 Unde

317 4596 530 4658 δάσεως
556 4612 570 4627 ο
607 4596 730 4649 ὅθεν
780 4597 1064 4671 ὑμνοῦμέν
1094 4618 1153 4654 σε
1202 4604 1421 4659 πάντων
1455 4604 1531 4669 ὡς
1571 4607 1749 4662 αἰτίαν
1791 4625 1886 4662 κα-

317 4688 382 4707 ⁵.-
472 4688 550 4707 ,κα
609 4688 621 4703 .
726 4706 733 4707 ,

1998 4601 2287 4660 laudamus
2319 4614 2369 4662 te
2398 4615 2457 4662 ut
2498 4609 2745 4666 omnium
2792 4628 3016 4670 causam
3061 4618 3354 4690 bonorum,
3393 4638 3427 4681 o
3478 4624 3575 4681 Dei

315 4688 445 4756 λῶν,
472 4688 859 4759 Θεονύμφευτε.

1999 4696 2247 4770 Sponsa]

1399 4814 1561 4885 330
1596 4814 1679 4871 E1:
1707 4835 1902 4873 canone
1936 4821 2085 4887 feriae
2127 4836 2187 4888 ti,
2226 4820 2378 4875 liebd.
2414 4835 2488 4875 tv.

393 4925 738 4983 lncarnatum
781 4928 1069 4984 Dominum
1108 4932 1451 4989 ineﬂabiliter
1475 4952 1541 4991 ex
1581 4947 1675 4992 tuo
1711 4941 1891 5009 puris-

321 5017 463 5071 simo
500 5018 787 5083 sanguine,
841 5018 1091 5087 Deipara,
1126 5030 1179 5075 et
1222 5032 1442 5093 pr0pter
1480 5042 1579 5081 nos
1612 5039 1785 5083 morte
1838 5030 1891 5084 in

322 5124 488 5164 carne
538 5120 789 5180 suscepta
828 5113 1213 5168 resuscitatum
1263 5116 1482 5173 intuens
1528 5135 1559 5175 e
1611 5122 1888 5191 sepulcro,

391 5265 506 5388 560)
544 5265 658 5319 Non
691 5267 851 5321 aliam
897 5268 968 5322 ob
1013 5284 1235 5325 causam
1275 5271 1335 5326 Β.
1376 5271 1541 5344 Virgo
1571 5276 1776 5332 dicitur
1816 5282 1897 5333 in-

413 5339 725 5388 natissima.
788 5339 892 5388 nisi
942 5341 1068 5388 auia
1146 5342 1246 5388 fuit
1328 5360 1552 5388 mni-sne
1619 5351 1688 5388 9h
1747 5351 1893 5388 mimi

322 5339 737 5410 cuipntissima,
788 5339 902 5410 nisi
942 5341 1069 5407 quia
1145 5342 1246 5395 fuit
1328 5339 1553 5410 prors'ns
1617 5351 1688 5401 ab
1747 5351 1894 5404 omni

322 5406 481 5484 culpa
514 5408 792 5484 immunis.
852 5409 909 5462 Si
954 5406 1135 5464 autem
1182 5412 1245 5465 Β.
1278 5406 1440 5484 Virgo
1483 5415 1583 5470 fuit
1636 5423 1703 5472 ah
1750 5423 1897 5475 onnii

322 5480 482 5545 culpa
530 5478 809 5540 immunis,
864 5493 994 5547 ergo
1052 5496 1159 5534 non
1221 5478 1401 5537 solum
1451 5488 1520 5540 ab
1564 5491 1762 5543 actuali
1808 5507 1899 5545 ve-

323 5547 476 5622 niali,
530 5557 586 5601 ut
617 5564 831 5622 Amnnes
877 5550 1201 5622 concedunt.
1256 5556 1347 5608 sed
1396 5556 1581 5622 etiam,
1631 5571 1685 5612 et
1724 5564 1896 5615 multo

323 5618 521 5683 magis,
582 5619 650 5671 ab
687 5620 959 5687 originali.
1010 5620 1067 5674 Si
1122 5624 1264 5677 enim
1323 5626 1465 5680 Deus
1519 5618 1894 5687 a'venialibus

324 5688 500 5756 culpis
582 5688 643 5742 Β.
692 5688 1008 5768 _V_tr_ginem
1085 5707 1222 5768 non_
1261 5694 1478 5768 fecisset
1554 5698 1885 5768 immunem,

324 5774 603 5841 nunquam
657 5760 706 5813 ei
768 5761 1029 5841 inimica,
1090 5771 1144 5817 et
1212 5765 1381 5841 invisa
1433 5768 1661 5833 fuisset,
1723 5760 1907 5841 utpote

326 5828 533 5903 habens
576 5830 627 5883 in
674 5844 733 5882 se
782 5832 1011 5903 gratiam
1072 5836 1539 5903 sanctificantem,
1586 5828 1906 5898 charitatcm

325 5899 470 5952 enim
539 5914 647 5954 non
714 5902 990 5969 expellunt
1064 5904 1208 5962 leves
1278 5899 1535 5965 defectus
1593 5930 1607 5967 :
1667 5923 1722 5970 at
1800 5930 1908 5970 non

2000 4956 2123 4995 cum
2157 4941 2358 5011 ingenti
2396 4942 2597 5012 gaudio
2616 4945 2936 5015 gloriﬁcasti
2966 4956 3020 5004 et
3053 4954 3433 5025 magnificasti.

2062 5033 2395 5104 Concepisti,
2430 5037 2864 5107 inculpatissima
2902 5041 3036 5114 (60),
3071 5045 3205 5101 Eum
3249 5051 3341 5119 qui
3383 5068 3577 5110 cuncta

2006 5128 2270 5192 continet,
2320 5144 2444 5185 eum
2498 5132 2676 5201 ipsum
2723 5148 2885 5191 carne
2935 5151 3208 5209 generans
3241 5144 3335 5213 qui
3382 5145 3580 5203 deinde

1997 5282 2286 5365 reddendo
2347 5285 2648 5365 immunem
2730 5290 2799 5345 ah
2869 5292 3119 5365 originali
3187 5299 3443 5365 mortali,
3523 5303 3577 5356 vi

1998 5354 2160 5433 istius
2211 5353 2736 5433 fuisset_obj_ectu_m
2773 5353 3125 5433 condignum
3190 5368 3316 5419 odin
3370 5353 3485 5433 Dei,
3525 5353 3582 5427 et

1996 5423 2239 5498 ausim
2283 5436 2337 5480 et
2391 5423 2836 5485 abominationis.
2912 5423 2989 5486 Si“
3038 5449 3069 5488 a
3112 5423 3579 5498 venialibusﬂno'n

1998 5495 2322 5572 reddidisset
2372 5498 2710 5564 immunem,
2779 5503 2956 5558 adhuc
2996 5504 3088 5572 jus
3140 5507 3455 5566 retinuisset
3508 5495 3575 5568 ad

1996 5565 2365 5649 hereditatem
2412 5580 2865 5649 aeternam,qu:e_
2888 5584 2972 5629 est
2996 5565 3166 5649 'clara
3198 5578 3369 5645 ipsius
3401 5565 3574 5649 visio;

1996 5646 2050 5718 at
2086 5652 2191 5691 non
2239 5637 2512 5718 reddendo
2544 5637 2839 5718 immunem
2886 5661 2914 5698 a
2944 5648 3144 5713 peccati
3178 5637 3458 5718 originalis
3491 5637 3580 5707 in:—

2001 5704 2267 5786 fectiotie,_
2284 5709 2668 5786 excluderetur
2687 5713 2754 5767 de
2768 5704 2967 5786 [actoa
2993 5704 3395 5786 consecutione,
3430 5704 3577 5781 illius

2016 5779 2217 5859 gloriae.
2252 5779 2381 5861 Item
2435 5783 2625 5849 positis
2658 5782 2710 5836 in
2860 5784 3292 5861 Yirgineculpis
3343 5779 3575 5861 levibus,

2022 5848 2245 5902 minime
2274 5850 2377 5903 dici
2426 5848 2657 5923 poterat,
2708 5848 3030 5911 maleilict'its
3078 5848 3225 5923 dies:
3244 5871 3297 5915 et
3340 5866 3468 5917 liora
3523 5848 3574 5919 in

2022 5934 2127 5990 qua
2165 5930 2425 5991 concepta
2471 5921 2663 5980 fuisset
2697 5941 2710 5977 :
2746 5936 2799 5981 at
2829 5929 3082 6000 originali
3121 5921 3417 5991 exSistcntc
3455 5951 3578 5990 vere
