4038 6616
490 445 616 510 13‘31

1597 443 1654 503 S.
1693 440 2003 501 JOSEPHI
2046 438 2605 500 llYMNOGRAPlII

3610 443 3744 506 1302

484 570 718 618 mortem
752 558 1002 613 triduana
1042 573 1138 612 sua
1177 565 1354 612 morte
1400 556 1678 625 spoliavit.
1718 557 1891 621 Quem
1936 572 2057 619 ora,
2090 560 2136 620 Α
2170 572 2344 625 neque
2387 558 2652 626 gentium,
2684 565 2744 609 ut
2773 564 2846 620 te,
2888 565 3046 626 prout
3080 556 3254 621 decet,
3298 557 3517 628 hymnis
3567 560 3741 615 hono-

483 665 541 711 ut
581 653 775 707 animae
813 668 949 706 mea:
997 652 1125 705 vilia
1160 650 1472 713 mortiiicet,
1506 664 1698 720 meque
1736 650 1945 705 salvum
1984 649 2063 703 fa-

452 796 455 800 .
481 746 609 801 ciat.

554 837 723 891 Serva
747 844 801 891 et
829 837 997 891 libera
1042 833 1317 889 civitatem
1349 849 1414 887 ac
1448 833 1706 903 populum
1739 833 2065 903 confugien-

480 941 588 984 tem
622 931 686 984 ad
719 938 793 992 te,
832 928 924 982 Dei
957 927 1190 997 genitrix
1224 925 1410 995 Virgo,
1440 942 1563 997 qum
1587 926 1867 981 Christum
1900 940 2063 995 pepe-

482 1025 626 1087 risti,
652 1038 717 1076 ex
756 1022 905 1076 omni
935 1021 1248 1075 adversaria
1282 1021 1385 1087 ira,
1426 1028 1478 1076 et
1512 1019 1748 1087 excidio,
1790 1018 2064 1073 incursio-

480 1185 753 1237 diceretur
784 1183 1068 1236 maledicta
1108 1182 1392 1251 Ctimf‘plitl
1428 1182 1493 1251 Β.
1526 1180 1764 1251 Virginis
1795 1178 2061 1251 sicutht

481 1255 600 1315 loli,
630 1264 683 1307 ct
713 1255 1047 1322 reliquorum
1084 1248 1387 1306 hominum.
1424 1250 1561 1304 Hinc
1606 1248 1805 1304 Buslus
1838 1250 1895 1322 in
1919 1248 2061 1322 _Ma-

480 1326 625 1387 riali,
656 1320 844 1379 sermJ
872 1325 921 1389 '7,
955 1327 1017 1377 de
1059 1323 1307 1390 Concept.
1344 1333 1485 1393 part.
1524 1338 1561 1388 ι,
1595 1323 1672 1393 ait
1714 1338 1727 1374 :
1768 1339 1785 1371 t
1828 1321 1884 1374 Si
1917 1320 2061 1374 Deus

480 1398 851 1466 praeservavit,
891 1404 944 1448 et
985 1396 1231 1449 defendit
1266 1395 1540 1462 Virginem
1588 1392 1879 1466 gloriosam
1912 1406 1939 1444 a
1970 1406 2062 1443 ve-

479 1461 611 1520 niali
646 1477 891 1535 peccato,
935 1468 1077 1534 quod
1125 1481 1230 1519 non
1263 1466 1438 1534 pl‘ian.
1470 1461 1794 1535 gratiagl)ei,
1821 1471 1875 1535 et
1916 1473 2061 1535 stare

480 1532 659 1606 potest
720 1552 841 1592 cum
876 1532 1166 1600 charitate,
1204 1532 1276 1589 uti
1312 1536 1500 1589 dicunt
1528 1533 1788 1601 theologi,
1820 1534 1871 1606 in
1915 1532 1970 1595 4,
1997 1534 2055 1587 (1.

479 1603 570 1672 ΞΙ,
602 1617 655 1662 et
690 1608 791 1661 hoc
815 1616 874 1660 ιιι
916 1616 1060 1662 esset
1098 1608 1288 1661 idonea
1340 1608 1515 1659 Mater
1546 1619 1664 1668 sua,
1696 1613 1749 1658 et
1797 1603 1866 1657 ob
1903 1619 2057 1657 amo-

482 1696 594 1731 rem
632 1693 792 1749 quem
831 1678 930 1745 ipsi
979 1679 1046 1731 ab
1076 1688 1278 1731 aeterno
1312 1676 1586 1749 portavit:
1621 1674 2056 1749 ergouiticouvef

480 1744 881 1803 niens'videtur
928 1749 1151 1801 credere
1191 1744 1335 1816 quod
1380 1744 1897 1817 permiseritdillam
1937 1744 2055 1817 labi

481 1820 534 1873 in
585 1819 836 1888 originali
896 1828 1116 1887 peccato
1160 1814 1408 1887 privante
1460 1814 2053 1888 gratiadiviuaaNon

481 1890 628 1943 enim
658 1885 803 1943 esset
831 1885 991 1963 vei-us
1018 1885 1193 1963 amor,
1229 1888 1273 1963 si
1308 1888 1432 1963 quis
1466 1885 1785 1963 defenderet
1816 1887 2053 1939 amicum
2089 1908 2130 1963 Β

481 1976 665 2020 suum,
703 1974 769 2013 ne
806 1960 885 2012 vel
921 1960 1193 2012 modicum
1230 1959 1418 2011 leviter
1457 1956 1862 2020 verberaretur,
1890 1972 2052 2025 quem

482 2041 664 2083 tamen
702 2045 795 2097 per
832 2030 1013 2097 gulam
1067 2029 1351 2097 suspendi,
1383 2028 1469 2083 vel
1503 2032 1679 2097 capite
1720 2027 2060 2096 permitteret

480 2100 817 2154 detruncari.
860 2118 877 2150 ι
915 2101 1004 2153 Sic
1035 2101 1257 2153 Bustus.

552 2171 664 2240 (61)
700 2170 1003 2240 _Angelicus
1058 2170 1258 2224 Doctor
1308 2171 1363 2227 5.
1401 2184 1548 2240 μη.
1582 2168 1766 2240 97,}.
1812 2168 1868 2234 ἓ,
1906 2168 2056 2223 illum

480 2237 662 2293 locum
693 2237 813 2295 Jobi
847 2256 929 2298 tit.
964 2241 1052 2295 ubi
1093 2240 1159 2295 de
1183 2237 1633 2295 diabolo‘dicitur
1665 2237 1942 2309 Exspectat
1978 2240 2058 2292 lu-

479 2327 587 2365 cem
643 2323 690 2364 et
738 2327 838 2364 non
876 2312 1072 2375 rideat,
1143 2328 1234 2364 nec
1280 2321 1453 2364 ortum
1508 2313 1768 2378 surgentis
1824 2327 2056 2373 anrora',

486 2383 543 2436 in
605 2397 769 2435 sensu
848 2382 1070 2436 litterali
1111 2382 1234 2452 (etsi
1294 2380 1687 2451 metaphorico)
1736 2382 1957 2452 exponit
1991 2382 2059 2435 de

479 2460 639 2506 nocte
695 2452 903 2521 peccati
957 2450 1239 2522 originalis
1280 2452 1363 2506 his
1410 2450 1715 2522 verbisit
1775 2450 2056 2520 Exspectat

484 2522 697 2586 Lucem,
730 2524 781 2575 id
830 2532 931 2587 est,
978 2521 1282 2585 Christum,
1313 2530 1367 2575 et
1398 2538 1501 2575 non
1534 2521 1732 2585 videat,
1764 2524 1889 2590 quia
1927 2522 2058 2577 nihil

480 2593 826 2663 inquinatum
865 2595 1097 2663 incurrit
1126 2593 1177 2646 itt
1221 2592 1580 2659 Sapientiam,
1620 2608 1739 2660 qua:
1778 2604 1861 2647 est
1898 2592 2055 2646 Chri-

480 2662 602 2726 tus,
628 2672 687 2716 ut
713 2664 912 2716 dicitur
943 2662 1072 2732 Sap.
1100 2679 1198 2727 vn;
1229 2678 1321 2717 nec
1342 2671 1515 2715 ortum
1540 2664 1799 2732 surgentis
1826 2679 2054 2728 aurora,

482 2735 534 2787 id
560 2741 664 2797 est,
693 2733 754 2787 Β.
794 2732 1057 2804 Virginis,
1087 2749 1209 2804 quin
1235 2736 1286 2788 itt
1313 2749 1414 2788 suo
1434 2742 1558 2804 ortu
1587 2748 1615 2786 a
1649 2744 1869 2803 peccato
1890 2735 2059 2803 origi-

479 2804 589 2857 nali
650 2804 748 2859 fuit
797 2802 1142 2859 immunis.)
1188 2805 1275 2858 Sic
1328 2805 1435 2859 ille.
1484 2802 1618 2856 Cum
1652 2802 1863 2867 autem,
1913 2802 2055 2859 idem

479 2875 543 2928 Ι).
576 2873 816 2929 Thomas
845 2876 897 2928 in
946 2891 1065 2945 cap.
1099 2890 1113 2929 t
1146 2873 1403 2938 Mattltazi,
1437 2874 1705 2945 duplicem
1730 2883 1933 2937 ortum,
1961 2890 2053 2929 seu

478 2946 816 2999 nativitatem
861 2944 1143 3014 agnoSeat,
1170 2947 1378 3000 scilicet
1409 2944 1740 2998 nativitatem
1789 2945 1843 2997 iii
1871 2954 2052 3008 utero,

478 3032 599 3084 qua:
618 3027 699 3069 est
722 3018 893 3084 prima
918 3016 1193 3076 formatio.
1222 3025 1275 3071 et
1297 3016 1635 3070 nativitatem
1658 3031 1726 3070 ex
1747 3024 1921 3080 utero,
1948 3032 2056 3083 qua

478 3088 603 3155 quis
633 3092 744 3140 exit
768 3087 820 3140 itt
848 3088 1023 3141 lucem
1058 3105 1070 3139 :
1106 3104 1123 3138 t
1156 3085 1317 3141 Nasci
1343 3090 1407 3140 de
1450 3086 1639 3147 Matre,
1666 3086 1864 3155 inquit,
1896 3098 1978 3140 est
2000 3087 2055 3141 iit

480 3157 655 3210 lucem
693 3157 933 3225 prodire,
968 3158 1019 3211 itt
1054 3156 1222 3211 Matre
1257 3156 1404 3210 nasci
1437 3168 1519 3211 est
1553 3157 1727 3225 ipsum
1755 3157 1992 3226 concipi.
2030 3175 2048 3209 ι

481 3226 557 3281 Ex
597 3230 698 3281 hoc
728 3228 848 3281 loco
895 3237 1274 3296 argumentum
1318 3229 1518 3281 bonum
1554 3227 1676 3280 elici
1716 3241 1876 3295 posse
1905 3227 2055 3281 vide-

480 3307 573 3350 tur
599 3299 665 3351 ad
697 3300 1133 3352 confirmandum
1169 3298 1340 3351 fuisse
1381 3309 1647 3358 sanctam.
1682 3306 1737 3350 et
1785 3299 2055 3352 immacu-

479 3368 646 3421 latam
717 3385 824 3423 non
889 3370 1051 3423 modo
1108 3367 1343 3436 Virginis
1392 3370 1751 3428 nativitatem.
1792 3370 1858 3421 ad
1896 3384 2058 3436 quant

481 3454 607 3491 enin
666 3438 843 3492 locutu
898 3439 1063 3493 refert
1110 3437 1165 3492 S.
1204 3437 1464 3501 Thomas,
1499 3439 1592 3492 sed
1637 3439 1799 3491 etiam
1849 3438 2059 3492 Conce-

482 3510 764 3575 ptionem?
794 3528 812 3560 ς
854 3509 1040 3578 Neque
1069 3511 1213 3564 enim
1236 3519 1411 3578 potest
1434 3509 1640 3579 negari,
1676 3509 1849 3578 inquit
1872 3509 2064 3563 Valen-

482 3581 558 3631 tia
612 3580 663 3631 in
714 3595 772 3631 ιιι
818 3595 870 3647 p.
926 3580 985 3633 υ.
1024 3580 1265 3645 Τιιοιιιω,
1311 3591 1455 3633 tonio
1511 3580 1599 3641 ιν,
1644 3580 1784 3647 disp.
1822 3582 1886 3649 ,2.
1919 3596 1974 3649 q.
2020 3596 2058 3643 t,

478 3658 684 3716 puncto
715 3650 771 3710 9.,
807 3651 935 3717 quin
969 3651 1052 3702 vel
1084 3652 1316 3703 maxime
1350 3650 1647 3717 Coaceptio
1674 3651 1789 3716 ipsa
1819 3648 2060 3718 Virginis

482 3718 650 3772 fuerit
675 3734 893 3788 quoque
909 3719 1228 3789 ejnsortus;
1258 3722 1333 3773 rei
1368 3736 1603 3790 namque
1624 3729 1803 3790 Ottum
1826 3723 2062 3775 maxime

482 3789 718 3844 dicimus
766 3806 887 3843 esse
917 3793 1092 3859 ipsum
1127 3793 1202 3844 rei
1239 3789 1586 3858 principium.
1640 3809 1658 3840 ι
1696 3789 1831 3843 llinc
1862 3790 2062 3845 (latite-

483 3875 638 3913 rmus
690 3861 743 3913 itt
798 3876 894 3914 sua
947 3864 1213 3929 Disputat.
1247 3876 1344 3928 pro
1400 3863 1747 3915 immaculata
1796 3860 1857 3914 Β.
1912 3861 2057 3930 Virg.

483 3930 744 3998 ColtCept.
783 3931 873 3985 lib.
918 3946 956 3994 ι,
996 3938 1063 3984 ad
1098 3934 1389 3999 quosdam,
1427 3933 1518 3999 qui
1550 3933 1881 3986 adducentes
1917 3931 2063 3985 hunc

481 3999 604 4054 Jobi
636 4001 813 4055 locum
843 4021 855 4056 :
895 4001 1179 4071 Exspectet
1204 4003 1372 4055 lucem
1404 4011 1453 4054 et
1481 4020 1583 4055 non
1618 4006 1815 4063 videat,
1851 4018 1942 4054 nec
1969 4018 2060 4071 ore

486 4082 603 4124 tum
648 4074 910 4143 surgentis
950 4070 1177 4138 anrorw,
1221 4083 1274 4126 et
1318 4076 1384 4126 de
1432 4082 1656 4141 peccato
1695 4074 1946 4143 originali
1984 4070 2060 4125 ibi

483 4157 795 4213 sermonem
824 4159 947 4198 esse
990 4153 1319 4207 aSserentes,
1348 4144 1491 4213 quod
1534 4160 1639 4197 non
1673 4144 1806 4197 vidit
1832 4142 2057 4208 Lucem,

484 4228 608 4280 qua:
650 4222 733 4267 est
761 4212 1034 4280 Christus,
1060 4231 1169 4336 q‘po
1200 4212 1600 4282 illutnpenitus
1632 4231 1738 4269 non
1768 4216 2058 4279 conclusit,

487 4298 589 4336 nec
615 4293 816 4336 ortum.
854 4285 906 4336 id
949 4296 1054 4336 est.
1114 4284 1427 4336 'ativitatctn
1475 4288 1756 4336 sumentis
1808 4286 2058 4336 Aurorae.

487 4298 589 4336 nec
615 4293 816 4355 ortum,
854 4285 906 4338 id
949 4296 1054 4350 est,
1082 4284 1427 4338 Nativitatetn
1475 4288 1756 4355 surgentis
1808 4286 2058 4346 Aurorae,

484 4370 605 4421 quae
631 4362 713 4423 est
735 4353 899 4407 Maria
929 4372 940 4407 :
969 4356 1094 4410 inde
1122 4355 1446 4416 inferebant,
1467 4353 1611 4423 quod
1644 4356 1756 4409 sola
1782 4357 2058 4418 nativitas,

483 4433 538 4476 et
593 4440 700 4477 non
755 4427 1038 4494 conceptio
1096 4426 1280 4479 Maria:
1326 4426 1737 4494 excipiebatur,
1800 4425 1957 4479 etab
1996 4438 2062 4479 eo

485 4507 709 4561 peccato
749 4505 867 4549 erat
895 4497 1175 4561 immunis,
1210 4499 1260 4550 in
1293 4497 1437 4551 hunc
1466 4498 1687 4551 tnodmn
1723 4496 2058 4567 respondet:

485 4567 776 4633 Exponunt
828 4578 1008 4619 ortutn
1060 4572 1285 4621 Aurora:
1347 4582 1445 4636 pro
1508 4568 1799 4621 Nativitate
1855 4567 2056 4632 Mariae,

866 4647 1021 4691 utero
1040 4614 1185 4703 {cur
1210 4614 1318 4690 non
1347 4614 1656 4706 potitts'pro
1685 4614 1922 4707 i'lia'qtia:
1956 4614 2058 4691 fuii
2091 4614 2135 4670 θ

487 4709 540 4758 in
573 4710 767 4759 utero?
795 4707 906 4760 Cur
935 4708 1081 4760 enim
1112 4710 1213 4760 viri
1251 4711 1361 4773 isti,
1397 4718 1453 4760 ιιι
1495 4711 1814 4776 sa-pissitne,
1845 4718 1898 4761 et
1925 4709 2059 4761 ntul-

441 4787 559 4837 ,tts
627 4780 762 4831 |0Cls
825 4787 1016 4831 contra
1087 4777 1328 4831 Dominae
1390 4779 1678 4846 puritatettt
1738 4788 2053 4848 perpetuam

488 4860 733 4915 agentes,
776 4857 980 4912 ortum,
1031 4858 1084 4903 et
1143 4850 1481 4901 nativitatem
1539 4865 1635 4918 pro
1690 4850 1805 4918 ipsa
1857 4865 2055 4903 conce-

488 4920 672 4986 ptione
705 4920 1003 4987 accipiunt,
1035 4933 1199 4989 atque
1244 4929 1527 4989 exponunt
1572 4923 1736 4974 etiam
1771 4921 1969 4981 verbis,
2002 4928 2056 4975 et

487 4999 670 5042 mente
715 5003 999 5043 auctorum
1038 4992 1487 5061 repugnantibus,
1524 5000 1582 5044 ut
1617 5009 1719 5046 suo
1748 4992 1866 5045 loco
1904 5006 2055 5044 mon-

486 5062 702 5126 strabo;
738 5077 881 5114 nunc
907 5071 1110 5127 autem,
1148 5064 1238 5115 ubi
1271 5064 1409 5115 ratio
1437 5062 1671 5117 maxime
1701 5062 1983 5125 suadebat,
2005 5068 2058 5113 et

486 5130 610 5197 pius
636 5130 790 5184 favor
821 5131 979 5185 Matri
1008 5132 1124 5195 Dei,
1160 5143 1339 5186 ortum
1372 5148 1583 5187 aurora:
1618 5150 1716 5202 pro
1751 5135 2052 5195 nativitate,

486 5217 608 5270 qua:
642 5218 707 5255 ex
741 5211 1058 5272 utero,tton
1090 5220 1210 5272 quae
1258 5204 1312 5255 itt
1360 5216 1535 5268 utero,
1577 5206 1743 5257 velint
1777 5219 1875 5257 nos
1921 5208 2055 5255 reci-

484 5288 633 5339 pere,
671 5281 730 5325 ut
784 5276 883 5327 hoc
923 5271 1169 5328 Domina:
1217 5276 1558 5343 privilegium
1609 5274 1950 5343 expugnent?
1986 5274 2055 5327 At

484 5359 602 5416 nos
636 5346 914 5416 discemus
969 5350 1153 5413 potius
1207 5360 1304 5413 pro
1359 5348 1532 5414 gloria
1577 5346 1797 5416 Reginae
1851 5353 2055 5398 nostra:

483 5414 648 5468 simili
717 5416 879 5469 modo
941 5430 1236 5484 exponere,
1270 5416 1411 5470 sicut
1460 5416 1552 5470 illa
1590 5414 1797 5470 faciunt
1860 5425 2052 5469 contra

482 5485 657 5547 illam,
700 5496 759 5538 ut
791 5496 973 5542 ortum
1013 5504 1187 5557 ipsum
1236 5502 1334 5556 pro
1384 5488 1503 5556 ipso
1537 5491 1711 5557 primo
1748 5494 1871 5541 ortu
1904 5486 2052 5539 acci-

481 5556 717 5623 piamus,
747 5560 839 5625 qui
881 5559 983 5610 fuit
1010 5556 1061 5611 in
1097 5568 1250 5612 utero
1290 5572 1412 5611 cum
1452 5556 1547 5613 est
1574 5568 1859 5627 concepta,
1890 5574 2049 5625 quem

484 5636 662 5698 ortum
691 5630 879 5696 procul
920 5629 1088 5683 dubio
1118 5640 1233 5683 atra
1267 5630 1356 5683 iila
1381 5631 1591 5698 peccati
1619 5645 1723 5683 nox
1754 5644 1865 5681 non
1894 5630 2047 5681 vidit.

485 5696 640 5771 Quod
679 5709 863 5771 autem
894 5700 965 5754 ita
1006 5716 1129 5755 vere
1161 5701 1357 5771 exponi
1382 5696 1594 5766 debeat,
1633 5701 1866 5770 primum
1900 5701 2046 5765 facit,

480 5768 627 5841 quod
674 5769 791 5837 ipsa
843 5773 1099 5827 decenter
1158 5768 1256 5841 pro
1292 5786 1486 5827 aurora
1534 5768 1894 5841 signiﬁcatur,
1928 5786 2050 5838 quae

480 5836 707 5893 Christi,
730 5842 834 5896 luci
883 5836 1218 5910 adjungitu'r,
1251 5857 1373 5912 quae
1402 5852 1551 5897 certe
1588 5836 1757 5896 Simul
1792 5859 1913 5896 cunt
1943 5836 2044 5904 est,

478 5924 603 5965 euut
638 5912 759 5967 luce
794 5915 911 5983 ipsa
950 5924 1053 5983 est,
1089 5929 1368 5985 nunquam
1398 5923 1481 5972 est
1522 5918 1670 5971 enim
1699 5927 1898 5969 aurora
1928 5913 2047 5968 sine

2174 668 2229 706 ra
2239 663 2356 707 ntcs
2387 652 2819 722 magttiﬂcemus.

2512 743 2596 798 Ea:
2630 760 2826 797 canone
2857 744 3002 813 fet-iw
3034 761 3115 808 tit,
3147 746 3297 799 Itebd.
3333 761 3405 800 tv.

2238 835 2394 891 Sicut
2415 836 2626 890 Aurora
2667 836 2846 889 Solem
2881 837 2935 890 in
2960 838 3103 891 ulnis
3130 837 3329 903 ferens,
3356 836 3523 908 Virgo
3552 849 3740 893 exorta

2165 936 2219 981 et
2258 928 2419 982 nobis
2450 928 2503 981 in
2543 938 2704 981 nocte
2739 929 3055 983 sedentibus
3090 929 3223 999 (Gl).

2231 1018 2301 1073 Ut
2329 1018 2614 1074 Deiiicaret
2654 1018 2952 1074 humanum
2986 1038 3158 1090 genus
3188 1020 3334 1078 Deus
3362 1024 3526 1079 homo
3565 1023 3741 1079 factus

2171 1178 2315 1233 lucc.
2352 1178 2609 1250 Secundo
2640 1178 2770 1233 facit
2803 1188 2856 1232 et
2891 1180 3149 1247 maxime,
3177 1182 3322 1250 quod
3353 1200 3473 1237 cum
3511 1185 3578 1237 de
3608 1187 3738 1239 stel-

2166 1250 2232 1323 lis
2279 1251 2520 1323 loquitur
2552 1248 2799 1323 Joh,‘pcr
2831 1267 2967 1317 quas
3006 1248 3395 1319 proculdubio
3426 1258 3600 1309 sancti
3637 1257 3737 1323 ipsi

2164 1320 2581 1394 significantur,
2614 1321 3027 1394 golttcnebratas
3082 1324 3202 1377 illas
3256 1326 3490 1394 caligine
3562 1320 3738 1381 noctis

2166 1391 2329 1457 hujus
2367 1392 2730 1460 pronuntiat?
2763 1392 2908 1459 quod
2962 1402 3113 1447 certe
3166 1410 3271 1447 non
3320 1391 3595 1450 videretur
3648 1413 3739 1451 ve-

2164 1477 2309 1525 rum,
2348 1464 2394 1516 si
2429 1470 2611 1514 ortum
2652 1478 2717 1515 ex
2753 1471 2906 1515 utero
2938 1464 3100 1533 etiam
3140 1465 3189 1517 in
3223 1466 3553 1533 quibusdam
3587 1468 3737 1533 ipso-

2166 1548 2284 1585 rum
2334 1540 2820 1603 spectaretnus,ut
2860 1533 2928 1587 de
2956 1532 3166 1588 Joanne
3199 1532 3462 1603 Baptista,
3496 1547 3550 1591 et
3583 1532 3736 1592 Iere-

2166 1602 2275 1656 mia
2306 1618 2498 1657 omties
2530 1602 2900 1674 concedimus,
2939 1605 3082 1657 sicut
3109 1605 3371 1674 scriptum
3404 1618 3487 1661 est
3515 1627 3528 1661 :
3564 1626 3582 1659 ι
3620 1610 3737 1662 An-

2165 1679 2384 1742 tequam
2411 1674 2587 1727 exircs
2626 1674 2692 1726 de
2722 1673 3260 1739 vulva,)sanctiticavi
3294 1687 3361 1730 te.
3389 1697 3406 1729 ι
3447 1678 3664 1739 (Jcrem.
3696 1696 3735 1742 t,

2164 1742 2243 1811 5.)
2274 1743 2389 1797 Non
2425 1744 2591 1812 igitur
2636 1754 2782 1798 recte
2809 1754 3030 1812 excepta
3083 1745 3275 1800 fuisset
3302 1749 3415 1801 sola
3453 1743 3648 1803 aurora
3680 1752 3734 1803 iit

2166 1824 2310 1876 ortu,
2353 1825 2610 1889 tanquam
2660 1822 2884 1889 peccato
2927 1815 3071 1869 illius
3108 1816 3283 1871 noctis
3334 1820 3526 1884 libera,
3562 1822 3604 1873 si
3639 1836 3735 1889 per

2162 1896 2341 1939 ortum
2373 1886 2642 1953 posterior
2664 1885 3064 1951 significaretur
3090 1889 3369 1953 ttativitas,
3398 1900 3597 1943 cumet
3632 1885 3734 1946 hoc

2164 1955 2231 2009 de
2259 1954 2533 2021 aliquibus
2560 1954 2730 2009 stellis
2760 1970 2946 2009 verum
2974 1966 3138 2010 esset.
3187 1957 3252 2011 Et
3289 1958 3466 2013 tamen
3501 1963 3737 2015 sanctis-

2166 2026 2343 2079 simus
2372 2023 2495 2087 Joh,
2527 2035 2586 2079 ut
2613 2024 2759 2077 illam
2811 2026 2938 2099 luci,
2974 2026 3027 2079 id
3069 2035 3171 2099 est,
3200 2026 3422 2084 Christo
3468 2032 3733 2099 adjungc-

2169 2106 2278 2170 ret,
2308 2104 2558 2170 etsuper
2576 2111 2771 2170 omnes
2796 2096 3006 2170 stellas,
3040 2098 3091 2170 id
3128 2108 3233 2162 est,
3266 2112 3508 2165 sant-tos,
3537 2096 3735 2170 singu-

2162 2167 2349 2221 lariter
2380 2166 2787 2237 magnificarct,
2810 2166 2987 2221 solum
3040 2168 3160 2236 ejus
3195 2179 3377 2223 ortum
3415 2166 3735 2237 excipitfut

2163 2238 2346 2293 stellas
2400 2236 2591 2292 omnes
2623 2251 2732 2305 pra:
2760 2236 2846 2290 illa
2894 2240 3218 2292 oliscuratas
3248 2241 3471 2295 faceret.
3511 2236 3604 2295 Sic
3630 2242 3735 2297 Ca-

2165 2308 2433 2361 tlierinus.
2481 2306 2743 2361 Prmdieta
2781 2308 2942 2360 etiam
2977 2305 3098 2361 Jobi
3136 2310 3297 2363 verba
3343 2327 3371 2363 a
3412 2311 3469 2364 S.
3517 2310 3730 2368 Titoma

2161 2378 2321 2432 allata
2352 2379 2667 2447 expendens
2719 2378 2966 2447 Andreas
3008 2376 3200 2432 Pintus
3235 2381 3486 2435 itamirez
3533 2382 3585 2435 in
3629 2400 3733 2438 Suo

2162 2464 2325 2518 opere
2356 2445 2687 2516 De'concept.
2728 2445 2792 2500 B.
2829 2445 2971 2518 Virg.
3004 2465 3056 2503 ιι.
3084 2450 3208 2511 567,
3243 2451 3294 2503 iti
3330 2451 3477 2506 hunc
3509 2456 3729 2508 modum

2162 2519 2354 2574 scribit
2387 2537 2400 2571 :
2439 2536 2457 2569 t
2506 2518 2678 2593 Quam
2730 2518 2900 2572 libere
2929 2526 3085 2593 ortus
3129 2522 3403 2593 abutere
3434 2523 3521 2577 hic
3559 2526 3734 2593 expli-

2162 2601 2340 2655 catur,
2372 2599 2478 2643 tam
2511 2590 2679 2643 libere
2711 2600 2892 2643 ortum
2927 2589 2983 2642 iit
3010 2599 3184 2653 utero,
3216 2590 3266 2644 id
3299 2602 3381 2646 est
3415 2589 3733 2661 conceptio-

2163 2676 2283 2714 nem
2326 2662 2622 2729 passivam,
2684 2674 2982 2727 possumus
3033 2662 3331 2729 explicare,
3389 2671 3443 2717 et
3497 2665 3733 2720 fortasse

2161 2732 2334 2800 magis
2371 2746 2614 2803 congrue
2648 2730 2920 2803 vulgatam
2952 2734 3355 2803 nostram'(qui
3385 2742 3468 2788 est
3486 2738 3731 2803 optimus

2159 2803 2464 2871 explicandi
2494 2801 2711 2871 modus)
2752 2802 2872 2856 aliis
2904 2802 3246 2857 versionibus
3288 2801 3665 2860 conciliantes.
3706 2827 3725 2859 ι

2166 2870 2394 2926 Sati'ctcs
2427 2872 2569 2927 enim
2619 2871 2895 2938 Pagninus
2931 2871 3217 2926 Themista
3261 2874 3494 2929 fideliter
3524 2893 3587 2930 ex
3620 2878 3731 2931 Ile-

2163 2945 2309 2997 brazo
2362 2942 2442 2996 sic
2478 2946 2642 2997 vertit
2680 2959 2692 2995 :
2743 2959 2762 2993 t
2800 2942 3090 3010 Exspectet
3137 2944 3334 3007 lucem,
3383 2955 3438 2999 et
3478 2963 3584 3001 non
3634 2950 3729 3012 sit,

2160 3029 2262 3068 uec
2292 3013 2849 3087 videat_splendoretn
2886 3028 3119 3087 aurorae.
3167 3033 3184 3065 ι
3220 3012 3386 3069 Ottus
3419 3032 3549 3086 ergo
3582 3022 3730 3087 apud

2161 3094 2407 3137 nostrum
2484 3083 2833 3155 interpretem
2888 3083 3234 3155 splendorem
3296 3083 3568 3155 signiﬁiat
3602 3083 3637 3151 ,_
3678 3099 3734 3142 et

2161 3154 2418 3223 splendor
2446 3153 2693 3223 absolute
2735 3154 2802 3207 de
2833 3158 3027 3223 quovis
3075 3154 3257 3208 Maria}
3301 3153 3524 3211 instanti
3581 3160 3733 3213 venit

2162 3222 2530 3293 usurpandus.
2570 3222 2831 3277 Va‘tablus
2858 3224 2987 3292 legit
3016 3242 3028 3277 :
3066 3244 3082 3276 ι
3117 3226 3409 3293 Exspectet
3445 3228 3646 3293 lucem,
3677 3239 3732 3283 et

2164 3311 2269 3349 non
2302 3295 2461 3368 adsit,
2488 3310 2587 3348 nec
2607 3294 2783 3368 videat
2815 3294 3098 3368 palpebras
3133 3310 3426 3368 aurorae.)
3470 3298 3581 3353 Has
3612 3302 3731 3368 pal-

2162 3369 2359 3440 pebras
2386 3364 2587 3440 frustra
2619 3366 2687 3419 ad
2718 3366 3056 3440 nativitatem
3094 3368 3267 3440 magis
3302 3366 3536 3435 deferas,
3564 3364 3732 3440 quam

2163 3434 2230 3511 ad
2260 3436 2705 3511 conceptionem.
2744 3434 2797 3511 In
2828 3451 2887 3511 re
2910 3449 3046 3511 ergo
3078 3434 3240 3511 dubia
3282 3440 3455 3507 magis
3484 3434 3731 3511 coit'grue

2163 3510 2229 3560 ad
2260 3502 2519 3560 honorem
2556 3502 2797 3575 Virginis
2828 3506 2979 3559 locus
3017 3506 3256 3572 ducitur,
3285 3502 3447 3575 quam
3492 3502 3734 3565 traliitur

2163 3578 2228 3631 ad
2262 3576 2514 3647 impium.
2549 3574 2812 3629 Sed’audi
2851 3576 2981 3643 quid
3026 3592 3124 3645 pro
3164 3574 3340 3631 littera
3373 3579 3576 3636 Pineda
3612 3583 3685 3636 ibi
3714 3601 3730 3638 :

2169 3666 2195 3719 «γ
2226 3647 2373 3719 Inter
2421 3646 2659 3716 reliquas
2718 3648 3125 3719 translationes
3168 3648 3283 3702 haec
3345 3649 3730 3719 palpebrarum

2164 3717 2430 3792 illustrior
2452 3729 2554 3792 est,
2586 3717 2730 3792 quod
2757 3719 2972 3792 oculum
3006 3718 3129 3771 cudi
3152 3719 3408 3786 respiciat
3437 3717 3454 3773 Ξ
3492 3737 3731 3792 namque

2164 3790 2332 3845 solem
2376 3789 2500 3842 cceli
2547 3787 2766 3841 oculum
2801 3790 3017 3842 videtur
3052 3803 3248 3861 aurora
3282 3791 3437 3857 quasi
3474 3804 3597 3861 post
3629 3787 3729 3846 no-

2165 3870 2421 3915 cturnutn
2455 3872 2730 3926 soporem,
2770 3869 2824 3912 et
2850 3860 3033 3912 clausa
3077 3859 3308 3922 lumina,
3342 3859 3537 3915 iterum
3572 3864 3733 3917 didu-

2164 3931 2288 3992 ctis,
2317 3938 2371 3983 et
2409 3929 2615 3998 apertis
2665 3929 2943 3999 palpebris
2991 3929 3323 3999 vigilantem,
3357 3942 3411 3985 et
3448 3934 3728 3988 videntem

2165 4001 2367 4055 mundo
2396 4000 2642 4071 reddere.
2683 4018 2710 4071 ιΔ
2734 3998 2911 4071 Divini
2943 3998 3073 4069 ergo
3099 3998 3276 4064 Oculi,
3306 4003 3355 4055 id
3395 4012 3498 4066 est,
3539 4002 3732 4071 Verbi,

2163 4071 2419 4140 palpebra
2447 4072 2553 4124 erit
2580 4069 2833 4132 Maria,si
2864 4068 3074 4124 Aurora
3107 4082 3190 4126 est
3212 4087 3279 4125 ex
3298 4084 3473 4128 mente
3501 4072 3563 4127 D.
3592 4068 3735 4129 Tito;

2164 4157 2288 4207 inae,
2321 4151 2375 4195 et
2400 4141 2526 4210 quis
2556 4142 2698 4213 tanti
2728 4140 2883 4195 Oculi
2911 4141 3197 4213 palpebras
3220 4143 3415 4213 lippas,
3448 4157 3503 4198 et
3532 4149 3733 4199 conni-

2163 4222 2352 4266 ventes
2387 4211 2715 4280 quandoque
2748 4212 3115 4266 existimabit?
3146 4212 3200 4266 Si
3234 4211 3369 4267 nihil
3392 4219 3444 4268 in
3476 4215 3730 4269 Divinam

2165 4283 2344 4355 lucem
2398 4282 2677 4355 Christum
2741 4284 2973 4337 incurrit
3030 4284 3396 4353 inquinatum,
3451 4302 3550 4340 cur
3609 4289 3731 4355 ejus

2164 4350 2487 4425 Mater,iubi
2524 4352 2616 4425 lux
2649 4355 2773 4419 ista,
2810 4362 3067 4422 tanquam
3102 4350 3243 4425 inter
3271 4356 3580 4425 palpebras,
3624 4350 3731 4411 no-

2164 4426 2249 4477 his
2310 4424 2623 4492 iulguravit,
2667 4425 3027 4494 denigratur?
3058 4427 3115 4478 Si
3164 4424 3335 4480 Maria
3368 4424 3595 4479 'Aurora
3643 4441 3734 4481 est

2166 4493 2309 4549 Solis
2367 4496 2727 4566 ittttnaculati,
2784 4493 2883 4566 cur
2937 4496 3246 4559 maculata,
3296 4499 3406 4551 imo
3443 4509 3733 4566 appetens,

2165 4566 2311 4634 quod
2363 4565 2651 4637 Concepta
2689 4565 2926 4637 appetit,
2977 4566 3339 4635 profanatur?
3391 4565 3563 4637 Majas
3621 4583 3730 4633 est,

2164 4638 2309 4705 quod
2337 4635 2509 4689 voluit
2536 4636 2597 4705 lii.
2624 4634 2768 4688 Petr.
2795 4634 2945 4689 Dant.
2972 4634 3036 4691 ad
3068 4640 3212 4692 hunc
3253 4640 3435 4693 locum
3468 4634 3635 4694 serm.
3661 4644 3731 4693 de

2162 4704 2447 4775 Assumpt.
2484 4723 2501 4756 t
2545 4704 2669 4758 Haec
2721 4716 2824 4770 est,
2880 4708 3076 4776 inquit,
3135 4709 3370 4777 Aurora,
3421 4724 3589 4778 quam
3642 4714 3732 4764 ille

2162 4792 2271 4830 non
2313 4779 2467 4842 vidit,
2510 4777 2605 4846 qui
2634 4778 2939 4831 viditomne
2970 4779 3220 4845 sublime,
3263 4794 3322 4835 ut
3354 4777 3473 4835 erat
3508 4780 3569 4835 Β,
3602 4780 3726 4845 Job,

2162 4859 2222 4901 ut
2257 4848 2332 4901 illi
2380 4848 2547 4900 multa
2598 4849 2987 4916 suppressione
3028 4851 3313 4905 claudatur
3335 4854 3525 4905 dicens
3555 4869 3568 4905 :
3602 4851 3730 4905 Non

2160 4919 2331 4972 videat
2382 4930 2559 4971 ortum
2588 4920 2851 4987 surgentis
2880 4923 3126 4975 Auroraz.
3174 4922 3328 4977 Sicut
3354 4930 3568 4976 Aurora
3617 4934 3732 4977 ter-

2159 5006 2387 5061 minum
2411 4992 2606 5050 noctis,
2635 5000 2689 5043 et
2741 4990 2847 5044 diei
2880 4992 3209 5061 principium
3242 4997 3436 5049 adesse
3471 5004 3730 5061 testatur,

2158 5062 2240 5116 sic
2270 5069 2323 5115 et
2349 5060 2514 5128 Virgo
2546 5069 2759 5113 noctem
2807 5062 3014 5131 expulit
3048 5060 3457 5132 Sempiternatu.
3500 5083 3518 5115 ι
3548 5060 3730 5119 Minus

2159 5134 2303 5185 enim
2350 5146 2595 5201 congrue
2631 5146 2740 5187 tam
2772 5140 2942 5185 ntutta
2984 5137 3394 5202 suppressione,
3431 5137 3483 5189 id
3524 5146 3608 5190 est
3630 5136 3731 5188 ab-

2157 5203 2458 5265 att-usione,
2488 5203 2671 5275 clausa
2715 5203 2919 5275 dicitur
2963 5202 3174 5258 Aurora
3226 5217 3437 5270 nostra,
3490 5207 3536 5259 si
3581 5208 3730 5275 ipsas

2156 5274 2463 5342 appetentis
2502 5273 2650 5329 illius
2693 5274 2964 5341 primitias
2999 5277 3211 5329 daemon
3249 5278 3526 5346 oppressit
3574 5273 3731 5331 {mi-

2156 5359 2260 5398 nus
2311 5360 2551 5413 congrue
2587 5348 2959 5417 clauderetur,
2994 5349 3037 5400 si
3093 5348 3264 5401 liestis
3310 5350 3549 5417 primum
3581 5349 3732 5402 illius

2155 5417 2356 5469 ostium
2384 5419 2662 5488 reseravit.
2687 5416 2845 5468 Absit
2876 5430 2893 5469 :‘
2916 5432 3025 5470 non
3056 5420 3229 5472 solum
3264 5416 3369 5472 nOn
3404 5420 3603 5488 tetigit,
3634 5419 3729 5470 sed

2156 5501 2255 5559 nec
2288 5502 2409 5539 eam
2449 5486 2632 5541 videre
2679 5502 2848 5540 ausus
2884 5497 2967 5541 est
3013 5491 3265 5557 princeps
3311 5486 3589 5559 superbia-
3627 5505 3728 5543 δυο

2154 5555 2403 5609 blimium
2433 5569 2744 5625 spectator;
2775 5573 2940 5625 quam
2970 5555 3084 5627 jam
3134 5555 3465 5630 sta—suosque
3499 5576 3729 5629 oppres-

2154 5641 2382 5701 ειιιηιιιἰ
2414 5639 2487 5701 ct_
2509 5637 2714 5681 aeterno
2754 5632 3073 5701 clausuram
3109 5645 3329 5684 carcere
3372 5633 3728 5701 pertintebat.

2152 5695 2428 5773 Hactenus
2456 5697 2729 5773 Ramireg.
2754 5699 2887 5773 Vide
2912 5698 2971 5753 ὃ.
2996 5700 3262 5755 Thomam
3292 5704 3345 5755 in
3372 5695 3574 5773 pSalm.
3602 5716 3726 5763 λιν,

2154 5770 2243 5841 ubi
2276 5771 2557 5837 explicans
2580 5770 2646 5823 de
2678 5770 2738 5823 Β.
2773 5768 2993 5841 Virgine
3014 5774 3101 5826 illa
3130 5774 3289 5826 verba
3328 5792 3340 5827 :
3379 5768 3396 5824 ἱ
3436 5772 3727 5840 Adjuvabit

2151 5838 2283 5912 Eam
2333 5841 2478 5894 Deus
2518 5856 2679 5895 mane
2714 5838 2977 5909 diluculo,
3016 5860 3035 5893 ι
3099 5843 3296 5912 inquit,
3338 5838 3729 5898 Deum'blaria'

2148 5910 2445 5971 exsistcndi
2481 5912 2659 5967 adhuc
2688 5912 2743 5969 itt
2775 5924 2948 5982 utero,
2973 5910 3295 5973 auxiliatum
3325 5914 3493 5972 fuisse
3536 5931 3551 5968 :
3584 5934 3606 5967 ι
3648 5913 3719 5966 Et
