  <div class='ocr_page' id='page_1' title='image "/cluster/home/n/w/nwhite01/storage/ocr_20150623/105/hvd.32044013678347/708.png"; bbox 0 0 4038 6594; ppageno 0'>
   <div class='ocr_carea' id='block_1_1' title="bbox 308 434 449 502">
    <p class='ocr_par' dir='ltr' id='par_1_1' title="bbox 308 434 449 502">
     <span class='ocr_line' id='line_1_1' title="bbox 308 434 449 502; baseline -0.007 -1"><span class='ocrx_word' id='word_1_1' title='bbox 308 434 449 502; x_wconf 76' lang='lat'><strong>1393</strong></span> 
     </span>
    </p>
   </div>
   <div class='ocr_carea' id='block_1_2' title="bbox 1717 434 2084 496">
    <p class='ocr_par' dir='ltr' id='par_1_2' title="bbox 1717 434 2084 496">
     <span class='ocr_line' id='line_1_2' title="bbox 1717 434 2084 496; baseline 0.005 -2"><span class='ocrx_word' id='word_1_2' title='bbox 1717 434 2084 496; x_wconf 72' lang='lat' dir='ltr'><strong>MARIALE.</strong></span> 
     </span>
    </p>
   </div>
   <div class='ocr_carea' id='block_1_3' title="bbox 3412 431 3548 496">
    <p class='ocr_par' dir='ltr' id='par_1_3' title="bbox 3412 431 3548 496">
     <span class='ocr_line' id='line_1_3' title="bbox 3412 431 3548 496; baseline 0.015 -2"><span class='ocrx_word' id='word_1_3' title='bbox 3412 431 3548 496; x_wconf 70' lang='grc'><strong>1394</strong></span> 
     </span>
    </p>
   </div>
   <div class='ocr_carea' id='block_1_4' title="bbox 300 549 3547 622">
    <p class='ocr_par' dir='ltr' id='par_1_4' title="bbox 300 549 3547 622">
     <span class='ocr_line' id='line_1_4' title="bbox 300 549 3547 622; baseline -0.001 -16"><span class='ocrx_word' id='word_1_4' title='bbox 300 561 463 606; x_wconf 80' lang='lat' dir='ltr'><strong>estex</strong></span> <span class='ocrx_word' id='word_1_5' title='bbox 491 558 564 616; x_wconf 90' lang='lat' dir='ltr'><strong>te,</strong></span> <span class='ocrx_word' id='word_1_6' title='bbox 583 549 1010 620; x_wconf 84' lang='lat' dir='ltr'><strong>inculpatissima</strong></span> <span class='ocrx_word' id='word_1_7' title='bbox 1040 551 1224 622; x_wconf 80' lang='lat' dir='ltr'><strong>Virgo,</strong></span> <span class='ocrx_word' id='word_1_8' title='bbox 1255 567 1415 620; x_wconf 97' lang='lat' dir='ltr'><strong>quem</strong></span> <span class='ocrx_word' id='word_1_9' title='bbox 1441 551 1861 619; x_wconf 82' lang='lat' dir='ltr'><strong>pulcherrimum</strong></span> <span class='ocrx_word' id='word_1_10' title='bbox 1897 558 1938 614; x_wconf 67' lang='grc' dir='ltr'><strong>Α</strong></span> <span class='ocrx_word' id='word_1_11' title='bbox 1972 551 2131 622; x_wconf 81' lang='lat' dir='ltr'><strong>lueis,</strong></span> <span class='ocrx_word' id='word_1_12' title='bbox 2159 566 2320 621; x_wconf 89' lang='lat' dir='ltr'><strong>quem</strong></span> <span class='ocrx_word' id='word_1_13' title='bbox 2357 567 2386 607; x_wconf 92' lang='lat' dir='ltr'><strong>e</strong></span> <span class='ocrx_word' id='word_1_14' title='bbox 2409 551 2661 622; x_wconf 88' lang='lat' dir='ltr'><strong>sepulcro</strong></span> <span class='ocrx_word' id='word_1_15' title='bbox 2697 551 3063 622; x_wconf 82' lang='lat' dir='ltr'><strong>t‘nlgurantem</strong></span> <span class='ocrx_word' id='word_1_16' title='bbox 3098 551 3314 615; x_wconf 87' lang='lat' dir='ltr'><strong>intuita,</strong></span> <span class='ocrx_word' id='word_1_17' title='bbox 3343 552 3547 619; x_wconf 80' lang='lat' dir='ltr'><strong>repleta</strong></span> 
     </span>
    </p>
   </div>
   <div class='ocr_carea' id='block_1_5' title="bbox 301 644 1872 717">
    <p class='ocr_par' dir='ltr' id='par_1_5' title="bbox 301 644 1872 717">
     <span class='ocr_line' id='line_1_5' title="bbox 301 644 1872 717; baseline 0.003 -19"><span class='ocrx_word' id='word_1_18' title='bbox 301 659 332 698; x_wconf 89' lang='lat' dir='ltr'><strong>e</strong></span> <span class='ocrx_word' id='word_1_19' title='bbox 358 644 608 712; x_wconf 84' lang='lat' dir='ltr'><strong>sepulcro</strong></span> <span class='ocrx_word' id='word_1_20' title='bbox 647 644 1026 714; x_wconf 76' lang='lat' dir='ltr'><strong>prodeuntem,</strong></span> <span class='ocrx_word' id='word_1_21' title='bbox 1061 645 1325 701; x_wconf 76' lang='lat' dir='ltr'><strong>victorem</strong></span> <span class='ocrx_word' id='word_1_22' title='bbox 1368 644 1493 702; x_wconf 89' lang='lat' dir='ltr'><strong>Orci</strong></span> <span class='ocrx_word' id='word_1_23' title='bbox 1544 648 1872 717; x_wconf 66' lang='lat' dir='ltr'><strong>conspexisti</strong></span> 
     </span>
    </p>
   </div>
   <div class='ocr_carea' id='block_1_6' title="bbox 303 736 822 793">
    <p class='ocr_par' dir='ltr' id='par_1_6' title="bbox 303 736 822 793">
     <span class='ocr_line' id='line_1_6' title="bbox 303 736 822 793; baseline 0.002 -3"><span class='ocrx_word' id='word_1_24' title='bbox 303 736 492 790; x_wconf 60' lang='lat' dir='ltr'><strong>laetitia</strong></span> <span class='ocrx_word' id='word_1_25' title='bbox 516 737 822 793; x_wconf 81' lang='lat' dir='ltr'><strong>exundans.</strong></span> 
     </span>
    </p>
   </div>
   <div class='ocr_carea' id='block_1_7' title="bbox 377 827 1875 900">
    <p class='ocr_par' dir='ltr' id='par_1_7' title="bbox 377 827 1875 900">
     <span class='ocr_line' id='line_1_7' title="bbox 377 827 1875 900; baseline 0.003 -19"><span class='ocrx_word' id='word_1_26' title='bbox 377 827 540 882; x_wconf 88' lang='lat' dir='ltr'><strong>Lucis</strong></span> <span class='ocrx_word' id='word_1_27' title='bbox 579 829 824 883; x_wconf 79' lang='lat' dir='ltr'><strong>datorem</strong></span> <span class='ocrx_word' id='word_1_28' title='bbox 873 829 1134 899; x_wconf 82' lang='lat' dir='ltr'><strong>peperisti</strong></span> <span class='ocrx_word' id='word_1_29' title='bbox 1179 830 1484 900; x_wconf 86' lang='lat' dir='ltr'><strong>Dominum</strong></span> <span class='ocrx_word' id='word_1_30' title='bbox 1524 839 1678 900; x_wconf 76' lang='lat' dir='ltr'><strong>parta</strong></span> <span class='ocrx_word' id='word_1_31' title='bbox 1731 830 1875 886; x_wconf 84' lang='lat' dir='ltr'><strong>facta</strong></span> 
     </span>
    </p>
   </div>
   <div class='ocr_carea' id='block_1_8' title="bbox 308 963 1877 1057">
    <p class='ocr_par' dir='ltr' id='par_1_8' title="bbox 308 963 1877 1057">
     <span class='ocr_line' id='line_1_8' title="bbox 308 963 1877 1057; baseline 0.006 -24"><span class='ocrx_word' id='word_1_32' title='bbox 308 981 403 1035; x_wconf 83' lang='grc' dir='ltr'><em>Ἐκ</em></span> <span class='ocrx_word' id='word_1_33' title='bbox 437 982 542 1037; x_wconf 88' lang='grc' dir='ltr'>τοῦ</span> <span class='ocrx_word' id='word_1_34' title='bbox 567 984 978 1057; x_wconf 28' lang='grc' dir='ltr'>Κανρνοςλτῆς</span> <span class='ocrx_word' id='word_1_35' title='bbox 1013 985 1297 1052; x_wconf 77' lang='grc' dir='ltr'><strong>τετάρτης</strong></span> <span class='ocrx_word' id='word_1_36' title='bbox 1320 963 1440 1057; x_wconf 60' lang='grc' dir='ltr'>τῆς</span> <span class='ocrx_word' id='word_1_37' title='bbox 1459 987 1786 1057; x_wconf 71' lang='grc' dir='ltr'><strong>ἐὸὃόμαδος</strong></span> <span class='ocrx_word' id='word_1_38' title='bbox 1806 991 1877 1042; x_wconf 73' lang='lat'><strong>6‘-</strong></span> 
     </span>
    </p>
   </div>
   <div class='ocr_carea' id='block_1_9' title="bbox 705 1054 1473 1126">
    <p class='ocr_par' dir='ltr' id='par_1_9' title="bbox 705 1054 1473 1126">
     <span class='ocr_line' id='line_1_9' title="bbox 705 1054 1473 1126; baseline 0.005 -18"><span class='ocrx_word' id='word_1_39' title='bbox 705 1055 778 1109; x_wconf 82' lang='grc' dir='ltr'><strong>ἐν</strong></span> <span class='ocrx_word' id='word_1_40' title='bbox 799 1054 873 1125; x_wconf 76' lang='grc' dir='ltr'>τῇ</span> <span class='ocrx_word' id='word_1_41' title='bbox 901 1056 1473 1126; x_wconf 73' lang='grc' dir='ltr'>Μεσοπεντηκοστῇ.</span> 
     </span>
    </p>
   </div>
   <div class='ocr_carea' id='block_1_10' title="bbox 380 1185 1964 1262">
    <p class='ocr_par' dir='ltr' id='par_1_10' title="bbox 380 1185 1964 1262">
     <span class='ocr_line' id='line_1_10' title="bbox 380 1185 1964 1262; baseline 0.002 -23"><span class='ocrx_word' id='word_1_42' title='bbox 380 1185 532 1256; x_wconf 84' lang='grc' dir='ltr'><strong>Μόνη</strong></span> <span class='ocrx_word' id='word_1_43' title='bbox 555 1185 842 1256; x_wconf 81' lang='grc' dir='ltr'>ἐχώρησας</span> <span class='ocrx_word' id='word_1_44' title='bbox 869 1187 962 1240; x_wconf 84' lang='grc' dir='ltr'>τδν</span> <span class='ocrx_word' id='word_1_45' title='bbox 991 1188 1232 1258; x_wconf 75' lang='grc' dir='ltr'>κτίστην</span> <span class='ocrx_word' id='word_1_46' title='bbox 1281 1188 1372 1241; x_wconf 73' lang='grc' dir='ltr'><strong>τὸν</strong></span> <span class='ocrx_word' id='word_1_47' title='bbox 1404 1188 1556 1252; x_wconf 76' lang='grc' dir='ltr'>ἴδιον,</span> <span class='ocrx_word' id='word_1_48' title='bbox 1587 1189 1882 1262; x_wconf 76' lang='grc' dir='ltr'>Θεογεννῆ-</span> <span class='ocrx_word' id='word_1_49' title='bbox 1953 1188 1964 1192; x_wconf 64' lang='grc'><strong><em>“</em></strong></span> 
     </span>
    </p>
   </div>
   <div class='ocr_carea' id='block_1_11' title="bbox 309 1281 1880 1354">
    <p class='ocr_par' dir='ltr' id='par_1_11' title="bbox 309 1281 1880 1354">
     <span class='ocr_line' id='line_1_11' title="bbox 309 1281 1880 1354; baseline 0.002 -21"><span class='ocrx_word' id='word_1_50' title='bbox 309 1298 426 1350; x_wconf 88' lang='grc' dir='ltr'>τορ,</span> <span class='ocrx_word' id='word_1_51' title='bbox 459 1283 514 1335; x_wconf 80' lang='grc' dir='ltr'>ἐν</span> <span class='ocrx_word' id='word_1_52' title='bbox 544 1281 766 1352; x_wconf 76' lang='grc' dir='ltr'>γαστρὶ,</span> <span class='ocrx_word' id='word_1_53' title='bbox 795 1281 891 1335; x_wconf 73' lang='grc' dir='ltr'>καὶ</span> <span class='ocrx_word' id='word_1_54' title='bbox 933 1283 1100 1352; x_wconf 72' lang='grc' dir='ltr'>σαρκὶ</span> <span class='ocrx_word' id='word_1_55' title='bbox 1145 1281 1386 1353; x_wconf 77' lang='grc' dir='ltr'>ὲκύησας</span> <span class='ocrx_word' id='word_1_56' title='bbox 1420 1283 1733 1354; x_wconf 77' lang='grc' dir='ltr'>ἀφράστως,</span> <span class='ocrx_word' id='word_1_57' title='bbox 1785 1284 1880 1336; x_wconf 80' lang='grc' dir='ltr'><strong>καὶ</strong></span> 
     </span>
    </p>
   </div>
   <div class='ocr_carea' id='block_1_12' title="bbox 311 1371 1882 1446">
    <p class='ocr_par' dir='ltr' id='par_1_12' title="bbox 311 1371 1882 1446">
     <span class='ocr_line' id='line_1_12' title="bbox 311 1371 1882 1446; baseline 0.001 -20"><span class='ocrx_word' id='word_1_58' title='bbox 311 1373 588 1443; x_wconf 78' lang='grc' dir='ltr'>Παρθένος</span> <span class='ocrx_word' id='word_1_59' title='bbox 613 1371 859 1442; x_wconf 77' lang='grc' dir='ltr'><strong>ἔμεινας,</strong></span> <span class='ocrx_word' id='word_1_60' title='bbox 915 1374 1081 1446; x_wconf 82' lang='grc' dir='ltr'>μηδὲν</span> <span class='ocrx_word' id='word_1_61' title='bbox 1108 1375 1209 1444; x_wconf 78' lang='grc' dir='ltr'>τῆς</span> <span class='ocrx_word' id='word_1_62' title='bbox 1238 1374 1538 1446; x_wconf 82' lang='grc' dir='ltr'><strong>παρθενίας</strong></span> <span class='ocrx_word' id='word_1_63' title='bbox 1586 1375 1882 1446; x_wconf 70' lang='grc' dir='ltr'>λυμανθεῖ-</span> 
     </span>
    </p>
   </div>
   <div class='ocr_carea' id='block_1_13' title="bbox 312 1465 1880 1536">
    <p class='ocr_par' dir='ltr' id='par_1_13' title="bbox 312 1465 1880 1536">
     <span class='ocr_line' id='line_1_13' title="bbox 312 1465 1880 1536; baseline 0.003 -19"><span class='ocrx_word' id='word_1_64' title='bbox 312 1482 412 1535; x_wconf 70' lang='lat' dir='ltr'><strong>eq;</strong></span> <span class='ocrx_word' id='word_1_65' title='bbox 442 1483 455 1496; x_wconf 90' lang='grc'>·</span> <span class='ocrx_word' id='word_1_66' title='bbox 495 1465 702 1529; x_wconf 80' lang='grc' dir='ltr'>τοῦτον,</span> <span class='ocrx_word' id='word_1_67' title='bbox 745 1467 906 1536; x_wconf 70' lang='grc' dir='ltr'>ἁγνὴ,</span> <span class='ocrx_word' id='word_1_68' title='bbox 944 1468 1020 1531; x_wconf 83' lang='grc' dir='ltr'>ὡς</span> <span class='ocrx_word' id='word_1_69' title='bbox 1057 1468 1185 1520; x_wconf 72' lang='grc' dir='ltr'><strong>Υἰόν</strong></span> <span class='ocrx_word' id='word_1_70' title='bbox 1238 1485 1332 1522; x_wconf 88' lang='grc' dir='ltr'><strong>σου</strong></span> <span class='ocrx_word' id='word_1_71' title='bbox 1392 1470 1485 1522; x_wconf 69' lang='grc' dir='ltr'>καὶ</span> <span class='ocrx_word' id='word_1_72' title='bbox 1518 1469 1652 1523; x_wconf 81' lang='grc' dir='ltr'>Θεὸν</span> <span class='ocrx_word' id='word_1_73' title='bbox 1700 1469 1880 1523; x_wconf 82' lang='grc' dir='ltr'><strong>ἀπαύ-</strong></span> 
     </span>
    </p>
   </div>
   <div class='ocr_carea' id='block_1_14' title="bbox 310 1558 1532 1632">
    <p class='ocr_par' dir='ltr' id='par_1_14' title="bbox 310 1558 1532 1632">
     <span class='ocr_line' id='line_1_14' title="bbox 310 1558 1532 1632; baseline 0.005 -22"><span class='ocrx_word' id='word_1_74' title='bbox 310 1575 451 1620; x_wconf 85' lang='grc' dir='ltr'>στως</span> <span class='ocrx_word' id='word_1_75' title='bbox 494 1558 704 1612; x_wconf 78' lang='grc' dir='ltr'>ἱκέτευε</span> <span class='ocrx_word' id='word_1_76' title='bbox 738 1559 878 1632; x_wconf 82' lang='grc' dir='ltr'>ὑπὲρ</span> <span class='ocrx_word' id='word_1_77' title='bbox 905 1559 1005 1630; x_wconf 81' lang='grc' dir='ltr'>τῆς</span> <span class='ocrx_word' id='word_1_78' title='bbox 1032 1559 1268 1632; x_wconf 79' lang='grc' dir='ltr'><strong>ποίμνης</strong></span> <span class='ocrx_word' id='word_1_79' title='bbox 1300 1577 1393 1615; x_wconf 80' lang='grc' dir='ltr'><strong>σου</strong></span> <span class='ocrx_word' id='word_1_80' title='bbox 1426 1561 1532 1618; x_wconf 75' lang='grc' dir='ltr'><strong>ἀεί.</strong></span> 
     </span>
    </p>
   </div>
   <div class='ocr_carea' id='block_1_15' title="bbox 381 1663 1878 1745">
    <p class='ocr_par' dir='ltr' id='par_1_15' title="bbox 381 1663 1878 1745">
     <span class='ocr_line' id='line_1_15' title="bbox 381 1663 1878 1745; baseline 0.005 -26"><span class='ocrx_word' id='word_1_81' title='bbox 381 1663 476 1730; x_wconf 80' lang='grc' dir='ltr'><strong>Εἷς</strong></span> <span class='ocrx_word' id='word_1_82' title='bbox 511 1671 611 1739; x_wconf 80' lang='grc' dir='ltr'>τῆς</span> <span class='ocrx_word' id='word_1_83' title='bbox 640 1670 870 1741; x_wconf 83' lang='grc' dir='ltr'>Τριάδος</span> <span class='ocrx_word' id='word_1_84' title='bbox 891 1671 986 1735; x_wconf 86' lang='grc' dir='ltr'>ὢν,</span> <span class='ocrx_word' id='word_1_85' title='bbox 1034 1674 1324 1743; x_wconf 81' lang='grc' dir='ltr'>γενόμενος</span> <span class='ocrx_word' id='word_1_86' title='bbox 1361 1674 1498 1744; x_wconf 78' lang='grc' dir='ltr'>σὰρξ</span> <span class='ocrx_word' id='word_1_87' title='bbox 1543 1675 1786 1745; x_wconf 71' lang='grc' dir='ltr'>ὼράθης,</span> <span class='ocrx_word' id='word_1_88' title='bbox 1819 1676 1878 1726; x_wconf 79' lang='grc' dir='ltr'><strong>οὺ</strong></span> 
     </span>
    </p>
   </div>
   <div class='ocr_carea' id='block_1_16' title="bbox 306 1760 1882 1840">
    <p class='ocr_par' dir='ltr' id='par_1_16' title="bbox 306 1760 1882 1840">
     <span class='ocr_line' id='line_1_16' title="bbox 306 1760 1882 1840; baseline 0.003 -25"><span class='ocrx_word' id='word_1_89' title='bbox 306 1760 514 1829; x_wconf 79' lang='grc' dir='ltr'>τρέψας</span> <span class='ocrx_word' id='word_1_90' title='bbox 542 1761 640 1832; x_wconf 83' lang='grc' dir='ltr'>τὴν</span> <span class='ocrx_word' id='word_1_91' title='bbox 683 1764 894 1828; x_wconf 79' lang='grc' dir='ltr'>οὐσίαν,</span> <span class='ocrx_word' id='word_1_92' title='bbox 930 1766 1050 1819; x_wconf 81' lang='grc' dir='ltr'>οὐδὲ</span> <span class='ocrx_word' id='word_1_93' title='bbox 1091 1767 1291 1835; x_wconf 79' lang='grc' dir='ltr'>φλέξας</span> <span class='ocrx_word' id='word_1_94' title='bbox 1315 1768 1413 1838; x_wconf 81' lang='grc' dir='ltr'>τῆς</span> <span class='ocrx_word' id='word_1_95' title='bbox 1471 1769 1736 1839; x_wconf 79' lang='grc' dir='ltr'><strong>τεκούσης</strong></span> <span class='ocrx_word' id='word_1_96' title='bbox 1785 1768 1882 1840; x_wconf 77' lang='grc' dir='ltr'>τὴν</span> 
     </span>
    </p>
   </div>
   <div class='ocr_carea' id='block_1_17' title="bbox 307 1850 1523 1931">
    <p class='ocr_par' dir='ltr' id='par_1_17' title="bbox 307 1850 1523 1931">
     <span class='ocr_line' id='line_1_17' title="bbox 307 1850 1523 1931; baseline 0.008 -27"><span class='ocrx_word' id='word_1_97' title='bbox 307 1850 542 1924; x_wconf 78' lang='grc' dir='ltr'><strong>ἄφθορον</strong></span> <span class='ocrx_word' id='word_1_98' title='bbox 559 1854 825 1928; x_wconf 82' lang='grc' dir='ltr'><strong>γαστέρα,</strong></span> <span class='ocrx_word' id='word_1_99' title='bbox 860 1857 991 1921; x_wconf 78' lang='grc' dir='ltr'>Θεὸς</span> <span class='ocrx_word' id='word_1_100' title='bbox 1021 1855 1097 1912; x_wconf 80' lang='grc' dir='ltr'>ὢν</span> <span class='ocrx_word' id='word_1_101' title='bbox 1121 1859 1242 1923; x_wconf 76' lang='grc' dir='ltr'>ὅλος</span> <span class='ocrx_word' id='word_1_102' title='bbox 1277 1860 1369 1913; x_wconf 80' lang='grc' dir='ltr'><strong>καὶ</strong></span> <span class='ocrx_word' id='word_1_103' title='bbox 1389 1858 1523 1931; x_wconf 85' lang='grc' dir='ltr'>πῦρ.</span> 
     </span>
    </p>
   </div>
   <div class='ocr_carea' id='block_1_18' title="bbox 389 2052 1879 2132">
    <p class='ocr_par' dir='ltr' id='par_1_18' title="bbox 389 2052 1879 2132">
     <span class='ocr_line' id='line_1_18' title="bbox 389 2052 1879 2132; baseline 0.007 -28"><span class='ocrx_word' id='word_1_104' title='bbox 389 2052 455 2104; x_wconf 86' lang='grc' dir='ltr'><strong><em>Ἥ</em></strong></span> <span class='ocrx_word' id='word_1_105' title='bbox 482 2053 540 2105; x_wconf 80' lang='grc' dir='ltr'>ἐν</span> <span class='ocrx_word' id='word_1_106' title='bbox 573 2055 773 2126; x_wconf 73' lang='grc' dir='ltr'>γαστρὶ</span> <span class='ocrx_word' id='word_1_107' title='bbox 809 2056 905 2110; x_wconf 75' lang='grc' dir='ltr'>τὸν</span> <span class='ocrx_word' id='word_1_108' title='bbox 933 2056 1066 2110; x_wconf 75' lang='grc' dir='ltr'>Θεὸν</span> <span class='ocrx_word' id='word_1_109' title='bbox 1098 2059 1510 2130; x_wconf 72' lang='grc' dir='ltr'>ἀπερίγραπτον</span> <span class='ocrx_word' id='word_1_110' title='bbox 1557 2061 1879 2132; x_wconf 79' lang='grc' dir='ltr'>χωρήσασα,</span> 
     </span>
    </p>
   </div>
   <div class='ocr_carea' id='block_1_19' title="bbox 307 2141 1884 2224">
    <p class='ocr_par' dir='ltr' id='par_1_19' title="bbox 307 2141 1884 2224">
     <span class='ocr_line' id='line_1_19' title="bbox 307 2141 1884 2224; baseline 0.008 -32"><span class='ocrx_word' id='word_1_111' title='bbox 307 2141 590 2211; x_wconf 74' lang='grc' dir='ltr'>Θεόνυμφε</span> <span class='ocrx_word' id='word_1_112' title='bbox 666 2145 1096 2219; x_wconf 82' lang='grc' dir='ltr'>Παρθενομῆτορ</span> <span class='ocrx_word' id='word_1_113' title='bbox 1150 2150 1310 2219; x_wconf 75' lang='grc' dir='ltr'>ἁγνὴ,</span> <span class='ocrx_word' id='word_1_114' title='bbox 1371 2152 1443 2222; x_wconf 81' lang='grc' dir='ltr'>μὴ</span> <span class='ocrx_word' id='word_1_115' title='bbox 1498 2152 1684 2224; x_wconf 78' lang='grc' dir='ltr'>παύσῃ</span> <span class='ocrx_word' id='word_1_116' title='bbox 1750 2170 1884 2222; x_wconf 80' lang='grc' dir='ltr'>πρε-</span> 
     </span>
    </p>
   </div>
   <div class='ocr_carea' id='block_1_20' title="bbox 309 2231 1880 2314">
    <p class='ocr_par' dir='ltr' id='par_1_20' title="bbox 309 2231 1880 2314">
     <span class='ocr_line' id='line_1_20' title="bbox 309 2231 1880 2314; baseline 0.01 -32"><span class='ocrx_word' id='word_1_117' title='bbox 309 2231 579 2287; x_wconf 75' lang='grc' dir='ltr'>σϐεύουσα</span> <span class='ocrx_word' id='word_1_118' title='bbox 609 2234 751 2306; x_wconf 81' lang='grc' dir='ltr'><strong>ὑπὲρ</strong></span> <span class='ocrx_word' id='word_1_119' title='bbox 776 2237 954 2306; x_wconf 75' lang='grc' dir='ltr'>ἡμῶν,</span> <span class='ocrx_word' id='word_1_120' title='bbox 997 2239 1145 2302; x_wconf 81' lang='grc' dir='ltr'>ὅπως</span> <span class='ocrx_word' id='word_1_121' title='bbox 1185 2240 1272 2294; x_wconf 75' lang='grc' dir='ltr'><strong>διὰ</strong></span> <span class='ocrx_word' id='word_1_122' title='bbox 1298 2241 1392 2294; x_wconf 72' lang='grc' dir='ltr'>σοῦ</span> <span class='ocrx_word' id='word_1_123' title='bbox 1451 2241 1739 2314; x_wconf 78' lang='grc' dir='ltr'><strong>ῥυσθῶμεν</strong></span> <span class='ocrx_word' id='word_1_124' title='bbox 1767 2243 1880 2298; x_wconf 85' lang='grc' dir='ltr'><strong>τῶν</strong></span> 
     </span>
    </p>
   </div>
   <div class='ocr_carea' id='block_1_21' title="bbox 278 2323 1680 2404">
    <p class='ocr_par' dir='ltr' id='par_1_21' title="bbox 278 2323 1680 2404">
     <span class='ocr_line' id='line_1_21' title="bbox 278 2323 1680 2404; baseline 0.011 -32"><span class='ocrx_word' id='word_1_125' title='bbox 278 2350 282 2354; x_wconf 93' lang='grc'><strong>-</strong></span> <span class='ocrx_word' id='word_1_126' title='bbox 308 2323 708 2390; x_wconf 60' lang='grc' dir='ltr'>περιστάσεων</span> <span class='ocrx_word' id='word_1_127' title='bbox 742 2329 879 2395; x_wconf 86' lang='grc' dir='ltr'>πρὸς</span> <span class='ocrx_word' id='word_1_128' title='bbox 898 2326 958 2380; x_wconf 75' lang='grc' dir='ltr'>σὲ</span> <span class='ocrx_word' id='word_1_129' title='bbox 988 2329 1098 2396; x_wconf 78' lang='grc' dir='ltr'><strong>γὰρ</strong></span> <span class='ocrx_word' id='word_1_130' title='bbox 1127 2330 1215 2382; x_wconf 75' lang='grc' dir='ltr'><strong>ἀεὶ</strong></span> <span class='ocrx_word' id='word_1_131' title='bbox 1239 2332 1680 2404; x_wconf 80' lang='grc' dir='ltr'>καταφεύγομεν.</span> 
     </span>
    </p>
   </div>
   <div class='ocr_carea' id='block_1_22' title="bbox 379 2432 1882 2515">
    <p class='ocr_par' dir='ltr' id='par_1_22' title="bbox 379 2432 1882 2515">
     <span class='ocr_line' id='line_1_22' title="bbox 379 2432 1882 2515; baseline 0.011 -32"><span class='ocrx_word' id='word_1_132' title='bbox 379 2432 873 2508; x_wconf 64' lang='grc' dir='ltr'><strong>1¹ἐγονενήκοέ).ια</strong></span> <span class='ocrx_word' id='word_1_133' title='bbox 928 2457 1021 2493; x_wconf 88' lang='grc' dir='ltr'>σου</span> <span class='ocrx_word' id='word_1_134' title='bbox 1065 2442 1196 2508; x_wconf 81' lang='grc' dir='ltr'><strong>ἀγῖα</strong></span> <span class='ocrx_word' id='word_1_135' title='bbox 1237 2443 1486 2514; x_wconf 73' lang='grc' dir='ltr'>τράπεζα</span> <span class='ocrx_word' id='word_1_136' title='bbox 1543 2443 1742 2515; x_wconf 80' lang='grc' dir='ltr'>ἔχουσα</span> <span class='ocrx_word' id='word_1_137' title='bbox 1791 2447 1882 2500; x_wconf 79' lang='grc' dir='ltr'><strong>τὸν</strong></span> 
     </span>
    </p>
   </div>
   <div class='ocr_carea' id='block_1_23' title="bbox 305 2523 1882 2609">
    <p class='ocr_par' dir='ltr' id='par_1_23' title="bbox 305 2523 1882 2609">
     <span class='ocr_line' id='line_1_23' title="bbox 305 2523 1882 2609; baseline 0.01 -33"><span class='ocrx_word' id='word_1_138' title='bbox 305 2523 560 2595; x_wconf 74' lang='grc' dir='ltr'>οὐράνιον</span> <span class='ocrx_word' id='word_1_139' title='bbox 591 2527 778 2598; x_wconf 81' lang='grc' dir='ltr'>ἄρτον,</span> <span class='ocrx_word' id='word_1_140' title='bbox 811 2529 869 2596; x_wconf 80' lang='grc' dir='ltr'><strong>ἐξ</strong></span> <span class='ocrx_word' id='word_1_141' title='bbox 897 2526 958 2586; x_wconf 78' lang='grc' dir='ltr'>οὗ</span> <span class='ocrx_word' id='word_1_142' title='bbox 989 2534 1095 2597; x_wconf 80' lang='grc' dir='ltr'><strong>πᾶς</strong></span> <span class='ocrx_word' id='word_1_143' title='bbox 1132 2536 1159 2588; x_wconf 85' lang='grc' dir='ltr'>ὁ</span> <span class='ocrx_word' id='word_1_144' title='bbox 1185 2533 1412 2606; x_wconf 75' lang='grc' dir='ltr'>τρώγων</span> <span class='ocrx_word' id='word_1_145' title='bbox 1437 2537 1496 2590; x_wconf 74' lang='grc' dir='ltr'>οὗ</span> <span class='ocrx_word' id='word_1_146' title='bbox 1527 2537 1775 2609; x_wconf 80' lang='grc' dir='ltr'>θνήσκει,</span> <span class='ocrx_word' id='word_1_147' title='bbox 1807 2540 1882 2602; x_wconf 82' lang='grc' dir='ltr'>ὡς</span> 
     </span>
    </p>
   </div>
   <div class='ocr_carea' id='block_1_24' title="bbox 307 2619 1531 2699">
    <p class='ocr_par' dir='ltr' id='par_1_24' title="bbox 307 2619 1531 2699">
     <span class='ocr_line' id='line_1_24' title="bbox 307 2619 1531 2699; baseline 0.011 -28"><span class='ocrx_word' id='word_1_148' title='bbox 307 2619 510 2691; x_wconf 71' lang='grc' dir='ltr'>ἔφησεν</span> <span class='ocrx_word' id='word_1_149' title='bbox 536 2622 563 2672; x_wconf 85' lang='grc' dir='ltr'>ὁ</span> <span class='ocrx_word' id='word_1_150' title='bbox 595 2625 814 2692; x_wconf 78' lang='grc' dir='ltr'>παντὸς,</span> <span class='ocrx_word' id='word_1_151' title='bbox 846 2624 1238 2696; x_wconf 79' lang='grc' dir='ltr'>Θεογεννῆτορ,</span> <span class='ocrx_word' id='word_1_152' title='bbox 1276 2629 1531 2699; x_wconf 77' lang='grc' dir='ltr'>τροφεύς.</span> 
     </span>
    </p>
   </div>
   <div class='ocr_carea' id='block_1_25' title="bbox 380 2738 1881 2817">
    <p class='ocr_par' dir='ltr' id='par_1_25' title="bbox 380 2738 1881 2817">
     <span class='ocr_line' id='line_1_25' title="bbox 380 2738 1881 2817; baseline 0.007 -28"><span class='ocrx_word' id='word_1_153' title='bbox 380 2738 655 2808; x_wconf 76' lang='grc' dir='ltr'><strong>Παρθένον</strong></span> <span class='ocrx_word' id='word_1_154' title='bbox 693 2742 832 2810; x_wconf 81' lang='grc' dir='ltr'>μετά</span> <span class='ocrx_word' id='word_1_155' title='bbox 859 2742 1016 2795; x_wconf 85' lang='grc' dir='ltr'>τόκον</span> <span class='ocrx_word' id='word_1_156' title='bbox 1047 2741 1324 2813; x_wconf 76' lang='grc' dir='ltr'>ὑμνοῦμέν</span> <span class='ocrx_word' id='word_1_157' title='bbox 1359 2761 1438 2808; x_wconf 90' lang='grc' dir='ltr'>σε,</span> <span class='ocrx_word' id='word_1_158' title='bbox 1481 2747 1753 2817; x_wconf 81' lang='grc' dir='ltr'>παρθένον</span> <span class='ocrx_word' id='word_1_159' title='bbox 1788 2747 1881 2800; x_wconf 71' lang='grc' dir='ltr'>καὶ</span> 
     </span>
    </p>
   </div>
   <div class='ocr_carea' id='block_1_26' title="bbox 311 2831 1882 2910">
    <p class='ocr_par' dir='ltr' id='par_1_26' title="bbox 311 2831 1882 2910">
     <span class='ocr_line' id='line_1_26' title="bbox 311 2831 1882 2910; baseline 0.006 -29"><span class='ocrx_word' id='word_1_160' title='bbox 311 2831 524 2900; x_wconf 77' lang='grc' dir='ltr'>μητέρα</span> <span class='ocrx_word' id='word_1_161' title='bbox 553 2831 844 2902; x_wconf 76' lang='grc' dir='ltr'>δοξάζομέν</span> <span class='ocrx_word' id='word_1_162' title='bbox 873 2851 931 2886; x_wconf 85' lang='grc' dir='ltr'><strong>σε</strong></span> <span class='ocrx_word' id='word_1_163' title='bbox 961 2834 1150 2905; x_wconf 78' lang='grc' dir='ltr'><strong>μόνην.</strong></span> <span class='ocrx_word' id='word_1_164' title='bbox 1186 2834 1323 2905; x_wconf 84' lang='grc' dir='ltr'><strong>ἁγνὴ</strong></span> <span class='ocrx_word' id='word_1_165' title='bbox 1368 2835 1650 2905; x_wconf 80' lang='grc' dir='ltr'>Θεὸνυμφε</span> <span class='ocrx_word' id='word_1_166' title='bbox 1688 2840 1840 2910; x_wconf 78' lang='grc' dir='ltr'><strong>Κόρη</strong></span> <span class='ocrx_word' id='word_1_167' title='bbox 1867 2856 1882 2870; x_wconf 88' lang='grc'><strong>·</strong></span> 
     </span>
    </p>
   </div>
   <div class='ocr_carea' id='block_1_27' title="bbox 310 2923 1882 3002">
    <p class='ocr_par' dir='ltr' id='par_1_27' title="bbox 310 2923 1882 3002">
     <span class='ocr_line' id='line_1_27' title="bbox 310 2923 1882 3002; baseline 0.008 -28"><span class='ocrx_word' id='word_1_168' title='bbox 310 2923 373 2974; x_wconf 78' lang='grc' dir='ltr'><strong>ἐκ</strong></span> <span class='ocrx_word' id='word_1_169' title='bbox 403 2923 496 2976; x_wconf 76' lang='grc' dir='ltr'>σοῦ</span> <span class='ocrx_word' id='word_1_170' title='bbox 521 2927 627 2997; x_wconf 72' lang='grc' dir='ltr'><strong>γὰρ</strong></span> <span class='ocrx_word' id='word_1_171' title='bbox 651 2925 820 2991; x_wconf 79' lang='grc' dir='ltr'>ὅντως</span> <span class='ocrx_word' id='word_1_172' title='bbox 861 2927 991 2992; x_wconf 69' lang='grc' dir='ltr'>Θεὸς</span> <span class='ocrx_word' id='word_1_173' title='bbox 1027 2928 1318 3000; x_wconf 81' lang='grc' dir='ltr'>ἐσαρκώθη</span> <span class='ocrx_word' id='word_1_174' title='bbox 1347 2928 1689 3000; x_wconf 78' lang='grc' dir='ltr'>ζωοποιήσας</span> <span class='ocrx_word' id='word_1_175' title='bbox 1712 2934 1882 3002; x_wconf 77' lang='grc' dir='ltr'><strong>ἡμᾶς.</strong></span> 
     </span>
    </p>
   </div>
   <div class='ocr_carea' id='block_1_28' title="bbox 397 3131 1883 3204">
    <p class='ocr_par' dir='ltr' id='par_1_28' title="bbox 397 3131 1883 3204">
     <span class='ocr_line' id='line_1_28' title="bbox 397 3131 1883 3204; baseline 0.003 -20"><span class='ocrx_word' id='word_1_176' title='bbox 397 3133 482 3184; x_wconf 83' lang='grc' dir='ltr'>Ἐν</span> <span class='ocrx_word' id='word_1_177' title='bbox 511 3133 708 3202; x_wconf 79' lang='grc' dir='ltr'>γαστρί</span> <span class='ocrx_word' id='word_1_178' title='bbox 767 3149 859 3185; x_wconf 83' lang='grc' dir='ltr'>σου</span> <span class='ocrx_word' id='word_1_179' title='bbox 901 3131 1188 3203; x_wconf 83' lang='grc' dir='ltr'>ἐχώρησας</span> <span class='ocrx_word' id='word_1_180' title='bbox 1241 3133 1334 3186; x_wconf 81' lang='grc' dir='ltr'><strong>τὸν</strong></span> <span class='ocrx_word' id='word_1_181' title='bbox 1371 3132 1656 3204; x_wconf 81' lang='grc' dir='ltr'>ἀχὼρητον</span> <span class='ocrx_word' id='word_1_182' title='bbox 1690 3134 1883 3204; x_wconf 74' lang='grc' dir='ltr'>Λόγον,</span> 
     </span>
    </p>
   </div>
   <div class='ocr_carea' id='block_1_29' title="bbox 1976 639 3547 713">
    <p class='ocr_par' dir='ltr' id='par_1_29' title="bbox 1976 639 3547 713">
     <span class='ocr_line' id='line_1_29' title="bbox 1976 639 3547 713; baseline -0.003 -16"><span class='ocrx_word' id='word_1_183' title='bbox 1976 659 2036 697; x_wconf 93' lang='lat' dir='ltr'><strong>es</strong></span> <span class='ocrx_word' id='word_1_184' title='bbox 2065 644 2288 713; x_wconf 86' lang='lat' dir='ltr'><strong>gaudio.</strong></span> <span class='ocrx_word' id='word_1_185' title='bbox 2319 644 2500 713; x_wconf 91' lang='lat' dir='ltr'><strong>lpsum</strong></span> <span class='ocrx_word' id='word_1_186' title='bbox 2537 658 2703 698; x_wconf 84' lang='lat' dir='ltr'><strong>exora</strong></span> <span class='ocrx_word' id='word_1_187' title='bbox 2737 653 2798 697; x_wconf 89' lang='lat' dir='ltr'><strong>ut</strong></span> <span class='ocrx_word' id='word_1_188' title='bbox 2833 643 2962 696; x_wconf 88' lang='lat' dir='ltr'><strong>mihi</strong></span> <span class='ocrx_word' id='word_1_189' title='bbox 2997 643 3282 704; x_wconf 73' lang='lat' dir='ltr'><strong>concedat,</strong></span> <span class='ocrx_word' id='word_1_190' title='bbox 3323 657 3355 695; x_wconf 92' lang='lat' dir='ltr'><strong>o</strong></span> <span class='ocrx_word' id='word_1_191' title='bbox 3382 639 3547 710; x_wconf 87' lang='lat' dir='ltr'><strong>Virgo</strong></span> 
     </span>
    </p>
   </div>
   <div class='ocr_carea' id='block_1_30' title="bbox 1955 732 3552 799">
    <p class='ocr_par' dir='ltr' id='par_1_30' title="bbox 1955 732 3552 799">
     <span class='ocr_line' id='line_1_30' title="bbox 1955 732 3552 799; baseline 0.001 -15"><span class='ocrx_word' id='word_1_192' title='bbox 1955 734 2322 799; x_wconf 72' lang='lat' dir='ltr'><strong>.venerabilis,</strong></span> <span class='ocrx_word' id='word_1_193' title='bbox 2355 735 2561 790; x_wconf 90' lang='lat' dir='ltr'><strong>luctum</strong></span> <span class='ocrx_word' id='word_1_194' title='bbox 2598 735 2897 798; x_wconf 75' lang='lat' dir='ltr'><strong>laetificum,</strong></span> <span class='ocrx_word' id='word_1_195' title='bbox 2924 733 3123 788; x_wconf 70' lang='lat' dir='ltr'><strong>futura:</strong></span> <span class='ocrx_word' id='word_1_196' title='bbox 3156 732 3552 789; x_wconf 81' lang='lat' dir='ltr'><strong>consolationis</strong></span> 
     </span>
    </p>
   </div>
   <div class='ocr_carea' id='block_1_31' title="bbox 1978 826 2521 895">
    <p class='ocr_par' dir='ltr' id='par_1_31' title="bbox 1978 826 2521 895">
     <span class='ocr_line' id='line_1_31' title="bbox 1978 826 2521 895; baseline 0.004 -16"><span class='ocrx_word' id='word_1_197' title='bbox 1978 826 2173 895; x_wconf 86' lang='lat' dir='ltr'><strong>pignus</strong></span> <span class='ocrx_word' id='word_1_198' title='bbox 2203 835 2256 882; x_wconf 93' lang='lat' dir='ltr'><strong>ct</strong></span> <span class='ocrx_word' id='word_1_199' title='bbox 2278 840 2521 882; x_wconf 80' lang='lat' dir='ltr'><strong>causam.</strong></span> 
     </span>
    </p>
   </div>
   <div class='ocr_carea' id='block_1_32' title="bbox 2031 985 3549 1058">
    <p class='ocr_par' dir='ltr' id='par_1_32' title="bbox 2031 985 3549 1058">
     <span class='ocr_line' id='line_1_32' title="bbox 2031 985 3549 1058; baseline -0.004 -16"><span class='ocrx_word' id='word_1_200' title='bbox 2031 985 2298 1058; x_wconf 67' lang='lat'><strong>331153;</strong></span> <span class='ocrx_word' id='word_1_201' title='bbox 2329 987 2711 1058; x_wconf 25' lang='lat' dir='ltr'><strong>canoneﬂferim</strong></span> <span class='ocrx_word' id='word_1_202' title='bbox 2760 1003 2833 1049; x_wconf 84' lang='lat' dir='ltr'><strong>IV,</strong></span> <span class='ocrx_word' id='word_1_203' title='bbox 2883 988 3033 1042; x_wconf 78' lang='lat' dir='ltr'><strong>Iwbd.</strong></span> <span class='ocrx_word' id='word_1_204' title='bbox 3078 1003 3153 1056; x_wconf 79' lang='lat' dir='ltr'><strong>tv,</strong></span> <span class='ocrx_word' id='word_1_205' title='bbox 3206 988 3261 1040; x_wconf 83' lang='lat' dir='ltr'><strong>in</strong></span> <span class='ocrx_word' id='word_1_206' title='bbox 3309 994 3549 1039; x_wconf 74' lang='lat' dir='ltr'><strong>sanctam</strong></span> 
     </span>
    </p>
   </div>
   <div class='ocr_carea' id='block_1_33' title="bbox 2505 1057 3012 1129">
    <p class='ocr_par' dir='ltr' id='par_1_33' title="bbox 2505 1057 3012 1129">
     <span class='ocr_line' id='line_1_33' title="bbox 2505 1057 3012 1129; baseline 0.004 -18"><span class='ocrx_word' id='word_1_207' title='bbox 2505 1057 3012 1129; x_wconf 77' lang='lat' dir='ltr'><strong>Mesopentecosten.</strong></span> 
     </span>
    </p>
   </div>
   <div class='ocr_carea' id='block_1_34' title="bbox 2053 1187 3558 1259">
    <p class='ocr_par' dir='ltr' id='par_1_34' title="bbox 2053 1187 3558 1259">
     <span class='ocr_line' id='line_1_34' title="bbox 2053 1187 3558 1259; baseline -0.001 -17"><span class='ocrx_word' id='word_1_208' title='bbox 2053 1188 2180 1243; x_wconf 89' lang='lat' dir='ltr'><strong>Sola</strong></span> <span class='ocrx_word' id='word_1_209' title='bbox 2206 1188 2667 1257; x_wconf 89' lang='lat' dir='ltr'><strong>comprehendere</strong></span> <span class='ocrx_word' id='word_1_210' title='bbox 2709 1198 2804 1244; x_wconf 90' lang='lat' dir='ltr'><strong>tuo</strong></span> <span class='ocrx_word' id='word_1_211' title='bbox 2835 1198 2993 1243; x_wconf 89' lang='lat' dir='ltr'><strong>utero</strong></span> <span class='ocrx_word' id='word_1_212' title='bbox 3023 1187 3250 1259; x_wconf 84' lang='lat' dir='ltr'><strong>potuisti</strong></span> <span class='ocrx_word' id='word_1_213' title='bbox 3291 1187 3558 1250; x_wconf 71' lang='lat' dir='ltr'><strong>Condito~</strong></span> 
     </span>
    </p>
   </div>
   <div class='ocr_carea' id='block_1_35' title="bbox 1983 1280 3559 1354">
    <p class='ocr_par' dir='ltr' id='par_1_35' title="bbox 1983 1280 3559 1354">
     <span class='ocr_line' id='line_1_35' title="bbox 1983 1280 3559 1354; baseline -0.003 -18"><span class='ocrx_word' id='word_1_214' title='bbox 1983 1297 2097 1336; x_wconf 86' lang='lat' dir='ltr'><strong>rem</strong></span> <span class='ocrx_word' id='word_1_215' title='bbox 2131 1293 2308 1349; x_wconf 91' lang='lat' dir='ltr'><strong>tuum,</strong></span> <span class='ocrx_word' id='word_1_216' title='bbox 2331 1283 2424 1336; x_wconf 90' lang='lat' dir='ltr'><strong>Dei</strong></span> <span class='ocrx_word' id='word_1_217' title='bbox 2454 1281 2722 1344; x_wconf 83' lang='lat' dir='ltr'><strong>Genitrix,</strong></span> <span class='ocrx_word' id='word_1_218' title='bbox 2751 1291 2805 1336; x_wconf 92' lang='lat' dir='ltr'><strong>et</strong></span> <span class='ocrx_word' id='word_1_219' title='bbox 2839 1299 3004 1338; x_wconf 90' lang='lat' dir='ltr'><strong>carne</strong></span> <span class='ocrx_word' id='word_1_220' title='bbox 3033 1280 3268 1354; x_wconf 80' lang='lat' dir='ltr'><strong>genuisti</strong></span> <span class='ocrx_word' id='word_1_221' title='bbox 3304 1281 3559 1333; x_wconf 84' lang='lat' dir='ltr'><strong>incorru-</strong></span> 
     </span>
    </p>
   </div>
   <div class='ocr_carea' id='block_1_36' title="bbox 1985 1373 3559 1447">
    <p class='ocr_par' dir='ltr' id='par_1_36' title="bbox 1985 1373 3559 1447">
     <span class='ocr_line' id='line_1_36' title="bbox 1985 1373 3559 1447; baseline -0.001 -20"><span class='ocrx_word' id='word_1_222' title='bbox 1985 1384 2072 1444; x_wconf 90' lang='lat' dir='ltr'><strong>pta</strong></span> <span class='ocrx_word' id='word_1_223' title='bbox 2113 1377 2264 1446; x_wconf 81' lang='lat' dir='ltr'><strong>virgo</strong></span> <span class='ocrx_word' id='word_1_224' title='bbox 2287 1391 2634 1447; x_wconf 82' lang='lat' dir='ltr'><strong>permanens,</strong></span> <span class='ocrx_word' id='word_1_225' title='bbox 2660 1392 2758 1430; x_wconf 90' lang='lat' dir='ltr'><strong>nec</strong></span> <span class='ocrx_word' id='word_1_226' title='bbox 2782 1377 2989 1445; x_wconf 86' lang='lat' dir='ltr'><strong>pudore</strong></span> <span class='ocrx_word' id='word_1_227' title='bbox 3027 1375 3234 1445; x_wconf 87' lang='lat' dir='ltr'><strong>uspiam</strong></span> <span class='ocrx_word' id='word_1_228' title='bbox 3265 1373 3559 1428; x_wconf 84' lang='lat' dir='ltr'><strong>maculato.</strong></span> 
     </span>
    </p>
   </div>
   <div class='ocr_carea' id='block_1_37' title="bbox 1985 1465 3562 1533">
    <p class='ocr_par' dir='ltr' id='par_1_37' title="bbox 1985 1465 3562 1533">
     <span class='ocr_line' id='line_1_37' title="bbox 1985 1465 3562 1533; baseline -0.001 -14"><span class='ocrx_word' id='word_1_229' title='bbox 1985 1465 2159 1531; x_wconf 86' lang='lat' dir='ltr'><strong>llunc,</strong></span> <span class='ocrx_word' id='word_1_230' title='bbox 2191 1467 2413 1533; x_wconf 81' lang='lat' dir='ltr'><strong>Sancta,</strong></span> <span class='ocrx_word' id='word_1_231' title='bbox 2441 1465 2639 1522; x_wconf 86' lang='lat' dir='ltr'><strong>Filium</strong></span> <span class='ocrx_word' id='word_1_232' title='bbox 2663 1468 2716 1522; x_wconf 79' lang='lat' dir='ltr'><strong>et</strong></span> <span class='ocrx_word' id='word_1_233' title='bbox 2755 1467 2922 1523; x_wconf 88' lang='lat' dir='ltr'><strong>Deum</strong></span> <span class='ocrx_word' id='word_1_234' title='bbox 2955 1477 3108 1522; x_wconf 91' lang='lat' dir='ltr'><strong>tuum</strong></span> <span class='ocrx_word' id='word_1_235' title='bbox 3137 1483 3202 1521; x_wconf 92' lang='lat' dir='ltr'><strong>ne</strong></span> <span class='ocrx_word' id='word_1_236' title='bbox 3227 1482 3406 1532; x_wconf 81' lang='lat' dir='ltr'><strong>cesses</strong></span> <span class='ocrx_word' id='word_1_237' title='bbox 3429 1481 3562 1520; x_wconf 83' lang='lat' dir='ltr'><strong>exo-</strong></span> 
     </span>
    </p>
   </div>
   <div class='ocr_carea' id='block_1_38' title="bbox 1983 1568 2550 1630">
    <p class='ocr_par' dir='ltr' id='par_1_38' title="bbox 1983 1568 2550 1630">
     <span class='ocr_line' id='line_1_38' title="bbox 1983 1568 2550 1630; baseline 0 -17"><span class='ocrx_word' id='word_1_238' title='bbox 1983 1575 2103 1613; x_wconf 87' lang='lat' dir='ltr'><strong>rare</strong></span> <span class='ocrx_word' id='word_1_239' title='bbox 2133 1573 2228 1628; x_wconf 89' lang='lat' dir='ltr'><strong>pro</strong></span> <span class='ocrx_word' id='word_1_240' title='bbox 2256 1568 2348 1613; x_wconf 87' lang='lat' dir='ltr'><strong>tuo</strong></span> <span class='ocrx_word' id='word_1_241' title='bbox 2371 1575 2550 1630; x_wconf 85' lang='lat' dir='ltr'><strong>grege.</strong></span> 
     </span>
    </p>
   </div>
   <div class='ocr_carea' id='block_1_39' title="bbox 2055 1668 3564 1739">
    <p class='ocr_par' dir='ltr' id='par_1_39' title="bbox 2055 1668 3564 1739">
     <span class='ocr_line' id='line_1_39' title="bbox 2055 1668 3564 1739; baseline -0.006 -14"><span class='ocrx_word' id='word_1_242' title='bbox 2055 1670 2206 1726; x_wconf 86' lang='lat' dir='ltr'><strong>Unus</strong></span> <span class='ocrx_word' id='word_1_243' title='bbox 2237 1670 2540 1734; x_wconf 86' lang='lat' dir='ltr'><strong>Trinitatis,</strong></span> <span class='ocrx_word' id='word_1_244' title='bbox 2581 1670 2680 1726; x_wconf 93' lang='lat' dir='ltr'><strong>etsi</strong></span> <span class='ocrx_word' id='word_1_245' title='bbox 2709 1685 2840 1725; x_wconf 90' lang='lat' dir='ltr'><strong>caro</strong></span> <span class='ocrx_word' id='word_1_246' title='bbox 2880 1670 3077 1737; x_wconf 77' lang='lat' dir='ltr'><strong>factus,</strong></span> <span class='ocrx_word' id='word_1_247' title='bbox 3111 1668 3332 1739; x_wconf 83' lang='lat' dir='ltr'><strong>agnitus</strong></span> <span class='ocrx_word' id='word_1_248' title='bbox 3354 1682 3414 1719; x_wconf 86' lang='lat' dir='ltr'><strong>es</strong></span> <span class='ocrx_word' id='word_1_249' title='bbox 3457 1679 3564 1718; x_wconf 88' lang='lat' dir='ltr'><strong>non</strong></span> 
     </span>
    </p>
   </div>
   <div class='ocr_carea' id='block_1_40' title="bbox 1985 1760 3564 1835">
    <p class='ocr_par' dir='ltr' id='par_1_40' title="bbox 1985 1760 3564 1835">
     <span class='ocr_line' id='line_1_40' title="bbox 1985 1760 3564 1835; baseline -0.006 -13"><span class='ocrx_word' id='word_1_250' title='bbox 1985 1768 2264 1835; x_wconf 64' lang='lat' dir='ltr'><strong>mutasse,’</strong></span> <span class='ocrx_word' id='word_1_251' title='bbox 2285 1767 2533 1831; x_wconf 87' lang='lat' dir='ltr'><strong>Domine,</strong></span> <span class='ocrx_word' id='word_1_252' title='bbox 2561 1766 2942 1832; x_wconf 83' lang='lat' dir='ltr'><strong>substantiam,</strong></span> <span class='ocrx_word' id='word_1_253' title='bbox 2962 1782 3063 1821; x_wconf 91' lang='lat' dir='ltr'><strong>nec</strong></span> <span class='ocrx_word' id='word_1_254' title='bbox 3095 1762 3428 1820; x_wconf 79' lang='lat' dir='ltr'><strong>ambussisse</strong></span> <span class='ocrx_word' id='word_1_255' title='bbox 3456 1760 3564 1814; x_wconf 84' lang='lat' dir='ltr'><strong>Ge-</strong></span> 
     </span>
    </p>
   </div>
   <div class='ocr_carea' id='block_1_41' title="bbox 1989 1855 3568 1933">
    <p class='ocr_par' dir='ltr' id='par_1_41' title="bbox 1989 1855 3568 1933">
     <span class='ocr_line' id='line_1_41' title="bbox 1989 1855 3568 1933; baseline -0.005 -18"><span class='ocrx_word' id='word_1_256' title='bbox 1989 1862 2198 1917; x_wconf 89' lang='lat' dir='ltr'><strong>nitricis</strong></span> <span class='ocrx_word' id='word_1_257' title='bbox 2241 1861 2618 1933; x_wconf 84' lang='lat' dir='ltr'><strong>incorruptum</strong></span> <span class='ocrx_word' id='word_1_258' title='bbox 2658 1868 2926 1928; x_wconf 83' lang='lat' dir='ltr'><strong>ventrem,</strong></span> <span class='ocrx_word' id='word_1_259' title='bbox 2976 1874 3101 1916; x_wconf 92' lang='lat' dir='ltr'><strong>cum</strong></span> <span class='ocrx_word' id='word_1_260' title='bbox 3153 1858 3296 1912; x_wconf 88' lang='lat' dir='ltr'><strong>Deus</strong></span> <span class='ocrx_word' id='word_1_261' title='bbox 3341 1855 3568 1911; x_wconf 88' lang='lat' dir='ltr'><strong>omnino</strong></span> 
     </span>
    </p>
   </div>
   <div class='ocr_carea' id='block_1_42' title="bbox 1987 1955 2339 2025">
    <p class='ocr_par' dir='ltr' id='par_1_42' title="bbox 1987 1955 2339 2025">
     <span class='ocr_line' id='line_1_42' title="bbox 1987 1955 2339 2025; baseline 0 -13"><span class='ocrx_word' id='word_1_262' title='bbox 1987 1965 2040 2012; x_wconf 85' lang='lat' dir='ltr'><strong>et</strong></span> <span class='ocrx_word' id='word_1_263' title='bbox 2069 1956 2209 2025; x_wconf 85' lang='lat' dir='ltr'><strong>ignis</strong></span> <span class='ocrx_word' id='word_1_264' title='bbox 2241 1955 2339 2012; x_wconf 81' lang='lat' dir='ltr'><strong>sis.</strong></span> 
     </span>
    </p>
   </div>
   <div class='ocr_carea' id='block_1_43' title="bbox 2060 2055 3562 2131">
    <p class='ocr_par' dir='ltr' id='par_1_43' title="bbox 2060 2055 3562 2131">
     <span class='ocr_line' id='line_1_43' title="bbox 2060 2055 3562 2131; baseline -0.006 -15"><span class='ocrx_word' id='word_1_265' title='bbox 2060 2061 2140 2116; x_wconf 84' lang='lat' dir='ltr'><strong>&#39;l‘n</strong></span> <span class='ocrx_word' id='word_1_266' title='bbox 2176 2076 2295 2131; x_wconf 73' lang='lat' dir='ltr'><strong>qua:</strong></span> <span class='ocrx_word' id='word_1_267' title='bbox 2327 2061 2379 2114; x_wconf 91' lang='lat' dir='ltr'><strong>in</strong></span> <span class='ocrx_word' id='word_1_268' title='bbox 2412 2071 2568 2116; x_wconf 88' lang='lat' dir='ltr'><strong>utero</strong></span> <span class='ocrx_word' id='word_1_269' title='bbox 2605 2069 2698 2116; x_wconf 88' lang='lat' dir='ltr'><strong>tuo</strong></span> <span class='ocrx_word' id='word_1_270' title='bbox 2731 2058 2899 2113; x_wconf 90' lang='lat' dir='ltr'><strong>Deum</strong></span> <span class='ocrx_word' id='word_1_271' title='bbox 2930 2055 3562 2125; x_wconf 88' lang='lat' dir='ltr'><strong>incircumscriptihilem</strong></span> 
     </span>
    </p>
   </div>
   <div class='ocr_carea' id='block_1_44' title="bbox 1982 2146 3570 2220">
    <p class='ocr_par' dir='ltr' id='par_1_44' title="bbox 1982 2146 3570 2220">
     <span class='ocr_line' id='line_1_44' title="bbox 1982 2146 3570 2220; baseline -0.006 -15"><span class='ocrx_word' id='word_1_272' title='bbox 1982 2151 2241 2220; x_wconf 78' lang='lat' dir='ltr'><strong>genuisti,</strong></span> <span class='ocrx_word' id='word_1_273' title='bbox 2265 2165 2297 2203; x_wconf 95' lang='lat' dir='ltr'><strong>o</strong></span> <span class='ocrx_word' id='word_1_274' title='bbox 2329 2149 2420 2204; x_wconf 91' lang='lat' dir='ltr'><strong>Dei</strong></span> <span class='ocrx_word' id='word_1_275' title='bbox 2468 2149 2676 2220; x_wconf 82' lang='lat' dir='ltr'><strong>Sponsa</strong></span> <span class='ocrx_word' id='word_1_276' title='bbox 2695 2147 2859 2219; x_wconf 87' lang='lat' dir='ltr'><strong>Virgo</strong></span> <span class='ocrx_word' id='word_1_277' title='bbox 2897 2146 3065 2201; x_wconf 83' lang='lat' dir='ltr'><strong>Mater</strong></span> <span class='ocrx_word' id='word_1_278' title='bbox 3099 2155 3272 2209; x_wconf 91' lang='lat' dir='ltr'><strong>casta,</strong></span> <span class='ocrx_word' id='word_1_279' title='bbox 3303 2161 3368 2198; x_wconf 90' lang='lat' dir='ltr'><strong>ne</strong></span> <span class='ocrx_word' id='word_1_280' title='bbox 3395 2158 3570 2199; x_wconf 80' lang='lat' dir='ltr'><strong>cesses</strong></span> 
     </span>
    </p>
   </div>
   <div class='ocr_carea' id='block_1_45' title="bbox 1984 2234 3569 2312">
    <p class='ocr_par' dir='ltr' id='par_1_45' title="bbox 1984 2234 3569 2312">
     <span class='ocr_line' id='line_1_45' title="bbox 1984 2234 3569 2312; baseline -0.007 -15"><span class='ocrx_word' id='word_1_281' title='bbox 1984 2243 2320 2297; x_wconf 86' lang='lat' dir='ltr'><strong>intercedere</strong></span> <span class='ocrx_word' id='word_1_282' title='bbox 2354 2257 2452 2312; x_wconf 83' lang='lat' dir='ltr'><strong>pro</strong></span> <span class='ocrx_word' id='word_1_283' title='bbox 2511 2241 2688 2307; x_wconf 88' lang='lat' dir='ltr'><strong>nobis,</strong></span> <span class='ocrx_word' id='word_1_284' title='bbox 2722 2250 2780 2294; x_wconf 92' lang='lat' dir='ltr'><strong>ut</strong></span> <span class='ocrx_word' id='word_1_285' title='bbox 2804 2255 2900 2309; x_wconf 87' lang='lat' dir='ltr'><strong>per</strong></span> <span class='ocrx_word' id='word_1_286' title='bbox 2941 2246 2992 2293; x_wconf 90' lang='lat' dir='ltr'><strong>te</strong></span> <span class='ocrx_word' id='word_1_287' title='bbox 3030 2252 3058 2291; x_wconf 91' lang='lat' dir='ltr'><strong>a</strong></span> <span class='ocrx_word' id='word_1_288' title='bbox 3092 2234 3569 2293; x_wconf 79' lang='lat' dir='ltr'><strong>circumstantibus</strong></span> 
     </span>
    </p>
   </div>
   <div class='ocr_carea' id='block_1_46' title="bbox 1989 2326 3511 2400">
    <p class='ocr_par' dir='ltr' id='par_1_46' title="bbox 1989 2326 3511 2400">
     <span class='ocr_line' id='line_1_46' title="bbox 1989 2326 3511 2400; baseline -0.007 -12"><span class='ocrx_word' id='word_1_289' title='bbox 1989 2335 2148 2390; x_wconf 90' lang='lat' dir='ltr'><strong>malis</strong></span> <span class='ocrx_word' id='word_1_290' title='bbox 2177 2335 2511 2390; x_wconf 83' lang='lat' dir='ltr'><strong>liberemur:</strong></span> <span class='ocrx_word' id='word_1_291' title='bbox 2545 2333 2608 2388; x_wconf 87' lang='lat' dir='ltr'><strong>ad</strong></span> <span class='ocrx_word' id='word_1_292' title='bbox 2643 2341 2692 2389; x_wconf 91' lang='lat' dir='ltr'><strong>te</strong></span> <span class='ocrx_word' id='word_1_293' title='bbox 2720 2332 2863 2387; x_wconf 90' lang='lat' dir='ltr'><strong>enim</strong></span> <span class='ocrx_word' id='word_1_294' title='bbox 2894 2345 3110 2400; x_wconf 86' lang='lat' dir='ltr'><strong>semper</strong></span> <span class='ocrx_word' id='word_1_295' title='bbox 3144 2326 3511 2396; x_wconf 81' lang='lat' dir='ltr'><strong>confugimus.</strong></span> 
     </span>
    </p>
   </div>
   <div class='ocr_carea' id='block_1_47' title="bbox 2049 2441 3575 2508">
    <p class='ocr_par' dir='ltr' id='par_1_47' title="bbox 2049 2441 3575 2508">
     <span class='ocr_line' id='line_1_47' title="bbox 2049 2441 3575 2508; baseline -0.007 -5"><span class='ocrx_word' id='word_1_296' title='bbox 2049 2448 2172 2503; x_wconf 81' lang='lat' dir='ltr'><strong>Fuit</strong></span> <span class='ocrx_word' id='word_1_297' title='bbox 2206 2449 2500 2503; x_wconf 83' lang='lat' dir='ltr'><strong>alvnstuus</strong></span> <span class='ocrx_word' id='word_1_298' title='bbox 2531 2455 2714 2502; x_wconf 79' lang='lat' dir='ltr'><strong>Sancta</strong></span> <span class='ocrx_word' id='word_1_299' title='bbox 2739 2462 2923 2502; x_wconf 90' lang='lat' dir='ltr'><strong>mensa</strong></span> <span class='ocrx_word' id='word_1_300' title='bbox 2945 2445 3151 2500; x_wconf 87' lang='lat' dir='ltr'><strong>habens</strong></span> <span class='ocrx_word' id='word_1_301' title='bbox 3173 2441 3450 2498; x_wconf 73' lang='lat' dir='ltr'><strong>cmlestem</strong></span> <span class='ocrx_word' id='word_1_302' title='bbox 3480 2453 3575 2508; x_wconf 89' lang='lat' dir='ltr'><strong>pa-</strong></span> 
     </span>
    </p>
   </div>
   <div class='ocr_carea' id='block_1_48' title="bbox 1983 2534 3572 2610">
    <p class='ocr_par' dir='ltr' id='par_1_48' title="bbox 1983 2534 3572 2610">
     <span class='ocr_line' id='line_1_48' title="bbox 1983 2534 3572 2610; baseline -0.008 -14"><span class='ocrx_word' id='word_1_303' title='bbox 1983 2557 2104 2596; x_wconf 87' lang='lat' dir='ltr'><strong>nem</strong></span> <span class='ocrx_word' id='word_1_304' title='bbox 2126 2540 2428 2604; x_wconf 87' lang='lat' dir='ltr'><strong>Christum,</strong></span> <span class='ocrx_word' id='word_1_305' title='bbox 2449 2556 2511 2594; x_wconf 84' lang='lat' dir='ltr'><strong>ex</strong></span> <span class='ocrx_word' id='word_1_306' title='bbox 2527 2556 2634 2610; x_wconf 88' lang='lat' dir='ltr'><strong>quo</strong></span> <span class='ocrx_word' id='word_1_307' title='bbox 2659 2540 2969 2610; x_wconf 83' lang='lat' dir='ltr'><strong>quicunque</strong></span> <span class='ocrx_word' id='word_1_308' title='bbox 2990 2534 3308 2599; x_wconf 87' lang='lat' dir='ltr'><strong>comederit,</strong></span> <span class='ocrx_word' id='word_1_309' title='bbox 3328 2549 3436 2586; x_wconf 90' lang='lat' dir='ltr'><strong>non</strong></span> <span class='ocrx_word' id='word_1_310' title='bbox 3457 2547 3572 2584; x_wconf 92' lang='lat' dir='ltr'><strong>mo-</strong></span> 
     </span>
    </p>
   </div>
   <div class='ocr_carea' id='block_1_49' title="bbox 1984 2625 3574 2700">
    <p class='ocr_par' dir='ltr' id='par_1_49' title="bbox 1984 2625 3574 2700">
     <span class='ocr_line' id='line_1_49' title="bbox 1984 2625 3574 2700; baseline -0.011 -7"><span class='ocrx_word' id='word_1_311' title='bbox 1984 2635 2175 2699; x_wconf 88' lang='lat' dir='ltr'><strong>rietur.</strong></span> <span class='ocrx_word' id='word_1_312' title='bbox 2193 2645 2252 2692; x_wconf 90' lang='lat' dir='ltr'><strong>ut</strong></span> <span class='ocrx_word' id='word_1_313' title='bbox 2267 2632 2424 2700; x_wconf 75' lang='lat' dir='ltr'><strong>dixit,</strong></span> <span class='ocrx_word' id='word_1_314' title='bbox 2442 2648 2474 2688; x_wconf 95' lang='lat' dir='ltr'><strong>o</strong></span> <span class='ocrx_word' id='word_1_315' title='bbox 2491 2632 2584 2688; x_wconf 92' lang='lat' dir='ltr'><strong>Dei</strong></span> <span class='ocrx_word' id='word_1_316' title='bbox 2609 2632 2873 2696; x_wconf 80' lang='lat' dir='ltr'><strong>Gcnitrix,</strong></span> <span class='ocrx_word' id='word_1_317' title='bbox 2894 2630 3274 2686; x_wconf 90' lang='lat' dir='ltr'><strong>universorum</strong></span> <span class='ocrx_word' id='word_1_318' title='bbox 3300 2625 3574 2681; x_wconf 89' lang='lat' dir='ltr'><strong>nutritins.</strong></span> 
     </span>
    </p>
   </div>
   <div class='ocr_carea' id='block_1_50' title="bbox 2055 2740 3566 2820">
    <p class='ocr_par' dir='ltr' id='par_1_50' title="bbox 2055 2740 3566 2820">
     <span class='ocr_line' id='line_1_50' title="bbox 2055 2740 3566 2820; baseline -0.01 -14"><span class='ocrx_word' id='word_1_319' title='bbox 2055 2751 2333 2818; x_wconf 77' lang='lat' dir='ltr'><strong>Virginem</strong></span> <span class='ocrx_word' id='word_1_320' title='bbox 2388 2759 2510 2820; x_wconf 86' lang='lat' dir='ltr'><strong>post</strong></span> <span class='ocrx_word' id='word_1_321' title='bbox 2555 2756 2772 2818; x_wconf 90' lang='lat' dir='ltr'><strong>partum</strong></span> <span class='ocrx_word' id='word_1_322' title='bbox 2827 2745 3118 2800; x_wconf 89' lang='lat' dir='ltr'><strong>laudamus</strong></span> <span class='ocrx_word' id='word_1_323' title='bbox 3170 2751 3242 2804; x_wconf 88' lang='lat' dir='ltr'><strong>te.</strong></span> <span class='ocrx_word' id='word_1_324' title='bbox 3288 2740 3511 2809; x_wconf 90' lang='lat' dir='ltr'><strong>Deipara</strong></span> <span class='ocrx_word' id='word_1_325' title='bbox 3553 2757 3566 2791; x_wconf 92' lang='lat'>:</span> 
     </span>
    </p>
   </div>
   <div class='ocr_carea' id='block_1_51' title="bbox 1997 2835 3572 2916">
    <p class='ocr_par' dir='ltr' id='par_1_51' title="bbox 1997 2835 3572 2916">
     <span class='ocr_line' id='line_1_51' title="bbox 1997 2835 3572 2916; baseline -0.011 -16"><span class='ocrx_word' id='word_1_326' title='bbox 1997 2845 2270 2916; x_wconf 83' lang='lat' dir='ltr'><strong>Virginem</strong></span> <span class='ocrx_word' id='word_1_327' title='bbox 2305 2855 2360 2899; x_wconf 89' lang='lat' dir='ltr'><strong>et</strong></span> <span class='ocrx_word' id='word_1_328' title='bbox 2405 2843 2629 2897; x_wconf 82' lang='lat' dir='ltr'><strong>Matrem</strong></span> <span class='ocrx_word' id='word_1_329' title='bbox 2677 2839 3044 2909; x_wconf 80' lang='lat' dir='ltr'><strong>gloriﬁcamus</strong></span> <span class='ocrx_word' id='word_1_330' title='bbox 3079 2846 3152 2898; x_wconf 90' lang='lat' dir='ltr'><strong>te,</strong></span> <span class='ocrx_word' id='word_1_331' title='bbox 3186 2851 3218 2889; x_wconf 91' lang='grc' dir='ltr'><strong>ο</strong></span> <span class='ocrx_word' id='word_1_332' title='bbox 3260 2835 3375 2888; x_wconf 83' lang='lat' dir='ltr'><strong>sola</strong></span> <span class='ocrx_word' id='word_1_333' title='bbox 3420 2840 3572 2887; x_wconf 89' lang='lat' dir='ltr'><strong>casta</strong></span> 
     </span>
    </p>
   </div>
   <div class='ocr_carea' id='block_1_52' title="bbox 1995 2928 3572 3006">
    <p class='ocr_par' dir='ltr' id='par_1_52' title="bbox 1995 2928 3572 3006">
     <span class='ocr_line' id='line_1_52' title="bbox 1995 2928 3572 3006; baseline -0.01 -13"><span class='ocrx_word' id='word_1_334' title='bbox 1995 2937 2091 2993; x_wconf 74' lang='lat' dir='ltr'><strong>Dei</strong></span> <span class='ocrx_word' id='word_1_335' title='bbox 2123 2951 2322 3006; x_wconf 89' lang='lat' dir='ltr'><strong>sponsa</strong></span> <span class='ocrx_word' id='word_1_336' title='bbox 2353 2934 2552 3005; x_wconf 86' lang='lat' dir='ltr'><strong>puella,</strong></span> <span class='ocrx_word' id='word_1_337' title='bbox 2585 2948 2651 2988; x_wconf 82' lang='lat' dir='ltr'><strong>ex</strong></span> <span class='ocrx_word' id='word_1_338' title='bbox 2683 2941 2734 2986; x_wconf 90' lang='lat' dir='ltr'><strong>te</strong></span> <span class='ocrx_word' id='word_1_339' title='bbox 2777 2930 2924 2985; x_wconf 90' lang='lat' dir='ltr'><strong>enim</strong></span> <span class='ocrx_word' id='word_1_340' title='bbox 2965 2943 3092 2985; x_wconf 86' lang='lat' dir='ltr'><strong>vere</strong></span> <span class='ocrx_word' id='word_1_341' title='bbox 3131 2928 3448 2982; x_wconf 85' lang='lat' dir='ltr'><strong>incarnatus</strong></span> <span class='ocrx_word' id='word_1_342' title='bbox 3495 2930 3572 2977; x_wconf 81' lang='lat' dir='ltr'><strong>est</strong></span> 
     </span>
    </p>
   </div>
   <div class='ocr_carea' id='block_1_53' title="bbox 2006 3024 2767 3098">
    <p class='ocr_par' dir='ltr' id='par_1_53' title="bbox 2006 3024 2767 3098">
     <span class='ocr_line' id='line_1_53' title="bbox 2006 3024 2767 3098; baseline -0.009 -13"><span class='ocrx_word' id='word_1_343' title='bbox 2006 3030 2174 3093; x_wconf 85' lang='lat' dir='ltr'><strong>Deus,</strong></span> <span class='ocrx_word' id='word_1_344' title='bbox 2204 3027 2298 3098; x_wconf 89' lang='lat' dir='ltr'><strong>qui</strong></span> <span class='ocrx_word' id='word_1_345' title='bbox 2330 3024 2612 3082; x_wconf 75' lang='lat' dir='ltr'><strong>renovavit</strong></span> <span class='ocrx_word' id='word_1_346' title='bbox 2645 3038 2767 3079; x_wconf 85' lang='lat' dir='ltr'><strong>nos.</strong></span> 
     </span>
    </p>
   </div>
   <div class='ocr_carea' id='block_1_54' title="bbox 2067 3131 3574 3207">
    <p class='ocr_par' dir='ltr' id='par_1_54' title="bbox 2067 3131 3574 3207">
     <span class='ocr_line' id='line_1_54' title="bbox 2067 3131 3574 3207; baseline -0.009 -11"><span class='ocrx_word' id='word_1_347' title='bbox 2067 3139 2268 3196; x_wconf 83' lang='lat' dir='ltr'><strong>Ventre</strong></span> <span class='ocrx_word' id='word_1_348' title='bbox 2299 3151 2392 3193; x_wconf 91' lang='lat' dir='ltr'><strong>tuo</strong></span> <span class='ocrx_word' id='word_1_349' title='bbox 2421 3135 2902 3207; x_wconf 80' lang='lat' dir='ltr'><strong>comprehendisti.</strong></span> <span class='ocrx_word' id='word_1_350' title='bbox 2928 3149 3087 3204; x_wconf 89' lang='lat' dir='ltr'><strong>quem</strong></span> <span class='ocrx_word' id='word_1_351' title='bbox 3118 3131 3302 3187; x_wconf 86' lang='lat' dir='ltr'><strong>nullus</strong></span> <span class='ocrx_word' id='word_1_352' title='bbox 3328 3143 3574 3198; x_wconf 80' lang='lat' dir='ltr'><strong>compre-</strong></span> 
     </span>
    </p>
   </div>
   <div class='ocr_carea' id='block_1_55' title="bbox 313 3223 1886 3313">
    <p class='ocr_par' dir='ltr' id='par_1_55' title="bbox 313 3225 1884 3298">
     <span class='ocr_line' id='line_1_55' title="bbox 313 3225 1884 3298; baseline 0.003 -21"><span class='ocrx_word' id='word_1_353' title='bbox 313 3227 377 3277; x_wconf 83' lang='grc' dir='ltr'><strong>ὲκ</strong></span> <span class='ocrx_word' id='word_1_354' title='bbox 413 3225 598 3294; x_wconf 80' lang='grc' dir='ltr'>μαζῶν</span> <span class='ocrx_word' id='word_1_355' title='bbox 651 3243 744 3277; x_wconf 82' lang='grc' dir='ltr'><strong>σου</strong></span> <span class='ocrx_word' id='word_1_356' title='bbox 793 3225 1064 3296; x_wconf 75' lang='grc' dir='ltr'><strong>ἐθήλασας</strong></span> <span class='ocrx_word' id='word_1_357' title='bbox 1108 3225 1202 3279; x_wconf 84' lang='grc' dir='ltr'>τοῦ</span> <span class='ocrx_word' id='word_1_358' title='bbox 1235 3226 1443 3296; x_wconf 72' lang='grc' dir='ltr'>κόσμου</span> <span class='ocrx_word' id='word_1_359' title='bbox 1503 3227 1595 3280; x_wconf 78' lang='grc' dir='ltr'>τὸν</span> <span class='ocrx_word' id='word_1_360' title='bbox 1657 3229 1884 3298; x_wconf 78' lang='grc' dir='ltr'>τροφέα,</span> 
     </span>
    </p>
   </div>
   <div class='ocr_carea' id='block_1_56' title="bbox 1992 3223 3568 3313">
    <p class='ocr_par' dir='ltr' id='par_1_56' title="bbox 2004 3223 3568 3288">
     <span class='ocr_line' id='line_1_56' title="bbox 2004 3223 3568 3288; baseline -0.008 0"><span class='ocrx_word' id='word_1_361' title='bbox 2004 3233 2191 3288; x_wconf 88' lang='lat' dir='ltr'><strong>hemlit</strong></span> <span class='ocrx_word' id='word_1_362' title='bbox 2213 3233 2388 3286; x_wconf 89' lang='lat' dir='ltr'><strong>locus.</strong></span> <span class='ocrx_word' id='word_1_363' title='bbox 2417 3228 2690 3285; x_wconf 86' lang='lat' dir='ltr'><strong>Uberibus</strong></span> <span class='ocrx_word' id='word_1_364' title='bbox 2719 3229 2828 3284; x_wconf 88' lang='lat' dir='ltr'><strong>tuis</strong></span> <span class='ocrx_word' id='word_1_365' title='bbox 2850 3228 3062 3283; x_wconf 89' lang='lat' dir='ltr'><strong>lactasti</strong></span> <span class='ocrx_word' id='word_1_366' title='bbox 3089 3223 3274 3279; x_wconf 89' lang='lat' dir='ltr'><strong>mundi</strong></span> <span class='ocrx_word' id='word_1_367' title='bbox 3299 3223 3527 3279; x_wconf 84' lang='lat' dir='ltr'><strong>altorem</strong></span> <span class='ocrx_word' id='word_1_368' title='bbox 3553 3239 3568 3274; x_wconf 90' lang='lat'>:</span> 
     </span>
    </p>
   </div>
   <div class='ocr_carea' id='block_1_57' title="bbox 309 3319 1888 3392">
    <p class='ocr_par' dir='ltr' id='par_1_57' title="bbox 309 3319 1888 3392">
     <span class='ocr_line' id='line_1_57' title="bbox 309 3319 1888 3392; baseline 0.001 -21"><span class='ocrx_word' id='word_1_369' title='bbox 309 3319 578 3386; x_wconf 65' lang='grc' dir='ltr'><strong>ἀγκάλαις</strong></span> <span class='ocrx_word' id='word_1_370' title='bbox 613 3319 922 3383; x_wconf 71' lang='grc' dir='ltr'>ἐϐάστασας</span> <span class='ocrx_word' id='word_1_371' title='bbox 959 3320 1050 3372; x_wconf 75' lang='grc' dir='ltr'>τὸν</span> <span class='ocrx_word' id='word_1_372' title='bbox 1097 3319 1344 3391; x_wconf 78' lang='grc' dir='ltr'>παροχέα</span> <span class='ocrx_word' id='word_1_373' title='bbox 1384 3320 1564 3390; x_wconf 82' lang='grc' dir='ltr'><strong>ἡμῶν,</strong></span> <span class='ocrx_word' id='word_1_374' title='bbox 1597 3319 1888 3392; x_wconf 83' lang='grc' dir='ltr'>Θεογεννῆ-</span> 
     </span>
    </p>
   </div>
   <div class='ocr_carea' id='block_1_58' title="bbox 308 3413 588 3483">
    <p class='ocr_par' dir='ltr' id='par_1_58' title="bbox 308 3413 588 3483">
     <span class='ocr_line' id='line_1_58' title="bbox 308 3413 588 3483; baseline 0.007 -19"><span class='ocrx_word' id='word_1_375' title='bbox 308 3429 402 3482; x_wconf 84' lang='grc' dir='ltr'><strong>τορ</strong></span> <span class='ocrx_word' id='word_1_376' title='bbox 429 3413 588 3483; x_wconf 80' lang='grc' dir='ltr'><strong>ἁγνή.</strong></span> 
     </span>
    </p>
   </div>
   <div class='ocr_carea' id='block_1_59' title="bbox 379 3524 1890 3596">
    <p class='ocr_par' dir='ltr' id='par_1_59' title="bbox 379 3524 1890 3596">
     <span class='ocr_line' id='line_1_59' title="bbox 379 3524 1890 3596; baseline 0.001 -20"><span class='ocrx_word' id='word_1_377' title='bbox 379 3524 506 3586; x_wconf 85' lang='grc' dir='ltr'><strong>Πῶς</strong></span> <span class='ocrx_word' id='word_1_378' title='bbox 549 3524 866 3594; x_wconf 79' lang='grc' dir='ltr'>ἐγέννησας,</span> <span class='ocrx_word' id='word_1_379' title='bbox 924 3524 1070 3590; x_wconf 79' lang='grc' dir='ltr'>εἰπὲ,</span> <span class='ocrx_word' id='word_1_380' title='bbox 1119 3524 1212 3578; x_wconf 79' lang='grc' dir='ltr'>τὸν</span> <span class='ocrx_word' id='word_1_381' title='bbox 1273 3525 1336 3579; x_wconf 79' lang='grc' dir='ltr'>ἐκ</span> <span class='ocrx_word' id='word_1_382' title='bbox 1380 3526 1598 3595; x_wconf 70' lang='grc' dir='ltr'>Πατρὺς</span> <span class='ocrx_word' id='word_1_383' title='bbox 1647 3526 1890 3596; x_wconf 73' lang='grc' dir='ltr'>ἀχρόνως</span> 
     </span>
    </p>
   </div>
   <div class='ocr_carea' id='block_1_60' title="bbox 310 3616 1888 3689">
    <p class='ocr_par' dir='ltr' id='par_1_60' title="bbox 310 3616 1888 3689">
     <span class='ocr_line' id='line_1_60' title="bbox 310 3616 1888 3689; baseline 0.003 -21"><span class='ocrx_word' id='word_1_384' title='bbox 310 3616 798 3686; x_wconf 76' lang='grc' dir='ltr'>προεκλάμψαντα,</span> <span class='ocrx_word' id='word_1_385' title='bbox 834 3617 925 3669; x_wconf 75' lang='grc' dir='ltr'>καὶ</span> <span class='ocrx_word' id='word_1_386' title='bbox 979 3619 1075 3670; x_wconf 79' lang='grc' dir='ltr'><strong>σὺν</strong></span> <span class='ocrx_word' id='word_1_387' title='bbox 1118 3617 1259 3684; x_wconf 73' lang='grc' dir='ltr'><strong>ἁγίῳ</strong></span> <span class='ocrx_word' id='word_1_388' title='bbox 1308 3619 1586 3689; x_wconf 76' lang='grc' dir='ltr'>Πνεύματι</span> <span class='ocrx_word' id='word_1_389' title='bbox 1621 3620 1888 3689; x_wconf 79' lang='grc' dir='ltr'><strong>ἀνυμνού-</strong></span> 
     </span>
    </p>
   </div>
   <div class='ocr_carea' id='block_1_61' title="bbox 312 3701 1889 3782">
    <p class='ocr_par' dir='ltr' id='par_1_61' title="bbox 312 3701 1889 3782">
     <span class='ocr_line' id='line_1_61' title="bbox 312 3701 1889 3782; baseline 0.005 -24"><span class='ocrx_word' id='word_1_390' title='bbox 312 3724 474 3777; x_wconf 86' lang='grc' dir='ltr'>μενον</span> <span class='ocrx_word' id='word_1_391' title='bbox 491 3701 586 3771; x_wconf 84' lang='grc' dir='ltr'><strong>;Ἷι</strong></span> <span class='ocrx_word' id='word_1_392' title='bbox 619 3707 694 3769; x_wconf 83' lang='grc' dir='ltr'>ὡς</span> <span class='ocrx_word' id='word_1_393' title='bbox 725 3703 865 3761; x_wconf 82' lang='grc' dir='ltr'>οἶδεν</span> <span class='ocrx_word' id='word_1_394' title='bbox 897 3709 928 3782; x_wconf 15' lang='grc' dir='ltr'><strong>ὁγ</strong></span> <span class='ocrx_word' id='word_1_395' title='bbox 955 3709 1114 3779; x_wconf 86' lang='grc' dir='ltr'>μόνος</span> <span class='ocrx_word' id='word_1_396' title='bbox 1180 3711 1479 3782; x_wconf 71' lang='grc' dir='ltr'>εὐδοκήσας</span> <span class='ocrx_word' id='word_1_397' title='bbox 1533 3713 1597 3766; x_wconf 84' lang='grc' dir='ltr'>ἐκ</span> <span class='ocrx_word' id='word_1_398' title='bbox 1646 3710 1740 3766; x_wconf 82' lang='grc' dir='ltr'>σοῦ</span> <span class='ocrx_word' id='word_1_399' title='bbox 1798 3730 1889 3766; x_wconf 76' lang='grc' dir='ltr'>τεο</span> 
     </span>
    </p>
   </div>
   <div class='ocr_carea' id='block_1_62' title="bbox 309 3781 936 3870">
    <p class='ocr_par' dir='ltr' id='par_1_62' title="bbox 309 3781 936 3870">
     <span class='ocr_line' id='line_1_62' title="bbox 309 3781 936 3870; baseline 0.005 -18"><span class='ocrx_word' id='word_1_400' title='bbox 309 3800 523 3870; x_wconf 80' lang='grc' dir='ltr'>χθῆναι,</span> <span class='ocrx_word' id='word_1_401' title='bbox 544 3799 793 3855; x_wconf 81' lang='grc' dir='ltr'>Θεοτόκε.</span> 
     </span>
    </p>
   </div>
   <div class='ocr_carea' id='block_1_63' title="bbox 308 3979 1878 4050">
    <p class='ocr_par' dir='ltr' id='par_1_63' title="bbox 308 3979 1878 4050">
     <span class='ocr_line' id='line_1_63' title="bbox 308 3979 1878 4050; baseline 0.003 -15"><span class='ocrx_word' id='word_1_402' title='bbox 308 3981 414 4035; x_wconf 84' lang='lat' dir='ltr'><strong>hoc</strong></span> <span class='ocrx_word' id='word_1_403' title='bbox 443 3988 524 4034; x_wconf 88' lang='lat' dir='ltr'><strong>est</strong></span> <span class='ocrx_word' id='word_1_404' title='bbox 547 3980 692 4050; x_wconf 87' lang='lat' dir='ltr'><strong>quod</strong></span> <span class='ocrx_word' id='word_1_405' title='bbox 733 3979 882 4043; x_wconf 85' lang='lat' dir='ltr'><strong>dicit,</strong></span> <span class='ocrx_word' id='word_1_406' title='bbox 923 3980 1068 4049; x_wconf 88' lang='lat' dir='ltr'><strong>quod</strong></span> <span class='ocrx_word' id='word_1_407' title='bbox 1097 3981 1395 4036; x_wconf 83' lang='lat' dir='ltr'><strong>auxiliatus</strong></span> <span class='ocrx_word' id='word_1_408' title='bbox 1429 3991 1512 4037; x_wconf 90' lang='lat' dir='ltr'><strong>est</strong></span> <span class='ocrx_word' id='word_1_409' title='bbox 1541 3983 1591 4036; x_wconf 89' lang='lat' dir='ltr'><strong>ei</strong></span> <span class='ocrx_word' id='word_1_410' title='bbox 1615 3982 1878 4040; x_wconf 80' lang='lat' dir='ltr'><strong>Dominus</strong></span> 
     </span>
    </p>
   </div>
   <div class='ocr_carea' id='block_1_64' title="bbox 310 4051 1059 4119">
    <p class='ocr_par' dir='ltr' id='par_1_64' title="bbox 310 4051 1059 4119">
     <span class='ocr_line' id='line_1_64' title="bbox 310 4051 1059 4119; baseline -0.004 -15"><span class='ocrx_word' id='word_1_411' title='bbox 310 4052 364 4104; x_wconf 90' lang='lat' dir='ltr'><strong>in</strong></span> <span class='ocrx_word' id='word_1_412' title='bbox 393 4051 522 4119; x_wconf 51' lang='lat' dir='ltr'><strong>&#39;ipso</strong></span> <span class='ocrx_word' id='word_1_413' title='bbox 551 4063 674 4106; x_wconf 89' lang='lat' dir='ltr'><strong>ortu</strong></span> <span class='ocrx_word' id='word_1_414' title='bbox 707 4052 995 4106; x_wconf 92' lang='lat' dir='ltr'><strong>matutino.</strong></span> <span class='ocrx_word' id='word_1_415' title='bbox 1041 4069 1059 4101; x_wconf 75' lang='grc' dir='ltr'><strong><em>ι</em></strong></span> 
     </span>
    </p>
   </div>
   <div class='ocr_carea' id='block_1_65' title="bbox 383 4121 1877 4179">
    <p class='ocr_par' dir='ltr' id='par_1_65' title="bbox 383 4121 1877 4179">
     <span class='ocr_line' id='line_1_65' title="bbox 383 4121 1877 4179; baseline 0.001 -4"><span class='ocrx_word' id='word_1_416' title='bbox 383 4121 630 4176; x_wconf 84' lang='lat' dir='ltr'><strong>Andreas</strong></span> <span class='ocrx_word' id='word_1_417' title='bbox 656 4123 818 4176; x_wconf 83' lang='lat' dir='ltr'><strong>etiam</strong></span> <span class='ocrx_word' id='word_1_418' title='bbox 866 4121 1150 4175; x_wconf 83' lang='lat' dir='ltr'><strong>Dnvallius</strong></span> <span class='ocrx_word' id='word_1_419' title='bbox 1207 4122 1394 4177; x_wconf 87' lang='lat' dir='ltr'><strong>doctor</strong></span> <span class='ocrx_word' id='word_1_420' title='bbox 1441 4123 1778 4179; x_wconf 90' lang='lat' dir='ltr'><strong>Sorhonieus</strong></span> <span class='ocrx_word' id='word_1_421' title='bbox 1825 4129 1877 4178; x_wconf 87' lang='lat' dir='ltr'><strong>in</strong></span> 
     </span>
    </p>
   </div>
   <div class='ocr_carea' id='block_1_66' title="bbox 311 4191 1882 4265">
    <p class='ocr_par' dir='ltr' id='par_1_66' title="bbox 311 4191 1882 4265">
     <span class='ocr_line' id='line_1_66' title="bbox 311 4191 1882 4265; baseline 0.004 -21"><span class='ocrx_word' id='word_1_422' title='bbox 311 4201 601 4265; x_wconf 68' lang='lat' dir='ltr'><strong>suntraet.</strong></span> <span class='ocrx_word' id='word_1_423' title='bbox 632 4193 706 4247; x_wconf 83' lang='lat' dir='ltr'><strong>De</strong></span> <span class='ocrx_word' id='word_1_424' title='bbox 729 4193 1086 4265; x_wconf 10' lang='lat' dir='ltr'><strong>Conreptioner</strong></span> <span class='ocrx_word' id='word_1_425' title='bbox 1111 4191 1176 4245; x_wconf 86' lang='grc' dir='ltr'><strong>Β.</strong></span> <span class='ocrx_word' id='word_1_426' title='bbox 1216 4191 1464 4265; x_wconf 73' lang='lat' dir='ltr'><strong>Virginis,</strong></span> <span class='ocrx_word' id='word_1_427' title='bbox 1499 4194 1730 4250; x_wconf 66' lang='lat' dir='ltr'><strong>alie-rens</strong></span> <span class='ocrx_word' id='word_1_428' title='bbox 1768 4197 1882 4251; x_wconf 75' lang='lat' dir='ltr'><strong>hzec</strong></span> 
     </span>
    </p>
   </div>
   <div class='ocr_carea' id='block_1_67' title="bbox 310 4262 1884 4334">
    <p class='ocr_par' dir='ltr' id='par_1_67' title="bbox 310 4262 1884 4334">
     <span class='ocr_line' id='line_1_67' title="bbox 310 4262 1884 4334; baseline 0.005 -20"><span class='ocrx_word' id='word_1_429' title='bbox 310 4262 430 4316; x_wconf 83' lang='lat' dir='ltr'><strong>Johi</strong></span> <span class='ocrx_word' id='word_1_430' title='bbox 463 4265 624 4317; x_wconf 85' lang='lat' dir='ltr'><strong>verba</strong></span> <span class='ocrx_word' id='word_1_431' title='bbox 659 4282 671 4318; x_wconf 94' lang='lat'><strong>:</strong></span> <span class='ocrx_word' id='word_1_432' title='bbox 709 4283 728 4315; x_wconf 76' lang='grc' dir='ltr'><strong><em>ι</em></strong></span> <span class='ocrx_word' id='word_1_433' title='bbox 762 4264 1052 4332; x_wconf 71' lang='lat' dir='ltr'><strong>Exspectet</strong></span> <span class='ocrx_word' id='word_1_434' title='bbox 1081 4264 1256 4317; x_wconf 88' lang='lat' dir='ltr'><strong>lucem</strong></span> <span class='ocrx_word' id='word_1_435' title='bbox 1287 4262 1340 4334; x_wconf 77' lang='lat' dir='ltr'><strong>et</strong></span> <span class='ocrx_word' id='word_1_436' title='bbox 1382 4281 1492 4334; x_wconf 82' lang='lat' dir='ltr'><strong>non</strong></span> <span class='ocrx_word' id='word_1_437' title='bbox 1531 4265 1714 4320; x_wconf 79' lang='lat' dir='ltr'><strong>videat</strong></span> <span class='ocrx_word' id='word_1_438' title='bbox 1742 4285 1755 4334; x_wconf 89' lang='lat'><strong>;</strong></span> <span class='ocrx_word' id='word_1_439' title='bbox 1785 4282 1884 4322; x_wconf 73' lang='lat' dir='ltr'><strong>nec</strong></span> 
     </span>
    </p>
   </div>
   <div class='ocr_carea' id='block_1_68' title="bbox 311 4333 1882 4404">
    <p class='ocr_par' dir='ltr' id='par_1_68' title="bbox 311 4333 1882 4404">
     <span class='ocr_line' id='line_1_68' title="bbox 311 4333 1882 4404; baseline 0.003 -19"><span class='ocrx_word' id='word_1_440' title='bbox 311 4341 490 4404; x_wconf 85' lang='lat' dir='ltr'><strong>ortum</strong></span> <span class='ocrx_word' id='word_1_441' title='bbox 524 4336 799 4403; x_wconf 85' lang='lat' dir='ltr'><strong>surgentis</strong></span> <span class='ocrx_word' id='word_1_442' title='bbox 837 4349 1069 4398; x_wconf 55' lang='lat' dir='ltr'><strong>aurorae,</strong></span> <span class='ocrx_word' id='word_1_443' title='bbox 1101 4353 1118 4385; x_wconf 77' lang='grc' dir='ltr'><strong><em>ι</em></strong></span> <span class='ocrx_word' id='word_1_444' title='bbox 1143 4333 1350 4404; x_wconf 68' lang='lat' dir='ltr'><strong>qttzn’S.</strong></span> <span class='ocrx_word' id='word_1_445' title='bbox 1378 4333 1619 4391; x_wconf 83' lang='lat' dir='ltr'><strong>Thomas</strong></span> <span class='ocrx_word' id='word_1_446' title='bbox 1642 4336 1692 4390; x_wconf 94' lang='lat' dir='ltr'><strong>in</strong></span> <span class='ocrx_word' id='word_1_447' title='bbox 1717 4333 1882 4392; x_wconf 80' lang='lat' dir='ltr'><strong>sensu</strong></span> 
     </span>
    </p>
   </div>
   <div class='ocr_carea' id='block_1_69' title="bbox 311 4403 1885 4473">
    <p class='ocr_par' dir='ltr' id='par_1_69' title="bbox 311 4403 1885 4473">
     <span class='ocr_line' id='line_1_69' title="bbox 311 4403 1885 4473; baseline 0.004 -19"><span class='ocrx_word' id='word_1_448' title='bbox 311 4403 554 4473; x_wconf 89' lang='lat' dir='ltr'><strong>litterali,</strong></span> <span class='ocrx_word' id='word_1_449' title='bbox 587 4404 687 4458; x_wconf 84' lang='lat' dir='ltr'><strong>etsi</strong></span> <span class='ocrx_word' id='word_1_450' title='bbox 716 4405 1106 4468; x_wconf 84' lang='lat' dir='ltr'><strong>metaphorieo,</strong></span> <span class='ocrx_word' id='word_1_451' title='bbox 1137 4403 1357 4473; x_wconf 82' lang='lat' dir='ltr'><strong>exponit</strong></span> <span class='ocrx_word' id='word_1_452' title='bbox 1381 4405 1447 4459; x_wconf 89' lang='lat' dir='ltr'><strong>de</strong></span> <span class='ocrx_word' id='word_1_453' title='bbox 1470 4406 1712 4468; x_wconf 87' lang='lat' dir='ltr'><strong>Christo.</strong></span> <span class='ocrx_word' id='word_1_454' title='bbox 1738 4418 1791 4462; x_wconf 91' lang='lat' dir='ltr'><strong>ct</strong></span> <span class='ocrx_word' id='word_1_455' title='bbox 1818 4406 1885 4461; x_wconf 88' lang='lat' dir='ltr'><strong>de</strong></span> 
     </span>
    </p>
   </div>
   <div class='ocr_carea' id='block_1_70' title="bbox 313 4472 1884 4547">
    <p class='ocr_par' dir='ltr' id='par_1_70' title="bbox 313 4472 1884 4547">
     <span class='ocr_line' id='line_1_70' title="bbox 313 4472 1884 4547; baseline 0.004 -23"><span class='ocrx_word' id='word_1_456' title='bbox 313 4472 372 4524; x_wconf 84' lang='lat' dir='ltr'><strong>B.</strong></span> <span class='ocrx_word' id='word_1_457' title='bbox 420 4473 661 4540; x_wconf 73' lang='lat' dir='ltr'><strong>Virgine,</strong></span> <span class='ocrx_word' id='word_1_458' title='bbox 705 4475 826 4529; x_wconf 86' lang='lat' dir='ltr'><strong>ait:</strong></span> <span class='ocrx_word' id='word_1_459' title='bbox 874 4474 1028 4547; x_wconf 81' lang='lat' dir='ltr'><strong>Sicut</strong></span> <span class='ocrx_word' id='word_1_460' title='bbox 1070 4472 1266 4528; x_wconf 85' lang='lat' dir='ltr'><strong>aurora</strong></span> <span class='ocrx_word' id='word_1_461' title='bbox 1310 4487 1531 4545; x_wconf 84' lang='lat' dir='ltr'><strong>propter</strong></span> <span class='ocrx_word' id='word_1_462' title='bbox 1565 4479 1884 4547; x_wconf 82' lang='lat' dir='ltr'><strong>proximita-</strong></span> 
     </span>
    </p>
   </div>
   <div class='ocr_carea' id='block_1_71' title="bbox 311 4545 1883 4614">
    <p class='ocr_par' dir='ltr' id='par_1_71' title="bbox 311 4545 1883 4614">
     <span class='ocr_line' id='line_1_71' title="bbox 311 4545 1883 4614; baseline 0.004 -18"><span class='ocrx_word' id='word_1_463' title='bbox 311 4553 441 4608; x_wconf 86' lang='lat' dir='ltr'><strong>tem,</strong></span> <span class='ocrx_word' id='word_1_464' title='bbox 487 4559 650 4612; x_wconf 91' lang='lat' dir='ltr'><strong>quam</strong></span> <span class='ocrx_word' id='word_1_465' title='bbox 701 4561 824 4598; x_wconf 88' lang='lat' dir='ltr'><strong>cum</strong></span> <span class='ocrx_word' id='word_1_466' title='bbox 856 4545 969 4600; x_wconf 88' lang='lat' dir='ltr'><strong>sole</strong></span> <span class='ocrx_word' id='word_1_467' title='bbox 1021 4547 1202 4609; x_wconf 87' lang='lat' dir='ltr'><strong>habet,</strong></span> <span class='ocrx_word' id='word_1_468' title='bbox 1230 4562 1511 4614; x_wconf 85' lang='lat' dir='ltr'><strong>nunquam</strong></span> <span class='ocrx_word' id='word_1_469' title='bbox 1555 4545 1883 4602; x_wconf 79' lang='lat' dir='ltr'><strong>nhtenehra-</strong></span> 
     </span>
    </p>
   </div>
   <div class='ocr_carea' id='block_1_72' title="bbox 1999 3313 3573 3394">
    <p class='ocr_par' dir='ltr' id='par_1_72' title="bbox 1999 3313 3573 3394">
     <span class='ocr_line' id='line_1_72' title="bbox 1999 3313 3573 3394; baseline -0.009 -13"><span class='ocrx_word' id='word_1_470' title='bbox 1999 3325 2142 3381; x_wconf 91' lang='lat' dir='ltr'><strong>ulnis</strong></span> <span class='ocrx_word' id='word_1_471' title='bbox 2178 3324 2406 3394; x_wconf 88' lang='lat' dir='ltr'><strong>portasti</strong></span> <span class='ocrx_word' id='word_1_472' title='bbox 2449 3338 2573 3378; x_wconf 89' lang='lat' dir='ltr'><strong>eum</strong></span> <span class='ocrx_word' id='word_1_473' title='bbox 2625 3322 2718 3392; x_wconf 85' lang='lat' dir='ltr'><strong>qui</strong></span> <span class='ocrx_word' id='word_1_474' title='bbox 2764 3335 2867 3377; x_wconf 88' lang='lat' dir='ltr'><strong>nos</strong></span> <span class='ocrx_word' id='word_1_475' title='bbox 2898 3319 3155 3384; x_wconf 90' lang='lat' dir='ltr'><strong>sustinet,</strong></span> <span class='ocrx_word' id='word_1_476' title='bbox 3189 3316 3284 3371; x_wconf 90' lang='lat' dir='ltr'><strong>Dei</strong></span> <span class='ocrx_word' id='word_1_477' title='bbox 3327 3313 3573 3370; x_wconf 80' lang='lat' dir='ltr'><strong>Genitrix</strong></span> 
     </span>
    </p>
   </div>
   <div class='ocr_carea' id='block_1_73' title="bbox 1999 3415 2185 3486">
    <p class='ocr_par' dir='ltr' id='par_1_73' title="bbox 1999 3415 2185 3486">
     <span class='ocr_line' id='line_1_73' title="bbox 1999 3415 2185 3486; baseline 0 -18"><span class='ocrx_word' id='word_1_478' title='bbox 1999 3415 2185 3486; x_wconf 82' lang='lat' dir='ltr'><strong>Virgo.</strong></span> 
     </span>
    </p>
   </div>
   <div class='ocr_carea' id='block_1_74' title="bbox 2069 3520 3576 3598">
    <p class='ocr_par' dir='ltr' id='par_1_74' title="bbox 2069 3520 3576 3598">
     <span class='ocr_line' id='line_1_74' title="bbox 2069 3520 3576 3598; baseline -0.009 -16"><span class='ocrx_word' id='word_1_479' title='bbox 2069 3528 2354 3596; x_wconf 79' lang='lat' dir='ltr'><strong>Quomodo</strong></span> <span class='ocrx_word' id='word_1_480' title='bbox 2377 3526 2631 3598; x_wconf 81' lang='lat' dir='ltr'><strong>genuisti,</strong></span> <span class='ocrx_word' id='word_1_481' title='bbox 2661 3540 2758 3595; x_wconf 84' lang='lat' dir='ltr'><strong>age</strong></span> <span class='ocrx_word' id='word_1_482' title='bbox 2791 3524 2878 3580; x_wconf 91' lang='lat' dir='ltr'><strong>die</strong></span> <span class='ocrx_word' id='word_1_483' title='bbox 2906 3543 2920 3579; x_wconf 87' lang='lat'><strong>:</strong></span> <span class='ocrx_word' id='word_1_484' title='bbox 2951 3522 3088 3576; x_wconf 88' lang='lat' dir='ltr'><strong>Eum</strong></span> <span class='ocrx_word' id='word_1_485' title='bbox 3118 3520 3209 3591; x_wconf 88' lang='lat' dir='ltr'><strong>qui</strong></span> <span class='ocrx_word' id='word_1_486' title='bbox 3247 3526 3375 3572; x_wconf 90' lang='lat' dir='ltr'><strong>ante</strong></span> <span class='ocrx_word' id='word_1_487' title='bbox 3415 3529 3576 3571; x_wconf 90' lang='lat' dir='ltr'><strong>omne</strong></span> 
     </span>
    </p>
   </div>
   <div class='ocr_carea' id='block_1_75' title="bbox 2000 3610 3575 3694">
    <p class='ocr_par' dir='ltr' id='par_1_75' title="bbox 2000 3610 3575 3694">
     <span class='ocr_line' id='line_1_75' title="bbox 2000 3610 3575 3694; baseline -0.011 -15"><span class='ocrx_word' id='word_1_488' title='bbox 2000 3635 2214 3694; x_wconf 79' lang='lat' dir='ltr'><strong>tempus</strong></span> <span class='ocrx_word' id='word_1_489' title='bbox 2248 3641 2312 3677; x_wconf 80' lang='lat' dir='ltr'><strong>ex</strong></span> <span class='ocrx_word' id='word_1_490' title='bbox 2346 3623 2505 3677; x_wconf 81' lang='lat' dir='ltr'><strong>Patre</strong></span> <span class='ocrx_word' id='word_1_491' title='bbox 2537 3621 2894 3691; x_wconf 68' lang='lat' dir='ltr'><strong>resplencluit,</strong></span> <span class='ocrx_word' id='word_1_492' title='bbox 2923 3618 3168 3688; x_wconf 89' lang='lat' dir='ltr'><strong>quinque</strong></span> <span class='ocrx_word' id='word_1_493' title='bbox 3203 3630 3327 3668; x_wconf 89' lang='lat' dir='ltr'><strong>cum</strong></span> <span class='ocrx_word' id='word_1_494' title='bbox 3367 3610 3575 3680; x_wconf 89' lang='lat' dir='ltr'><strong>Spiritu</strong></span> 
     </span>
    </p>
   </div>
   <div class='ocr_carea' id='block_1_76' title="bbox 1999 3703 3578 3786">
    <p class='ocr_par' dir='ltr' id='par_1_76' title="bbox 1999 3703 3578 3786">
     <span class='ocr_line' id='line_1_76' title="bbox 1999 3703 3578 3786; baseline -0.009 -17"><span class='ocrx_word' id='word_1_495' title='bbox 1999 3726 2190 3770; x_wconf 84' lang='lat' dir='ltr'><strong>saneto</strong></span> <span class='ocrx_word' id='word_1_496' title='bbox 2222 3714 2596 3786; x_wconf 76' lang='lat' dir='ltr'><strong>gloriﬁcatur?</strong></span> <span class='ocrx_word' id='word_1_497' title='bbox 2625 3715 2784 3768; x_wconf 88' lang='lat' dir='ltr'><strong>Certe</strong></span> <span class='ocrx_word' id='word_1_498' title='bbox 2817 3720 2876 3766; x_wconf 93' lang='lat' dir='ltr'><strong>ut</strong></span> <span class='ocrx_word' id='word_1_499' title='bbox 2909 3710 3023 3781; x_wconf 87' lang='lat' dir='ltr'><strong>ipse</strong></span> <span class='ocrx_word' id='word_1_500' title='bbox 3057 3708 3183 3772; x_wconf 90' lang='lat' dir='ltr'><strong>scit,</strong></span> <span class='ocrx_word' id='word_1_501' title='bbox 3216 3715 3273 3762; x_wconf 91' lang='lat' dir='ltr'><strong>ut</strong></span> <span class='ocrx_word' id='word_1_502' title='bbox 3304 3703 3455 3760; x_wconf 92' lang='lat' dir='ltr'><strong>solus</strong></span> <span class='ocrx_word' id='word_1_503' title='bbox 3482 3718 3578 3756; x_wconf 85' lang='lat' dir='ltr'><strong>vu-</strong></span> 
     </span>
    </p>
   </div>
   <div class='ocr_carea' id='block_1_77' title="bbox 2000 3807 2776 3880">
    <p class='ocr_par' dir='ltr' id='par_1_77' title="bbox 2000 3807 2776 3880">
     <span class='ocr_line' id='line_1_77' title="bbox 2000 3807 2776 3880; baseline -0.005 -18"><span class='ocrx_word' id='word_1_504' title='bbox 2000 3809 2108 3880; x_wconf 83' lang='lat' dir='ltr'><strong>lnit_</strong></span> <span class='ocrx_word' id='word_1_505' title='bbox 2140 3823 2206 3861; x_wconf 82' lang='lat' dir='ltr'><strong>ex</strong></span> <span class='ocrx_word' id='word_1_506' title='bbox 2241 3818 2290 3862; x_wconf 90' lang='lat' dir='ltr'><strong>te</strong></span> <span class='ocrx_word' id='word_1_507' title='bbox 2321 3807 2490 3878; x_wconf 79' lang='lat' dir='ltr'><strong>gigni,</strong></span> <span class='ocrx_word' id='word_1_508' title='bbox 2524 3807 2776 3876; x_wconf 90' lang='lat' dir='ltr'><strong>Dcipara.</strong></span> 
     </span>
    </p>
   </div>
   <div class='ocr_carea' id='block_1_78' title="bbox 1987 3978 3573 4060">
    <p class='ocr_par' dir='ltr' id='par_1_78' title="bbox 1987 3978 3573 4060">
     <span class='ocr_line' id='line_1_78' title="bbox 1987 3978 3573 4060; baseline -0.005 -20"><span class='ocrx_word' id='word_1_509' title='bbox 1987 3986 2242 4060; x_wconf 85' lang='lat' dir='ltr'><strong>stentiam</strong></span> <span class='ocrx_word' id='word_1_510' title='bbox 2280 3986 2608 4060; x_wconf 64' lang='lat' dir='ltr'><strong>distinctam</strong></span> <span class='ocrx_word' id='word_1_511' title='bbox 2649 3985 2717 4039; x_wconf 90' lang='lat' dir='ltr'><strong>ab</strong></span> <span class='ocrx_word' id='word_1_512' title='bbox 2769 3985 2882 4053; x_wconf 85' lang='lat' dir='ltr'><strong>ipsa</strong></span> <span class='ocrx_word' id='word_1_513' title='bbox 2932 3981 3149 4043; x_wconf 83' lang='lat' dir='ltr'><strong>Matris,</strong></span> <span class='ocrx_word' id='word_1_514' title='bbox 3181 3978 3324 4050; x_wconf 88' lang='lat' dir='ltr'><strong>quod</strong></span> <span class='ocrx_word' id='word_1_515' title='bbox 3381 3987 3573 4060; x_wconf 76' lang='lat' dir='ltr'><strong>autem</strong></span> 
     </span>
    </p>
   </div>
   <div class='ocr_carea' id='block_1_79' title="bbox 1991 4057 3579 4126">
    <p class='ocr_par' dir='ltr' id='par_1_79' title="bbox 1991 4057 3579 4126">
     <span class='ocr_line' id='line_1_79' title="bbox 1991 4057 3579 4126; baseline -0.007 -16"><span class='ocrx_word' id='word_1_516' title='bbox 1991 4066 2164 4112; x_wconf 87' lang='lat' dir='ltr'><strong>matre</strong></span> <span class='ocrx_word' id='word_1_517' title='bbox 2205 4057 2459 4126; x_wconf 85' lang='lat' dir='ltr'><strong>indigeat.</strong></span> <span class='ocrx_word' id='word_1_518' title='bbox 2496 4065 2580 4110; x_wconf 89' lang='lat' dir='ltr'><strong>est</strong></span> <span class='ocrx_word' id='word_1_519' title='bbox 2624 4064 2834 4109; x_wconf 86' lang='lat' dir='ltr'><strong>tantum</strong></span> <span class='ocrx_word' id='word_1_520' title='bbox 2878 4063 2936 4107; x_wconf 91' lang='lat' dir='ltr'><strong>nt</strong></span> <span class='ocrx_word' id='word_1_521' title='bbox 2987 4060 3350 4126; x_wconf 62' lang='lat' dir='ltr'><strong>conservetur</strong></span> <span class='ocrx_word' id='word_1_522' title='bbox 3381 4057 3456 4126; x_wconf 48' lang='grc' dir='ltr'><strong>ἰπὶ⁵</strong></span> <span class='ocrx_word' id='word_1_523' title='bbox 3476 4065 3579 4126; x_wconf 78' lang='lat' dir='ltr'><strong>suo</strong></span> 
     </span>
    </p>
   </div>
   <div class='ocr_carea' id='block_1_80' title="bbox 1989 4117 3576 4201">
    <p class='ocr_par' dir='ltr' id='par_1_80' title="bbox 1989 4117 3576 4201">
     <span class='ocr_line' id='line_1_80' title="bbox 1989 4117 3576 4201; baseline -0.006 -20"><span class='ocrx_word' id='word_1_524' title='bbox 1989 4143 2130 4192; x_wconf 87' lang='lat' dir='ltr'><strong>esse,</strong></span> <span class='ocrx_word' id='word_1_525' title='bbox 2167 4143 2272 4180; x_wconf 89' lang='lat' dir='ltr'><strong>non</strong></span> <span class='ocrx_word' id='word_1_526' title='bbox 2320 4117 2507 4201; x_wconf 66' lang='lat' dir='ltr'><strong>autem</strong></span> <span class='ocrx_word' id='word_1_527' title='bbox 2547 4137 2622 4180; x_wconf 64' lang='lat' dir='ltr'><strong>ut.</strong></span> <span class='ocrx_word' id='word_1_528' title='bbox 2658 4125 2982 4201; x_wconf 68' lang='lat' dir='ltr'><strong>simpliciter</strong></span> <span class='ocrx_word' id='word_1_529' title='bbox 3031 4121 3389 4201; x_wconf 69' lang='lat' dir='ltr'><strong>producatur.</strong></span> <span class='ocrx_word' id='word_1_530' title='bbox 3419 4117 3576 4184; x_wconf 87' lang='lat' dir='ltr'><strong>Quod</strong></span> 
     </span>
    </p>
   </div>
   <div class='ocr_carea' id='block_1_81' title="bbox 1991 4191 3577 4270">
    <p class='ocr_par' dir='ltr' id='par_1_81' title="bbox 1991 4191 3577 4270">
     <span class='ocr_line' id='line_1_81' title="bbox 1991 4191 3577 4270; baseline -0.004 -21"><span class='ocrx_word' id='word_1_531' title='bbox 1991 4191 2175 4270; x_wconf 82' lang='lat' dir='ltr'><strong>autem</strong></span> <span class='ocrx_word' id='word_1_532' title='bbox 2222 4200 2514 4270; x_wconf 80' lang='lat' dir='ltr'><strong>specialem</strong></span> <span class='ocrx_word' id='word_1_533' title='bbox 2575 4191 2828 4266; x_wconf 78' lang='lat' dir='ltr'><strong>angelum</strong></span> <span class='ocrx_word' id='word_1_534' title='bbox 2865 4195 2931 4270; x_wconf 80' lang='lat' dir='ltr'><strong>ad</strong></span> <span class='ocrx_word' id='word_1_535' title='bbox 2978 4191 3064 4270; x_wconf 73' lang='lat' dir='ltr'><strong>sui</strong></span> <span class='ocrx_word' id='word_1_536' title='bbox 3107 4191 3412 4270; x_wconf 68' lang='lat' dir='ltr'><strong>custodiam</strong></span> <span class='ocrx_word' id='word_1_537' title='bbox 3468 4204 3577 4270; x_wconf 80' lang='lat' dir='ltr'><strong>n_nn</strong></span> 
     </span>
    </p>
   </div>
   <div class='ocr_carea' id='block_1_82' title="bbox 1995 4261 3576 4338">
    <p class='ocr_par' dir='ltr' id='par_1_82' title="bbox 1995 4261 3576 4338">
     <span class='ocr_line' id='line_1_82' title="bbox 1995 4261 3576 4338; baseline -0.005 -18"><span class='ocrx_word' id='word_1_538' title='bbox 1995 4269 2212 4331; x_wconf 87' lang='lat' dir='ltr'><strong>habeat,</strong></span> <span class='ocrx_word' id='word_1_539' title='bbox 2247 4261 2330 4323; x_wconf 80' lang='lat' dir='ltr'><strong>est</strong></span> <span class='ocrx_word' id='word_1_540' title='bbox 2359 4269 2486 4338; x_wconf 87' lang='lat' dir='ltr'><strong>quia</strong></span> <span class='ocrx_word' id='word_1_541' title='bbox 2521 4261 2745 4321; x_wconf 46' lang='lat' dir='ltr'><strong>tunc-co</strong></span> <span class='ocrx_word' id='word_1_542' title='bbox 2770 4281 2875 4338; x_wconf 80' lang='lat' dir='ltr'><strong>non</strong></span> <span class='ocrx_word' id='word_1_543' title='bbox 2908 4265 3113 4332; x_wconf 78' lang='lat' dir='ltr'><strong>indiget</strong></span> <span class='ocrx_word' id='word_1_544' title='bbox 3142 4280 3154 4317; x_wconf 92' lang='lat'>:</span> <span class='ocrx_word' id='word_1_545' title='bbox 3187 4261 3395 4314; x_wconf 91' lang='lat' dir='ltr'><strong>nullum</strong></span> <span class='ocrx_word' id='word_1_546' title='bbox 3429 4261 3576 4338; x_wconf 61' lang='lat' dir='ltr'><strong>enim</strong></span> 
     </span>
    </p>
   </div>
   <div class='ocr_carea' id='block_1_83' title="bbox 1996 4329 3578 4410">
    <p class='ocr_par' dir='ltr' id='par_1_83' title="bbox 1996 4329 3578 4410">
     <span class='ocr_line' id='line_1_83' title="bbox 1996 4329 3578 4410; baseline -0.008 -18"><span class='ocrx_word' id='word_1_547' title='bbox 1996 4339 2143 4393; x_wconf 89' lang='lat' dir='ltr'><strong>aliud</strong></span> <span class='ocrx_word' id='word_1_548' title='bbox 2201 4329 2483 4407; x_wconf 75' lang='lat' dir='ltr'><strong>peccatum</strong></span> <span class='ocrx_word' id='word_1_549' title='bbox 2521 4345 2701 4410; x_wconf 81' lang='lat' dir='ltr'><strong>potest</strong></span> <span class='ocrx_word' id='word_1_550' title='bbox 2723 4336 2917 4410; x_wconf 74' lang='lat' dir='ltr'><strong>subire</strong></span> <span class='ocrx_word' id='word_1_551' title='bbox 2958 4329 3122 4410; x_wconf 71' lang='lat' dir='ltr'><strong>quam</strong></span> <span class='ocrx_word' id='word_1_552' title='bbox 3163 4348 3248 4410; x_wconf 35' lang='lat' dir='ltr'><strong>ex.</strong></span> <span class='ocrx_word' id='word_1_553' title='bbox 3278 4340 3430 4410; x_wconf 80' lang='lat' dir='ltr'><strong>parte</strong></span> <span class='ocrx_word' id='word_1_554' title='bbox 3462 4329 3578 4410; x_wconf 78' lang='lat' dir='ltr'><strong>Ma-</strong></span> 
     </span>
    </p>
   </div>
   <div class='ocr_carea' id='block_1_84' title="bbox 1995 4401 3578 4475">
    <p class='ocr_par' dir='ltr' id='par_1_84' title="bbox 1995 4401 3578 4475">
     <span class='ocr_line' id='line_1_84' title="bbox 1995 4401 3578 4475; baseline -0.008 -12"><span class='ocrx_word' id='word_1_555' title='bbox 1995 4410 2114 4473; x_wconf 88' lang='lat' dir='ltr'><strong>tris,</strong></span> <span class='ocrx_word' id='word_1_556' title='bbox 2153 4401 2214 4463; x_wconf 78' lang='lat' dir='ltr'><strong>ut</strong></span> <span class='ocrx_word' id='word_1_557' title='bbox 2248 4411 2381 4463; x_wconf 89' lang='lat' dir='ltr'><strong>satis</strong></span> <span class='ocrx_word' id='word_1_558' title='bbox 2414 4401 2651 4470; x_wconf 83' lang='lat' dir='ltr'><strong>constat,</strong></span> <span class='ocrx_word' id='word_1_559' title='bbox 2684 4407 2916 4475; x_wconf 84' lang='lat' dir='ltr'><strong>idecqne</strong></span> <span class='ocrx_word' id='word_1_560' title='bbox 2959 4401 3067 4458; x_wconf 85' lang='lat' dir='ltr'><strong>alio</strong></span> <span class='ocrx_word' id='word_1_561' title='bbox 3094 4401 3311 4475; x_wconf 77' lang='lat' dir='ltr'><strong>angelo,</strong></span> <span class='ocrx_word' id='word_1_562' title='bbox 3350 4401 3420 4453; x_wconf 87' lang='lat' dir='ltr'><strong>ab</strong></span> <span class='ocrx_word' id='word_1_563' title='bbox 3460 4401 3578 4475; x_wconf 70' lang='lat' dir='ltr'><strong>ipso</strong></span> 
     </span>
    </p>
   </div>
   <div class='ocr_carea' id='block_1_85' title="bbox 1990 4469 3671 4548">
    <p class='ocr_par' dir='ltr' id='par_1_85' title="bbox 1990 4469 3671 4548">
     <span class='ocr_line' id='line_1_85' title="bbox 1990 4469 3671 4548; baseline -0.008 -14"><span class='ocrx_word' id='word_1_564' title='bbox 1990 4469 2220 4544; x_wconf 79' lang='lat' dir='ltr'><strong>matris,</strong></span> <span class='ocrx_word' id='word_1_565' title='bbox 2273 4495 2410 4548; x_wconf 88' lang='lat' dir='ltr'><strong>opus</strong></span> <span class='ocrx_word' id='word_1_566' title='bbox 2450 4493 2560 4532; x_wconf 90' lang='lat' dir='ltr'><strong>non</strong></span> <span class='ocrx_word' id='word_1_567' title='bbox 2635 4469 2841 4531; x_wconf 48' lang='lat' dir='ltr'><strong>hahetf</strong></span> <span class='ocrx_word' id='word_1_568' title='bbox 2877 4475 2944 4530; x_wconf 88' lang='lat' dir='ltr'><strong>Et</strong></span> <span class='ocrx_word' id='word_1_569' title='bbox 2996 4469 3249 4538; x_wconf 18' lang='lat' dir='ltr'><strong>licet,’si</strong></span> <span class='ocrx_word' id='word_1_570' title='bbox 3319 4469 3580 4548; x_wconf 70' lang='lat' dir='ltr'><strong>martyrio</strong></span> <span class='ocrx_word' id='word_1_571' title='bbox 3653 4521 3671 4532; x_wconf 32' lang='grc' dir='ltr'><strong>χ</strong></span> 
     </span>
    </p>
   </div>
   <div class='ocr_carea' id='block_1_86' title="bbox 1992 4540 3580 4613">
    <p class='ocr_par' dir='ltr' id='par_1_86' title="bbox 1992 4540 3580 4613">
     <span class='ocr_line' id='line_1_86' title="bbox 1992 4540 3580 4613; baseline -0.007 -9"><span class='ocrx_word' id='word_1_572' title='bbox 1992 4559 2163 4604; x_wconf 88' lang='lat' dir='ltr'><strong>mater</strong></span> <span class='ocrx_word' id='word_1_573' title='bbox 2209 4540 2512 4613; x_wconf 39' lang='lat' dir='ltr'><strong>&#39;alli&#39;ciatur,</strong></span> <span class='ocrx_word' id='word_1_574' title='bbox 2560 4557 2852 4603; x_wconf 82' lang='lat' dir='ltr'><strong>coronetur</strong></span> <span class='ocrx_word' id='word_1_575' title='bbox 2899 4548 3060 4599; x_wconf 85' lang='lat' dir='ltr'><strong>etiam</strong></span> <span class='ocrx_word' id='word_1_576' title='bbox 3115 4541 3377 4612; x_wconf 82' lang='lat' dir='ltr'><strong>martyrio</strong></span> <span class='ocrx_word' id='word_1_577' title='bbox 3439 4540 3580 4613; x_wconf 85' lang='lat' dir='ltr'><strong>l‘etns</strong></span> 
     </span>
    </p>
   </div>
   <div class='ocr_carea' id='block_1_87' title="bbox 311 4608 3580 4691">
    <p class='ocr_par' dir='ltr' id='par_1_87' title="bbox 311 4608 3580 4691">
     <span class='ocr_line' id='line_1_87' title="bbox 311 4608 3580 4691; baseline -0 -26"><span class='ocrx_word' id='word_1_578' title='bbox 311 4623 422 4675; x_wconf 84' lang='lat' dir='ltr'><strong>tur,</strong></span> <span class='ocrx_word' id='word_1_579' title='bbox 457 4608 610 4691; x_wconf 78' lang='lat' dir='ltr'><strong>abeo</strong></span> <span class='ocrx_word' id='word_1_580' title='bbox 640 4617 838 4684; x_wconf 88' lang='lat' dir='ltr'><strong>quippe</strong></span> <span class='ocrx_word' id='word_1_581' title='bbox 875 4616 1143 4691; x_wconf 77' lang='lat' dir='ltr'><strong>duntaxat</strong></span> <span class='ocrx_word' id='word_1_582' title='bbox 1166 4608 1476 4691; x_wconf 80' lang='lat' dir='ltr'><strong>quindecim</strong></span> <span class='ocrx_word' id='word_1_583' title='bbox 1501 4620 1883 4691; x_wconf 60' lang='lat' dir='ltr'><strong>gradil»us,_ex</strong></span> <span class='ocrx_word' id='word_1_584' title='bbox 1921 4608 1960 4660; x_wconf 70' lang='grc' dir='ltr'><strong>θ</strong></span> <span class='ocrx_word' id='word_1_585' title='bbox 1995 4622 2102 4685; x_wconf 90' lang='lat' dir='ltr'><strong>ille,</strong></span> <span class='ocrx_word' id='word_1_586' title='bbox 2138 4636 2297 4691; x_wconf 90' lang='lat' dir='ltr'><strong>quem</strong></span> <span class='ocrx_word' id='word_1_587' title='bbox 2349 4608 3404 4691; x_wconf 49' lang='lat' dir='ltr'><strong>supponimus__cs_se_animatum,:est,</strong></span> <span class='ocrx_word' id='word_1_588' title='bbox 3452 4612 3580 4691; x_wconf 75' lang='lat' dir='ltr'><strong>quia</strong></span> 
     </span>
    </p>
   </div>
   <div class='ocr_carea' id='block_1_88' title="bbox 310 4684 1889 4756">
    <p class='ocr_par' dir='ltr' id='par_1_88' title="bbox 310 4684 1889 4756">
     <span class='ocr_line' id='line_1_88' title="bbox 310 4684 1889 4756; baseline 0.003 -19"><span class='ocrx_word' id='word_1_589' title='bbox 310 4684 621 4756; x_wconf 71' lang='lat' dir='ltr'><strong>astrologis,</strong></span> <span class='ocrx_word' id='word_1_590' title='bbox 679 4701 894 4753; x_wconf 89' lang='lat' dir='ltr'><strong>semper</strong></span> <span class='ocrx_word' id='word_1_591' title='bbox 945 4685 1146 4751; x_wconf 84' lang='lat' dir='ltr'><strong>distat;</strong></span> <span class='ocrx_word' id='word_1_592' title='bbox 1202 4688 1282 4741; x_wconf 80' lang='lat' dir='ltr'><strong>sic</strong></span> <span class='ocrx_word' id='word_1_593' title='bbox 1332 4684 1719 4756; x_wconf 53' lang='lat' dir='ltr'><strong>neque&#39;anima</strong></span> <span class='ocrx_word' id='word_1_594' title='bbox 1768 4687 1889 4742; x_wconf 85' lang='lat' dir='ltr'><strong>Vir-</strong></span> 
     </span>
    </p>
   </div>
   <div class='ocr_carea' id='block_1_89' title="bbox 310 4754 1883 4827">
    <p class='ocr_par' dir='ltr' id='par_1_89' title="bbox 310 4754 1883 4827">
     <span class='ocr_line' id='line_1_89' title="bbox 310 4754 1883 4827; baseline 0.004 -21"><span class='ocrx_word' id='word_1_595' title='bbox 310 4755 474 4827; x_wconf 85' lang='lat' dir='ltr'><strong>ginis,</strong></span> <span class='ocrx_word' id='word_1_596' title='bbox 507 4754 614 4827; x_wconf 84' lang='lat' dir='ltr'><strong>Deo</strong></span> <span class='ocrx_word' id='word_1_597' title='bbox 639 4764 919 4824; x_wconf 81' lang='lat' dir='ltr'><strong>tantopere</strong></span> <span class='ocrx_word' id='word_1_598' title='bbox 947 4757 1212 4823; x_wconf 84' lang='lat' dir='ltr'><strong>proxima,</strong></span> <span class='ocrx_word' id='word_1_599' title='bbox 1249 4754 1432 4810; x_wconf 78' lang='lat' dir='ltr'><strong>ullius</strong></span> <span class='ocrx_word' id='word_1_600' title='bbox 1454 4762 1685 4827; x_wconf 87' lang='lat' dir='ltr'><strong>peccati,</strong></span> <span class='ocrx_word' id='word_1_601' title='bbox 1717 4761 1883 4815; x_wconf 92' lang='lat' dir='ltr'><strong>etiam</strong></span> 
     </span>
    </p>
   </div>
   <div class='ocr_carea' id='block_1_90' title="bbox 310 4825 1887 4898">
    <p class='ocr_par' dir='ltr' id='par_1_90' title="bbox 310 4825 1887 4898">
     <span class='ocr_line' id='line_1_90' title="bbox 310 4825 1887 4898; baseline 0.004 -21"><span class='ocrx_word' id='word_1_602' title='bbox 310 4825 596 4894; x_wconf 81' lang='lat' dir='ltr'><strong>originalis</strong></span> <span class='ocrx_word' id='word_1_603' title='bbox 643 4827 881 4881; x_wconf 86' lang='lat' dir='ltr'><strong>tenebris</strong></span> <span class='ocrx_word' id='word_1_604' title='bbox 917 4841 1159 4898; x_wconf 87' lang='lat' dir='ltr'><strong>unquam</strong></span> <span class='ocrx_word' id='word_1_605' title='bbox 1197 4837 1280 4882; x_wconf 87' lang='lat' dir='ltr'><strong>est</strong></span> <span class='ocrx_word' id='word_1_606' title='bbox 1317 4825 1732 4894; x_wconf 80' lang='lat' dir='ltr'><strong>comprehensa.</strong></span> <span class='ocrx_word' id='word_1_607' title='bbox 1775 4830 1887 4885; x_wconf 86' lang='lat' dir='ltr'><strong>Nec</strong></span> 
     </span>
    </p>
   </div>
   <div class='ocr_carea' id='block_1_91' title="bbox 308 4898 1890 4968">
    <p class='ocr_par' dir='ltr' id='par_1_91' title="bbox 308 4898 1890 4968">
     <span class='ocr_line' id='line_1_91' title="bbox 308 4898 1890 4968; baseline 0.003 -19"><span class='ocrx_word' id='word_1_608' title='bbox 308 4898 664 4968; x_wconf 66' lang='lat' dir='ltr'><strong>respondeas,</strong></span> <span class='ocrx_word' id='word_1_609' title='bbox 699 4912 795 4965; x_wconf 89' lang='lat' dir='ltr'><strong>per</strong></span> <span class='ocrx_word' id='word_1_610' title='bbox 841 4907 1018 4951; x_wconf 91' lang='lat' dir='ltr'><strong>ortum</strong></span> <span class='ocrx_word' id='word_1_611' title='bbox 1054 4899 1283 4953; x_wconf 76' lang='lat' dir='ltr'><strong>Aurora:</strong></span> <span class='ocrx_word' id='word_1_612' title='bbox 1331 4899 1735 4968; x_wconf 71' lang='lat' dir='ltr'><strong>intelligentiam</strong></span> <span class='ocrx_word' id='word_1_613' title='bbox 1767 4916 1890 4956; x_wconf 89' lang='lat' dir='ltr'><strong>esse</strong></span> 
     </span>
    </p>
   </div>
   <div class='ocr_carea' id='block_1_92' title="bbox 316 4964 1884 5039">
    <p class='ocr_par' dir='ltr' id='par_1_92' title="bbox 316 4964 1884 5039">
     <span class='ocr_line' id='line_1_92' title="bbox 316 4964 1884 5039; baseline 0.006 -22"><span class='ocrx_word' id='word_1_614' title='bbox 316 4964 556 5039; x_wconf 81' lang='lat' dir='ltr'><strong>Virginis</strong></span> <span class='ocrx_word' id='word_1_615' title='bbox 586 4964 948 5029; x_wconf 68' lang='lat' dir='ltr'><strong>natiritatem,</strong></span> <span class='ocrx_word' id='word_1_616' title='bbox 971 4984 1093 5036; x_wconf 70' lang='lat' dir='ltr'><strong>quae</strong></span> <span class='ocrx_word' id='word_1_617' title='bbox 1125 4969 1341 5039; x_wconf 83' lang='lat' dir='ltr'><strong>preprie</strong></span> <span class='ocrx_word' id='word_1_618' title='bbox 1378 4964 1679 5039; x_wconf 81' lang='lat' dir='ltr'><strong>appellatur</strong></span> <span class='ocrx_word' id='word_1_619' title='bbox 1710 4981 1884 5035; x_wconf 89' lang='lat' dir='ltr'><strong>ortus,</strong></span> 
     </span>
    </p>
   </div>
   <div class='ocr_carea' id='block_1_93' title="bbox 308 5038 1886 5110">
    <p class='ocr_par' dir='ltr' id='par_1_93' title="bbox 308 5038 1886 5110">
     <span class='ocr_line' id='line_1_93' title="bbox 308 5038 1886 5110; baseline 0.001 -20"><span class='ocrx_word' id='word_1_620' title='bbox 308 5038 578 5104; x_wconf 84' lang='lat' dir='ltr'><strong>siquidem</strong></span> <span class='ocrx_word' id='word_1_621' title='bbox 605 5040 892 5108; x_wconf 79' lang='lat' dir='ltr'><strong>conceptio</strong></span> <span class='ocrx_word' id='word_1_622' title='bbox 917 5055 1024 5110; x_wconf 86' lang='lat' dir='ltr'><strong>non</strong></span> <span class='ocrx_word' id='word_1_623' title='bbox 1065 5040 1267 5104; x_wconf 89' lang='lat' dir='ltr'><strong>minus,</strong></span> <span class='ocrx_word' id='word_1_624' title='bbox 1300 5038 1409 5092; x_wconf 86' lang='lat' dir='ltr'><strong>imo</strong></span> <span class='ocrx_word' id='word_1_625' title='bbox 1449 5038 1625 5110; x_wconf 84' lang='lat' dir='ltr'><strong>magis</strong></span> <span class='ocrx_word' id='word_1_626' title='bbox 1651 5042 1754 5095; x_wconf 89' lang='lat' dir='ltr'><strong>dici</strong></span> <span class='ocrx_word' id='word_1_627' title='bbox 1789 5058 1886 5108; x_wconf 83' lang='lat' dir='ltr'><strong>pn-</strong></span> 
     </span>
    </p>
   </div>
   <div class='ocr_carea' id='block_1_94' title="bbox 311 5109 1886 5181">
    <p class='ocr_par' dir='ltr' id='par_1_94' title="bbox 311 5109 1886 5181">
     <span class='ocr_line' id='line_1_94' title="bbox 311 5109 1886 5181; baseline 0.003 -21"><span class='ocrx_word' id='word_1_628' title='bbox 311 5115 422 5181; x_wconf 79' lang='lat' dir='ltr'><strong>test</strong></span> <span class='ocrx_word' id='word_1_629' title='bbox 441 5117 615 5181; x_wconf 86' lang='lat' dir='ltr'><strong>ortus,</strong></span> <span class='ocrx_word' id='word_1_630' title='bbox 643 5124 808 5179; x_wconf 91' lang='lat' dir='ltr'><strong>quam</strong></span> <span class='ocrx_word' id='word_1_631' title='bbox 843 5109 1123 5174; x_wconf 88' lang='lat' dir='ltr'><strong>nativitas,</strong></span> <span class='ocrx_word' id='word_1_632' title='bbox 1157 5126 1280 5165; x_wconf 90' lang='lat' dir='ltr'><strong>cum</strong></span> <span class='ocrx_word' id='word_1_633' title='bbox 1313 5111 1427 5178; x_wconf 92' lang='lat' dir='ltr'><strong>ipsa</strong></span> <span class='ocrx_word' id='word_1_634' title='bbox 1465 5111 1535 5165; x_wconf 91' lang='lat' dir='ltr'><strong>sit</strong></span> <span class='ocrx_word' id='word_1_635' title='bbox 1563 5113 1886 5181; x_wconf 88' lang='lat' dir='ltr'><strong>principium</strong></span> 
     </span>
    </p>
   </div>
   <div class='ocr_carea' id='block_1_95' title="bbox 307 5177 1888 5249">
    <p class='ocr_par' dir='ltr' id='par_1_95' title="bbox 307 5177 1888 5249">
     <span class='ocr_line' id='line_1_95' title="bbox 307 5177 1888 5249; baseline 0.003 -18"><span class='ocrx_word' id='word_1_636' title='bbox 307 5177 673 5239; x_wconf 55' lang='lat' dir='ltr'><strong>exsistentizn.&#39;</strong></span> <span class='ocrx_word' id='word_1_637' title='bbox 689 5195 795 5248; x_wconf 92' lang='lat' dir='ltr'><strong>qua</strong></span> <span class='ocrx_word' id='word_1_638' title='bbox 819 5194 904 5234; x_wconf 88' lang='lat' dir='ltr'><strong>res</strong></span> <span class='ocrx_word' id='word_1_639' title='bbox 925 5181 1127 5234; x_wconf 87' lang='lat' dir='ltr'><strong>dicitur</strong></span> <span class='ocrx_word' id='word_1_640' title='bbox 1158 5195 1222 5233; x_wconf 84' lang='lat' dir='ltr'><strong>ex</strong></span> <span class='ocrx_word' id='word_1_641' title='bbox 1248 5177 1488 5249; x_wconf 83' lang='lat' dir='ltr'><strong>potentia</strong></span> <span class='ocrx_word' id='word_1_642' title='bbox 1510 5177 1888 5236; x_wconf 35' lang='lat' dir='ltr'><strong>suarum—cau-</strong></span> 
     </span>
    </p>
   </div>
   <div class='ocr_carea' id='block_1_96' title="bbox 307 5249 1889 5320">
    <p class='ocr_par' dir='ltr' id='par_1_96' title="bbox 307 5249 1889 5320">
     <span class='ocr_line' id='line_1_96' title="bbox 307 5249 1889 5320; baseline 0.003 -18"><span class='ocrx_word' id='word_1_643' title='bbox 307 5249 754 5320; x_wconf 79' lang='lat' dir='ltr'><strong>sarum_extrahi.</strong></span> <span class='ocrx_word' id='word_1_644' title='bbox 786 5251 941 5306; x_wconf 90' lang='lat' dir='ltr'><strong>Unde</strong></span> <span class='ocrx_word' id='word_1_645' title='bbox 968 5250 1124 5305; x_wconf 81' lang='lat' dir='ltr'><strong>Lucae</strong></span> <span class='ocrx_word' id='word_1_646' title='bbox 1153 5267 1190 5315; x_wconf 85' lang='grc' dir='ltr'><strong>ι,</strong></span> <span class='ocrx_word' id='word_1_647' title='bbox 1218 5251 1285 5304; x_wconf 91' lang='lat' dir='ltr'><strong>de</strong></span> <span class='ocrx_word' id='word_1_648' title='bbox 1305 5250 1542 5315; x_wconf 82' lang='lat' dir='ltr'><strong>Christo,</strong></span> <span class='ocrx_word' id='word_1_649' title='bbox 1579 5253 1672 5320; x_wconf 88' lang='lat' dir='ltr'><strong>qui</strong></span> <span class='ocrx_word' id='word_1_650' title='bbox 1707 5253 1889 5306; x_wconf 91' lang='lat' dir='ltr'><strong>adhuc</strong></span> 
     </span>
    </p>
   </div>
   <div class='ocr_carea' id='block_1_97' title="bbox 309 5317 1888 5387">
    <p class='ocr_par' dir='ltr' id='par_1_97' title="bbox 309 5317 1888 5387">
     <span class='ocr_line' id='line_1_97' title="bbox 309 5317 1888 5387; baseline 0.005 -19"><span class='ocrx_word' id='word_1_651' title='bbox 309 5329 467 5373; x_wconf 85' lang='lat' dir='ltr'><strong>utero</strong></span> <span class='ocrx_word' id='word_1_652' title='bbox 489 5317 677 5374; x_wconf 83' lang='lat' dir='ltr'><strong>Matris</strong></span> <span class='ocrx_word' id='word_1_653' title='bbox 711 5337 821 5376; x_wconf 68' lang='lat' dir='ltr'><strong>sua:</strong></span> <span class='ocrx_word' id='word_1_654' title='bbox 840 5321 1187 5376; x_wconf 86' lang='lat' dir='ltr'><strong>detinebatur</strong></span> <span class='ocrx_word' id='word_1_655' title='bbox 1217 5321 1477 5375; x_wconf 84' lang='lat' dir='ltr'><strong>scribitur</strong></span> <span class='ocrx_word' id='word_1_656' title='bbox 1514 5341 1527 5376; x_wconf 87' lang='lat'><strong>:</strong></span> <span class='ocrx_word' id='word_1_657' title='bbox 1553 5317 1704 5387; x_wconf 65' lang='lat' dir='ltr'><strong>Quod</strong></span> <span class='ocrx_word' id='word_1_658' title='bbox 1745 5325 1799 5377; x_wconf 77' lang='lat' dir='ltr'><strong>in</strong></span> <span class='ocrx_word' id='word_1_659' title='bbox 1826 5341 1888 5376; x_wconf 81' lang='lat' dir='ltr'><strong>ea</strong></span> 
     </span>
    </p>
   </div>
   <div class='ocr_carea' id='block_1_98' title="bbox 308 5390 1886 5461">
    <p class='ocr_par' dir='ltr' id='par_1_98' title="bbox 308 5390 1886 5461">
     <span class='ocr_line' id='line_1_98' title="bbox 308 5390 1886 5461; baseline 0.003 -21"><span class='ocrx_word' id='word_1_660' title='bbox 308 5399 492 5442; x_wconf 81' lang='lat' dir='ltr'><strong>natum</strong></span> <span class='ocrx_word' id='word_1_661' title='bbox 533 5400 634 5456; x_wconf 74' lang='lat' dir='ltr'><strong>est,</strong></span> <span class='ocrx_word' id='word_1_662' title='bbox 670 5390 733 5445; x_wconf 73' lang='lat' dir='ltr'><strong>de</strong></span> <span class='ocrx_word' id='word_1_663' title='bbox 782 5393 993 5461; x_wconf 81' lang='lat' dir='ltr'><strong>Spiritu</strong></span> <span class='ocrx_word' id='word_1_664' title='bbox 1043 5401 1227 5446; x_wconf 79' lang='lat' dir='ltr'><strong>sancto</strong></span> <span class='ocrx_word' id='word_1_665' title='bbox 1258 5401 1356 5448; x_wconf 74' lang='lat' dir='ltr'><strong>est.</strong></span> <span class='ocrx_word' id='word_1_666' title='bbox 1384 5391 1496 5447; x_wconf 79' lang='lat' dir='ltr'><strong>Nec</strong></span> <span class='ocrx_word' id='word_1_667' title='bbox 1536 5395 1684 5450; x_wconf 82' lang='lat' dir='ltr'><strong>dicas</strong></span> <span class='ocrx_word' id='word_1_668' title='bbox 1717 5393 1886 5448; x_wconf 85' lang='lat' dir='ltr'><strong>fetum</strong></span> 
     </span>
    </p>
   </div>
   <div class='ocr_carea' id='block_1_99' title="bbox 307 5463 1886 5531">
    <p class='ocr_par' dir='ltr' id='par_1_99' title="bbox 307 5463 1886 5531">
     <span class='ocr_line' id='line_1_99' title="bbox 307 5463 1886 5531; baseline 0.004 -21"><span class='ocrx_word' id='word_1_669' title='bbox 307 5470 654 5527; x_wconf 85' lang='lat' dir='ltr'><strong>conceptum,</strong></span> <span class='ocrx_word' id='word_1_670' title='bbox 687 5471 743 5517; x_wconf 86' lang='lat' dir='ltr'><strong>et</strong></span> <span class='ocrx_word' id='word_1_671' title='bbox 781 5463 1060 5518; x_wconf 88' lang='lat' dir='ltr'><strong>detentum</strong></span> <span class='ocrx_word' id='word_1_672' title='bbox 1103 5463 1283 5517; x_wconf 90' lang='lat' dir='ltr'><strong>adhuc</strong></span> <span class='ocrx_word' id='word_1_673' title='bbox 1327 5463 1378 5516; x_wconf 89' lang='lat' dir='ltr'><strong>in</strong></span> <span class='ocrx_word' id='word_1_674' title='bbox 1423 5472 1600 5531; x_wconf 89' lang='lat' dir='ltr'><strong>utero,</strong></span> <span class='ocrx_word' id='word_1_675' title='bbox 1646 5465 1886 5518; x_wconf 89' lang='lat' dir='ltr'><strong>nondum</strong></span> 
     </span>
    </p>
   </div>
   <div class='ocr_carea' id='block_1_100' title="bbox 307 5533 1890 5605">
    <p class='ocr_par' dir='ltr' id='par_1_100' title="bbox 307 5533 1890 5605">
     <span class='ocr_line' id='line_1_100' title="bbox 307 5533 1890 5605; baseline 0.003 -23"><span class='ocrx_word' id='word_1_676' title='bbox 307 5544 432 5584; x_wconf 90' lang='lat' dir='ltr'><strong>esse</strong></span> <span class='ocrx_word' id='word_1_677' title='bbox 464 5545 612 5586; x_wconf 81' lang='lat' dir='ltr'><strong>extra</strong></span> <span class='ocrx_word' id='word_1_678' title='bbox 647 5535 787 5590; x_wconf 90' lang='lat' dir='ltr'><strong>hanc</strong></span> <span class='ocrx_word' id='word_1_679' title='bbox 814 5548 1061 5599; x_wconf 90' lang='lat' dir='ltr'><strong>causam,</strong></span> <span class='ocrx_word' id='word_1_680' title='bbox 1088 5549 1280 5603; x_wconf 90' lang='lat' dir='ltr'><strong>nempe</strong></span> <span class='ocrx_word' id='word_1_681' title='bbox 1308 5533 1557 5600; x_wconf 83' lang='lat' dir='ltr'><strong>Matrem,</strong></span> <span class='ocrx_word' id='word_1_682' title='bbox 1581 5550 1742 5605; x_wconf 81' lang='lat' dir='ltr'><strong>quant</strong></span> <span class='ocrx_word' id='word_1_683' title='bbox 1773 5551 1890 5590; x_wconf 91' lang='lat' dir='ltr'><strong>cer-</strong></span> 
     </span>
    </p>
   </div>
   <div class='ocr_carea' id='block_1_101' title="bbox 305 5605 1883 5676">
    <p class='ocr_par' dir='ltr' id='par_1_101' title="bbox 305 5605 1883 5676">
     <span class='ocr_line' id='line_1_101' title="bbox 305 5605 1883 5676; baseline 0.005 -26"><span class='ocrx_word' id='word_1_684' title='bbox 305 5608 428 5676; x_wconf 68' lang='lat' dir='ltr'><strong>tum</strong></span> <span class='ocrx_word' id='word_1_685' title='bbox 464 5614 592 5676; x_wconf 65' lang='grc' dir='ltr'><strong>Δεει,</strong></span> <span class='ocrx_word' id='word_1_686' title='bbox 627 5619 748 5660; x_wconf 87' lang='lat' dir='ltr'><strong>esse</strong></span> <span class='ocrx_word' id='word_1_687' title='bbox 788 5620 1012 5660; x_wconf 86' lang='lat' dir='ltr'><strong>causam</strong></span> <span class='ocrx_word' id='word_1_688' title='bbox 1048 5621 1150 5676; x_wconf 82' lang='lat' dir='ltr'><strong>per</strong></span> <span class='ocrx_word' id='word_1_689' title='bbox 1196 5620 1253 5659; x_wconf 90' lang='lat' dir='ltr'><strong>se</strong></span> <span class='ocrx_word' id='word_1_690' title='bbox 1285 5622 1298 5658; x_wconf 74' lang='grc' dir='ltr'><strong>ε</strong></span> <span class='ocrx_word' id='word_1_691' title='bbox 1341 5611 1396 5658; x_wconf 92' lang='lat' dir='ltr'><strong>et</strong></span> <span class='ocrx_word' id='word_1_692' title='bbox 1441 5605 1572 5660; x_wconf 89' lang='lat' dir='ltr'><strong>hinc</strong></span> <span class='ocrx_word' id='word_1_693' title='bbox 1600 5615 1706 5676; x_wconf 81' lang='lat' dir='ltr'><strong>est,</strong></span> <span class='ocrx_word' id='word_1_694' title='bbox 1737 5608 1883 5676; x_wconf 77' lang='lat' dir='ltr'><strong>quod</strong></span> 
     </span>
    </p>
   </div>
   <div class='ocr_carea' id='block_1_102' title="bbox 311 5670 1890 5747">
    <p class='ocr_par' dir='ltr' id='par_1_102' title="bbox 311 5670 1890 5747">
     <span class='ocr_line' id='line_1_102' title="bbox 311 5670 1890 5747; baseline 0.004 -25"><span class='ocrx_word' id='word_1_695' title='bbox 311 5670 426 5738; x_wconf 89' lang='lat' dir='ltr'><strong>ipse</strong></span> <span class='ocrx_word' id='word_1_696' title='bbox 459 5670 599 5726; x_wconf 82' lang='lat' dir='ltr'><strong>fetus</strong></span> <span class='ocrx_word' id='word_1_697' title='bbox 631 5690 736 5730; x_wconf 92' lang='lat' dir='ltr'><strong>non</strong></span> <span class='ocrx_word' id='word_1_698' title='bbox 771 5676 968 5730; x_wconf 88' lang='lat' dir='ltr'><strong>habeat</strong></span> <span class='ocrx_word' id='word_1_699' title='bbox 1001 5670 1251 5747; x_wconf 81' lang='lat' dir='ltr'><strong>angelum</strong></span> <span class='ocrx_word' id='word_1_700' title='bbox 1280 5676 1586 5747; x_wconf 85' lang='lat' dir='ltr'><strong>custodem,</strong></span> <span class='ocrx_word' id='word_1_701' title='bbox 1619 5670 1796 5731; x_wconf 73' lang='lat' dir='ltr'><strong>donec</strong></span> <span class='ocrx_word' id='word_1_702' title='bbox 1817 5674 1890 5731; x_wconf 89' lang='lat' dir='ltr'><strong>sit</strong></span> 
     </span>
    </p>
   </div>
   <div class='ocr_carea' id='block_1_103' title="bbox 306 5745 1886 5818">
    <p class='ocr_par' dir='ltr' id='par_1_103' title="bbox 306 5745 1886 5818">
     <span class='ocr_line' id='line_1_103' title="bbox 306 5745 1886 5818; baseline 0.004 -25"><span class='ocrx_word' id='word_1_703' title='bbox 306 5756 578 5818; x_wconf 66' lang='lat' dir='ltr'><strong>egressus</strong></span> <span class='ocrx_word' id='word_1_704' title='bbox 605 5759 667 5797; x_wconf 79' lang='lat' dir='ltr'><strong>ex</strong></span> <span class='ocrx_word' id='word_1_705' title='bbox 719 5759 873 5802; x_wconf 88' lang='lat' dir='ltr'><strong>utero</strong></span> <span class='ocrx_word' id='word_1_706' title='bbox 918 5747 1038 5817; x_wconf 90' lang='lat' dir='ltr'><strong>ipso</strong></span> <span class='ocrx_word' id='word_1_707' title='bbox 1071 5745 1095 5800; x_wconf 67' lang='grc' dir='ltr'><em>ξ</em></span> <span class='ocrx_word' id='word_1_708' title='bbox 1123 5746 1363 5818; x_wconf 86' lang='lat' dir='ltr'><strong>itemque</strong></span> <span class='ocrx_word' id='word_1_709' title='bbox 1393 5747 1439 5800; x_wconf 92' lang='lat' dir='ltr'><strong>si</strong></span> <span class='ocrx_word' id='word_1_710' title='bbox 1473 5745 1642 5818; x_wconf 81' lang='lat' dir='ltr'><strong>Mater</strong></span> <span class='ocrx_word' id='word_1_711' title='bbox 1675 5757 1886 5818; x_wconf 85' lang='lat' dir='ltr'><strong>marty-</strong></span> 
     </span>
    </p>
   </div>
   <div class='ocr_carea' id='block_1_104' title="bbox 315 5812 1889 5889">
    <p class='ocr_par' dir='ltr' id='par_1_104' title="bbox 315 5812 1889 5889">
     <span class='ocr_line' id='line_1_104' title="bbox 315 5812 1889 5889; baseline 0.006 -27"><span class='ocrx_word' id='word_1_712' title='bbox 315 5812 713 5889; x_wconf 77' lang='lat' dir='ltr'><strong>tium__subeat_.</strong></span> <span class='ocrx_word' id='word_1_713' title='bbox 744 5812 953 5889; x_wconf 79' lang='lat' dir='ltr'><strong>corona</strong></span> <span class='ocrx_word' id='word_1_714' title='bbox 996 5812 1368 5889; x_wconf 27' lang='lat' dir='ltr'><strong>martyriipita</strong></span> <span class='ocrx_word' id='word_1_715' title='bbox 1400 5827 1458 5871; x_wconf 94' lang='lat' dir='ltr'><strong>ut</strong></span> <span class='ocrx_word' id='word_1_716' title='bbox 1489 5817 1680 5883; x_wconf 84' lang='lat' dir='ltr'><strong>Mater,</strong></span> <span class='ocrx_word' id='word_1_717' title='bbox 1716 5812 1889 5873; x_wconf 72' lang='lat' dir='ltr'><strong>done-</strong></span> 
     </span>
    </p>
   </div>
   <div class='ocr_carea' id='block_1_105' title="bbox 317 5882 1888 5962">
    <p class='ocr_par' dir='ltr' id='par_1_105' title="bbox 317 5882 1888 5962">
     <span class='ocr_line' id='line_1_105' title="bbox 317 5882 1888 5962; baseline 0.007 -29"><span class='ocrx_word' id='word_1_718' title='bbox 317 5888 425 5935; x_wconf 90' lang='lat' dir='ltr'><strong>tur.</strong></span> <span class='ocrx_word' id='word_1_719' title='bbox 456 5882 775 5956; x_wconf 82' lang='lat' dir='ltr'><strong>llcspondeo</strong></span> <span class='ocrx_word' id='word_1_720' title='bbox 815 5888 960 5944; x_wconf 92' lang='lat' dir='ltr'><strong>enim</strong></span> <span class='ocrx_word' id='word_1_721' title='bbox 992 5882 1165 5946; x_wconf 78' lang='lat' dir='ltr'><strong>fetum</strong></span> <span class='ocrx_word' id='word_1_722' title='bbox 1200 5888 1398 5946; x_wconf 87' lang='lat' dir='ltr'><strong>habere</strong></span> <span class='ocrx_word' id='word_1_723' title='bbox 1431 5882 1707 5962; x_wconf 84' lang='lat' dir='ltr'><strong>propriam</strong></span> <span class='ocrx_word' id='word_1_724' title='bbox 1740 5889 1888 5946; x_wconf 66' lang='lat' dir='ltr'><strong>enisi-</strong></span> 
     </span>
    </p>
   </div>
   <div class='ocr_carea' id='block_1_106' title="bbox 1994 4681 3578 4765">
    <p class='ocr_par' dir='ltr' id='par_1_106' title="bbox 1994 4681 3578 4765">
     <span class='ocr_line' id='line_1_106' title="bbox 1994 4681 3578 4765; baseline 0.005 -32"><span class='ocrx_word' id='word_1_725' title='bbox 1994 4681 2174 4765; x_wconf 61' lang='grc' dir='ltr'><strong>γφῑρεἀ</strong></span> <span class='ocrx_word' id='word_1_726' title='bbox 2208 4681 2434 4765; x_wconf 67' lang='lat' dir='ltr'><strong>propter</strong></span> <span class='ocrx_word' id='word_1_727' title='bbox 2457 4681 2674 4765; x_wconf 41' lang='lat' dir='ltr'><strong>‘odiunr</strong></span> <span class='ocrx_word' id='word_1_728' title='bbox 2709 4688 2940 4765; x_wconf 61' lang='lat' dir='ltr'><strong>Christi,</strong></span> <span class='ocrx_word' id='word_1_729' title='bbox 2984 4685 3412 4765; x_wconf 42' lang='lat' dir='ltr'><strong>et_Christianae.</strong></span> <span class='ocrx_word' id='word_1_730' title='bbox 3449 4681 3578 4765; x_wconf 57' lang='lat' dir='ltr'><strong>reli-</strong></span> 
     </span>
    </p>
   </div>
   <div class='ocr_carea' id='block_1_107' title="bbox 1994 4750 3574 4833">
    <p class='ocr_par' dir='ltr' id='par_1_107' title="bbox 1994 4750 3574 4833">
     <span class='ocr_line' id='line_1_107' title="bbox 1994 4750 3574 4833; baseline -0.007 -18"><span class='ocrx_word' id='word_1_731' title='bbox 1994 4750 2170 4833; x_wconf 54' lang='lat' dir='ltr'><strong>gio&#39;nis</strong></span> <span class='ocrx_word' id='word_1_732' title='bbox 2183 4750 2452 4818; x_wconf 70' lang='lat' dir='ltr'><strong>occiditur</strong></span> <span class='ocrx_word' id='word_1_733' title='bbox 2475 4762 2540 4833; x_wconf 83' lang='lat' dir='ltr'><strong>ad</strong></span> <span class='ocrx_word' id='word_1_734' title='bbox 2560 4761 2891 4816; x_wconf 89' lang='lat' dir='ltr'><strong>occisionem</strong></span> <span class='ocrx_word' id='word_1_735' title='bbox 2911 4750 3098 4814; x_wconf 84' lang='lat' dir='ltr'><strong>matris</strong></span> <span class='ocrx_word' id='word_1_736' title='bbox 3119 4750 3574 4833; x_wconf 78' lang='lat' dir='ltr'><strong>przegnantis._Ex</strong></span> 
     </span>
    </p>
   </div>
   <div class='ocr_carea' id='block_1_108' title="bbox 1994 4825 3579 4903">
    <p class='ocr_par' dir='ltr' id='par_1_108' title="bbox 1994 4825 3579 4903">
     <span class='ocr_line' id='line_1_108' title="bbox 1994 4825 3579 4903; baseline -0.006 -18"><span class='ocrx_word' id='word_1_737' title='bbox 1994 4825 2104 4901; x_wconf 72' lang='lat' dir='ltr'><strong>quo</strong></span> <span class='ocrx_word' id='word_1_738' title='bbox 2136 4834 2412 4903; x_wconf 77' lang='lat' dir='ltr'><strong>colligitur</strong></span> <span class='ocrx_word' id='word_1_739' title='bbox 2469 4831 2639 4903; x_wconf 79' lang='lat' dir='ltr'><strong>fetum</strong></span> <span class='ocrx_word' id='word_1_740' title='bbox 2691 4841 3040 4898; x_wconf 78' lang='lat' dir='ltr'><strong>conceptum,</strong></span> <span class='ocrx_word' id='word_1_741' title='bbox 3075 4825 3130 4882; x_wconf 81' lang='lat' dir='ltr'><strong>et</strong></span> <span class='ocrx_word' id='word_1_742' title='bbox 3167 4827 3350 4880; x_wconf 89' lang='lat' dir='ltr'><strong>anima</strong></span> <span class='ocrx_word' id='word_1_743' title='bbox 3407 4825 3579 4878; x_wconf 83' lang='lat' dir='ltr'><strong>infor-</strong></span> 
     </span>
    </p>
   </div>
   <div class='ocr_carea' id='block_1_109' title="bbox 1993 4902 3578 4975">
    <p class='ocr_par' dir='ltr' id='par_1_109' title="bbox 1993 4902 3578 4975">
     <span class='ocr_line' id='line_1_109' title="bbox 1993 4902 3578 4975; baseline -0.006 -20"><span class='ocrx_word' id='word_1_744' title='bbox 1993 4911 2225 4970; x_wconf 88' lang='lat' dir='ltr'><strong>matum,</strong></span> <span class='ocrx_word' id='word_1_745' title='bbox 2274 4902 2480 4975; x_wconf 53' lang='lat' dir='ltr'><strong>optime</strong></span> <span class='ocrx_word' id='word_1_746' title='bbox 2532 4902 2643 4956; x_wconf 91' lang='lat' dir='ltr'><strong>dici</strong></span> <span class='ocrx_word' id='word_1_747' title='bbox 2700 4915 2859 4975; x_wconf 78' lang='lat' dir='ltr'><strong>posse</strong></span> <span class='ocrx_word' id='word_1_748' title='bbox 2885 4910 3095 4975; x_wconf 87' lang='lat' dir='ltr'><strong>n_atum,</strong></span> <span class='ocrx_word' id='word_1_749' title='bbox 3130 4905 3203 4975; x_wconf 81' lang='lat' dir='ltr'><strong>_et</strong></span> <span class='ocrx_word' id='word_1_750' title='bbox 3243 4905 3396 4975; x_wconf 62' lang='lat' dir='ltr'><strong>extra</strong></span> <span class='ocrx_word' id='word_1_751' title='bbox 3446 4910 3578 4975; x_wconf 75' lang='lat' dir='ltr'><strong>suas</strong></span> 
     </span>
    </p>
   </div>
   <div class='ocr_carea' id='block_1_110' title="bbox 1992 4966 3580 5030">
    <p class='ocr_par' dir='ltr' id='par_1_110' title="bbox 1992 4966 3580 5030">
     <span class='ocr_line' id='line_1_110' title="bbox 1992 4966 3580 5030; baseline -0.006 -4"><span class='ocrx_word' id='word_1_752' title='bbox 1992 4966 2243 5026; x_wconf 53' lang='lat' dir='ltr'><strong>causas.)</strong></span> <span class='ocrx_word' id='word_1_753' title='bbox 2279 4966 2551 5026; x_wconf 63' lang='lat' dir='ltr'><strong>ll&#39;actenus</strong></span> <span class='ocrx_word' id='word_1_754' title='bbox 2582 4966 2879 5024; x_wconf 77' lang='lat' dir='ltr'><strong>Dnvallius.</strong></span> <span class='ocrx_word' id='word_1_755' title='bbox 2910 4966 3294 5021; x_wconf 85' lang='lat' dir='ltr'><strong>Bernardinns.</strong></span> <span class='ocrx_word' id='word_1_756' title='bbox 3337 4966 3580 5030; x_wconf 84' lang='lat' dir='ltr'><strong>Denique</strong></span> 
     </span>
    </p>
   </div>
   <div class='ocr_carea' id='block_1_111' title="bbox 1992 5036 3574 5108">
    <p class='ocr_par' dir='ltr' id='par_1_111' title="bbox 1992 5036 3574 5108">
     <span class='ocr_line' id='line_1_111' title="bbox 1992 5036 3574 5108; baseline -0.009 -10"><span class='ocrx_word' id='word_1_757' title='bbox 1992 5044 2058 5098; x_wconf 90' lang='lat' dir='ltr'><strong>de</strong></span> <span class='ocrx_word' id='word_1_758' title='bbox 2086 5042 2252 5098; x_wconf 88' lang='lat' dir='ltr'><strong>Busto</strong></span> <span class='ocrx_word' id='word_1_759' title='bbox 2288 5045 2340 5096; x_wconf 93' lang='lat' dir='ltr'><strong>in</strong></span> <span class='ocrx_word' id='word_1_760' title='bbox 2369 5041 2618 5108; x_wconf 79' lang='lat' dir='ltr'><strong>Mariali,</strong></span> <span class='ocrx_word' id='word_1_761' title='bbox 2646 5056 2812 5096; x_wconf 82' lang='lat' dir='ltr'><strong>scrin.</strong></span> <span class='ocrx_word' id='word_1_762' title='bbox 2849 5040 2900 5097; x_wconf 83' lang='grc'><strong>5.</strong></span> <span class='ocrx_word' id='word_1_763' title='bbox 2942 5039 3005 5092; x_wconf 86' lang='lat' dir='ltr'><strong>de</strong></span> <span class='ocrx_word' id='word_1_764' title='bbox 3040 5036 3286 5102; x_wconf 79' lang='lat' dir='ltr'><strong>Cuncept.</strong></span> <span class='ocrx_word' id='word_1_765' title='bbox 3320 5044 3460 5108; x_wconf 70' lang='lat' dir='ltr'><strong>part.</strong></span> <span class='ocrx_word' id='word_1_766' title='bbox 3491 5049 3574 5093; x_wconf 90' lang='lat' dir='ltr'><strong>III,</strong></span> 
     </span>
    </p>
   </div>
   <div class='ocr_carea' id='block_1_112' title="bbox 1993 5105 3580 5184">
    <p class='ocr_par' dir='ltr' id='par_1_112' title="bbox 1993 5105 3580 5184">
     <span class='ocr_line' id='line_1_112' title="bbox 1993 5105 3580 5184; baseline -0.008 -17"><span class='ocrx_word' id='word_1_767' title='bbox 1993 5116 2236 5184; x_wconf 84' lang='lat' dir='ltr'><strong>probans</strong></span> <span class='ocrx_word' id='word_1_768' title='bbox 2282 5113 2339 5168; x_wconf 87' lang='grc' dir='ltr'><strong>Β.</strong></span> <span class='ocrx_word' id='word_1_769' title='bbox 2379 5105 2878 5184; x_wconf 24' lang='grc' dir='ltr'><strong>νίτςίηρίιιηῐῃίεεο</strong></span> <span class='ocrx_word' id='word_1_770' title='bbox 2920 5109 2972 5163; x_wconf 92' lang='lat' dir='ltr'><strong>in</strong></span> <span class='ocrx_word' id='word_1_771' title='bbox 3021 5122 3225 5184; x_wconf 75' lang='lat' dir='ltr'><strong>aurora</strong></span> <span class='ocrx_word' id='word_1_772' title='bbox 3264 5105 3580 5184; x_wconf 73' lang='lat' dir='ltr'><strong>praeﬁgura-</strong></span> 
     </span>
    </p>
   </div>
   <div class='ocr_carea' id='block_1_113' title="bbox 1995 5179 3578 5256">
    <p class='ocr_par' dir='ltr' id='par_1_113' title="bbox 1995 5179 3578 5256">
     <span class='ocr_line' id='line_1_113' title="bbox 1995 5179 3578 5256; baseline -0.008 -18"><span class='ocrx_word' id='word_1_773' title='bbox 1995 5179 2101 5238; x_wconf 80' lang='lat' dir='ltr'><strong>iam</strong></span> <span class='ocrx_word' id='word_1_774' title='bbox 2130 5183 2342 5239; x_wconf 86' lang='lat' dir='ltr'><strong>Cantic.</strong></span> <span class='ocrx_word' id='word_1_775' title='bbox 2382 5199 2456 5245; x_wconf 61' lang='grc' dir='ltr'><strong>τι.</strong></span> <span class='ocrx_word' id='word_1_776' title='bbox 2482 5179 2606 5256; x_wconf 67' lang='grc' dir='ltr'><strong>ἰιὒὶ</strong></span> <span class='ocrx_word' id='word_1_777' title='bbox 2654 5182 2856 5238; x_wconf 88' lang='lat' dir='ltr'><strong>dicitur</strong></span> <span class='ocrx_word' id='word_1_778' title='bbox 2888 5200 2900 5235; x_wconf 91' lang='lat'>:</span> <span class='ocrx_word' id='word_1_779' title='bbox 2950 5200 2964 5230; x_wconf 84' lang='grc' dir='ltr'><strong>ι</strong></span> <span class='ocrx_word' id='word_1_780' title='bbox 3013 5179 3143 5245; x_wconf 69' lang='lat' dir='ltr'><strong>Quae</strong></span> <span class='ocrx_word' id='word_1_781' title='bbox 3181 5187 3264 5256; x_wconf 65' lang='lat' dir='ltr'><strong>est</strong></span> <span class='ocrx_word' id='word_1_782' title='bbox 3300 5179 3578 5256; x_wconf 37' lang='lat' dir='ltr'><strong>is_ta,.qu;e</strong></span> 
     </span>
    </p>
   </div>
   <div class='ocr_carea' id='block_1_114' title="bbox 1993 5248 3577 5326">
    <p class='ocr_par' dir='ltr' id='par_1_114' title="bbox 1993 5248 3577 5326">
     <span class='ocr_line' id='line_1_114' title="bbox 1993 5248 3577 5326; baseline -0.007 -19"><span class='ocrx_word' id='word_1_783' title='bbox 1993 5255 2338 5326; x_wconf 86' lang='lat' dir='ltr'><strong>progreditur</strong></span> <span class='ocrx_word' id='word_1_784' title='bbox 2380 5255 2537 5324; x_wconf 87' lang='lat' dir='ltr'><strong>quasi</strong></span> <span class='ocrx_word' id='word_1_785' title='bbox 2591 5249 3217 5326; x_wconf 72' lang='lat' dir='ltr'><strong>auroraeonsurgens?</strong></span> <span class='ocrx_word' id='word_1_786' title='bbox 3257 5248 3386 5326; x_wconf 69' lang='lat' dir='ltr'><strong>i_ait</strong></span> <span class='ocrx_word' id='word_1_787' title='bbox 3435 5248 3577 5326; x_wconf 70' lang='lat' dir='ltr'><strong>inter</strong></span> 
     </span>
    </p>
   </div>
   <div class='ocr_carea' id='block_1_115' title="bbox 1993 5318 3578 5390">
    <p class='ocr_par' dir='ltr' id='par_1_115' title="bbox 1993 5318 3578 5390">
     <span class='ocr_line' id='line_1_115' title="bbox 1993 5318 3578 5390; baseline -0.007 -12"><span class='ocrx_word' id='word_1_788' title='bbox 1993 5318 2142 5379; x_wconf 54' lang='lat' dir='ltr'><strong>alia&#39;:</strong></span> <span class='ocrx_word' id='word_1_789' title='bbox 2172 5318 2441 5380; x_wconf 58' lang='lat' dir='ltr'><strong>Aurora&#39;a</strong></span> <span class='ocrx_word' id='word_1_790' title='bbox 2478 5326 2684 5378; x_wconf 89' lang='lat' dir='ltr'><strong>lumine</strong></span> <span class='ocrx_word' id='word_1_791' title='bbox 2715 5323 2926 5390; x_wconf 87' lang='lat' dir='ltr'><strong>incipit,</strong></span> <span class='ocrx_word' id='word_1_792' title='bbox 2948 5333 2998 5376; x_wconf 90' lang='lat' dir='ltr'><strong>ct</strong></span> <span class='ocrx_word' id='word_1_793' title='bbox 3033 5335 3252 5390; x_wconf 84' lang='lat' dir='ltr'><strong>semper</strong></span> <span class='ocrx_word' id='word_1_794' title='bbox 3286 5319 3338 5372; x_wconf 91' lang='lat' dir='ltr'><strong>in</strong></span> <span class='ocrx_word' id='word_1_795' title='bbox 3372 5318 3578 5390; x_wconf 82' lang='lat' dir='ltr'><strong>lumine</strong></span> 
     </span>
    </p>
   </div>
   <div class='ocr_carea' id='block_1_116' title="bbox 1993 5387 3576 5469">
    <p class='ocr_par' dir='ltr' id='par_1_116' title="bbox 1993 5387 3576 5469">
     <span class='ocr_line' id='line_1_116' title="bbox 1993 5387 3576 5469; baseline -0.008 -20"><span class='ocrx_word' id='word_1_796' title='bbox 1993 5399 2211 5469; x_wconf 85' lang='lat' dir='ltr'><strong>crescit,</strong></span> <span class='ocrx_word' id='word_1_797' title='bbox 2252 5411 2538 5469; x_wconf 85' lang='lat' dir='ltr'><strong>quousque</strong></span> <span class='ocrx_word' id='word_1_798' title='bbox 2587 5387 3020 5469; x_wconf 46' lang='lat' dir='ltr'><strong>soliujun—gatur,</strong></span> <span class='ocrx_word' id='word_1_799' title='bbox 3059 5399 3115 5469; x_wconf 77' lang='lat' dir='ltr'><strong>et.</strong></span> <span class='ocrx_word' id='word_1_800' title='bbox 3159 5387 3437 5469; x_wconf 81' lang='lat' dir='ltr'><strong>nunquam</strong></span> <span class='ocrx_word' id='word_1_801' title='bbox 3489 5387 3576 5438; x_wconf 92' lang='lat' dir='ltr'><strong>lu-</strong></span> 
     </span>
    </p>
   </div>
   <div class='ocr_carea' id='block_1_117' title="bbox 1994 5461 3580 5537">
    <p class='ocr_par' dir='ltr' id='par_1_117' title="bbox 1994 5461 3580 5537">
     <span class='ocr_line' id='line_1_117' title="bbox 1994 5461 3580 5537; baseline -0.008 -18"><span class='ocrx_word' id='word_1_802' title='bbox 1994 5468 2139 5522; x_wconf 91' lang='lat' dir='ltr'><strong>mine</strong></span> <span class='ocrx_word' id='word_1_803' title='bbox 2175 5461 2423 5537; x_wconf 61' lang='lat' dir='ltr'><strong>prii&#39;atur</strong></span> <span class='ocrx_word' id='word_1_804' title='bbox 2446 5461 2466 5532; x_wconf 72' lang='grc' dir='ltr'><em>ξ</em></span> <span class='ocrx_word' id='word_1_805' title='bbox 2491 5466 2569 5522; x_wconf 85' lang='lat' dir='ltr'><strong>sic</strong></span> <span class='ocrx_word' id='word_1_806' title='bbox 2598 5466 2655 5519; x_wconf 88' lang='grc' dir='ltr'><strong>Β.</strong></span> <span class='ocrx_word' id='word_1_807' title='bbox 2689 5461 2857 5534; x_wconf 78' lang='lat' dir='ltr'><strong>Virgo</strong></span> <span class='ocrx_word' id='word_1_808' title='bbox 2888 5480 2916 5517; x_wconf 90' lang='lat' dir='ltr'><strong>a</strong></span> <span class='ocrx_word' id='word_1_809' title='bbox 2967 5463 3172 5516; x_wconf 88' lang='lat' dir='ltr'><strong>lumine</strong></span> <span class='ocrx_word' id='word_1_810' title='bbox 3209 5461 3407 5512; x_wconf 78' lang='lat' dir='ltr'><strong>divina:</strong></span> <span class='ocrx_word' id='word_1_811' title='bbox 3429 5471 3580 5537; x_wconf 24' lang='lat' dir='ltr'><strong>Agra-</strong></span> 
     </span>
    </p>
   </div>
   <div class='ocr_carea' id='block_1_118' title="bbox 1996 5533 3578 5613">
    <p class='ocr_par' dir='ltr' id='par_1_118' title="bbox 1996 5533 3578 5613">
     <span class='ocr_line' id='line_1_118' title="bbox 1996 5533 3578 5613; baseline -0.006 -23"><span class='ocrx_word' id='word_1_812' title='bbox 1996 5539 2083 5613; x_wconf 68' lang='lat' dir='ltr'><strong>the</strong></span> <span class='ocrx_word' id='word_1_813' title='bbox 2116 5533 2405 5608; x_wconf 78' lang='lat' dir='ltr'><strong>incipiens,</strong></span> <span class='ocrx_word' id='word_1_814' title='bbox 2436 5539 2607 5613; x_wconf 76' lang='lat' dir='ltr'><strong>nullis</strong></span> <span class='ocrx_word' id='word_1_815' title='bbox 2653 5533 2896 5608; x_wconf 75' lang='lat' dir='ltr'><strong>Unquam</strong></span> <span class='ocrx_word' id='word_1_816' title='bbox 2921 5543 3006 5613; x_wconf 74' lang='lat' dir='ltr'><strong>est</strong></span> <span class='ocrx_word' id='word_1_817' title='bbox 3047 5539 3404 5613; x_wconf 79' lang='lat' dir='ltr'><strong>peccatorum</strong></span> <span class='ocrx_word' id='word_1_818' title='bbox 3425 5533 3578 5613; x_wconf 49' lang='lat' dir='ltr'><strong>tenef</strong></span> 
     </span>
    </p>
   </div>
   <div class='ocr_carea' id='block_1_119' title="bbox 1994 5605 3574 5676">
    <p class='ocr_par' dir='ltr' id='par_1_119' title="bbox 1994 5605 3574 5676">
     <span class='ocr_line' id='line_1_119' title="bbox 1994 5605 3574 5676; baseline -0.009 -13"><span class='ocrx_word' id='word_1_819' title='bbox 1994 5607 2110 5663; x_wconf 86' lang='lat' dir='ltr'><strong>bris</strong></span> <span class='ocrx_word' id='word_1_820' title='bbox 2162 5605 2473 5672; x_wconf 82' lang='lat' dir='ltr'><strong>obscurata.</strong></span> <span class='ocrx_word' id='word_1_821' title='bbox 2515 5608 2610 5665; x_wconf 90' lang='lat' dir='ltr'><strong>sed</strong></span> <span class='ocrx_word' id='word_1_822' title='bbox 2664 5605 2882 5675; x_wconf 85' lang='lat' dir='ltr'><strong>semper</strong></span> <span class='ocrx_word' id='word_1_823' title='bbox 2921 5605 2976 5657; x_wconf 88' lang='lat' dir='ltr'><strong>in</strong></span> <span class='ocrx_word' id='word_1_824' title='bbox 3015 5605 3276 5676; x_wconf 36' lang='lat' dir='ltr'><strong>virtutﬂum</strong></span> <span class='ocrx_word' id='word_1_825' title='bbox 3325 5605 3574 5676; x_wconf 66' lang='lat' dir='ltr'><strong>omnium</strong></span> 
     </span>
    </p>
   </div>
   <div class='ocr_carea' id='block_1_120' title="bbox 1995 5666 3576 5751">
    <p class='ocr_par' dir='ltr' id='par_1_120' title="bbox 1995 5666 3576 5751">
     <span class='ocr_line' id='line_1_120' title="bbox 1995 5666 3576 5751; baseline -0.009 -19"><span class='ocrx_word' id='word_1_826' title='bbox 1995 5681 2240 5751; x_wconf 85' lang='lat' dir='ltr'><strong>claritate</strong></span> <span class='ocrx_word' id='word_1_827' title='bbox 2282 5666 2665 5751; x_wconf 77' lang='lat' dir='ltr'><strong>succresceus,</strong></span> <span class='ocrx_word' id='word_1_828' title='bbox 2714 5666 2932 5751; x_wconf 77' lang='lat' dir='ltr'><strong>tandem</strong></span> <span class='ocrx_word' id='word_1_829' title='bbox 2985 5687 3130 5751; x_wconf 78' lang='lat' dir='ltr'><strong>eum_</strong></span> <span class='ocrx_word' id='word_1_830' title='bbox 3164 5669 3290 5751; x_wconf 81' lang='lat' dir='ltr'><strong>Sole</strong></span> <span class='ocrx_word' id='word_1_831' title='bbox 3342 5666 3576 5751; x_wconf 53' lang='lat' dir='ltr'><strong>iustitia:</strong></span> 
     </span>
    </p>
   </div>
   <div class='ocr_carea' id='block_1_121' title="bbox 1995 5737 3577 5812">
    <p class='ocr_par' dir='ltr' id='par_1_121' title="bbox 1995 5737 3577 5812">
     <span class='ocr_line' id='line_1_121' title="bbox 1995 5737 3577 5812; baseline -0.009 -7"><span class='ocrx_word' id='word_1_832' title='bbox 1995 5750 2316 5806; x_wconf 89' lang='lat' dir='ltr'><strong>dulcissimo</strong></span> <span class='ocrx_word' id='word_1_833' title='bbox 2369 5749 2506 5804; x_wconf 84' lang='lat' dir='ltr'><strong>Filio</strong></span> <span class='ocrx_word' id='word_1_834' title='bbox 2566 5737 2670 5804; x_wconf 87' lang='lat' dir='ltr'><strong>suo</strong></span> <span class='ocrx_word' id='word_1_835' title='bbox 2728 5749 2782 5802; x_wconf 80' lang='lat' dir='ltr'><strong>in</strong></span> <span class='ocrx_word' id='word_1_836' title='bbox 2827 5743 3035 5800; x_wconf 71' lang='lat' dir='ltr'><strong>cwlesti</strong></span> <span class='ocrx_word' id='word_1_837' title='bbox 3082 5741 3267 5812; x_wconf 80' lang='lat' dir='ltr'><strong>gloria</strong></span> <span class='ocrx_word' id='word_1_838' title='bbox 3304 5737 3577 5812; x_wconf 81' lang='lat' dir='ltr'><strong>mirandis</strong></span> 
     </span>
    </p>
   </div>
   <div class='ocr_carea' id='block_1_122' title="bbox 1996 5811 3369 5894">
    <p class='ocr_par' dir='ltr' id='par_1_122' title="bbox 1996 5811 3369 5894">
     <span class='ocr_line' id='line_1_122' title="bbox 1996 5811 3369 5894; baseline -0.009 -16"><span class='ocrx_word' id='word_1_839' title='bbox 1996 5821 2330 5879; x_wconf 85' lang='lat' dir='ltr'><strong>circumdata</strong></span> <span class='ocrx_word' id='word_1_840' title='bbox 2358 5819 2768 5894; x_wconf 70' lang='lat' dir='ltr'><strong>fulgoribuscst</strong></span> <span class='ocrx_word' id='word_1_841' title='bbox 2791 5811 3105 5889; x_wconf 76' lang='lat' dir='ltr'><strong>conjuncta.</strong></span> <span class='ocrx_word' id='word_1_842' title='bbox 3140 5811 3231 5870; x_wconf 89' lang='lat' dir='ltr'><strong>Sic</strong></span> <span class='ocrx_word' id='word_1_843' title='bbox 3259 5811 3369 5868; x_wconf 86' lang='lat' dir='ltr'><strong>ille.</strong></span> 
     </span>
    </p>
   </div>
  </div>
