4038 6602
502 407 640 473 i395

498 619 645 684 tatis,
675 617 952 673 Christum
980 635 1181 690 regem,
1218 636 1377 690 quem
1412 620 1594 675 laudat
1632 622 1882 676 universa
1917 636 2069 676 crea-

498 720 641 773 tura.
684 727 845 781 quem
894 721 1133 766 tremunt
1168 728 1419 782 superna:
1465 722 1677 768 turmar.
1722 712 1878 770 Hunc
1913 729 2063 785 roga,

497 804 909 875 augustissima.
946 815 1005 859 ut
1038 815 1256 861 nostras
1281 806 1494 861 animas
1516 807 1708 861 salvet.

1585 414 1644 475 S.
1686 413 1997 476 JOSEPHI
2036 415 2593 479 HYMNOGRAPHI

570 524 903 581 Continuisti
948 525 1071 581 alvo
1101 533 1213 593 tua,
1258 526 1421 597 Virgo
1455 534 1649 589 mater,
1688 545 1857 583 unum
1888 528 2068 583 Trini-
2097 540 2142 595 Α

2253 533 2570 605 Ἐχὼρησας
2619 535 2677 587 ἐν
2730 534 2929 604 γαστρί
2982 552 3099 602 σου,
3156 535 3604 608 Παρθενομῆτορ,
3653 540 3747 591 τὸν

2172 624 2269 679 ἕνα.
2312 627 2411 695 τῆς
2469 626 2698 698 Τριάδος
2731 628 2964 699 Χριστὸν
2995 628 3084 681 τὸν
3114 626 3405 698 ζωοδότην,
3465 629 3526 683 ὃν
3584 632 3747 701 ὑμνεῖ

2175 722 2323 774 πᾶσα
2363 722 2563 785 κτίσις,
2601 721 2694 774 καὶ
2731 724 3025 792 τρέμουσιν
3072 725 3118 775 οἱ
3150 722 3262 777 ἄνω
3316 723 3493 793 Θρόνοι
3519 739 3534 752 ·
3581 723 3744 776 αὑτὸν

2172 809 2432 877 δυσώπει,
2470 812 2925 882 παμμακάριστε,
2949 813 3187 883 σωθῆναι
3228 814 3328 876 τὰς
3349 813 3526 882 ψυχὰς
3560 813 3742 882 ἡμῶν.

1516 925 1675 996 332
1713 924 1795 981 E3
1827 943 2024 982 εαηοηϐ
2058 929 2204 998 feria:
2239 946 2288 995 ν,
2316 930 2625 985 ltebdomad.
2656 948 2727 987 Iv.

568 1037 745 1108 Super
776 1049 827 1096 te
867 1042 1130 1111 sapientia
1162 1041 1339 1098 Patris
1370 1043 1556 1098 merui
1599 1044 1879 1100 descendit
1920 1046 2064 1103 sicut

497 1131 673 1203 pluvia
706 1131 758 1186 in
806 1133 999 1199 vellus,
1033 1148 1066 1188 ο
1101 1143 1247 1189 casta
1278 1142 1333 1189 et
1376 1137 1658 1190 incarnata
1713 1136 1848 1190 citra
1887 1147 2067 1191 muta-

497 1228 720 1293 tionem,
746 1227 863 1283 vias
902 1228 1024 1282 vita:
1069 1228 1306 1283 ostendit
1336 1228 1494 1283 nobis
1535 1228 1833 1284 scientibus
1864 1236 1915 1285 te
1944 1229 2066 1284 Vir-

496 1317 671 1387 ginem
700 1327 821 1387 post
841 1328 1052 1388 partum
1078 1328 1132 1376 et
1154 1320 1402 1376 Matrem.

566 1403 751 1460 Mundi
802 1408 1035 1463 universi
1096 1411 1322 1465 Domina
1384 1410 1597 1475 ellecta,
1649 1411 1741 1469 Dei
1802 1412 2067 1477 Gcnitrix,

497 1495 786 1553 mundanis
826 1514 912 1553 me
976 1501 1246 1556 scandulis
1300 1511 1353 1557 et
1392 1503 1534 1559 vitiis
1591 1506 1835 1575 corporis
1860 1545 1875 1570 ,
1911 1516 2068 1562 ceter-

498 1588 690 1657 nisque
718 1591 998 1665 suppliciis
1029 1594 1287 1661 gehennae
1316 1595 1503 1662 libera,
1538 1606 1595 1651 ut
1618 1606 1669 1651 te
1697 1598 1930 1653 laudem.

458 1678 465 1708 ⁵
566 1682 611 1737 Ο
646 1691 735 1736 tua
786 1685 1123 1754 cogitatione
1177 1688 1458 1757 superiora
1509 1690 1796 1754 miracula,
1832 1692 2070 1747 sanctis-

498 1774 633 1829 sima
673 1774 871 1847 Virgo!
906 1777 985 1831 Tu
1021 1779 1165 1833 enim
1206 1780 1462 1849 peperisti
1496 1781 1839 1836 incarnatum
1876 1783 2041 1839 Deum

498 1866 588 1935 qui
620 1866 804 1922 divina
840 1870 1239 1925 resurrectione
1270 1886 1369 1925 sua
1398 1883 1593 1927 cuncta
1630 1874 1776 1929 salva
1811 1875 1961 1929 fecit.

741 1978 827 2034 Ea:
854 1998 1052 2037 canone
1088 1982 1371 2039 Parasceve
1404 1984 1718 2042 Itebdomad.
1754 2004 1828 2045 tv.

564 2090 765 2146 Sancta
820 2092 911 2149 Dei
943 2093 1212 2161 Genitrix,
1269 2110 1391 2164 qua:
1454 2104 1702 2151 sanctum
1755 2107 2070 2153 sanctorum

498 2181 734 2239 Verbum
787 2186 1056 2256 principio
1107 2188 1345 2242 carentis
1405 2190 1592 2243 aeterni
1652 2188 1829 2245 Patris
1880 2206 1946 2245 ex
2005 2206 2071 2245 eo

499 2277 851 2346 resplendens
891 2280 1167 2349 peperisti.
1196 2279 1345 2349 Roga
1377 2280 1550 2350 ipsum
1585 2282 1974 2349 indesinenter,
2008 2292 2069 2338 ut

498 2368 802 2424 sanctiﬁcet
833 2379 885 2424 et
923 2370 1191 2426 illuminet
1221 2372 1434 2428 animas
1464 2380 1515 2428 et
1541 2375 1705 2428 corda
1739 2386 1947 2439 nostra,
1974 2374 2071 2445 qui

498 2459 872 2516 desideramus
899 2471 951 2517 te
976 2463 1221 2536 laudare.

570 2552 777 2607 Domus
838 2553 929 2607 Dei
985 2556 1168 2624 agnita
1216 2570 1307 2623 es,
1363 2557 1669 2614 castissima
1728 2556 1895 2627 Virgo
1940 2557 2068 2613 Dei-

500 2659 628 2713 para
657 2644 794 2713 (62),
828 2646 1026 2715 quippe
1057 2647 1131 2701 illi
1162 2663 1381 2702 carnem
1416 2665 1539 2704 vere
1565 2649 1857 2703 animatam
1883 2666 1945 2703 ex
1980 2660 2073 2705 tuo

500 2736 810 2807 incorrupta
871 2740 1140 2808 sanguine
1188 2740 1400 2811 largita,
1455 2756 1488 2796 ο
1541 2741 2072 2811 immaculatissima,

500 2827 645 2883 unde
675 2836 727 2883 te
746 2830 1102 2886 honoramus.

570 2920 894 2978 lncarnatur
936 2925 1190 2981 Christus
1217 2941 1284 2980 ex
1336 2935 1408 2989 te,
1442 2925 1788 2981 iueﬂ‘abiliter
1828 2926 2067 2985 Verbum

498 3015 768 3071 exsistens
792 3015 991 3083 Patris,
1029 3015 1194 3088 Virgo
1240 3018 1485 3088 Deipara,
1520 3029 1573 3074 et
1597 3020 1939 3091 cruciﬁgitur
1965 3036 2066 3076 vo—

659 3174 736 3235 Ex
758 3190 953 3230 canone
989 3175 1279 3229 Dominicw
1307 3193 1378 3244 Iv,
1409 3177 1463 3231 in
1486 3177 1903 3233 Santaritanam.

573 3380 753 3446 Salve,
782 3383 976 3437 throne
1011 3383 1202 3453 ignee;
1242 3384 1410 3450 salve,
1448 3386 1835 3442 candelabrum
1895 3398 2066 3443 totum

500 3488 755 3534 aureum:
775 3475 944 3535 salve,
963 3475 1133 3528 nuch
1154 3475 1404 3541 luminis;
1425 3477 1589 3543 salve,
1608 3477 1764 3532 Verbi
1789 3480 2067 3549 palatium,

500 3575 555 3622 et
579 3579 762 3618 mensa
791 3563 1110 3631 spiritualis,
1136 3580 1255 3634 qua:
1283 3565 1562 3620 Clu-istum
1615 3583 1807 3638 panem
1843 3569 1965 3623 vita:
1986 3569 2073 3623 tli-

503 3668 605 3721 gnc
636 3654 884 3719 portasti.

572 3743 807 3815 OVirgo
857 3745 1044 3813 Mater,
1067 3762 1187 3817 qua:
1246 3746 1407 3802 modo
1466 3747 1828 3817 inexplicabili
1876 3750 1928 3804 in
1982 3760 2074 3805 tuo

503 3847 657 3893 utero
684 3837 850 3893 Deum
878 3838 1254 3895 universorum
1279 3839 1614 3909 concepisti;
1649 3850 1703 3896 et
1727 3855 1889 3911 supra
1923 3857 2074 3897 nien-

575 4017 705 4099 {62}
729 4016 937 4099 Soullicit
985 4016 1269 4099 dicereuli.
1295 4015 1572 4098 Virginem
1610 4016 1793 4099 fuisse
1831 4016 2063 4099 Domum

507 4087 621 4151 Dei,
656 4097 713 4141 ut
747 4087 1116 4153 intelligamus
1172 4088 1317 4141 illam
1372 4087 1489 4157 sine
1544 4088 1795 4157 originali
1855 4089 2063 4143 macula

504 4168 844 4226 conceptam.
890 4157 1023 4212 Nam
1076 4167 1130 4210 ut
1179 4168 1399 4213 sanctus
1447 4155 1685 4211 Thomas
1718 4174 1745 4212 a
1782 4157 2062 4212 Villanova

502 4244 669 4282 serm.
703 4228 735 4281 5
766 4227 836 4279 De
873 4226 1102 4281 Nativit.
1145 4226 1210 4283 Β.
1260 4227 1428 4296 Virg..
1469 4229 1545 4281 ait
1576 4245 1588 4280 :
1626 4247 1645 4279 ι
1683 4227 1795 4282 Non
1836 4229 2062 4282 decebat

508 4299 734 4351 liouium
793 4297 1083 4364 Sapientite
1131 4298 1367 4366 aliquam
1404 4298 1477 4366 in,
1512 4314 1570 4352 se
1624 4299 1821 4352 habere
1860 4298 2058 4361 labem,

506 4378 727 4436 propter
774 4369 916 4436 quod
974 4368 1177 4426 anima,
1224 4365 1347 4421 cum
1404 4365 1800 4429 inl‘nnderetur,
1853 4368 2058 4423 nullam

507 4438 697 4491 habuit
724 4453 788 4492 ex
828 4446 1011 4503 carne,
1045 4453 1221 4506 neque
1253 4438 1525 4495 contraxit
1551 4438 1724 4493 labem
1764 4440 1992 4508 peccati.
2036 4460 2055 4490 ι

507 4509 597 4561 Sic
625 4508 733 4561 ille.

576 4577 885 4635 Ludovicus
916 4592 1135 4647 quoque
1177 4576 1503 4647 Carvajalus
1541 4577 1594 4631 in
1639 4576 1936 4639 Declamat.
1967 4594 2065 4633 ex-

507 4648 815 4718 postularia
842 4645 942 4716 pro
970 4645 1442 4718 Conceptione’l}.
1463 4645 1723 4718 Virginis,
1752 4650 1805 4702 in
1837 4664 2070 4711 persona

506 4715 749 4786 ejusdem
776 4715 1013 4784 Virginis
1049 4719 1101 4770 in
1144 4715 1287 4770 bunc
1321 4717 1541 4770 modum
1578 4716 1820 4785 loquitur
1850 4737 1862 4772 :
1905 4738 1924 4770 ‹
1960 4719 2074 4772 An-

509 4799 725 4855 tequam
765 4801 864 4855 ego
901 4786 1131 4846 formata
1176 4802 1351 4840 essem
1396 4787 1448 4840 in
1482 4798 1658 4849 utero,
1695 4787 1767 4841 fui
1805 4788 2074 4843 destinata

510 4868 764 4912 ntessem
816 4855 987 4915 Mater
1038 4856 1151 4921 Dei,
1202 4866 1254 4909 et
1299 4873 1422 4910 eum
1458 4856 1509 4910 in
1558 4858 1856 4917 visceribus
1888 4861 2077 4915 matris

511 4931 963 4992 l'ormarer,'tuuc
996 4928 1191 4982 domus
1228 4943 1367 4991 mea,
1404 4937 1661 4995 tanquam
1712 4928 1909 4984 domus
1955 4930 2073 4993 Dei,

511 4998 893 5060 fabricabatur,
928 5014 1033 5051 non
1066 5006 1321 5066 tanquam
1358 4998 1613 5065 spelunca
1652 4998 1890 5058 Satanan
1932 5020 1947 5049 ι
1987 5000 2077 5053 Sic

508 5067 598 5122 ille
630 5069 769 5137 apud
818 5068 1304 5128 Armnntcntarium
1342 5067 1687 5135 Serap/ticnm
1732 5085 1850 5137 pag.
1888 5071 1976 5123 ω.
2010 5070 2077 5124 Et

510 5141 564 5193 in
622 5139 856 5208 quodam
908 5138 1094 5192 Ollit-io
1158 5141 1382 5207 antiquo
1455 5139 1817 5199 lmntacnlatze
1865 5140 2075 5195 Conce-

511 5210 712 5276 ptiouis
770 5209 914 5278 apud
965 5208 1294 5275 Ballingbem
1353 5212 1404 5262 in
1480 5208 1748 5262 Paruasso
1800 5208 2075 5278 Mariano,

511 5296 630 5360 pag.
655 5279 746 5348 39,
778 5277 838 5335 Β.
875 5277 1038 5350 Virgo
1068 5280 1338 5333 salutatur
1370 5280 1453 5334 his
1494 5279 1673 5335 verbis
1707 5295 1723 5335 :

858 5370 954 5427 Sal
960 5388 1035 5436 ve,
1080 5371 1232 5441 Virgo
1260 5372 1489 5441 sapiens,

939 5443 1137 5497 Domus
1175 5443 1281 5496 Deo
1311 5443 1512 5499 dicata.

937 5515 1195 5570 Columna
1218 5513 1538 5581 septemplici

947 5583 1229 5651 Mensaque
1255 5596 1535 5650 exornata,

861 5655 940 5714 Ab
974 5657 1115 5706 omni
1150 5656 1390 5724 contagio

945 5724 1133 5778 Mundi
1163 5732 1480 5792 prwservala
1508 5739 1527 5778 .'

944 5798 1081 5857 Ante
1111 5805 1296 5851 sancta
1327 5798 1379 5848 in
1415 5807 1558 5847 utero

948 5865 1215 5936 Parentis,
1246 5882 1401 5941 quam
1435 5876 1581 5920 nuta.

2170 1048 2287 1104 lens
2342 1061 2562 1119 propter
2622 1066 2739 1116 nos,
2788 1060 2843 1106 et
2888 1052 3284 1107 resurrectione
3338 1060 3459 1121 post
3503 1050 3742 1104 triduum

2173 1140 2308 1197 lines
2353 1142 2500 1197 orbis
2543 1143 2798 1210 illustrat,
2830 1160 2953 1198 cum
2987 1161 3096 1214 qtto
3135 1155 3203 1210 te,
3237 1155 3294 1199 ut
3334 1160 3430 1215 par
3465 1154 3569 1209 est,
3605 1143 3746 1198 Bea-

2175 1242 2282 1289 tam
2306 1234 2686 1304 praedicamus.

2524 1345 2609 1399 Ex
2646 1363 2845 1400 canone
2883 1344 3107 1401 Sabbati
3134 1346 3285 1401 Itebd.
3320 1361 3396 1401 tv.

2241 1452 2407 1509 Lacte
2428 1455 2604 1509 nutris
2628 1454 2923 1508 Nutritium
2954 1456 3162 1517 mundi,
3185 1467 3237 1510 et
3264 1465 3449 1525 portas
3486 1456 3539 1511 in
3575 1458 3748 1525 ulnis,

2167 1562 2202 1603 ο
2232 1548 2417 1619 Virgo,
2446 1550 2594 1604 illum
2622 1551 2713 1619 qui
2756 1550 2936 1604 divina
2971 1562 3235 1618 potestate
3276 1569 3374 1606 sua
3410 1563 3586 1623 portat
3620 1557 3747 1609 nul-

2168 1656 2409 1696 versum.
2446 1642 2737 1713 Propterea
2776 1654 2828 1700 te
2856 1654 2915 1699 ut
2946 1644 3228 1713 Deiparam
3258 1646 3564 1701 laudamus.

2239 1734 2565 1789 Anxiliatrix
2597 1752 2785 1791 eorum
2810 1737 2904 1806 qui
2943 1738 3201 1806 periculis
3232 1749 3516 1808 urgentur,
3544 1742 3748 1795 Portus

2051 1826 2065 1851 ’
2101 1830 2143 1886 B
2169 1834 2221 1881 et
2252 1826 2410 1897 333
2449 1828 2611 1882 Salus
2653 1828 3084 1893 confugiendum
3125 1830 3190 1883 ad
3246 1840 3317 1895 te,
3364 1830 3451 1883 Dei
3514 1832 3749 1897 genttrix

2176 1932 2383 1983 sancta,
2421 1935 2514 1975 eos
2548 1920 2786 1989 quicum
2818 1920 2921 1975 ﬁde
2960 1930 3010 1974 te
3046 1921 3287 1982 laudant,
3318 1930 3411 1974 tuo
3443 1922 3750 1990 patrocinio

2176 2021 2419 2082 protege,
2459 2013 2611 2067 etab
2648 2013 2905 2066 omnibus
2936 2013 3094 2067 malis
3140 2013 3305 2066 libera
3343 2028 3437 2081 per
3481 2012 3751 2066 interces-

2175 2102 2359 2158 siones
2411 2112 2534 2159 tuas
2587 2119 2705 2171 eos,
2763 2105 2855 2174 qui
2888 2104 3117 2159 ﬁdeliter
3153 2104 3503 2159 modulantur
3560 2105 3749 2159 laudes

2174 2202 2317 2249 tuas.

2249 2286 2328 2340 Tu
2357 2302 2478 2356 quae
2511 2288 2769 2358 gaudium
2805 2289 3083 2359 peperisti,
3122 2297 3177 2344 et
3214 2290 3530 2344 mte~titiam
3571 2300 3752 2344 exter-

2175 2379 2419 2443 minasti,
2448 2379 2821 2435 laudatissima
2850 2382 3095 2446 Domina,
3123 2382 3615 2437 intercessionibus
3640 2382 3750 2437 tuis

2174 2472 2414 2527 divinam
2452 2474 2690 2528 latitiam
2736 2475 2961 2545 impetra
3004 2477 3092 2540 iis,
3127 2478 3219 2546 qui
3252 2487 3303 2531 te
3347 2477 3451 2532 lide
3489 2475 3747 2541 ferventi,

2175 2574 2235 2621 ut
2265 2581 2390 2620 vere
2426 2566 2512 2620 Dei
2546 2568 2865 2637 genitricem
2899 2568 3197 2624 celebrant.

2239 2656 2316 2711 Te
2350 2667 2407 2711 ιιι
2436 2658 2622 2712 mundi
2657 2657 2940 2712 Dominam
2973 2661 3348 2723 obsecramus,
3378 2660 3577 2715 Sancta
3611 2658 3748 2731 (65),

2176 2758 2234 2804 ut
2263 2752 2521 2818 populum
2569 2761 2719 2804 tutnn
2760 2751 2959 2806 liberes
2993 2752 3061 2805 ab
3091 2753 3346 2806 omnibus
3374 2752 3554 2813 malis,
3580 2750 3746 2814 fame,

2175 2852 2346 2910 peste,
2376 2843 2661 2896 vexatione
2726 2842 2951 2909 hostili,
2996 2845 3254 2912 quoniam
3316 2853 3374 2897 tu
3432 2844 3749 2911 prmsidium

2175 2934 2594 3005 inexpugnabile
2614 2934 3055 2990 Christianorum
3081 2952 3163 3003 es,
3187 2935 3353 2990 Maria
3383 2934 3568 3006 Virgo.

2096 3182 2141 3244 C
2170 3179 2272 3232 Ἐκ
2301 3178 2406 3233 τοῦ
2435 3178 2702 3245 Κανόνος
2727 3177 2838 3247 τῆς
2866 3177 3167 3246 Κυριακῆς
3214 3175 3285 3241 δ’,
3318 3176 3428 3246 τῆς
3462 3178 3751 3247 Sampsi-

2869 3249 3051 3315 τιδος.

2247 3382 2417 3450 Χαῖρε
2452 3420 2467 3445 ,
2509 3380 2665 3451 θρονε
2725 3398 2938 3450 πυρινε,
3004 3382 3180 3450 χαῖρε,
3222 3378 3409 3448 Λυχνὶα
3440 3377 3749 3447 πάγχρυσε,

2176 3475 2354 3543 χαῖρε,
2393 3473 2572 3541 φωτὸς
2604 3472 2826 3541 νεφέληζ
2870 3476 3048 3543 χαῖρε,
3119 3472 3380 3526 παλάτιον
3430 3471 3525 3524 τοῦ
3574 3471 3748 3537 Λόγου

2175 3565 2269 3618 καὶ
2302 3564 2467 3636 νοητὴ
2486 3565 2764 3636 τράπεζα,
2807 3565 2971 3636 ἄρτον
3003 3566 3149 3634 ζωῆς
3178 3565 3341 3630 ἀξίως
3366 3564 3601 3634 Χριστὶν
3649 3562 3749 3631 βα-

2177 3656 2445 3710 στάσασα.

2258 3748 2702 3818 ’Δνερμηνεύτως
2737 3747 3077 3801 συλλαϐοῦσα
3105 3750 3160 3801 ὲν
3190 3751 3254 3818 τῇ
3290 3748 3491 3815 γαστρί
3533 3765 3627 3800 σου
3655 3746 3749 3799 τὸν

2174 3840 2283 3895 τῶν
2315 3842 2451 3895 ὅλων
2487 3842 2639 3908 Θεὸν,
2692 3841 3140 3913 Παρθενομῆτορ,
3200 3842 3339 3912 ὑπὲρ
3390 3842 3598 3894 ἔννοιαν
3654 3842 3750 3894 καὶ

2238 4018 2350 4089 (65)
2394 4019 2757 4090 Hieronymus
2822 4020 3037 4074 Lanuza
3095 4020 3223 4075 0rd.
3280 4022 3745 4089 prmlicatorum.

2165 4088 2307 4144 inter
2353 4090 2489 4143 alias
2531 4088 2789 4145 rationes.
2836 4106 2974 4151 nnas
3020 4092 3349 4158 excogitavit
3393 4092 3458 4142 ad
3513 4093 3751 4158 probati--

2162 4160 2286 4213 dam
2315 4161 2717 4215 imtnarnlatam
2751 4160 2813 4214 Β.
2848 4160 3088 4229 Virginis
3122 4163 3567 4227 Conceptionetn,
3609 4164 3751 4215 bane

2163 4230 2319 4285 nobis
2376 4232 2658 4299 proposuit
2715 4249 2728 4284 :
2777 4232 3099 4285 Observarit
3149 4232 3205 4285 S.
3261 4230 3520 4291 Thomas,
3573 4232 3750 4299 inquit

2160 4301 2267 4361 ille,
2307 4303 2507 4369 pupnlo
2562 4302 2783 4371 antiquo
2838 4302 3005 4356 Deum
3063 4301 3355 4357 abstulisse
3402 4316 3629 4355 casuum
3696 4310 3749 4355 et

2164 4381 2507 4441 peccatorum
2557 4372 2899 4435 occasiones,
2960 4382 3019 4425 ut
3079 4380 3263 4425 essent
3326 4371 3502 4424 sancti
3534 4373 3746 4441 ,_quia

2170 4439 2318 4494 irasci
2348 4458 2413 4496 ex
2449 4443 2555 4496 illis
2592 4444 2828 4495 Sanctus
2866 4451 3180 4495 sanctorum
3202 4442 3469 4495 debebat:
3513 4460 3530 4490 ι
3562 4439 3750 4495 Sancti

2095 4520 2148 4580 ι)
2174 4512 2343 4591 eritis,
2376 4513 2499 4581 quia
2522 4529 2615 4581 ego
2660 4522 3039 4591 sanctussum;
3069 4521 3122 4591 et.
3152 4511 3368 4591 pedum,
3395 4512 3597 4578 quibus
3623 4528 3750 4591 gra-

2176 4583 2485 4645 diebantur,
2515 4598 2703 4637 curam
2739 4582 2998 4651 gessisse.
3025 4598 3090 4635 ne
3112 4583 3163 4635 in
3195 4582 3365 4649 culpa:
3392 4598 3623 4634 vacuum
3663 4583 3749 4633 in-

2178 4651 2418 4705 citlerent
2448 4668 2461 4704 :
2492 4652 2651 4707 Pedes
2680 4664 2983 4705 sanctorum
3010 4669 3226 4706 suorum
3251 4652 3500 4705 servabit.
3540 4652 3596 4704 Si
3621 4667 3749 4719 ergo

2180 4721 2374 4789 priscis
2426 4722 2554 4783 illis.
2614 4738 2684 4777 ne
2734 4724 2897 4792 pedes
2948 4724 3161 4775 illorum
3205 4723 3402 4792 sordes,
3456 4723 3749 4792 contrahe-

2180 4800 2319 4862 rent,
2350 4794 2571 4860 praeibat
2601 4791 2744 4862 ipse,
2770 4792 3082 4845 mundaudo
3106 4794 3232 4855 iter,
3267 4800 3317 4845 et
3357 4791 3548 4845 obvias
3579 4791 3749 4845 Oileu-

2179 4861 2361 4933 sioues
2392 4861 2723 4933 seponendo,
2751 4862 2821 4915 ob
2851 4879 2968 4915 eam
3008 4870 3215 4914 tantum
3247 4877 3493 4921 causam,
3513 4862 3655 4933 quod
3680 4877 3747 4933 ex

2181 4932 2288 4985 illis
2332 4932 2483 4989 nasCi
2526 4934 2760 4989 debebat
2802 4933 3085 4993 Christus;
3125 4942 3334 5001 quanto
3380 4933 3553 5001 magis
3590 4932 3745 4985 Matri

2180 5002 2446 5057 titubandi
2511 5006 2830 5059 occasiones
2890 5002 3159 5065 auferret,
3225 5018 3455 5071 eamque
3529 5018 3748 5070 praeser-

2180 5082 2332 5125 varct
2368 5090 2396 5126 a
2424 5076 2699 5139 sordibus,
2727 5084 2784 5127 ut
2814 5074 2868 5128 in
2896 5073 3151 5127 omnibus
3180 5074 3301 5126 vitae
3344 5073 3595 5139 passibus
3621 5088 3748 5125 san-

2180 5152 2263 5194 cta
2317 5142 2493 5198 foret?
2521 5165 2538 5196 ι
2579 5146 2675 5199 Pes
2713 5157 2832 5197 tuus
2888 5160 2989 5199 non
3039 5144 3287 5212 impinget
3330 5141 3609 5203 Dominus,
3640 5153 3745 5195 etc.

2182 5212 2338 5284 Unde
2380 5230 2503 5271 cum
2542 5215 2685 5271 Deus
2733 5214 2847 5284 jam
2893 5214 3027 5283 ipsis
3068 5215 3283 5268 vicinus
3320 5222 3490 5274 esset,
3522 5213 3747 5284 minime

2179 5282 2403 5355 dubium
2436 5295 2536 5350 est,
2569 5288 2700 5355 quin
2730 5282 2848 5339 eam
2876 5282 3088 5353 puram.
3118 5293 3171 5336 et
3199 5290 3443 5355 sanctam
3476 5284 3528 5355 in
3572 5282 3748 5350 primo

2179 5352 2566 5423 Conceptionis
2588 5352 2714 5410 sua:
2743 5352 2934 5421 greséu
2971 5363 3343 5409 conservaret.
3378 5353 3468 5406 Sic
3504 5352 3746 5423 La_nuza,

2181 5423 2311 5477 hinc
2354 5420 2615 5495 Origenes
2661 5420 2849 5479 ltontil.
2895 5439 2913 5477 ι
2976 5424 3029 5478 in
3069 5424 3273 5495 Matth.
3308 5424 3521 5495 beatam
3565 5420 3742 5495 Virgi-

2181 5508 2302 5546 nem
2334 5494 2659 5551 non’solutu
2694 5502 2963 5552 sanctam.
3009 5494 3102 5549 sed
3139 5494 3506 5562 plenissimam
3548 5494 3745 5544 sancti-

2182 5570 2346 5618 tatem
2391 5566 2748 5634 nuncupavit,
2792 5574 2849 5618 ut
2905 5565 2985 5618 sic
3037 5566 3288 5634 innueret
3335 5566 3508 5627 ipsam
3545 5562 3747 5634 nullius

2179 5637 2393 5709 peccati
2423 5632 2758 5709 c0nsortium
2807 5634 3116 5709 admisisse.
3164 5632 3281 5709 Qua
3327 5634 3472 5709 enim
3532 5632 3746 5685 ratione

2179 5703 2495 5770 plenissima
2536 5707 2809 5760 diceretur
2856 5703 3037 5757 Maria:
3068 5703 3350 5765 sanctitas,
3392 5703 3437 5755 si
3474 5716 3596 5759 eam
3626 5717 3746 5772 gra-

2180 5779 2253 5839 tia
2285 5794 2509 5840 vacuam
2549 5778 2721 5834 fuisse
2744 5776 3034 5846 aliquando
3058 5773 3430 5833 concedatur?
