4038 6596
381 462 515 526 1397

1793 448 2152 512 MARIALE.

3504 430 3640 496 £398

376 579 537 647 λόγον
585 574 836 641 τέτοκας,
889 570 1121 643 μείνασα
1170 564 1441 639 παρθένος
1473 565 1549 630 ὡς
1606 564 1714 638 πρδ
1761 565 1949 631 τόκου,

2074 564 2128 618 .is
2168 568 2409 632 captum,
2436 556 2839 627 verborumque
2870 557 3226 621 conceptum,
3251 542 3502 602 eumdem
3542 556 3640 612 pe-

375 670 683 740 Θεόνυμφε.

318 902 321 903 ν
458 857 903 927 ’Δκατάφλεκτον
939 854 1100 926 βάτον
1120 868 1178 904 σε
1201 851 1229 904 ό
1256 849 1553 921 νομοθέτης
1587 846 1736 920 ἑώρα
1765 847 1955 910 πάλαι,

322 964 330 1027 ξ
375 953 573 1024 Δανιὴλ
608 953 665 1006 δὲ
688 952 813 1015 ὅρος
837 950 991 1020 ἅγιον
1019 944 1289 1012 κατενόει,
1332 943 1471 1015 μόνη
1521 939 1956 1013 Μητροπάρθενε

318 1042 323 1047 ’
377 1048 669 1100 Δέσποινα.

457 1139 526 1190 Σὲ
583 1136 763 1205 πύλην
819 1133 1150 1197 ἀδιόδευτον,
1185 1128 1282 1183 καὶ
1346 1125 1530 1199 χώραν
1577 1123 1953 1194 ἀγεώργητον,

378 1232 473 1285 καὶ
500 1227 735 1283 κιϐωτὸν
758 1225 820 1279 τὸ
848 1226 1024 1297 μάννα
1064 1222 1357 1294 φέρουσαν,
1388 1218 1483 1271 καὶ
1541 1216 1801 1286 στάμνον,
1861 1215 1959 1266 καὶ

376 1323 623 1394 λυχνίαν,
657 1318 753 1373 καὶ
811 1318 1170 1389 θυμιατήριον
1207 1312 1301 1367 τοῦ
1330 1312 1497 1366 ἀΰ).ου
1528 1309 1801 1382 ἄνθρακος
1838 1307 1958 1359 ὀνο-

384 1415 654 1487 μάζομεν,
684 1410 847 1480 ἁγνή.

452 1505 729 1577 Παρθένον
789 1502 956 1573 μόνην
1009 1499 1321 1562 τίκτουσαν,
1362 1495 1457 1548 καὶ
1507 1493 1673 1564 νηδὺν
1722 1490 1961 1562 ἄφθορον

384 1601 702 1672 τηρήσασαν
731 1593 1009 1665 ὕμνοῦμέν
1039 1608 1122 1655 σε,
1158 1590 1317 1659 ἁγνὴ,
1345 1587 1533 1658 θρόνον
1586 1584 1816 1654 Κυρίου,
1866 1582 1963 1633 καὶ

380 1671 577 1758 πύλην,
614 1686 710 1740 καὶ
739 1685 885 1753 ὅρος,
915 1683 1010 1736 καὶ
1041 1680 1238 1751 νοητὴν
1263 1678 1506 1747 λυχνίαν,
1550 1674 1816 1745 νυμφῶνα
1840 1671 1959 1726 όλό⁴

383 1795 565 1848 φωτον
592 1775 688 1829 τοῦ
718 1774 878 1840 Θεοῦ,
907 1774 1001 1826 καὶ
1030 1771 1234 1843 σκηνὴν
1263 1769 1423 1842 δόξης
1479 1768 1687 1839 σαφῶς,
1728 1765 1961 1820 κιόωτόν

381 1889 443 1925 τε
478 1870 572 1925 καὶ
604 1869 863 1939 στάμνον,
895 1866 991 1920 καὶ
1011 1864 1309 1937 τράπεζαν.

449 2055 610 2112 Μετὰ
657 2054 875 2125 λοχείαν
937 2052 1175 2126 φρικτὴν
1238 2048 1530 2121 παρθένος,
1572 2048 1731 2119 ἁγνὴ,
1771 2048 1958 2116 διεφυ-

381 2146 607 2217 λόιχθης,
638 2146 770 2214 ἁγία
802 2144 1036 2197 Θεοτόκε
1063 2158 1078 2173 ·
1137 2140 1217 2194 διό
1254 2157 1313 2193 σε
1346 2141 1534 2195 ἅπασα
1581 2140 1829 2208 ἀγγέλων
1872 2155 1963 2208 χο⁶

386 2239 509 2309 ρεία
534 2236 760 2290 καὶτῶν
807 2233 1116 2306 ἀνθρώπων
1170 2233 1359 2301 γενεαὶ
1410 2232 1623 2285 ἅπασαι
1679 2232 1965 2302 ἀσιγήτοις

384 2327 687 2398 ἀνυμνοῦσι
708 2328 934 2398 φωναῖς,
972 2324 1173 2397 χωρίον
1206 2322 1446 2395 καθαρὸν
1470 2322 1562 2376 τοῦ
1580 2323 1891 2395 ἀχωρήτου.

461 2496 733 2568 Ἀνθρακι
783 2496 1111 2568 καθαίρεται
1166 2498 1195 2551 ό
1263 2494 1497 2559 Ἡσαΐας
1568 2493 1967 2566 προκηρύττων

384 2588 478 2645 τὸν
506 2589 698 2657 νοητὸν
725 2587 977 2660 ἄνθρακα
1011 2589 1408 2659 σαρκούμενον,
1452 2586 1721 2658 Παρθένε,
1754 2589 1818 2639 ἐκ
1868 2585 1964 2639 σοῦ

388 2679 527 2750 ὑπὲρ
561 2679 794 2744 ἔννοιαν,
830 2679 1247 2749 καταφλέγοντα
1269 2680 1491 2733 πάντων
1528 2678 1633 2732 τῶν
1664 2676 1872 2750 βροτῶν
1902 2677 1968 2731 τὰ

388 2770 568 2840 ὑλώδη
593 2772 990 2843 ἁμαρτήματα,
1025 2771 1119 2824 καὶ
1142 2769 1369 2824 θεοῦντα
1405 2770 1475 2825 δι’
1507 2766 1688 2825 οἶκτον
1710 2769 1809 2840 τὴν
1865 2768 1968 2838 φύ-

394 2883 480 2918 σιν
503 2866 536 2934 ἡ
545 2864 684 2933 μῶν,
714 2863 1122 2934 παναμώμητε.

460 2954 641 3020 Φωτδς
699 2954 973 3025 γενομένη
1022 2955 1359 3027 οἰκητήριον,
1410 2953 1571 3024 ἁγνὴ,
1610 2950 1971 3023 ξκαταύγασον

389 3049 490 3113 τὰς
526 3049 694 3119 κόρας
735 3051 838 3118 τῆς
882 3047 1061 3119 ψυχῆς
1109 3066 1211 3119 μου
1268 3046 1692 3119 ἁμαυρωθείσας
1750 3045 1973 3106 πολλαῖς

393 3140 699 3213 μεθοδείαις
720 3140 814 3194 τοῦ
850 3138 1071 3212 ἐχθροῦ,
1106 3141 1202 3195 καὶ
1236 3140 1427 3211 βλέψαι
1469 3138 1702 3204 ἀξίωσον
1756 3136 1971 3207 τρανῶς

388 3234 451 3288 τὸ
484 3232 814 3304 ἁναλάμψαν
841 3234 1043 3303 φέγγος
1073 3235 1138 3287 ἐκ
1171 3231 1267 3287 σοῦ
1314 3233 1455 3304 ὑπὲρ
1505 3231 1716 3286 ἔννοιαν
1751 3228 1969 3299 καθαρᾷ

392 3326 615 3399 καρδίᾳ.

2059 654 2244 725 peristi
2279 652 2496 723 :virgo,
2551 650 2730 721 qualis
2786 656 2914 704 ante
2965 653 3181 717 partum
3236 640 3441 705 fueras,
3478 652 3511 692 ο
3547 634 3638 689 Dei

2061 748 2298 817 Sponsa,
2336 742 2709 815 permansisti.

2129 837 2271 893 Olim
2306 848 2359 892 te
2412 836 2610 890 rubum
2654 829 3067 888 incombustum
3123 824 3260 879 vidit
3308 820 3638 892 legislator:

2060 929 2249 984 Daniel
2281 941 2409 982 vero
2464 936 2517 981 te
2564 932 2801 979 montem
2856 928 3110 976 sanctum
3158 911 3564 975 animadvertit,
3606 924 3641 963 ο

2060 1020 2269 1090 Regina
2301 1020 2414 1075 sola
2447 1018 2600 1089 virgo
2624 1024 2680 1071 et
2713 1022 2911 1069 mater.

2130 1110 2208 1165 Te
2237 1121 2449 1182 portam
2504 1107 2843 1179 imperviam,
2877 1112 2930 1158 et
2969 1114 3159 1171 agrum
3201 1112 3231 1152 a
3271 1095 3485 1151 cultura
3534 1093 3641 1147 im-

2060 1193 2314 1262 munem:
2344 1213 2397 1259 et
2419 1219 2599 1258 aream
2624 1214 2823 1255 manna
2869 1195 3240 1253 continentem
3272 1199 3325 1245 et
3349 1202 3565 1249 urnam,
3588 1192 3643 1239 et

2061 1295 2468 1360 candelabrum,
2500 1304 2554 1349 et
2586 1290 2960 1348 immaterialis
2992 1285 3252 1345 carbonis
3305 1278 3637 1339 turribulum

2062 1389 2431 1449 nominamus,
2463 1403 2496 1443 ο
2536 1402 2695 1457 pura.

2133 1482 2406 1554 Virginem
2441 1480 2612 1535 solam
2640 1477 2959 1549 parientem,
2993 1482 3049 1529 et
3104 1471 3321 1527 vulvam
3372 1466 3634 1521 incorru-

2062 1584 2208 1647 ptam
2256 1580 2561 1629 servantem
2603 1587 2617 1624 :
2662 1571 2917 1625 thronum
3000 1563 3238 1626 Domini,
3300 1568 3536 1630 portam,
3588 1564 3641 1609 et

2065 1676 2339 1729 montem;
2374 1663 2615 1734 Spiritale
2639 1660 3047 1722 candelabrum,
3073 1653 3373 1709 thalamum
3411 1647 3502 1702 Dei
3553 1646 3642 1699 Iu-

2063 1758 2447 1820 cidissimum,
2526 1752 2937 1810 tabernaculum
3025 1746 3213 1819 gloriae
3311 1738 3638 1803 manifeste;

2064 1865 2268 1917 arcam,
2337 1862 2551 1914 urnam,
2619 1855 2672 1901 et
2752 1856 3023 1899 mensam.
3083 1848 3133 1893 te
3217 1834 3527 1898 laudamus,
3609 1843 3644 1883 o

1995 1958 2039 2016 Β
2067 1950 2243 1997 casta.

2134 2031 2670 2105 334Postpartum
2690 2022 3055 2082 venerandum
3085 2018 3272 2087 Virgo,
3305 2021 3480 2079 casta,
3517 2026 3642 2065 eon.

2066 2133 2281 2179 servata
2294 2137 2372 2187 es,
2386 2135 2418 2175 ο
2436 2129 2623 2175 sancta
2639 2118 2885 2187 Deipara:
2908 2119 3193 2183 propterea
3214 2117 3264 2160 te
3276 2118 3465 2159 omnes
3476 2114 3642 2168 ange-

2068 2214 2243 2267 lorum
2269 2211 2443 2276 chori,
2465 2218 2624 2279 atque
2654 2208 2934 2263 hominum
2962 2199 3343 2274 generationes
3376 2195 3643 2249 universae

2064 2305 2291 2361 vocibus
2319 2301 2719 2359 incessantibus
2744 2299 3077 2361 eollaudant,
3101 2310 3133 2350 o
3158 2306 3293 2363 pura
3316 2288 3474 2344 sedes
3496 2286 3643 2341 illius

2068 2398 2160 2468 qui
2194 2397 2340 2451 nullo
2357 2403 2537 2466 potest
2562 2394 2681 2449 loco
2716 2389 3011 2448 contineri.

2139 2489 2385 2544 Carbone
2442 2485 2758 2557 puriﬁcatus
2787 2493 2872 2540 est
2925 2479 3240 2551 lsaias,qui
3302 2472 3642 2549 spiritualem

2068 2584 2353 2639 carbonem
2376 2580 2681 2636 vaticinans
2699 2576 3029 2648 praedicat-it,
3051 2590 3117 2629 ex
3137 2584 3255 2641 te,o
3282 2571 3464 2641 Virgo,
3485 2569 3643 2622 inex-

2069 2675 2344 2745 cogitabili
2391 2674 2600 2727 ratione
2650 2673 3014 2734 incarnatum,
3056 2666 3151 2738 qui
3195 2663 3492 2720 materialia
3523 2676 3647 2716 om-

2071 2767 2220 2822 nium
2254 2773 2476 2835 peccata
2531 2761 2827 2826 comburit,
2854 2769 3209 2829 nostramque
3255 2766 3506 2812 naturam
3543 2752 3645 2808 mi-

2070 2859 2421 2915 sericorditer
2448 2856 2687 2919 deiﬁeat,
2718 2870 2749 2909 ο
2781 2852 3310 2908 immaculatissima.

2142 2950 2185 3005 0
2218 2965 2375 3021 pura,
2408 2965 2529 3019 qua:
2559 2948 2696 3002 lueis
2730 2944 3100 3000 habitaculum
3150 2942 3289 2997 facta
3327 2956 3408 3005 es,
3443 2936 3647 2992 illumi-

2072 3058 2140 3096 na
2191 3040 2422 3111 pupillas
2471 3039 2667 3093 anima:
2726 3052 2880 3101 meae,
2918 3034 3106 3089 multis
3162 3032 3367 3086 inimici
3430 3028 3647 3084 insidiis

2073 3137 2423 3199 obseuratas;
2452 3140 2507 3186 et
2567 3129 2653 3185 fac
2683 3144 2767 3184 me
2809 3128 3028 3197 dignum
3076 3132 3136 3179 ut
3195 3123 3476 3194 perspicue
3509 3134 3648 3190 puro

2075 3225 2239 3282 corde
2295 3223 2492 3278 intueri
2555 3221 2760 3292 possim
2818 3220 3143 3273 nitorcmcx
3182 3224 3233 3271 te
3293 3229 3457 3285 supra
3480 3226 3643 3283 quam

1993 3292 2038 3353 C
2074 3328 2255 3375 mente
2281 3314 2492 3385 concipi
2533 3313 2729 3386 possit,
2761 3311 3147 3382 lulgurantem.

1599 3459 1685 3514 Ea:
1717 3473 1915 3513 canone
1942 3455 2088 3526 feria:
2123 3468 2182 3508 ιι.
2212 3450 2362 3506 hebd.
2392 3464 2443 3503 ν.

463 3579 625 3635 Lucis
657 3577 993 3633 domicilium
1040 3576 1203 3644 facta,
1229 3593 1262 3633 ο
1305 3577 1763 3649 νίτκοηίιιιιιιιίιιο
1795 3575 1976 3647 pupil-

391 3672 475 3726 las
505 3670 700 3723 animae
728 3684 859 3724 mea:
898 3668 1148 3738 plurimis
1180 3671 1348 3725 hostis
1374 3672 1589 3727 insidiis
1618 3673 1969 3734 obscuratas,

394 3770 450 3817 et
501 3762 726 3832 dignum
765 3776 853 3815 me
905 3759 1011 3825 fac,
1040 3770 1101 3814 ut
1140 3762 1284 3819 clare
1346 3765 1528 3819 videre
1571 3763 1778 3834 possim
1839 3777 1976 3832 puro

393 3854 560 3909 eorde
615 3854 745 3908 illud
780 3854 979 3925 jubar,
1018 3856 1164 3923 quod
1213 3871 1276 3911 ex
1330 3865 1381 3912 te
1425 3872 1587 3926 supra
1641 3855 1837 3911 mentis
1885 3870 1976 3909 ea-

394 3957 547 4020 ptum
574 3947 820 4015 eﬂ'ulsit.,'

464 4042 697 4096 Exortus
729 4052 811 4097 est
850 4041 1125 4098 formosus
1177 4051 1238 4097 ut
1294 4039 1539 4111 Sponsus
1587 4055 1655 4095 ex
1710 4037 1967 4101 mortuis,

392 4134 487 4206 qui
530 4134 775 4190 bonitate
819 4151 915 4191 sua
971 4136 1329 4206 cogitationes
1366 4134 1683 4199 excedente,
1752 4147 1817 4187 ex
1860 4130 1969 4185 tuis

395 4228 701 4283 visceribus
758 4228 1076 4283 incarnatus
1115 4235 1220 4283 est.
1285 4226 1464 4293 Quare
1507 4226 1621 4281 visa
1670 4240 1794 4279 cum
1835 4236 1971 4293 apo-

398 4318 553 4373 stolis
609 4319 1011 4374 resurrectione
1085 4328 1208 4388 post
1282 4318 1566 4383 triduum,
1607 4316 1758 4371 illum
1806 4312 1973 4385 glori-

398 4413 593 4468 ﬁcasti.

468 4503 642 4571 Quam
673 4506 1000 4563 venerabilis
1028 4516 1112 4562 est
1136 4516 1323 4577 partus
1345 4515 1493 4572 tuus,
1515 4521 1548 4561 ο
1574 4504 1972 4569 laudatissima,

2076 3573 2179 3629 rati
2207 3573 2508 3627 clamamus
2544 3585 2556 3622 :
2586 3566 2767 3631 Salve,
2792 3550 2834 3620 ὀ
2863 3562 3109 3620 omnium
3144 3557 3425 3614 hominum
3448 3552 3598 3609 salus
3632 3568 3647 3604 :

2075 3666 2245 3729 salve,
2269 3662 2496 3733 eollapsi
2524 3661 2715 3716 mundi
2736 3659 2965 3715 erectio.

2145 3759 2281 3813 Eum
2338 3757 2433 3826 qui
2484 3754 2718 3809 mortuis
2773 3751 3004 3819 inspirat
3031 3748 3218 3809 vitam,
3260 3751 3317 3796 ut
3365 3736 3576 3799 vidisti,
3616 3748 3649 3789 ο

2074 3850 2608 3911 immaculatissima,
2638 3862 2669 3901 e
2729 3844 2983 3913 sepulcro
3030 3839 3330 3894 redivivum
3372 3848 3496 3886 cum
3532 3829 3651 3899 glo-

2076 3943 2177 4005 ria,
2222 3941 2424 4009 repleta
2469 3955 2529 3994 es
2563 3937 2852 3993 dulcedine
2897 3931 3086 3997 animi,
3120 3930 3394 3983 clamans:
3431 3922 3531 3976 Fili
3576 3918 3649 3974 mi

2078 4044 2131 4088 et
2164 4035 2303 4088 Deus
2340 4035 2435 4094 mi,
2470 4031 2755 4104 magnilieo
2782 4037 2930 4083 tuam
2964 4024 3291 4095 cogitatione
3314 4016 3649 4089 superiorem

2079 4128 2490 4199 benignitatem.

2441 4218 2519 4272 Ex
2551 4232 2746 4271 canone
2772 4214 2918 4284 feria:
2951 4227 3033 4277 ιιι,
3064 4208 3217 4263 hebd.
3248 4222 3300 4260 v.

2151 4314 2471 4368 lncarnatns
2502 4311 2652 4364 visus
2692 4316 2774 4362 est
2803 4322 2867 4361 ex
2904 4303 3262 4375 sanguinibus
3292 4298 3402 4353 tuis
3457 4290 3650 4350 inetia-

2083 4404 2285 4469 btliter,
2316 4418 2349 4457 o
2406 4400 2738 4464 castissima,
2789 4390 3331 4467 supersubstantialis
3396 4386 3563 4445 Deus.
3598 4392 3653 4437 et

2086 4506 2365 4568 reputatus
2403 4496 2544 4549 inter
2572 4502 2818 4547 mortuos
2851 4491 2939 4544 ille
2969 4487 3061 4556 qui
3106 4493 3190 4540 est
3240 4481 3487 4536 omnium
3518 4478 3649 4540 vita,

398 4610 496 4665 per
528 4610 691 4665 quem
722 4611 822 4650 nos
851 4611 1043 4653 omnes
1073 4597 1141 4651 ab
1170 4597 1415 4652 horribili
1449 4570 1801 4651 damnatione
1838 4594 1972 4650 libe-
2009 4576 2051 4632 θ
2078 4594 2326 4663 potenter
2376 4588 2676 4644 resurrexit
2710 4604 2722 4639 :
2756 4582 2915 4655 335
2971 4594 3134 4650 quem
3201 4587 3257 4631 tu
3294 4588 3419 4629 cum
3482 4570 3654 4628 vidis-

469 4775 582 4846 (64)
623 4777 790 4831 Porro
814 4775 875 4831 Β.
910 4774 1077 4846 Virgo
1102 4775 1197 4830 Dei
1227 4774 1524 4831 Thalamus
1551 4775 1778 4829 minime
1803 4774 1974 4830 unde-

398 4862 640 4915 quaque,
683 4847 735 4901 id
776 4856 881 4912 est,
917 4847 1064 4900 omni
1106 4862 1171 4902 ex
1205 4857 1375 4916 parte,
1405 4856 1565 4916 atque
1593 4846 1746 4900 omni
1789 4862 1855 4916 ex
1887 4861 1976 4912 ge-

401 4918 709 4999 nerenluee
756 4929 1125 4999 coruscasset,
1156 4918 1206 4999 si
1247 4919 1301 4970 in
1339 4917 1459 4999 ipso
1481 4915 1811 4999 ’primnosni
1844 4930 1976 4999 esse

400 4988 696 5111 principio,
734 4989 888 5041 tetris
932 4987 1220 5058 originalis
1254 4985 1462 5055 peccati
1512 4985 1755 5040 tenebris
1806 4985 1976 5039 obvo-

426 5068 513 5111 uta
544 5060 908 5111 apparuisset.
960 5058 1035 5111 De
1068 5058 1169 5111 hoc
1200 5066 1380 5110 autem
1441 5059 1530 5111 Dei
1577 5057 1843 5110 Tlialaino
1892 5056 1975 5109 lo-

426 5068 513 5111 uta
544 5056 908 5127 apparuisset.
960 5056 1169 5111 De'hoe
1200 5066 1380 5110 autem
1441 5059 1530 5111 Dei
1577 5057 1843 5110 Tlialaino
1892 5056 1975 5127 lo-

402 5125 593 5196 quens
626 5128 1000 5183 Bernardinus
1039 5128 1321 5182 Bustensis
1359 5128 1413 5182 in
1450 5127 1682 5192 Mariali,
1715 5142 1883 5181 serm.
1915 5125 1969 5187 6,

400 5201 465 5253 de
514 5198 885 5267 Conceptione,
939 5207 1078 5266 part.
1118 5214 1156 5263 ι,
1186 5198 1262 5252 ait
1311 5199 1449 5253 inter
1497 5199 1599 5251 alia
1637 5215 1649 5251 :
1684 5216 1700 5248 ι
1739 5196 1875 5264 Quis
1917 5196 1974 5250 in

402 5272 544 5325 lecto
595 5270 787 5331 fetido,
834 5280 887 5322 et
936 5269 1299 5323 immunditiis
1341 5270 1522 5336 pleno,
1562 5268 1746 5337 jacere
1797 5268 1976 5336 potius

405 5341 716 5401 assmtiret.
751 5354 915 5409 quam
950 5339 1004 5391 in
1034 5348 1206 5393 strato
1251 5340 1636 5401 mundissimo,
1667 5347 1722 5393 et
1760 5338 1829 5391 ab
1860 5352 1979 5409 om-

405 5411 567 5464 nibus
594 5406 958 5465 immunditiis
985 5409 1274 5479 elongato?
1306 5410 1476 5464 Nemo
1507 5412 1653 5463 enim
1697 5406 1981 5479 praesumi-

407 5491 496 5534 tur
525 5497 744 5535 earnem
777 5494 931 5533 suam
988 5478 1340 5534 odio’habere
1368 5482 1449 5549 (ut
1480 5480 1659 5549 inquit
1690 5478 1883 5549 Glossa
1926 5478 1980 5549 in

410 5550 722 5632 [lubrieaxg
756 5551 813 5604 In
864 5550 956 5632 jus
988 5550 1165 5632 μυοίη.
1209 5547 1400 5632 Beata.
1419 5547 1583 5619 igitur
1615 5547 1779 5632 Virgo
1816 5548 1982 5632 illaria

407 5621 536 5689 quia
572 5619 844 5700 thalamus
869 5619 1089 5700 divinae
1122 5621 1617 5700 fult-gloriae,__110n
1661 5619 1759 5672 fuit
1799 5619 1980 5700 aliqua

411 5688 621 5758 peccati
667 5692 828 5745 sorde
873 5691 1101 5761 polluta.
1135 5708 1158 5761 ε
1198 5690 1290 5745 Sic
1318 5690 1426 5746 ille.
1454 5690 1594 5745 llinc
1621 5699 1847 5761 sanctus
1871 5688 1956 5742 Me

409 5761 510 5839 lito
547 5761 786 5839 Qsianus
817 5758 1103 5839 episcopus
1127 5758 1439 5839 Sa'rden_sis,
1481 5760 1674 5839 homil.
1706 5758 1979 5839 .de.T_ran-

412 5828 809 5911 situ.__Virginis
854 5828 1066 5911 dixit;
1119 5850 1135 5883 ι
1192 5829 1443 5911 Domine.
1472 5830 1794 5911 plrgeelcgisti
1842 5831 1982 5884 hanc

416 5900 669 5957 ancillam
696 5910 844 5956 luam
879 5902 991 5958 lieri
1022 5901 1428 5959 immaculatum
1460 5902 1556 5959 tibi
1592 5902 1914 5957 thalamum.
1957 5920 1975 5953 ι

2074 4771 2176 4829 Ubi
2208 4770 2342 4825 satis
2369 4768 2650 4823 insinuare
2670 4764 2887 4819 videtur
2915 4759 3116 4829 (inquit
3145 4753 3351 4830 in__s_uis
3376 4748 3655 4830 Exceptio:

2278 4821 2470 4910 ’ὲὶηῑζι
2576 4837 2639 4910 P.
2670 4835 2829 4910 .loan.
2879 4821 3153 4910 Eusebius
3174 4821 3654 4910 .Nieremberggius)

2076 4891 2733 4977 immtinitaiemVirginis
2757 4922 2786 4977 a
2813 4916 3031 4977 peccato
3051 4896 3326 4977 originali.
3352 4908 3475 4977 eum
3504 4891 3658 4943 dixe-

2075 4962 2283 5037 ἧιίἰῶ
2318 4962 2495 5034 solum
2523 4962 2748 5033 electam
2777 4962 3182 5026 imniaeulatum
3211 4966 3304 5040 Dei
3328 4962 3652 5040 thalamum,

2074 5036 2167 5108 sed
2218 5046 2869 5120 prmeleetam,nimirum
2921 5058 3013 5120 per
3067 5037 3345 5117 singulare
3395 5036 3655 5120 puritatis

2074 5100 2502 5193 privilegium-ah
2515 5100 2786 5193 principio
2811 5100 2933 5193 suae.
2958 5100 3365 5190 Conceptionis.
3394 5100 3655 5193 Eamt'lern

2083 5170 2644 5263 alieecatiloﬁrigirnali
2683 5170 3095 5263 i'tnrnunitatu‘m
3142 5170 3424 5263 insinuare
3461 5170 3656 5263 voIluit,

2082 5238 2320 5320 Jo'annes
2357 5238 2646 5316 Geometra
2683 5238 2736 5309 lu
2773 5252 2972 5309 Catena
3001 5251 3186 5305 Graeca
3218 5246 3284 5301 ad
3319 5259 3440 5312 cap.
3474 5238 3655 5320 rLuE.

2859 5322 3180 5399 Τὶξξιιθιηυηι
3229 5308 3661 5399 Ρταῗβίξῖυηξζβί

2088 5383 2489 5473 ἇίὲέέέοῖιιῇῄίῆί
2520 5383 2693 5473 Graeci
2735 5394 2877 5473 apud
2914 5383 3247 5473 .Buteonem,
3296 5395 3350 5440 et
3386 5383 3659 5473 ,Κορου-

2088 5456 2303 5531 durnin
2341 5456 2748 5526 Nomenclatore
2772 5456 3050 5528 'Mariano,
3081 5462 3210 5514 dum
3248 5456 3488 5531 eamdem
3519 5465 3661 5531 nun:-

2089 5526 2305 5614 eupavit
2364 5561 2383 5595 ι
2443 5540 2766 5614 Thalamum
2813 5533 2991 5614 _Verbi
3038 5526 3545 5614 ilicontamitiatum,
3583 5526 3659 5614 et

2090 5595 2414 5671 'Vl‘h'alamum
2473 5610 2712 5680 undique
2751 5608 3105 5680 relucentem.
3147 5621 3165 5652 ι
3200 5595 3481 5680 Quomodo
3510 5595 3658 5680 enim

2090 5686 2393 5740 Thalamus
2442 5673 2765 5753 praepu'rus,
2808 5673 3291 5753 incontan‘rinartus2
3334 5674 3522 5753 atque

2089 5732 2647 5831 ἀίειῑίξ’ῖξιῑιοιέέιξῖέί
2688 5732 3029 5831 irrueret.
3065 5739 3317 5831 τοιάίίεξείο
3351 5732 3659 5831 .²ί2¹ἓ⁸οῗὲ“

2089 5801 2924 5935 £éiliit§ti"p'c'éé§u'anginam
2955 5801 3149 5871 luisset
3199 5801 3493 5880 aliquando
3525 5801 3659 5861 sub-

2089 5900 2260 5935 int-Ine

2086 5900 2300 5955 iectus?
