4038 6606
434 454 570 518 1399

432 583 539 632 ses,
569 560 734 617 animi
776 556 1055 613 alacritate
1102 552 1305 623 repleta
1342 563 1426 615 es,
1452 547 1702 601 eumdem
1754 539 2001 613 magnili-
2028 537 2079 597 Α

432 674 585 716 cans.

499 747 684 801 Jesum
710 756 869 812 quem
897 751 1123 807 corpore
1148 730 1373 789 induisti
1397 742 1563 799 supra
1593 723 2000 795 cogitationem,

433 848 584 894 essta
642 835 890 896 Domina,
945 828 1328 884 resuscitatum
1397 822 1617 876 intuens
1672 832 1702 872 e
1750 814 1999 878 mortuis,

433 929 709 985 clamabas
739 944 752 978 :
777 926 950 990 Quam
975 921 1219 991 speciosa
1251 912 1603 987 pulchritudo
1642 907 1874 974 tua,Fili
1904 906 1998 971 mi,

436 1039 530 1092 per
554 1035 715 1090 quam
742 1016 809 1071 ad
838 1015 1113 1083 antiquam
1140 1010 1367 1065 formam
1394 1004 1564 1060 Adam
1588 1015 1733 1055 nunc
1761 1004 2001 1053 mutatus

436 1120 753 1175 renovatur,

506 1202 750 1258 Luminis
773 1200 846 1255 tui
881 1194 1050 1252 radiis
1079 1191 1284 1260 dissipa
1313 1202 1446 1243 meae
1497 1181 1845 1255 ignorantia},
1877 1177 2001 1233 Dei-

435 1313 584 1367 para,
610 1293 918 1364 caliginem,
938 1297 998 1343 ut
1030 1285 1149 1341 ﬁdei
1180 1283 1401 1338 vocibus
1427 1278 1714 1351 praedicem
1744 1281 2003 1345 perpetuo

439 1386 712 1443 mirabilia
744 1394 857 1439 tua.

788 1491 873 1545 Ea:
914 1504 1109 1543 canon:
1139 1487 1285 1556 feriw
1311 1498 1380 1537 Iv.
1414 1482 1564 1536 hebd.
1599 1495 1651 1534 v.

508 1606 611 1673 Qui
673 1599 971 1657 secundum
1049 1595 1322 1667 propriam
1400 1600 1649 1645 naturam
1716 1584 2003 1641 invisibilis

438 1705 577 1758 erat,
608 1690 837 1746 visibilis
891 1694 975 1742 est
1011 1685 1186 1739 factus
1240 1684 1554 1736 incarnatus
1590 1693 1656 1733 ex
1710 1686 1791 1741 te,
1828 1675 2004 1729 incul-

440 1784 717 1855 patissimu
773 1779 1022 1845 Domina,
1050 1786 1102 1831 et
1165 1787 1377 1830 crucem
1438 1779 1775 1838 mortemque
1816 1767 2002 1821 volens

440 1874 724 1930 sustinuit.

510 1963 642 2028 Qua:
676 1961 961 2014 Dominum
1012 1955 1179 2010 Deum
1242 1951 1497 2023 peperisti
1554 1949 1679 2003 vitae
1730 1946 2001 2016 mortique

440 2053 836 2111 dominantem,
867 2048 932 2101 da
968 2046 1145 2109 nobis,
1171 2060 1204 2097 ο
1233 2052 1404 2104 easta,
1443 2038 1746 2093 dominium
1775 2036 2002 2090 evadere

441 2144 758 2201 insidiantis
786 2148 986 2196 nostra:
1007 2139 1213 2193 liberali
1239 2134 1457 2205 maligni
1491 2131 1680 2186 hostis.

514 2234 583 2288 Ut
636 2244 787 2305 porta
837 2231 975 2286 lucis
1037 2244 1103 2282 ex
1158 2227 1271 2281 orci
1341 2221 1765 2294 penetrabilibus
1834 2222 2002 2274 solem

439 2324 634 2380 intuita
711 2331 980 2384 exortum,
1038 2316 1227 2387 Virgo,
1288 2325 1343 2370 ct
1418 2313 1823 2370 collustrantem
1900 2319 2007 2363 ter-

439 2423 619 2477 minos
656 2429 835 2485 terrar,
870 2417 1053 2473 divina
1083 2413 1350 2483 completa
1396 2426 1457 2467 es
1512 2409 1797 2477 suavitate,
1831 2407 2006 2462 incul-

438 2514 741 2586 patissima.

798 2620 881 2675 Ea:
908 2636 1102 2674 canone
1135 2618 1281 2687 ferite
1313 2635 1363 2672 v.
1387 2615 1537 2670 hebri.
1571 2632 1621 2671 γ.

507 2736 647 2790 Cum
678 2732 875 2789 Filium
910 2741 1059 2785 tuum
1126 2743 1155 2782 e
1208 2726 1457 2795 sepulcro
1509 2734 1876 2795 resurgentem
1928 2724 2007 2777 vi-

440 2828 637 2891 disses,
668 2842 699 2880 ο
739 2824 898 2895 Virgo
935 2821 1192 2876 inviolata
1227 2816 1366 2889 (65),
1397 2832 1519 2871 cum
1560 2816 1705 2889 illius
1750 2817 2008 2887 apostolis

439 2919 734 2991 gaudebas,
764 2932 887 2973 cum
930 2914 1127 2985 quibus
1162 2922 1215 2965 te
1243 2910 1630 2979 gloriﬁcamus.

512 3013 677 3069 Serva
704 3027 791 3066 me
825 3011 892 3064 ab
926 3010 1047 3079 igne
1082 3007 1338 3076 gehennae
1366 3011 1420 3057 et
1449 3002 1517 3056 ab
1549 3010 1746 3057 wtcrna
1782 3002 2007 3055 damna-

439 3106 611 3170 tione,
646 3101 1040 3156 immaculata:
1089 3096 1279 3163 frange
1331 3093 1801 3163 perturbationum
1861 3107 2006 3145 mea-

439 3213 559 3250 rum
586 3196 956 3249 vehementem
1002 3188 1319 3261 procellam,
1346 3195 1400 3242 et
1426 3185 1599 3254 dirige
1629 3200 1715 3240 me
1741 3183 1823 3238 .ad
1853 3191 2006 3238 tran-

442 3288 641 3360 quillos
669 3287 791 3340 vitae
823 3295 1034 3355 portus.
1522 3282 1525 3289 ’

510 3379 706 3433 Vidisti
737 3378 1017 3432 Christum
1077 3372 1458 3430 resuscitatum
1508 3385 1629 3424 cum
1687 3368 2007 3423 mulieribus

441 3482 716 3542 unguenta
750 3469 1069 3531 ferentibus,
1096 3478 1147 3520 et
1176 3480 1438 3521 converso
1468 3465 1520 3516 in
1552 3463 1805 3531 gaudium
1838 3462 2006 3526 luctu,

441 3565 593 3618 illum
620 3562 983 3633 glurilirabas.
1029 3558 1181 3614 Unde
1235 3558 1342 3613 alta
1378 3572 1509 3612 voce
1535 3565 1586 3609 te
1610 3554 1817 3610 lelicem
1866 3570 2006 3624 pra:-

442 3656 711 3717 dicamus,
743 3652 832 3708 Dei
864 3652 1131 3707 Genitrix.

442 3793 600 3864 337
638 3789 720 3844 Ex
764 3805 960 3844 canone
1006 3786 1293 3867 Dominicw
1344 3799 1397 3849 v,
1447 3786 1500 3836 in
1544 3781 1750 3838 Caecum
1780 3798 1813 3835 a
1850 3779 2011 3834 Nati-

1137 3864 1311 3910 vitate.

512 3952 705 4005 Alvum
753 3960 904 4003 tuam
959 3946 1197 4016 conjugii
1241 3951 1515 4013 expertem
1548 3942 1874 3997 inhabitavit
1905 3940 2009 3993 Do-

441 4044 646 4107 minus,
678 4057 709 4095 ο
735 4039 924 4110 Virgo,
954 4054 1050 4108 per
1090 4038 1300 4091 viscera
1328 4034 1734 4089 miserationum
1782 4047 2007 4088 suarum

442 4136 649 4189 salvum
684 4132 861 4187 facere
896 4131 1082 4184 volens
1116 4127 1396 4181 hominem
1444 4133 1764 4192 corruptum
1802 4123 2005 4177 astutia

441 4226 669 4280 inimici.
726 4225 881 4279 llunc
930 4224 1088 4294 igilur
1138 4222 1386 4284 obsecra,
1435 4226 1495 4271 ut
1539 4216 1815 4271 civitatem
1869 4217 2009 4271 banc

442 4319 588 4374 omni
613 4318 824 4374 excidio
859 4318 1066 4380 liberet,
1100 4323 1153 4368 et
1184 4311 1496 4365 incursione
1518 4311 1780 4379 gentium.

512 4413 775 4481 Virginali
806 4426 871 4464 ex
900 4417 1087 4464 ventre
1133 4404 1389 4475 peperisti
1438 4403 1607 4457 Deum
1638 4403 2004 4466 incarnatum,

442 4518 470 4557 a
512 4518 620 4575 quo
648 4504 898 4571 impetra,
930 4497 1275 4555 sanctissima
1305 4492 1555 4561 Domina,
1593 4502 1649 4547 ut
1679 4494 2005 4558 misereatur

442 4598 635 4651 nostri.

510 4689 727 4743 Partum
759 4698 931 4754 tuum,
963 4690 1297 4760 incorrupta,
1330 4700 1521 4744 natura
1545 4688 1874 4757 superiorem
1894 4686 2009 4757 glo-

442 4781 739 4843 rilicamus,
773 4781 981 4835 beatam
1032 4790 1103 4845 te,
1153 4782 1607 4851 inculpatissima,
1666 4778 1770 4833 title
1818 4779 2011 4847 praedi-

442 4883 649 4938 cantes,
684 4881 941 4942 tanquam
978 4872 1069 4928 Dei
1098 4874 1477 4930 universorum
1513 4871 1862 4927 Genitriccm.

511 4963 795 5030 Quomodo
851 4966 1105 5035 peperisti
1151 4966 1269 5021 sine
1321 4965 1493 5020 virilis
1550 4963 1755 5033 capula:
1800 4962 2007 5032 experi-

442 5067 646 5120 mento,
677 5074 709 5111 o
733 5068 878 5114 casta
912 5058 1075 5127 Virgo
1100 5058 1306 5112 Mater?
1324 5058 1597 5127 quomodo
1621 5055 1838 5109 nutristi
1858 5071 2006 5117 eum,

441 5148 533 5219 qui
565 5149 846 5205 universas
870 5150 1039 5204 nutrit
1074 5148 1389 5205 creaturas?
1413 5145 1482 5201 Ut
1510 5148 1626 5218 ipse
1651 5147 1803 5202 solus
1835 5148 2007 5213 novit,

440 5241 534 5309 qui
570 5241 810 5297 universi
837 5252 920 5297 est
950 5252 1140 5298 auctor
1171 5252 1225 5297 et
1252 5240 1413 5295 Deus.

512 5399 621 5470 (65)
660 5398 760 5453 llic
810 5399 996 5470 titulus
1044 5396 1338 5470 Inviolatae,
1375 5412 1482 5451 non
1539 5396 1715 5450 solum
1767 5394 2005 5451 ostendit

441 5468 812 5551 B._‘7Virginem
850 5469 1021 5551 fuisse
1073 5469 1336 5551 illibatam
1369 5470 1688 5551 incorpore
1728 5483 1822 5549 per
1854 5470 1999 5548 inte.

438 5537 688 5619 gritatein
727 5539 1077 5619 virginitatis,
1104 5542 1194 5593 sed
1230 5538 1688 5619 etia_m_illibatam_
1730 5537 1786 5619 in
1818 5537 1998 5619 anima

443 5606 537 5691 per
554 5606 951 5691 immunitatem
975 5625 1004 5691 a
1028 5619 1249 5691 peccato
1262 5606 1725 5691 _origin.ali.nUnde
1750 5606 1805 5661 P.
1838 5607 1994 5660 Joan.

441 5677 710 5751 Eusebius
760 5676 1195 5751 Nierembergius
1261 5680 1315 5733 in
1360 5676 1487 5751 suis
1544 5676 1949 5744 Exceptionibus
1983 5715 1996 5739 ,

443 5763 587 5833 pag.‘
626 5746 1357 5833 376._observat'sanctutn
1406 5746 1642 5802 Leonem
1695 5762 1885 5816 papam
1943 5749 1997 5833 in

440 5817 692 5901 {Epistola'
721 5820 787 5877 ad
830 5818 1101 5901 Juligjnum
1144 5821 1451 5901 _Coqnsem,_
1478 5834 1599 5901 qua:
1636 5827 1811 5897 eastat
1858 5817 1999 5885 apud

440 5887 654 5945 Binium
681 5889 735 5945 in
765 5889 1476 5959 concilio_Cltalcedonensi,
1510 5887 1638 5944 dum
1673 5887 1726 5942 in
1755 5903 1819 5945 ca
1844 5896 2001 5945 vocat

1556 436 1616 494 S.
1653 428 1965 492 JOSEPHI
2006 419 2562 486 HYMNOGRAPHI

3534 402 3673 465 1100

2409 532 2490 585 Ex
2506 544 2705 585 canona
2731 528 2785 581 in
2804 524 3096 582 Parasceve
3125 522 3277 579 Itebd.
3317 534 3367 573 v.

2177 660 2373 715 Sancta
2405 652 2856 725 inculpatissima,
2887 659 3135 707 sanctum
3170 648 3222 701 in
3272 645 3477 700 sanctis
3511 643 3672 713 quie-

2104 762 2343 809 scentem
2381 751 2561 812 enixa,
2588 749 2732 801 hunc
2770 754 2827 800 ut
2881 742 3061 796 vidisti
3092 756 3122 795 e
3160 739 3409 808 sepulcro
3457 736 3675 803 fulgen-

2107 854 2213 898 tem
2240 843 2380 897 sicut
2413 853 2678 909 sponsum
2715 851 2781 890 ex
2825 834 3091 896 thalamo,
3118 828 3357 884 extulisti
3397 825 3673 888 laudibus,

2106 934 2489 1003 benignitatem
2522 931 2640 1000 ejus
2672 925 3081 983 commendans.

2176 1026 2331 1081 Sicut
2362 1040 2427 1079 ex
2486 1032 2537 1077 te
2588 1020 2792 1091 prodiit
2826 1017 2968 1070 Deus
3030 1030 3084 1068 in
3149 1021 3451 1082 aspectum,
3482 1008 3671 1079 Virgo,

2104 1116 2331 1172 minime
2359 1112 2647 1184 resignatis
2703 1106 3028 1177 virginitatis
3071 1115 3175 1158 tuae
3222 1100 3553 1171 signaculis;
3599 1100 3672 1151 ita

2104 1222 2135 1262 e
2173 1205 2421 1275 sepulcro
2479 1202 2702 1259 emicuit
2731 1199 2929 1270 signati
2976 1195 3172 1265 lapidis
3210 1192 3464 1247 inviolata
3499 1190 3672 1258 sigilla

2104 1298 2377 1366 linquens,
2402 1308 2513 1364 quo
2552 1293 2667 1348 viso
2702 1286 3161 1359 superabundasti
3204 1282 3399 1355 gaudio
3449 1281 3675 1336 benedi-

2104 1405 2233 1444 cens
2254 1388 2490 1443 divinam
2527 1386 2645 1454 ejus
2678 1383 2996 1453 potentiam.

2175 1480 2310 1534 Eum
2342 1479 2435 1550 qui
2467 1489 2601 1532 nutu
2633 1476 2734 1531 fert
2763 1481 2955 1529 cuneta
3001 1470 3171 1524 Deum
3233 1475 3388 1523 utero
3422 1463 3671 1535 gestasli,

2105 1572 2288 1641 Virgo,
2318 1571 2517 1625 factum
2546 1568 2825 1624 hominem
2880 1579 2975 1634 per
3006 1577 3160 1617 suam
3215 1555 3668 1616 misericordiam,

2106 1665 2214 1719 Deo
2244 1662 2574 1734 gratissima.
2607 1658 2780 1725 Quem
2817 1656 2976 1711 enixe
3006 1668 3135 1723 roga
3168 1661 3226 1707 ut
3256 1649 3524 1703 illuminet
3551 1660 3672 1700 cor-

2104 1756 2170 1809 da
2205 1763 2391 1808 nostra
2440 1749 2863 1808 beatiﬁcantium
2911 1755 2963 1802 te
2993 1753 3253 1814 tanquam
3310 1749 3513 1796 castam
3548 1751 3675 1793 vere

2036 1874 2080 1929 Β
2107 1848 2201 1903 Dei
2235 1845 2586 1902 Genitricem.

2484 1968 2569 2023 Ea:
2596 1983 2794 2022 canone
2826 1963 3050 2019 Sabbati
3075 1960 3225 2016 hebd.
3257 1973 3311 2012 v.

2174 2081 2398 2138 Excedit
2418 2095 2632 2135 omnem
2654 2075 3040 2147 cogitationem
3061 2070 3275 2126 divinus
3298 2077 3486 2138 partus
3509 2077 3633 2120 tuus
3653 2081 3670 2119 ;

2105 2176 2483 2230 universorum
2544 2171 2688 2227 enim
2750 2168 3010 2223 factorem
3069 2172 3122 2217 et
3179 2160 3346 2216 Deum
3400 2160 3453 2213 in
3513 2169 3679 2213 carne

2108 2269 2279 2335 paris,
2305 2281 2467 2338 quem
2514 2276 2758 2335 precare,
2799 2276 2833 2316 o
2878 2258 3130 2322 Domina,
3177 2267 3276 2324 pro
3331 2265 3542 2319 eorum,
3582 2248 3676 2320 qui

2108 2358 2296 2414 laudes
2324 2368 2443 2413 tuas
2468 2364 2688 2419 canunt,
2721 2353 2916 2408 salute.

2184 2447 2344 2517 Virgo
2375 2456 2495 2516 post
2534 2452 2770 2514 partum,
2813 2450 2873 2495 ut
2936 2446 2990 2492 et
3036 2445 3160 2490 ante
3189 2444 3403 2503 partum
3462 2432 3670 2495 fueras,

2108 2557 2142 2594 o
2168 2551 2340 2601 casta.
2373 2535 2688 2607 apparuisti.
2722 2533 2888 2603 Leges
2915 2529 3056 2582 enim
3090 2528 3141 2580 iu
3176 2536 3227 2580 te
3256 2536 3481 2590 natura,
3508 2539 3541 2578 ο
3572 2524 3677 2577 im-

2110 2629 2396 2691 maculata,
2436 2627 2734 2680 immutata:
2781 2632 2927 2677 sunt.
2972 2617 3261 2688 Pt‘Opterea
3299 2624 3371 2679 te,
3431 2630 3465 2669 ο
3501 2622 3674 2679 casta,

2111 2721 2297 2774 lideles
2331 2719 2541 2772 beatam
2573 2716 2826 2772 dicimus.

2180 2810 2343 2881 Virgo
2390 2811 2443 2864 in
2505 2817 2657 2862 utero
2694 2804 2925 2874 concipit
2968 2804 3157 2859 mundi
3214 2815 3382 2857 unum
3440 2798 3679 2865 impera-

2114 2914 2285 2958 torem
2341 2900 2510 2954 Deum
2562 2900 2802 2953 humana
2862 2894 3113 2950 indutum
3165 2910 3349 2960 carne,
3398 2905 3558 2963 quam
3617 2895 3679 2941 ut

2110 2996 2507 3066 imperatricem
2561 2992 2709 3046 Orbis
2753 2998 2806 3047 et
2856 2988 3163 3052 Dominam,
3194 2988 3384 3042 merito
3438 2981 3680 3037 celebra-

2110 3104 2252 3143 "HIS.

2180 3178 2521 3248 lquinatum
2580 3173 2633 3229 in
2685 3183 2738 3229 te
2783 3169 3108 3226 miraculum
3162 3165 3389 3228 exstitit,
3424 3162 3678 3231 Deipara,

2112 3278 2283 3325 mater
2308 3269 2454 3323 enim
2480 3267 2667 3320 cadent
2691 3273 2744 3320 et
2769 3261 2932 3333 Virgo
2953 3260 3099 3315 nulla
3127 3273 3364 3327 unquam
3394 3269 3423 3308 a
3454 3252 3677 3317 sarculo,

2111 3372 2307 3430 prater
2347 3370 2418 3422 te,
2447 3359 2557 3412 visa
2598 3365 2700 3421 est,
2732 3369 2852 3425 qua:
2886 3354 3056 3407 Deum
3114 3352 3461 3405 incarnatum
3495 3346 3676 3406 enixa,

2111 3451 2276 3523 Virgo
2303 3461 2425 3521 post
2452 3459 2664 3520 partum
2695 3443 3040 3517 permansisti
3076 3460 3090 3497 :
3118 3439 3472 3511 quamobrem
3495 3435 3678 3490 uincti

2113 3558 2165 3605 te
2198 3547 2381 3602 ﬁdeles
2417 3545 2502 3615 pie
2538 3541 2846 3597 laudamus.

2122 3772 2225 3823 Ἐκ
2252 3768 2354 3823 τοῦ
2380 3767 2643 3831 Κανόνος
2689 3761 2797 3832 τῆς
2844 3756 3140 3827 Κυριακῆς
3170 3761 3234 3821 ε’,
3265 3753 3371 3809 τοῦ
3419 3748 3676 3821 τυφλοῦ.

2183 3952 2412 4021 Μήτραν
2472 3966 2565 4002 σου
2620 3945 2993 4016 ἀπειρόγαμον
3052 3945 3152 4011 τὴν
3181 3941 3277 4012 σὴν
3330 3938 3672 4009 κατῴκησεν,

2121 4043 2282 4113 ἁγνὴ,
2318 4041 2522 4112 Κύριος
2542 4039 2630 4092 διὰ
2658 4036 2943 4105 σπλάγχνα
2973 4032 3272 4103 οἰκτιρμῶν
3296 4031 3467 4083 σῶσαι
3495 4027 3678 4097 βουλό-

2117 4151 2274 4203 μενος
2300 4132 2391 4186 τὸν
2445 4129 2719 4201 φθαρέντα
2748 4127 3037 4197 ἄνθρωπον
3080 4126 3203 4186 ταῖς
3254 4120 3554 4193 μεθοδείαις
3583 4117 3675 4170 τοῦ

2118 4222 2349 4296 ὲχοροῦ’
2387 4223 2549 4275 αὐτὸν
2588 4220 2678 4274 οὖν
2713 4220 2921 4296 ἱκέτευτ
2964 4217 3063 4285 τὴν
3088 4214 3241 4268 πόλιν
3274 4213 3477 4281 ταύτην
3510 4209 3679 4273 σώζε-

2115 4290 2240 4373 σδαι
2264 4317 2440 4387 πάσης
2470 4313 2721 4376 ἁλώσεως
2745 4312 2839 4364 καὶ
2867 4290 2960 4379 till
2972 4308 3079 4378 ρῶν
3105 4304 3424 4375 ἐπιδρομῆς.

2182 4406 2523 4478 Παρθενικῆς
2556 4403 2661 4457 ἀπὸ
2690 4399 2921 4470 γαστρὸς
2951 4395 3269 4465 ἀπεκύησας
3309 4394 3440 4445 Θεὸν
3478 4407 3674 4459 aesop-

2116 4498 2383 4569 κωμένον,
2417 4496 2475 4550 ὃν
2510 4491 2951 4563 κατοικτειρῆσαι
2998 4488 3143 4560 ἡμᾶς
3169 4486 3407 4556 αἵτησαι,
3436 4480 3677 4549 παναγία

2040 4564 2085 4620 D
2113 4594 2394 4646 Δέσποινα.

2186 4685 2287 4738 Τὸν
2327 4684 2485 4737 τόκον
2515 4700 2629 4745 σου,
2664 4679 2917 4749 ἄχραντε,
2942 4674 3032 4727 τὸν
3086 4670 3225 4741 ὑπὲρ
3270 4670 3432 4739 φύσιν
3470 4670 3678 4735 60507.0-

2115 4778 2319 4848 γοῦμεν
2346 4774 2739 4845 μακαρίζοντες
2766 4770 2943 4824 πίστει
2971 4783 3054 4832 σε,
3082 4764 3410 4833 πανὰμωμε,
3442 4762 3516 4826 ὡς
3542 4759 3673 4814 Θεοῦ

2106 4870 2215 4922 τῶν
2254 4868 2389 4921 ὅλων
2419 4866 2762 4937 λοχεύτριαν.

2176 4960 2299 5024 Πῶς
2358 4958 2583 5019 τέτοκας
2635 4956 2708 5027 μὴ
2765 4950 2987 5022 γνοῦσα,
3044 4948 3467 5019 Παρθενομῆτορ
3513 4944 3672 5012 ἁγνὴ,

2108 5054 2303 5119 πεῖραν
2347 5050 2559 5119 ἀνδρὸς,
2586 5046 2985 5117 Θεοχαρὶτωτες
3032 5041 3148 5103 πῶς
3182 5040 3405 5108 τρέφεις
3437 5038 3525 5090 τὸν
3578 5037 3673 5103 τὴν

2108 5144 2285 5199 κτίσιν
2308 5144 2573 5213 τρέφοντα
2594 5140 2793 5207 ςΜὸνος
2823 5138 2897 5201 ὡς
2926 5137 3210 5188 ἐπίσταται
3238 5132 3398 5196 αὐτὸς
3421 5131 3515 5185 τοῦ
3545 5147 3673 5184 πανο

2107 5238 2197 5300 τὸς
2224 5236 2458 5307 Ποιητὴς
2484 5235 2578 5289 καὶ
2595 5234 2747 5297 Θεός.

2109 5393 2333 5448 Mariam
2367 5393 2704 5453 inviolatam.
2735 5392 2804 5444 ita
2830 5390 3121 5460 appellare,
3159 5387 3282 5457 quia
3315 5385 3457 5460 nulla
3487 5385 3669 5460 sorde,

2110 5476 2221 5518 tum
2257 5466 2376 5533 ejus
2412 5479 2584 5526 mens,
2618 5474 2733 5517 tum
2763 5456 2882 5529 ejus
2905 5456 3063 5533 caro!
3088 5456 3212 5533 laesa
3252 5457 3372 5533 fuit,
3396 5472 3525 5533 cum
3572 5456 3673 5508 hoc

2105 5526 2379 5589 inviolatae
2405 5534 2624 5588 nomine
2668 5526 3001 5599 plus—utatur
3033 5531 3087 5583 S.
3119 5529 3228 5582 Leo
3254 5529 3317 5599 ad
3364 5526 3672 5594 signiﬁcan-

2101 5605 2225 5659 dam
2254 5604 2613 5671 integritatem
2647 5598 2894 5671 Spiritus,
2937 5616 3099 5666 quam
3120 5598 3443 5671 illaesionem
3472 5610 3669 5671 corpo-

2102 5675 2198 5735 ris,
2229 5663 2394 5742 atque
2427 5674 2629 5729 ideirco
2658 5663 2797 5735 saepe
2830 5672 2880 5742 in
2913 5663 3028 5742 suis
3048 5668 3473 5742 epistolisvocat
3506 5663 3669 5742 Deum

2101 5733 2489 5807 inviolabilem,
2519 5733 2839 5812 quippequi
2872 5741 3005 5796 nulli
3043 5733 3365 5810 corruptela:
3396 5733 3669 5791 obnoxius

2102 5817 2173 5871 sit
2198 5826 2457 5888 tanquam
2494 5810 2867 5883 impassibilis.
