4038 6672
425 447 563 512 14ὒ3

1517 443 1577 504 S.
1616 439 1931 504 JOSEPHI
1966 439 2525 501 HYMNOGRAPHI

3528 439 3673 503 1404

496 564 770 634 Virginem
820 570 943 633 post
994 570 1208 632 partum
1245 569 1297 615 te
1327 556 1617 613 laudamus
1647 572 1679 610 ο
1715 556 1941 626 Deipara
1978 569 2030 626 ε,⁴

2170 552 2446 622 Παρθένον
2518 550 2656 623 μετὰ
2714 550 2874 605 τόκον
2927 551 3207 623 ὕμνοῦμέν
3266 570 3348 619 σε,
3376 553 3611 609 Θεοτόκε
3647 572 3666 587 ·

426 665 489 711 ιιι
525 657 670 711 enim
714 655 883 711 Deum
927 653 1159 709 Verbum
1207 653 1552 707 incarnatum
1597 649 1798 709 mundo
1831 662 1988 718 pepe-

427 748 565 802 risti.

497 838 610 909 (67)
648 838 724 891 Te
780 836 978 891 rubum
1042 832 1477 895 incombusttrm,
1523 841 1577 885 et
1626 838 1903 892 montem,
1938 838 1995 883 et

429 930 630 985 scalam
697 930 1026 989 animatam,
1084 935 1138 981 et
1203 935 1411 995 portam
1469 923 1747 977 cmlestem
1802 920 1995 975 merito

431 1024 831 1093 gloriﬁcamus,
897 1036 930 1075 ο
998 1020 1165 1073 Maria
1236 1019 1508 1088 gloriosa,
1564 1014 1993 1071 orthodoxorum

432 1117 625 1185 gloria.

502 1206 602 1271 Qui
638 1215 795 1260 natus
826 1214 907 1259 est
937 1204 1002 1257 de
1039 1202 1281 1273 Virgine,
1327 1216 1487 1269 quam
1543 1197 1824 1269 Deiparam
1868 1197 1998 1252 επε-

434 1299 528 1360 cit,
562 1298 878 1352 benedictus
912 1296 980 1350 sit
1012 1296 1156 1349 Deus
1196 1303 1409 1363 patrum
1438 1302 1774 1346 nostrorum.

505 1392 697 1444 Filium
735 1406 798 1443 ac
830 1389 996 1441 Deum
1055 1388 1124 1443 ob
1157 1403 1311 1442 suam
1356 1387 1640 1456 plurimam
1689 1386 2003 1440 misericor-

437 1484 580 1537 diam
617 1484 682 1537 de
712 1481 933 1551 Virgine
966 1488 1172 1544 natum,
1216 1494 1310 1548 per
1353 1494 1513 1547 quem
1565 1476 1804 1547 Spiritus
1845 1493 2003 1547 para.

439 1577 607 1629 clelus
634 1574 880 1628 ﬁdelibus
910 1572 1113 1626 missus
1140 1580 1242 1633 est,
1283 1570 1592 1625 sacerdotes
1623 1570 1860 1623 laudate.

510 1665 642 1729 Ave,
681 1665 929 1733 Deipara,
958 1660 1125 1714 Mater
1158 1659 1361 1715 Christi
1402 1660 1517 1725 Dei,
1548 1676 1705 1727 quem
1734 1660 2006 1729 peperisti,

442 1752 603 1807 hodie
632 1770 661 1808 e
691 1764 827 1807 terra
856 1751 1155 1806 evolantem
1180 1767 1302 1807 cum
1322 1752 1528 1809 aueelis
1560 1751 1772 1817 videns,
1794 1754 2008 1824 magni-

441 1848 663 1901 ﬁcabas.

2095 645 2156 699 οὐ
2182 648 2288 715 γὰρ
2309 646 2399 698 τὸν
2433 644 2566 698 Θεὸν
2593 644 2765 712 Λόγον
2806 645 2969 715 σαρκὶ
2993 644 3072 715 τῷ
3098 645 3287 715 κόσμῳ
3311 647 3577 717 ὲκύησας.

2164 832 2334 885 Βάτον
2388 848 2447 884 σε
2493 831 2918 899 ἀκατάφλεκτον,
2959 832 3052 885 καὶ
3086 831 3233 902 ὅρος,
3266 833 3360 885 καὶ
3410 834 3660 905 κλίμακα

2095 924 2356 995 ἔμψυχον,
2390 923 2483 978 καὶ
2512 925 2687 995 πύλην
2707 926 2956 995 οὐράνιον
3004 924 3169 990 ἀξίως
3195 925 3509 998 δοξάζομεν,
3546 930 3671 983 Μα-

2098 1017 2188 1087 ρία
2211 1016 2406 1082 ἐνδοξε,
2440 1014 2736 1087 ὀρθοδῦξων
2767 1018 3050 1089 καύχημα.

2181 1202 2241 1255 'U
2263 1204 2327 1255 ὲκ
2347 1202 2619 1270 παρθένου
2640 1202 2871 1272 τεχθεὶς,
2903 1204 2968 1273 ἢν
2990 1204 3251 1258 Θεοτόκον
3274 1205 3674 1277 ἀπειργάσατο,

2101 1292 2388 1361 εὐλογητὸς
2428 1297 2455 1347 ὁ
2481 1293 2611 1355 Θεὸς
2639 1296 2667 1345 ὁ
2693 1294 2799 1346 τῶν
2835 1297 3087 1365 πατέρων
3121 1296 3303 1366 ἡμῶν.

2177 1387 2279 1438 Τὸν
2311 1388 2439 1439 Υῑὸν
2458 1390 2549 1441 καὶ
2566 1389 2720 1453 Θεὸν,
2753 1390 2840 1442 διὰ
2869 1392 2965 1460 τὴν
2988 1392 3152 1444 αὐτοῦ
3180 1392 3381 1462 πολλὴν
3403 1394 3681 1459 εὐσπλαγο

2104 1481 2259 1549 χνῑαν
2306 1482 2657 1552 σαρκωῦέντα
2710 1484 2774 1535 ὲκ
2808 1482 3099 1552 παρθένου,
3134 1484 3224 1552 ὑφ’
3255 1480 3315 1537 οὗ
3347 1487 3407 1537 τὸ
3457 1484 3681 1553 Πνεῦμα

2105 1572 2164 1624 τὸ
2193 1573 2595 1643 παρακλητικὸν
2622 1573 2937 1643 διηγγέλθη,
2980 1574 3142 1643 ἱερεῖς
3167 1576 3407 1642 ὑμνεῖτε.

2176 1665 2370 1735 Χαῖρε,
2396 1665 2641 1730 Θεοτόκε,
2669 1667 2860 1736 Μῆτερ
2894 1666 3128 1735 Χριστοῦ
3156 1665 3249 1718 τοῦ
3272 1665 3502 1731 Θεοῦ,δν
3521 1665 3684 1733 Emin-

2111 1773 2231 1821 σας,
2296 1760 2538 1829 σήμερον
2588 1760 2652 1811 ὲκ
2699 1759 2803 1827 γῆς
2860 1760 3226 1829 ἁνιπτὰμενον
3280 1762 3375 1813 σὺν
3427 1760 3685 1829 ἀγγέλοις

2108 1848 2309 1919 ὁρῶσα,
2348 1850 2701 1919 ὲμεγὰλυνες.

1434 1966 1518 2021 Ex
1547 1982 1745 2021 canone
1789 1966 1939 2035 ferite
1959 1983 2029 2030 vi,
2072 1977 2189 2035 post
2223 1968 2650 2038 Assumptionen.

514 2080 731 2138 Castam
782 2084 918 2140 eam
968 2085 1253 2139 laudenms
1302 2084 1506 2154 populi,
1554 2083 1787 2152 speciem
1839 2082 2008 2138 ιπυι,
2036 2067 2081 2124 Β
2111 2062 2232 2116 dem
2276 2064 2444 2117 latere
2491 2063 2781 2118 ﬂuentibus
2816 2063 3073 2120 emunda.
3106 2064 3183 2118 Ad
3218 2074 3271 2118 te
3304 2066 3452 2120 enim
3486 2066 3683 2135 clamo,

444 2175 642 2230 divinis
681 2178 985 2232 actionibus
1029 2178 1389 2241 illustremu’s,
1430 2186 1483 2230 et
1531 2175 1778 2246 religiose
1826 2175 2009 2229 laude.

447 2281 573 2321 mus
604 2276 859 2336 tanquam
883 2266 1105 2321 Matrem
1136 2266 1226 2320 Dei
1249 2269 1442 2321 nostri.

515 2357 819 2413 Commune
872 2358 1111 2413 ﬁdelium
1158 2357 1639 2428 prepiiiatorium,
1700 2364 2011 2426 promptum

448 2462 513 2503 ac
542 2458 791 2516 paratum
838 2448 1120 2504 hominum
1163 2450 1448 2514 auxilium,
1481 2457 1697 2518 pontem
1738 2447 1805 2501 ad
1847 2445 2015 2501 Crea-

450 2548 623 2593 torem
660 2540 1050 2604 traducentem,
1101 2556 1195 2609 per
1234 2557 1394 2610 quem
1442 2554 1630 2593 omnes
1686 2541 1751 2594 ad
1786 2539 2016 2595 salutem

450 2629 894 2694 transvehuntur,
920 2631 1012 2685 Dei
1049 2630 1273 2686 Matrem
1306 2631 1691 2699 gloriﬁcemus.

524 2717 768 2775 Pratsens
822 2736 944 2774 cum
986 2722 1184 2777 divinis
1237 2722 1534 2791 discipulis,
1587 2720 1917 2783 castissima,
1968 2730 2020 2775 et

452 2810 644 2865 videns
676 2826 835 2880 quem
896 2814 1078 2882 genuit
1125 2829 1157 2869 ο
1209 2821 1353 2869 terra
1399 2813 1650 2877 exaltari,
1695 2811 1963 2866 clamabat
2002 2828 2018 2865 :

453 2900 749 2958 Revertere
790 2904 857 2959 ad
901 2904 1115 2960 Patrem
1162 2905 1428 2976 principio
1476 2915 1749 2959 carentem
1806 2913 1884 2967 tu,
1928 2902 2022 2973 qui

455 2994 730 3064 replevisti
777 2997 959 3051 omnia
1019 2998 1191 3067 gloria
1242 3006 1354 3065 tua,
1391 3012 1423 3053 0
1470 2996 1582 3054 sole
1623 2996 1851 3052 Domine
1902 2996 2022 3067 glo-

457 3100 779 3143 nosnssxme.

560 3216 723 3289 3&0
750 3218 829 3272 Ex
860 3236 1056 3276 canone
1082 3220 1305 3277 Sabbati
1330 3230 1447 3292 post
1470 3219 1917 3290 Assumplionem.

533 3350 725 3405 Arcem
750 3352 801 3406 in
832 3363 881 3408 te
910 3353 975 3409 ad
1002 3354 1269 3425 refugium
1300 3354 1586 3420 habemus,
1618 3370 1650 3409 ο
1680 3352 1864 3423 Virgo,
1892 3353 2023 3423 quin

460 3449 513 3496 et
550 3446 1000 3513 promptuarium,
1047 3446 1191 3501 unde
1237 3446 1386 3501 salus
1441 3445 1680 3515 perfecta
1727 3454 1781 3497 et
1826 3444 2028 3499 divitiae
2057 3427 2099 3485 (ἶ

463 3533 516 3586 in
570 3536 780 3589 animas
810 3545 1028 3592 nostras
1075 3540 1342 3608 angustiis
1382 3553 1602 3607 pressas
1650 3536 2022 3599 eﬂ'unduntur.

466 3624 692 3681 Lumine
721 3628 862 3681 enim
917 3639 1009 3684 tuo
1066 3646 1279 3700 semper
1308 3630 1668 3694 lietiﬁcantur,
1709 3644 1741 3683 ο
1776 3627 2026 3693 Domina,

465 3725 517 3770 et
541 3732 683 3772 nunc
713 3734 810 3773 nos
838 3729 891 3775 et
919 3735 949 3775 a
982 3721 1125 3777 vitiis
1155 3731 1207 3776 et
1238 3737 1263 3775 λ
1296 3712 1551 3791 periculis
1577 3736 1754 3775 serva.

537 3806 655 3864 Non
709 3810 896 3866 relicto
934 3811 1113 3869 Patris
1158 3814 1279 3868 sinu
1320 3815 1369 3867 in
1412 3823 1503 3867 tuo
1555 3814 1760 3883 gremio
1792 3813 2025 3867 Verbum

463 3900 784 3955 reclinatum
820 3912 903 3958 est
949 3905 1017 3958 ab
1073 3905 1489 3960 irrationalitate
1541 3919 1641 3959 nos
1690 3905 1949 3966 liberans,
1996 3920 2029 3959 ο

470 3988 657 4059 Virgo,
686 4001 966 4060 canentes,
1002 3992 1229 4050 Domine
1258 3994 1424 4051 Deus.

543 4080 768 4152 Deipara
811 4087 1143 4153 castissima,
1172 4088 1363 4141 animae
1399 4103 1531 4143 mea:
1564 4089 1806 4148 vulnera,
1832 4098 1885 4141 et
1909 4102 2033 4156 pec-

463 4173 567 4224 cati
615 4173 897 4229 cicatrices
947 4176 1215 4248 absterge,
1241 4187 1293 4231 et
1325 4193 1493 4248 purga
1528 4178 1766 4231 fontibus
1799 4177 1906 4231 illis
1937 4176 2030 4246 qui

463 4278 529 4317 es
563 4261 682 4319 Filii
717 4267 792 4320 tui
824 4266 993 4322 latere
1028 4279 1272 4332 manant,
1303 4282 1466 4340 atque
1522 4270 1773 4325 laticibus
1817 4285 1883 4323 ex
1937 4284 2034 4324 eo-

538 4442 648 4524 (βῚ)
680 4442 859 4525 Quare
987 4443 1603 4525 Virgo_dicatiir_Rnbus
1655 4444 2032 4525 incombustus,

465 4515 668 4596 ομιίιιιε
707 4515 847 4596 inter
876 4515 1267 4596 alios‘explicat
1390 4516 1650 4596 Ludo-vic.
1681 4516 2031 4581 Bertraudns,

466 4582 584 4639 0rd.
630 4582 857 4655 Przedie.
894 4585 945 4637 in
990 4582 1262 4655 Samnite
1302 4586 1648 4649 Conceptione
1693 4594 1833 4655 part.
1875 4602 1946 4650 IV,
1981 4602 2033 4655 p.

2116 2154 2183 2209 ad
2210 2164 2259 2209 te
2288 2154 2544 2224 confugio
2572 2169 2587 2208 :
2622 2165 2670 2209 te
2695 2155 2884 2209 invoco
2915 2156 3085 2226 gratia
3115 2156 3355 2224 plenam.

2186 2243 2384 2299 Vocem
2416 2245 2508 2299 tibi
2533 2243 2801 2298 Gabrielis
2833 2260 2956 2299 cum
2997 2246 3248 2299 omnibus
3297 2247 3504 2315 angelis
3553 2246 3690 2299 oll'e-

2116 2337 2288 2391 rimus
2325 2355 2339 2391 :
2383 2336 2519 2399 Ave,
2555 2336 2810 2405 palatium
2857 2335 3254 2390 lucidissimum
3307 2336 3467 2405 [legis
3504 2356 3517 2393 :
3556 2340 3690 2397 Are,

2116 2443 2237 2497 qua:
2281 2435 2479 2481 terram
2532 2426 2706 2492 caelis,
2777 2424 2963 2496 Virgo,
2993 2427 3349 2495 coniunxisti,
3376 2444 3471 2497 per
3524 2444 3692 2497 quam

2117 2519 2410 2583 salvantur,
2453 2518 2545 2587 qui
2603 2517 2809 2572 scimus
2857 2526 2908 2571 te
2967 2518 3229 2587 virginem
3290 2518 3383 2573 Dei
3432 2530 3690 2573 matrem.

2321 2655 2403 2709 Ea:
2434 2672 2629 2710 canone
2656 2655 2802 2724 feria:
2832 2670 2895 2718 ll,
2930 2664 3051 2709 ante
3097 2654 3459 2711 Pentecosten.

2191 2790 2359 2845 Totus
2396 2788 2647 2853 dulcedo,
2696 2797 2846 2845 totus
2895 2788 3275 2844 desiderabilis
3324 2798 3453 2843 tuus
3512 2786 3686 2843 Filius

2120 2884 2373 2941 Christus
2428 2894 2509 2941 est
2555 2884 2843 2950 Dominus,
2905 2886 3253 2940 immaculata
3302 2883 3484 2955 Virgo,
3530 2901 3695 2954 quem

2121 2976 2387 3031 instanter
2421 2991 2514 3029 ora
2547 2991 2668 3029 cum
2716 2974 3206 3030 innumerabilibus
3238 2986 3575 3039 sanctorum,
3604 2975 3698 3044 qui

2123 3083 2338 3123 sursum
2372 3067 2639 3131 habitant,
2678 3066 2996 3132 virtutibus,
3035 3076 3094 3121 ut
3155 3067 3405 3120 amaritie
3447 3076 3703 3136 peccato-

2126 3176 2246 3216 rum
2276 3160 2486 3215 animas
2516 3160 2773 3227 perdente
2804 3160 2993 3214 liberet
3029 3173 3151 3214 nos.

2322 3290 2404 3344 Ex
2442 3307 2638 3345 canone
2664 3292 2809 3361 feria:
2838 3306 2920 3356 ιιι,
2961 3298 3082 3344 ante
3124 3287 3483 3343 Pentecosten.

2204 3445 2416 3500 lnarata
2447 3443 2639 3507 Terra,
2662 3458 2785 3512 qua:
2810 3440 3123 3512 germinasti
3154 3438 3436 3493 nutritium
3471 3436 3705 3493 Univer-
3782 3474 3785 3483 .

2133 3538 2334 3601 sitatis,
2368 3538 2502 3590 Eum
2550 3536 2643 3605 qui
2694 3548 2910 3588 manum
2967 3530 3160 3601 aperit,
3212 3541 3265 3584 et
3312 3530 3496 3600 implet
3542 3546 3707 3584 omne

2128 3630 2330 3687 animal
2383 3628 2780 3689 benedictione,
2821 3627 3004 3681 divina
3054 3629 3254 3681 virtute
3300 3626 3561 3682 conﬁrma
3610 3643 3708 3695 per

2131 3737 2323 3790 panem
2365 3722 2577 3776 vitalem
2606 3722 2769 3776 corda
2794 3720 2951 3792 341
2991 3721 3264 3790 languida,
3298 3731 3351 3776 et
3384 3722 3703 3776 nauseantia

2130 3815 2416 3870 saturitate
2442 3814 2686 3884 gravium
2722 3825 3028 3868 nostrarum
3055 3812 3441 3867 uﬁ‘eusionum.

2204 3905 2521 3975 Speciosum
2575 3904 2746 3959 forma
2790 3905 2994 3974 peperit
3046 3913 3118 3968 te,
3154 3904 3421 3973 Salvator,
3453 3904 3701 3973 speciosa

2130 3997 2333 4067 puella,
2363 4010 2521 4066 quem
2553 4010 2674 4051 cum
2706 3994 3043 4058 illavideret
3076 3995 3128 4048 in
3182 3996 3435 4065 passione
3473 4012 3580 4048 non
3615 3998 3709 4048 lia-

2131 4087 2346 4143 bentem
2377 4085 2608 4156 speciem
2660 4101 2837 4154 neque
2867 4085 3143 4150 decorem,
3172 4087 3224 4139 in
3257 4086 3492 4139 lamenta
3523 4101 3707 4138 erum-

2140 4193 2275 4249 pens
2303 4178 2522 4232 aiebat:
2573 4177 2807 4247 Stupore
2856 4177 3145 4248 percellor,
3176 4176 3275 4230 Fili
3324 4178 3419 4245 mi,
3456 4178 3708 4231 conside.

2140 4287 2272 4327 rans
2328 4270 2800 4341 inechgitabilem
2868 4269 3298 4325 humiliationem
3365 4279 3541 4333 tuam,
3610 4281 3708 4339 per

2143 4461 2266 4502 nem
2324 4454 2567 4500 nostram
2618 4445 2912 4506 obsederit,
2961 4452 3055 4498 aut
3087 4515 3090 4516 γ
3120 4445 3303 4515 potius
3364 4446 3710 4516 possederit’

2144 4517 2319 4583 Quem
2352 4517 2428 4570 illi
2472 4518 2726 4580 nitorem,
2760 4531 2925 4586 quam
2978 4515 3291 4583 puritatem,
3327 4515 3491 4585 quam
3533 4520 3708 4573 lucem

2146 4587 2412 4650 intulerit,
2440 4586 2660 4655 quando
2689 4601 2806 4655 eam
2834 4587 2907 4655 ita
2931 4586 3164 4655 alionLui
3196 4588 3398 4654 peccati
3430 4587 3712 4643 affectione

466 4658 521 4717 4,
553 4655 680 4707 dum
714 4653 927 4717 ,ibidem
961 4655 1067 4708 ait:
1106 4674 1124 4705 ι
1169 4653 1395 4709 Domina
1433 4666 1617 4709 nostra
1660 4653 1709 4707 in
1744 4671 1842 4709 sua
1882 4653 2028 4710 Cun-
2062 4662 2105 4716 D
2136 4658 2429 4711 immunem
2459 4653 2773 4724 _pr:estitit?
2805 4653 2958 4724 Vide
2993 4654 3051 4710 S.
3086 4653 3455 4720 Theodorum,
3511 4673 3710 4711 novum

469 4724 718 4793 ceptione
742 4724 809 4775 ah
838 4724 1088 4791 originali
1123 4724 1244 4778 labe
1283 4734 1611 4793 pra-servata
1654 4725 1774 4779 luit.
1801 4724 1925 4780 Haec
1949 4737 2033 4779 est

472 4794 658 4862 itaque
696 4793 865 4846 rubus
889 4794 986 4864 ille
1023 4794 1244 4864 Moysis,
1279 4795 1370 4863 qui
1417 4795 1664 4859 ardebat,
1690 4804 1875 4848 etnon
1912 4811 2035 4849 con.

472 4864 815 4935 sumebatur.
845 4863 1111 4935 Ardebat
1145 4865 1257 4917 haec
1283 4904 1298 4929 ,
1332 4879 1456 4917 nam
1501 4881 1653 4918 more
1698 4865 2032 4935 reliquorum

472 4936 541 4989 ab
588 4934 797 4986 Adamn
826 4933 1270 4989 descendentium
1319 4950 1385 4988 ex
1433 4935 1642 4989 semine
1674 4933 1828 4990 virili
1869 4945 1923 4989 et
1948 4950 2036 4988 ar-

472 5006 606 5060 tlore
647 5005 1104 5075 concupiscentire
1140 5004 1242 5058 fuit
1278 5014 1563 5074 concepta,
1599 5021 1785 5059 verum
1828 5006 2037 5059 incarn-

472 5076 652 5140 busta,
689 5091 751 5130 ac
797 5092 826 5129 a
871 5077 1146 5130 communi
1205 5075 1408 5143 percati
1450 5075 2038 5145 nriginalisﬁincendio

472 5146 734 5201 remansit
772 5148 960 5202 illzrsa.
994 5166 1011 5197 ι
1050 5147 1139 5200 Sic
1167 5147 1276 5199 ille.
1304 5145 1405 5199 Cui
1447 5144 1589 5199 favet
1634 5145 1690 5198 S.
1727 5144 2038 5200 Theodotus

474 5217 875 5287 Anryranusin
908 5217 1095 5271 homil.
1125 5215 1179 5287 ξ,
1210 5217 1272 5268 de
1299 5215 1527 5287 Natirit.
1555 5213 1870 5277 Saluatoris,
1903 5216 2039 5287 lecta

475 5288 530 5341 in
563 5285 770 5358 synodo
806 5286 1077 5358 Ephesjna
1126 5285 1185 5340 S.
1218 5285 1418 5355 Cyl-illo
1450 5295 1734 5358 praesente,
1759 5287 1888 5358 dum
1934 5285 2041 5358 ibi~

474 5355 606 5413 dem'
628 5372 951 5425 comparans
983 5355 1255 5425 Virginem
1279 5372 1401 5409 cum
1432 5356 1567 5408 rubo
1590 5356 1797 5409 ardenti
1827 5355 2001 5421 inquit
2026 5372 2038 5408 :

482 5445 501 5479 ι
544 5426 637 5481 Dic
664 5428 820 5492 mihi,
856 5426 985 5497 quid
1013 5436 1096 5480 est
1128 5426 1309 5490 vilius,
1344 5428 1583 5480 rubusne
1605 5428 1685 5478 an‘
1711 5435 1898 5497 uterus
1937 5426 2045 5478 vir-

476 5501 691 5568 gineus,
722 5500 789 5552 ab
818 5495 963 5553 omni
1014 5498 1269 5568 passione
1312 5498 1513 5563 peccati
1547 5496 1755 5568 purus?
1793 5514 1812 5546 ι
1863 5495 2050 5568 Rubus

476 5565 622 5623 enim
660 5568 843 5623 Maria:
871 5582 1126 5635 expresse
1169 5566 1268 5619 fuit
1299 5565 1617 5635 similitudo.
1653 5565 1709 5619 Si
1740 5581 1870 5635 ergo
1898 5565 2051 5634 (~ub-

476 5638 557 5692 dit
608 5639 662 5692 in
723 5641 839 5694 suis
898 5634 1308 5707 Exceptionious
1370 5634 1827 5707 Nicrembergius)
1887 5636 2048 5689 vilem

478 5709 625 5761 illaut
676 5705 1048 5764 arbusculam
1077 5710 1150 5762 ita
1217 5706 1359 5761 Deus
1416 5705 1530 5773 ipse
1576 5705 1703 5758 oliui
1741 5705 1955 5766 insedit,
1995 5717 2051 5760 ut

479 5794 603 5831 eum
640 5779 712 5832 illi
744 5781 1106 5842 splendorem,
1131 5792 1248 5831 eam
1293 5776 1542 5845 gloriam,
1573 5790 1691 5827 eam
1738 5776 2047 5829 mirandam

482 5849 849 5916 integritatem
890 5850 1184 5913 induxerit,
1219 5864 1339 5918 qua.
1390 5862 1594 5915 ιιυωδυν
1632 5846 1836 5901 filum“:
1866 5845 2048 5916 νίτεί·

2133 4722 2524 4787 confessorem,
2559 4726 2785 4795 irrorat.
2820 4726 2883 4779 de
2907 4722 3136 4778 Nativit.
3170 4724 3425 4795 Virginis,
3462 4728 3551 4780 ubi
3591 4730 3712 4781 Dei-

2135 4812 2321 4864 param
2354 4795 2588 4865 appellat
2625 4794 2839 4849 liubum
2883 4805 3195 4850 consertum
3230 4794 3338 4865 igni
3365 4800 3712 4861 miraeuium,

2134 4882 2298 4952 quem
2344 4866 2550 4947 .ruhigp
2586 4866 2794 4952 peccati
2829 4881 2957 4952 'uoln
3001 4866 3173 4952 tetigit
3195 4881 3230 4952 ξ.
3258 4868 3714 4952 ethmbrosi'um

2134 4934 2491 4991 Catharinum
2522 4935 2591 5005 in,
2615 4935 2761 5005 Disp.
2808 4934 2870 4988 de
2907 4935 3154 5003 Concept.
3185 4935 3250 4991 B.
3300 4935 3443 5005 Virg.
3478 4938 3543 4988 ad
3604 4937 3711 4989 Pa-

2138 5017 2243 5061 tres
2279 5007 2395 5060 ord.
2438 5004 2691 5067 Prwdic.,
2750 5004 2847 5059 lib.
2901 5021 2983 5068 ιιι,
3039 5008 3185 5059 circa
3240 5007 3400 5059 ﬁnem
3436 5007 3526 5059 tibi
3583 5024 3707 5060 cum

2140 5077 2199 5129 B.
2228 5075 2447 5144 Virgine
2479 5076 2707 5143 loquens
2752 5074 2837 5129 his
2868 5076 3035 5128 utitur
3066 5074 3246 5129 verbis
3284 5096 3296 5129 :
3341 5095 3358 5126 ι
3403 5076 3483 5129 Tu
3512 5075 3705 5131 Bubus

2149 5146 2238 5202 ille
2279 5147 2477 5200 ardens
2514 5154 2568 5198 et
2620 5144 3019 5209 incombustus,
3063 5160 3224 5214 quem
3275 5146 3487 5216 Moyses
3528 5148 3716 5200 videns

2150 5218 2492 5276 admiratur,
2551 5216 2602 5267 in
2669 5230 2777 5283 quo
2834 5231 2946 5268 non
3001 5216 3183 5269 minus
3242 5217 3490 5285 corporis
3545 5231 3710 5285 quam

2150 5288 2351 5342 mentis
2393 5293 2706 5355 perpetuam
2754 5294 3018 5355 tuamﬂac
3066 5286 3394 5340 laudabilem
3430 5286 3718 5354 virginita-

2152 5366 2259 5412 tem
2300 5356 2521 5425 aguorit
2568 5355 2828 5425 Ecclesia.
2864 5374 2881 5405 ι
2920 5354 3059 5425 Vide
3109 5357 3272 5425 etiam
3319 5358 3713 5411 Bernardinum

2152 5423 2473 5481 Bustctisem
2502 5426 2556 5479 in
2589 5423 2807 5477 Mariali
2834 5440 3000 5479 serm.
3034 5424 3089 5488 6,
3115 5428 3177 5479 de
3199 5424 3440 5495 Concept.
3467 5434 3611 5495 part.
3638 5441 3718 5489 ιιι,

2156 5498 2247 5551 ubi
2300 5496 2351 5548 in
2402 5510 2514 5549 rem
2570 5505 2813 5549 nostram
2855 5496 2926 5548 ita
2967 5495 3159 5549 fatur:
3198 5513 3215 5546 ι
3258 5497 3617 5549 Salamaudra
3665 5497 3719 5548 in

2152 5568 2285 5638 igne
2318 5575 2618 5638 permanet,
2653 5575 2707 5618 et
2732 5580 2852 5638 _pegr
2882 5566 3030 5638 illum
3064 5566 3278 5629 transit,
3304 5576 3366 5638 et
3398 5575 3579 5620 tamen
3614 5581 3717 5618 non

2152 5633 2512 5696 cumbaritur,
2539 5650 2638 5689 nec
2662 5633 2864 5688 caleris
2906 5636 3154 5689 ardorem
3178 5635 3363 5695 sentit,
3389 5638 3469 5689 sic
3493 5638 3720 5688 inteme-

2152 5718 2266 5763 rata
2316 5704 2489 5759 Mater
2533 5704 2624 5757 Dei
2656 5704 2707 5757 in
2756 5707 2954 5760 lumbis
3000 5716 3282 5775 parentum
3334 5706 3457 5775 igne
3513 5704 3720 5773 peccati

2132 5778 2459 5845 ardentium
2510 5776 2832 5843 permansit,
2869 5784 2923 5829 et
2975 5791 3068 5844 per
3112 5776 3236 5829 illos
3281 5776 3518 5837 transiit,
3559 5785 3615 5828 et
3646 5785 3727 5828 ta-

2157 5864 2277 5903 men
2316 5846 2460 5901 iliius
2492 5845 2695 5915 peccati
2728 5849 2978 5902 ardorem
3021 5847 3073 5900 in
3103 5862 3160 5900 se
3192 5862 3298 5900 non
3328 5849 3549 5915 recepit.
3592 5864 3611 5895 ι
