  <div class='ocr_page' id='page_1' title='image "/cluster/home/n/w/nwhite01/storage/ocr_20150623/105/hvd.32044013678347/714.png"; bbox 0 0 4038 6598; ppageno 0'>
   <div class='ocr_carea' id='block_1_1' title="bbox 390 453 528 521">
    <p class='ocr_par' dir='ltr' id='par_1_1' title="bbox 390 453 528 521">
     <span class='ocr_line' id='line_1_1' title="bbox 390 453 528 521; baseline 0.029 -4"><span class='ocrx_word' id='word_1_1' title='bbox 390 453 528 521; x_wconf 76' lang='grc'><strong>145</strong></span> 
     </span>
    </p>
   </div>
   <div class='ocr_carea' id='block_1_2' title="bbox 1790 461 2151 525">
    <p class='ocr_par' dir='ltr' id='par_1_2' title="bbox 1790 461 2151 525">
     <span class='ocr_line' id='line_1_2' title="bbox 1790 461 2151 525; baseline 0.008 -4"><span class='ocrx_word' id='word_1_2' title='bbox 1790 462 1892 521; x_wconf 76' lang='lat' dir='ltr'><strong>MA</strong></span> <span class='ocrx_word' id='word_1_3' title='bbox 1902 461 2151 525; x_wconf 81' lang='lat' dir='ltr'><strong>RIALE.</strong></span> 
     </span>
    </p>
   </div>
   <div class='ocr_carea' id='block_1_3' title="bbox 3497 461 3633 526">
    <p class='ocr_par' dir='ltr' id='par_1_3' title="bbox 3497 461 3633 526">
     <span class='ocr_line' id='line_1_3' title="bbox 3497 461 3633 526; baseline 0.007 -1"><span class='ocrx_word' id='word_1_4' title='bbox 3497 461 3633 526; x_wconf 77' lang='grc' dir='ltr'><strong>14ῢὸ</strong></span> 
     </span>
    </p>
   </div>
   <div class='ocr_carea' id='block_1_4' title="bbox 385 562 3629 648">
    <p class='ocr_par' dir='ltr' id='par_1_4' title="bbox 385 562 3629 648">
     <span class='ocr_line' id='line_1_4' title="bbox 385 562 3629 648; baseline 0.002 -23"><span class='ocrx_word' id='word_1_5' title='bbox 385 587 550 642; x_wconf 87' lang='lat' dir='ltr'><strong>quam</strong></span> <span class='ocrx_word' id='word_1_6' title='bbox 581 578 790 625; x_wconf 66' lang='lat' dir='ltr'><strong>natura:</strong></span> <span class='ocrx_word' id='word_1_7' title='bbox 820 570 1095 627; x_wconf 80' lang='lat' dir='ltr'><strong>hominum</strong></span> <span class='ocrx_word' id='word_1_8' title='bbox 1128 571 1425 629; x_wconf 80' lang='lat' dir='ltr'><strong>humiliata:</strong></span> <span class='ocrx_word' id='word_1_9' title='bbox 1455 572 1666 645; x_wconf 77' lang='lat' dir='ltr'><strong>largiris</strong></span> <span class='ocrx_word' id='word_1_10' title='bbox 1699 576 1952 631; x_wconf 75' lang='lat' dir='ltr'><strong>salutem.</strong></span> <span class='ocrx_word' id='word_1_11' title='bbox 1984 577 2028 632; x_wconf 78' lang='grc' dir='ltr'>Α</span> <span class='ocrx_word' id='word_1_12' title='bbox 2059 562 2352 631; x_wconf 89' lang='lat' dir='ltr'><strong>humanam</strong></span> <span class='ocrx_word' id='word_1_13' title='bbox 2390 586 2664 641; x_wconf 85' lang='lat' dir='ltr'><strong>naturam,</strong></span> <span class='ocrx_word' id='word_1_14' title='bbox 2698 576 3070 641; x_wconf 85' lang='lat' dir='ltr'><strong>immaculata,</strong></span> <span class='ocrx_word' id='word_1_15' title='bbox 3104 578 3272 632; x_wconf 88' lang='lat' dir='ltr'><strong>Deum</strong></span> <span class='ocrx_word' id='word_1_16' title='bbox 3308 592 3629 648; x_wconf 72' lang='lat' dir='ltr'><strong>corporans,</strong></span> 
     </span>
    </p>
   </div>
   <div class='ocr_carea' id='block_1_5' title="bbox 598 684 1749 755">
    <p class='ocr_par' dir='ltr' id='par_1_5' title="bbox 598 684 1749 755">
     <span class='ocr_line' id='line_1_5' title="bbox 598 684 1749 755; baseline 0.005 -18"><span class='ocrx_word' id='word_1_17' title='bbox 598 684 683 737; x_wconf 74' lang='lat' dir='ltr'><em>Ex</em></span> <span class='ocrx_word' id='word_1_18' title='bbox 717 702 913 739; x_wconf 84' lang='lat' dir='ltr'><strong>canone</strong></span> <span class='ocrx_word' id='word_1_19' title='bbox 948 687 1093 755; x_wconf 77' lang='lat' dir='ltr'><strong>ferite</strong></span> <span class='ocrx_word' id='word_1_20' title='bbox 1118 704 1191 747; x_wconf 88' lang='lat' dir='ltr'><strong>tv,</strong></span> <span class='ocrx_word' id='word_1_21' title='bbox 1218 698 1337 742; x_wconf 87' lang='lat' dir='ltr'><strong>ante</strong></span> <span class='ocrx_word' id='word_1_22' title='bbox 1369 687 1749 743; x_wconf 73' lang='lat' dir='ltr'><strong>Pentecostem.</strong></span> 
     </span>
    </p>
   </div>
   <div class='ocr_carea' id='block_1_6' title="bbox 457 777 1963 847">
    <p class='ocr_par' dir='ltr' id='par_1_6' title="bbox 457 777 1963 847">
     <span class='ocr_line' id='line_1_6' title="bbox 457 777 1963 847; baseline 0.001 -15"><span class='ocrx_word' id='word_1_23' title='bbox 457 777 789 845; x_wconf 86' lang='lat' dir='ltr'><strong>Corporatus</strong></span> <span class='ocrx_word' id='word_1_24' title='bbox 828 793 892 831; x_wconf 73' lang='lat' dir='ltr'><strong>es</strong></span> <span class='ocrx_word' id='word_1_25' title='bbox 929 788 979 832; x_wconf 89' lang='lat' dir='ltr'><strong>te</strong></span> <span class='ocrx_word' id='word_1_26' title='bbox 1010 779 1206 847; x_wconf 88' lang='lat' dir='ltr'><strong>prodiit</strong></span> <span class='ocrx_word' id='word_1_27' title='bbox 1236 780 1378 834; x_wconf 88' lang='lat' dir='ltr'><strong>Deus</strong></span> <span class='ocrx_word' id='word_1_28' title='bbox 1416 778 1675 844; x_wconf 84' lang='lat' dir='ltr'><strong>Verbum,</strong></span> <span class='ocrx_word' id='word_1_29' title='bbox 1702 796 1735 834; x_wconf 91' lang='grc' dir='ltr'><strong>ο</strong></span> <span class='ocrx_word' id='word_1_30' title='bbox 1765 780 1963 835; x_wconf 86' lang='lat' dir='ltr'><strong>imma-</strong></span> 
     </span>
    </p>
   </div>
   <div class='ocr_carea' id='block_1_7' title="bbox 388 869 1961 940">
    <p class='ocr_par' dir='ltr' id='par_1_7' title="bbox 388 869 1961 940">
     <span class='ocr_line' id='line_1_7' title="bbox 388 869 1961 940; baseline 0.001 -16"><span class='ocrx_word' id='word_1_31' title='bbox 388 870 590 932; x_wconf 88' lang='lat' dir='ltr'><strong>culata,</strong></span> <span class='ocrx_word' id='word_1_32' title='bbox 612 869 820 935; x_wconf 92' lang='lat' dir='ltr'><strong>lapsum</strong></span> <span class='ocrx_word' id='word_1_33' title='bbox 853 869 1151 937; x_wconf 90' lang='lat' dir='ltr'><strong>primorum</strong></span> <span class='ocrx_word' id='word_1_34' title='bbox 1184 880 1469 939; x_wconf 86' lang='lat' dir='ltr'><strong>parentum</strong></span> <span class='ocrx_word' id='word_1_35' title='bbox 1498 886 1592 940; x_wconf 87' lang='lat' dir='ltr'><strong>per</strong></span> <span class='ocrx_word' id='word_1_36' title='bbox 1623 872 1833 927; x_wconf 86' lang='lat' dir='ltr'><strong>viscera</strong></span> <span class='ocrx_word' id='word_1_37' title='bbox 1859 872 1961 925; x_wconf 82' lang='lat' dir='ltr'><strong>mi-</strong></span> 
     </span>
    </p>
   </div>
   <div class='ocr_carea' id='block_1_8' title="bbox 389 959 1016 1026">
    <p class='ocr_par' dir='ltr' id='par_1_8' title="bbox 389 959 1016 1026">
     <span class='ocr_line' id='line_1_8' title="bbox 389 959 1016 1026; baseline -0.002 -13"><span class='ocrx_word' id='word_1_38' title='bbox 389 959 703 1013; x_wconf 73' lang='lat' dir='ltr'><strong>sericordia:</strong></span> <span class='ocrx_word' id='word_1_39' title='bbox 738 974 1016 1026; x_wconf 84' lang='lat' dir='ltr'><strong>reparans.</strong></span> 
     </span>
    </p>
   </div>
   <div class='ocr_carea' id='block_1_9' title="bbox 464 1049 1957 1121">
    <p class='ocr_par' dir='ltr' id='par_1_9' title="bbox 464 1049 1957 1121">
     <span class='ocr_line' id='line_1_9' title="bbox 464 1049 1957 1121; baseline 0.002 -19"><span class='ocrx_word' id='word_1_40' title='bbox 464 1050 541 1104; x_wconf 80' lang='lat' dir='ltr'><strong>Ex</strong></span> <span class='ocrx_word' id='word_1_41' title='bbox 579 1061 629 1105; x_wconf 92' lang='lat' dir='ltr'><strong>te</strong></span> <span class='ocrx_word' id='word_1_42' title='bbox 658 1051 750 1105; x_wconf 89' lang='lat' dir='ltr'><strong>Dei</strong></span> <span class='ocrx_word' id='word_1_43' title='bbox 784 1049 1088 1119; x_wconf 74' lang='lat' dir='ltr'><strong>Sapientia,</strong></span> <span class='ocrx_word' id='word_1_44' title='bbox 1119 1052 1339 1106; x_wconf 90' lang='lat' dir='ltr'><strong>domum</strong></span> <span class='ocrx_word' id='word_1_45' title='bbox 1375 1052 1482 1108; x_wconf 86' lang='lat' dir='ltr'><strong>sibi</strong></span> <span class='ocrx_word' id='word_1_46' title='bbox 1523 1052 1623 1121; x_wconf 92' lang='lat' dir='ltr'><strong>ipsi</strong></span> <span class='ocrx_word' id='word_1_47' title='bbox 1668 1052 1957 1116; x_wconf 86' lang='lat' dir='ltr'><strong>fabricata,</strong></span> 
     </span>
    </p>
   </div>
   <div class='ocr_carea' id='block_1_10' title="bbox 391 1139 1958 1215">
    <p class='ocr_par' dir='ltr' id='par_1_10' title="bbox 391 1139 1958 1215">
     <span class='ocr_line' id='line_1_10' title="bbox 391 1139 1958 1215; baseline 0.002 -20"><span class='ocrx_word' id='word_1_48' title='bbox 391 1140 671 1196; x_wconf 81' lang='lat' dir='ltr'><strong>incantata</strong></span> <span class='ocrx_word' id='word_1_49' title='bbox 720 1152 804 1196; x_wconf 89' lang='lat' dir='ltr'><strong>est</strong></span> <span class='ocrx_word' id='word_1_50' title='bbox 850 1139 1103 1197; x_wconf 81' lang='lat' dir='ltr'><strong>ineﬁabili</strong></span> <span class='ocrx_word' id='word_1_51' title='bbox 1151 1143 1503 1210; x_wconf 87' lang='lat' dir='ltr'><strong>demissione,</strong></span> <span class='ocrx_word' id='word_1_52' title='bbox 1538 1143 1704 1215; x_wconf 80' lang='lat' dir='ltr'><strong>Virgo</strong></span> <span class='ocrx_word' id='word_1_53' title='bbox 1741 1146 1958 1214; x_wconf 83' lang='lat' dir='ltr'><strong>nuptia—</strong></span> 
     </span>
    </p>
   </div>
   <div class='ocr_carea' id='block_1_11' title="bbox 395 1234 1961 1305">
    <p class='ocr_par' dir='ltr' id='par_1_11' title="bbox 395 1234 1961 1305">
     <span class='ocr_line' id='line_1_11' title="bbox 395 1234 1961 1305; baseline 0.003 -19"><span class='ocrx_word' id='word_1_54' title='bbox 395 1248 515 1286; x_wconf 90' lang='lat' dir='ltr'><strong>rum</strong></span> <span class='ocrx_word' id='word_1_55' title='bbox 544 1249 755 1302; x_wconf 77' lang='lat' dir='ltr'><strong>expers.</strong></span> <span class='ocrx_word' id='word_1_56' title='bbox 791 1234 870 1288; x_wconf 90' lang='lat' dir='ltr'><strong>Tu</strong></span> <span class='ocrx_word' id='word_1_57' title='bbox 901 1237 1045 1289; x_wconf 90' lang='lat' dir='ltr'><strong>enim</strong></span> <span class='ocrx_word' id='word_1_58' title='bbox 1083 1251 1187 1290; x_wconf 89' lang='lat' dir='ltr'><strong>una</strong></span> <span class='ocrx_word' id='word_1_59' title='bbox 1228 1251 1294 1290; x_wconf 84' lang='lat' dir='ltr'><strong>ex</strong></span> <span class='ocrx_word' id='word_1_60' title='bbox 1347 1237 1559 1292; x_wconf 88' lang='lat' dir='ltr'><strong>cunctis</strong></span> <span class='ocrx_word' id='word_1_61' title='bbox 1590 1238 1961 1305; x_wconf 72' lang='lat' dir='ltr'><strong>generationi-</strong></span> 
     </span>
    </p>
   </div>
   <div class='ocr_carea' id='block_1_12' title="bbox 397 1326 1959 1400">
    <p class='ocr_par' dir='ltr' id='par_1_12' title="bbox 397 1326 1959 1400">
     <span class='ocr_line' id='line_1_12' title="bbox 397 1326 1959 1400; baseline 0.002 -20"><span class='ocrx_word' id='word_1_62' title='bbox 397 1326 499 1381; x_wconf 92' lang='lat' dir='ltr'><strong>bus</strong></span> <span class='ocrx_word' id='word_1_63' title='bbox 530 1328 698 1381; x_wconf 77' lang='lat' dir='ltr'><strong>electa</strong></span> <span class='ocrx_word' id='word_1_64' title='bbox 729 1343 786 1381; x_wconf 88' lang='lat' dir='ltr'><strong>es</strong></span> <span class='ocrx_word' id='word_1_65' title='bbox 816 1327 869 1380; x_wconf 91' lang='lat' dir='ltr'><strong>in</strong></span> <span class='ocrx_word' id='word_1_66' title='bbox 910 1327 1284 1399; x_wconf 87' lang='lat' dir='ltr'><strong>incorruptum</strong></span> <span class='ocrx_word' id='word_1_67' title='bbox 1323 1330 1625 1400; x_wconf 87' lang='lat' dir='ltr'><strong>incorrupti</strong></span> <span class='ocrx_word' id='word_1_68' title='bbox 1675 1330 1959 1385; x_wconf 83' lang='lat' dir='ltr'><strong>habitacu-</strong></span> 
     </span>
    </p>
   </div>
   <div class='ocr_carea' id='block_1_13' title="bbox 394 1415 863 1488">
    <p class='ocr_par' dir='ltr' id='par_1_13' title="bbox 394 1415 863 1488">
     <span class='ocr_line' id='line_1_13' title="bbox 394 1415 863 1488; baseline 0.004 -18"><span class='ocrx_word' id='word_1_69' title='bbox 394 1416 506 1470; x_wconf 82' lang='lat' dir='ltr'><strong>lum</strong></span> <span class='ocrx_word' id='word_1_70' title='bbox 542 1415 700 1471; x_wconf 84' lang='lat' dir='ltr'><strong>Verbi</strong></span> <span class='ocrx_word' id='word_1_71' title='bbox 729 1418 863 1488; x_wconf 80' lang='grc'><strong>(68).</strong></span> 
     </span>
    </p>
   </div>
   <div class='ocr_carea' id='block_1_14' title="bbox 465 1506 1958 1582">
    <p class='ocr_par' dir='ltr' id='par_1_14' title="bbox 465 1506 1958 1582">
     <span class='ocr_line' id='line_1_14' title="bbox 465 1506 1958 1582; baseline 0.003 -21"><span class='ocrx_word' id='word_1_72' title='bbox 465 1506 713 1562; x_wconf 84' lang='lat' dir='ltr'><strong>Luminis</strong></span> <span class='ocrx_word' id='word_1_73' title='bbox 737 1510 1134 1579; x_wconf 77' lang='lat' dir='ltr'><strong>receptaculum</strong></span> <span class='ocrx_word' id='word_1_74' title='bbox 1160 1509 1330 1575; x_wconf 86' lang='lat' dir='ltr'><strong>fuisti,</strong></span> <span class='ocrx_word' id='word_1_75' title='bbox 1363 1527 1396 1566; x_wconf 93' lang='grc' dir='ltr'><strong>ο</strong></span> <span class='ocrx_word' id='word_1_76' title='bbox 1426 1528 1582 1581; x_wconf 90' lang='lat' dir='ltr'><strong>pura,</strong></span> <span class='ocrx_word' id='word_1_77' title='bbox 1619 1511 1958 1582; x_wconf 83' lang='lat' dir='ltr'><strong>splendentis</strong></span> 
     </span>
    </p>
   </div>
   <div class='ocr_carea' id='block_1_15' title="bbox 396 1601 1962 1668">
    <p class='ocr_par' dir='ltr' id='par_1_15' title="bbox 396 1601 1962 1668">
     <span class='ocr_line' id='line_1_15' title="bbox 396 1601 1962 1668; baseline 0.002 -15"><span class='ocrx_word' id='word_1_78' title='bbox 396 1609 521 1655; x_wconf 85' lang='lat' dir='ltr'><strong>ante</strong></span> <span class='ocrx_word' id='word_1_79' title='bbox 570 1601 855 1656; x_wconf 74' lang='lat' dir='ltr'><strong>luciferum</strong></span> <span class='ocrx_word' id='word_1_80' title='bbox 899 1617 962 1656; x_wconf 83' lang='lat' dir='ltr'><strong>ex</strong></span> <span class='ocrx_word' id='word_1_81' title='bbox 1012 1602 1191 1668; x_wconf 82' lang='lat' dir='ltr'><strong>Patre,</strong></span> <span class='ocrx_word' id='word_1_82' title='bbox 1221 1614 1272 1658; x_wconf 89' lang='lat' dir='ltr'><strong>et</strong></span> <span class='ocrx_word' id='word_1_83' title='bbox 1302 1605 1356 1658; x_wconf 91' lang='lat' dir='ltr'><strong>in</strong></span> <span class='ocrx_word' id='word_1_84' title='bbox 1407 1614 1457 1659; x_wconf 90' lang='lat' dir='ltr'><strong>te</strong></span> <span class='ocrx_word' id='word_1_85' title='bbox 1491 1604 1855 1659; x_wconf 88' lang='lat' dir='ltr'><strong>habitaculum</strong></span> <span class='ocrx_word' id='word_1_86' title='bbox 1899 1605 1962 1656; x_wconf 84' lang='lat' dir='ltr'><strong>li-</strong></span> 
     </span>
    </p>
   </div>
   <div class='ocr_carea' id='block_1_16' title="bbox 397 1684 1963 1764">
    <p class='ocr_par' dir='ltr' id='par_1_16' title="bbox 397 1684 1963 1764">
     <span class='ocr_line' id='line_1_16' title="bbox 397 1684 1963 1764; baseline 0.004 -21"><span class='ocrx_word' id='word_1_87' title='bbox 397 1692 577 1761; x_wconf 76' lang='lat' dir='ltr'><strong>gentis</strong></span> <span class='ocrx_word' id='word_1_88' title='bbox 626 1692 961 1761; x_wconf 83' lang='lat' dir='ltr'><strong>temporibus</strong></span> <span class='ocrx_word' id='word_1_89' title='bbox 989 1694 1324 1758; x_wconf 87' lang='lat' dir='ltr'><strong>novissimis,</strong></span> <span class='ocrx_word' id='word_1_90' title='bbox 1356 1684 1708 1764; x_wconf 80' lang='lat' dir='ltr'><strong>nostramque</strong></span> <span class='ocrx_word' id='word_1_91' title='bbox 1740 1694 1963 1749; x_wconf 84' lang='lat' dir='ltr'><strong>ferentis</strong></span> 
     </span>
    </p>
   </div>
   <div class='ocr_carea' id='block_1_17' title="bbox 396 1783 1963 1855">
    <p class='ocr_par' dir='ltr' id='par_1_17' title="bbox 396 1783 1963 1855">
     <span class='ocr_line' id='line_1_17' title="bbox 396 1783 1963 1855; baseline 0 -19"><span class='ocrx_word' id='word_1_92' title='bbox 396 1783 691 1836; x_wconf 83' lang='lat' dir='ltr'><strong>humanam</strong></span> <span class='ocrx_word' id='word_1_93' title='bbox 722 1783 972 1848; x_wconf 85' lang='lat' dir='ltr'><strong>formam,</strong></span> <span class='ocrx_word' id='word_1_94' title='bbox 1011 1794 1062 1837; x_wconf 86' lang='lat' dir='ltr'><strong>et</strong></span> <span class='ocrx_word' id='word_1_95' title='bbox 1094 1785 1237 1838; x_wconf 86' lang='lat' dir='ltr'><strong>illam</strong></span> <span class='ocrx_word' id='word_1_96' title='bbox 1267 1786 1385 1839; x_wconf 89' lang='lat' dir='ltr'><strong>sine</strong></span> <span class='ocrx_word' id='word_1_97' title='bbox 1414 1786 1771 1855; x_wconf 89' lang='lat' dir='ltr'><strong>pcrmistione</strong></span> <span class='ocrx_word' id='word_1_98' title='bbox 1809 1786 1963 1839; x_wconf 80' lang='lat' dir='ltr'><strong>deiti-</strong></span> 
     </span>
    </p>
   </div>
   <div class='ocr_carea' id='block_1_18' title="bbox 397 1864 1962 1947">
    <p class='ocr_par' dir='ltr' id='par_1_18' title="bbox 397 1864 1962 1947">
     <span class='ocr_line' id='line_1_18' title="bbox 397 1864 1962 1947; baseline 0.001 -18"><span class='ocrx_word' id='word_1_99' title='bbox 397 1876 593 1929; x_wconf 79' lang='lat' dir='ltr'><strong>cantis.</strong></span> <span class='ocrx_word' id='word_1_100' title='bbox 637 1874 861 1945; x_wconf 84' lang='lat' dir='ltr'><strong>Propter</strong></span> <span class='ocrx_word' id='word_1_101' title='bbox 898 1881 1042 1947; x_wconf 89' lang='lat' dir='ltr'><strong>quod</strong></span> <span class='ocrx_word' id='word_1_102' title='bbox 1111 1885 1163 1933; x_wconf 89' lang='lat' dir='ltr'><strong>te</strong></span> <span class='ocrx_word' id='word_1_103' title='bbox 1223 1893 1435 1942; x_wconf 87' lang='lat' dir='ltr'><strong>omnes,</strong></span> <span class='ocrx_word' id='word_1_104' title='bbox 1482 1887 1538 1931; x_wconf 94' lang='lat' dir='ltr'><strong>ut</strong></span> <span class='ocrx_word' id='word_1_105' title='bbox 1585 1876 1679 1932; x_wconf 89' lang='lat' dir='ltr'><strong>Dei</strong></span> <span class='ocrx_word' id='word_1_106' title='bbox 1713 1864 1962 1945; x_wconf 81' lang='lat' dir='ltr'><strong>mairem,</strong></span> 
     </span>
    </p>
   </div>
   <div class='ocr_carea' id='block_1_19' title="bbox 398 1967 831 2037">
    <p class='ocr_par' dir='ltr' id='par_1_19' title="bbox 398 1967 831 2037">
     <span class='ocr_line' id='line_1_19' title="bbox 398 1967 831 2037; baseline 0 -16"><span class='ocrx_word' id='word_1_107' title='bbox 398 1967 831 2037; x_wconf 84' lang='lat' dir='ltr'><strong>magnificamus.</strong></span> 
     </span>
    </p>
   </div>
   <div class='ocr_carea' id='block_1_20' title="bbox 627 2058 1727 2125">
    <p class='ocr_par' dir='ltr' id='par_1_20' title="bbox 627 2058 1727 2125">
     <span class='ocr_line' id='line_1_20' title="bbox 627 2058 1727 2125; baseline 0.006 -14"><span class='ocrx_word' id='word_1_108' title='bbox 627 2058 707 2111; x_wconf 71' lang='lat' dir='ltr'><strong>Ex</strong></span> <span class='ocrx_word' id='word_1_109' title='bbox 738 2076 936 2113; x_wconf 83' lang='lat' dir='ltr'><strong>canone</strong></span> <span class='ocrx_word' id='word_1_110' title='bbox 962 2060 1108 2125; x_wconf 69' lang='lat' dir='ltr'><strong>ferite</strong></span> <span class='ocrx_word' id='word_1_111' title='bbox 1127 2077 1179 2121; x_wconf 70' lang='grc' dir='ltr'><strong>γ.</strong></span> <span class='ocrx_word' id='word_1_112' title='bbox 1213 2070 1335 2115; x_wconf 84' lang='lat' dir='ltr'><strong>ante</strong></span> <span class='ocrx_word' id='word_1_113' title='bbox 1368 2060 1727 2118; x_wconf 79' lang='lat' dir='ltr'><strong>Pentecosten.</strong></span> 
     </span>
    </p>
   </div>
   <div class='ocr_carea' id='block_1_21' title="bbox 476 2150 1968 2223">
    <p class='ocr_par' dir='ltr' id='par_1_21' title="bbox 476 2150 1968 2223">
     <span class='ocr_line' id='line_1_21' title="bbox 476 2150 1968 2223; baseline 0.002 -17"><span class='ocrx_word' id='word_1_114' title='bbox 476 2150 718 2222; x_wconf 75' lang='lat' dir='ltr'><strong>Iielingis</strong></span> <span class='ocrx_word' id='word_1_115' title='bbox 766 2151 1124 2219; x_wconf 66' lang='lat' dir='ltr'><strong>contractam,</strong></span> <span class='ocrx_word' id='word_1_116' title='bbox 1173 2164 1226 2208; x_wconf 91' lang='lat' dir='ltr'><strong>et</strong></span> <span class='ocrx_word' id='word_1_117' title='bbox 1276 2154 1625 2223; x_wconf 86' lang='lat' dir='ltr'><strong>corruptione</strong></span> <span class='ocrx_word' id='word_1_118' title='bbox 1676 2153 1968 2223; x_wconf 84' lang='lat' dir='ltr'><strong>collapsam</strong></span> 
     </span>
    </p>
   </div>
   <div class='ocr_carea' id='block_1_22' title="bbox 473 2308 1973 2380">
    <p class='ocr_par' dir='ltr' id='par_1_22' title="bbox 473 2308 1973 2380">
     <span class='ocr_line' id='line_1_22' title="bbox 473 2308 1973 2380; baseline 0.002 -18"><span class='ocrx_word' id='word_1_119' title='bbox 473 2308 584 2380; x_wconf 86' lang='lat'><strong>(68)</strong></span> <span class='ocrx_word' id='word_1_120' title='bbox 622 2309 785 2380; x_wconf 76' lang='lat' dir='ltr'><strong>Favet</strong></span> <span class='ocrx_word' id='word_1_121' title='bbox 817 2308 1071 2365; x_wconf 87' lang='lat' dir='ltr'><strong>Nicolaus</strong></span> <span class='ocrx_word' id='word_1_122' title='bbox 1099 2311 1344 2366; x_wconf 86' lang='lat' dir='ltr'><strong>Cusanus</strong></span> <span class='ocrx_word' id='word_1_123' title='bbox 1375 2313 1432 2368; x_wconf 87' lang='lat' dir='ltr'><strong>S.</strong></span> <span class='ocrx_word' id='word_1_124' title='bbox 1469 2314 1535 2367; x_wconf 86' lang='lat' dir='ltr'><strong>R.</strong></span> <span class='ocrx_word' id='word_1_125' title='bbox 1566 2312 1628 2367; x_wconf 90' lang='lat' dir='ltr'><strong>E.</strong></span> <span class='ocrx_word' id='word_1_126' title='bbox 1654 2313 1973 2379; x_wconf 87' lang='lat' dir='ltr'><strong>cardinalis,</strong></span> 
     </span>
    </p>
   </div>
   <div class='ocr_carea' id='block_1_23' title="bbox 401 2379 1973 2438">
    <p class='ocr_par' dir='ltr' id='par_1_23' title="bbox 401 2379 1973 2438">
     <span class='ocr_line' id='line_1_23' title="bbox 401 2379 1973 2438; baseline 0.003 -6"><span class='ocrx_word' id='word_1_127' title='bbox 401 2379 529 2433; x_wconf 88' lang='lat' dir='ltr'><strong>libr.</strong></span> <span class='ocrx_word' id='word_1_128' title='bbox 561 2396 593 2433; x_wconf 90' lang='lat' dir='ltr'><strong>v</strong></span> <span class='ocrx_word' id='word_1_129' title='bbox 648 2379 942 2435; x_wconf 73' lang='lat' dir='ltr'><strong>Exercitat.</strong></span> <span class='ocrx_word' id='word_1_130' title='bbox 988 2380 1053 2434; x_wconf 88' lang='lat' dir='ltr'><strong>ad</strong></span> <span class='ocrx_word' id='word_1_131' title='bbox 1103 2384 1192 2436; x_wconf 90' lang='lat' dir='ltr'><strong>illa</strong></span> <span class='ocrx_word' id='word_1_132' title='bbox 1234 2384 1395 2437; x_wconf 89' lang='lat' dir='ltr'><strong>verba</strong></span> <span class='ocrx_word' id='word_1_133' title='bbox 1431 2401 1444 2437; x_wconf 88' lang='lat'><strong>:</strong></span> <span class='ocrx_word' id='word_1_134' title='bbox 1482 2382 1681 2437; x_wconf 75' lang='lat' dir='ltr'><strong>Caelum</strong></span> <span class='ocrx_word' id='word_1_135' title='bbox 1721 2396 1770 2438; x_wconf 85' lang='lat' dir='ltr'><strong>et</strong></span> <span class='ocrx_word' id='word_1_136' title='bbox 1809 2382 1973 2437; x_wconf 84' lang='lat' dir='ltr'><strong>Terra</strong></span> 
     </span>
    </p>
   </div>
   <div class='ocr_carea' id='block_1_24' title="bbox 408 2450 1970 2522">
    <p class='ocr_par' dir='ltr' id='par_1_24' title="bbox 408 2450 1970 2522">
     <span class='ocr_line' id='line_1_24' title="bbox 408 2450 1970 2522; baseline 0.003 -18"><span class='ocrx_word' id='word_1_137' title='bbox 408 2450 729 2515; x_wconf 82' lang='lat' dir='ltr'><strong>transibunt,</strong></span> <span class='ocrx_word' id='word_1_138' title='bbox 790 2453 915 2505; x_wconf 90' lang='lat' dir='ltr'><strong>dum</strong></span> <span class='ocrx_word' id='word_1_139' title='bbox 960 2451 1136 2520; x_wconf 88' lang='lat' dir='ltr'><strong>inquit</strong></span> <span class='ocrx_word' id='word_1_140' title='bbox 1179 2473 1191 2508; x_wconf 94' lang='lat'><strong>:</strong></span> <span class='ocrx_word' id='word_1_141' title='bbox 1241 2473 1258 2504; x_wconf 88' lang='grc'><em>‹</em></span> <span class='ocrx_word' id='word_1_142' title='bbox 1297 2450 1464 2521; x_wconf 85' lang='lat' dir='ltr'><strong>Virgo</strong></span> <span class='ocrx_word' id='word_1_143' title='bbox 1520 2453 1795 2522; x_wconf 85' lang='lat' dir='ltr'><strong>gloriosa,</strong></span> <span class='ocrx_word' id='word_1_144' title='bbox 1847 2469 1970 2508; x_wconf 90' lang='lat' dir='ltr'><strong>cum</strong></span> 
     </span>
    </p>
   </div>
   <div class='ocr_carea' id='block_1_25' title="bbox 403 2522 1975 2591">
    <p class='ocr_par' dir='ltr' id='par_1_25' title="bbox 403 2522 1975 2591">
     <span class='ocr_line' id='line_1_25' title="bbox 403 2522 1975 2591; baseline 0.001 -16"><span class='ocrx_word' id='word_1_145' title='bbox 403 2529 561 2591; x_wconf 18' lang='lat' dir='ltr'><strong>esset,</strong></span> <span class='ocrx_word' id='word_1_146' title='bbox 588 2522 969 2591; x_wconf 65' lang='lat' dir='ltr'><strong>praedestinata</strong></span> <span class='ocrx_word' id='word_1_147' title='bbox 1015 2534 1141 2576; x_wconf 84' lang='lat' dir='ltr'><strong>ante</strong></span> <span class='ocrx_word' id='word_1_148' title='bbox 1174 2524 1392 2581; x_wconf 78' lang='lat' dir='ltr'><strong>szecula.</strong></span> <span class='ocrx_word' id='word_1_149' title='bbox 1424 2532 1479 2576; x_wconf 91' lang='lat' dir='ltr'><strong>ut</strong></span> <span class='ocrx_word' id='word_1_150' title='bbox 1518 2540 1583 2577; x_wconf 85' lang='lat' dir='ltr'><strong>cx</strong></span> <span class='ocrx_word' id='word_1_151' title='bbox 1617 2524 1731 2591; x_wconf 88' lang='lat' dir='ltr'><strong>ipsa</strong></span> <span class='ocrx_word' id='word_1_152' title='bbox 1765 2525 1975 2591; x_wconf 88' lang='lat' dir='ltr'><strong>recipe-</strong></span> 
     </span>
    </p>
   </div>
   <div class='ocr_carea' id='block_1_26' title="bbox 408 2590 1975 2656">
    <p class='ocr_par' dir='ltr' id='par_1_26' title="bbox 408 2590 1975 2656">
     <span class='ocr_line' id='line_1_26' title="bbox 408 2590 1975 2656; baseline 0.004 -13"><span class='ocrx_word' id='word_1_153' title='bbox 408 2600 490 2643; x_wconf 87' lang='lat' dir='ltr'><strong>ret</strong></span> <span class='ocrx_word' id='word_1_154' title='bbox 545 2590 635 2643; x_wconf 91' lang='lat' dir='ltr'><strong>Dei</strong></span> <span class='ocrx_word' id='word_1_155' title='bbox 670 2590 840 2647; x_wconf 85' lang='lat' dir='ltr'><strong>Filius</strong></span> <span class='ocrx_word' id='word_1_156' title='bbox 892 2600 1141 2645; x_wconf 89' lang='lat' dir='ltr'><strong>naturam</strong></span> <span class='ocrx_word' id='word_1_157' title='bbox 1205 2594 1525 2656; x_wconf 83' lang='lat' dir='ltr'><strong>humanam,</strong></span> <span class='ocrx_word' id='word_1_158' title='bbox 1575 2590 1651 2648; x_wconf 17' lang='lat' dir='ltr'><strong>uti</strong></span> <span class='ocrx_word' id='word_1_159' title='bbox 1676 2594 1767 2647; x_wconf 91' lang='lat' dir='ltr'><strong>Dei</strong></span> <span class='ocrx_word' id='word_1_160' title='bbox 1803 2594 1975 2649; x_wconf 88' lang='lat' dir='ltr'><strong>Filius</strong></span> 
     </span>
    </p>
   </div>
   <div class='ocr_carea' id='block_1_27' title="bbox 411 2660 1975 2731">
    <p class='ocr_par' dir='ltr' id='par_1_27' title="bbox 411 2660 1975 2731">
     <span class='ocr_line' id='line_1_27' title="bbox 411 2660 1975 2731; baseline 0.003 -17"><span class='ocrx_word' id='word_1_161' title='bbox 411 2660 563 2731; x_wconf 85' lang='lat' dir='ltr'><strong>ﬁeret</strong></span> <span class='ocrx_word' id='word_1_162' title='bbox 594 2662 735 2715; x_wconf 91' lang='lat' dir='ltr'><strong>ﬁlius</strong></span> <span class='ocrx_word' id='word_1_163' title='bbox 786 2662 1024 2716; x_wconf 85' lang='lat' dir='ltr'><strong>hominis</strong></span> <span class='ocrx_word' id='word_1_164' title='bbox 1064 2682 1077 2716; x_wconf 91' lang='lat'><strong>:</strong></span> <span class='ocrx_word' id='word_1_165' title='bbox 1111 2663 1185 2716; x_wconf 90' lang='lat' dir='ltr'><strong>ita</strong></span> <span class='ocrx_word' id='word_1_166' title='bbox 1222 2673 1480 2731; x_wconf 88' lang='lat' dir='ltr'><strong>concepta</strong></span> <span class='ocrx_word' id='word_1_167' title='bbox 1528 2674 1632 2727; x_wconf 90' lang='lat' dir='ltr'><strong>est,</strong></span> <span class='ocrx_word' id='word_1_168' title='bbox 1670 2674 1729 2718; x_wconf 92' lang='lat' dir='ltr'><strong>ut</strong></span> <span class='ocrx_word' id='word_1_169' title='bbox 1753 2665 1975 2730; x_wconf 80' lang='lat' dir='ltr'><strong>dignum</strong></span> 
     </span>
    </p>
   </div>
   <div class='ocr_carea' id='block_1_28' title="bbox 408 2730 1977 2790">
    <p class='ocr_par' dir='ltr' id='par_1_28' title="bbox 408 2730 1977 2790">
     <span class='ocr_line' id='line_1_28' title="bbox 408 2730 1977 2790; baseline 0.005 -8"><span class='ocrx_word' id='word_1_170' title='bbox 408 2730 473 2783; x_wconf 84' lang='lat' dir='ltr'><strong>ad</strong></span> <span class='ocrx_word' id='word_1_171' title='bbox 503 2731 610 2785; x_wconf 90' lang='lat' dir='ltr'><strong>hoc</strong></span> <span class='ocrx_word' id='word_1_172' title='bbox 647 2731 1015 2785; x_wconf 89' lang='lat' dir='ltr'><strong>habitaculum</strong></span> <span class='ocrx_word' id='word_1_173' title='bbox 1058 2734 1228 2787; x_wconf 80' lang='lat' dir='ltr'><strong>fieret.</strong></span> <span class='ocrx_word' id='word_1_174' title='bbox 1268 2730 1495 2787; x_wconf 83' lang='lat' dir='ltr'><strong>Induere</strong></span> <span class='ocrx_word' id='word_1_175' title='bbox 1530 2749 1587 2787; x_wconf 88' lang='lat' dir='ltr'><strong>se</strong></span> <span class='ocrx_word' id='word_1_176' title='bbox 1620 2735 1805 2787; x_wconf 86' lang='lat' dir='ltr'><strong>debuit</strong></span> <span class='ocrx_word' id='word_1_177' title='bbox 1834 2736 1977 2790; x_wconf 85' lang='lat' dir='ltr'><strong>Deus</strong></span> 
     </span>
    </p>
   </div>
   <div class='ocr_carea' id='block_1_29' title="bbox 412 2800 1977 2870">
    <p class='ocr_par' dir='ltr' id='par_1_29' title="bbox 412 2800 1977 2870">
     <span class='ocr_line' id='line_1_29' title="bbox 412 2800 1977 2870; baseline 0.004 -17"><span class='ocrx_word' id='word_1_178' title='bbox 412 2800 750 2856; x_wconf 89' lang='lat' dir='ltr'><strong>humanitate</strong></span> <span class='ocrx_word' id='word_1_179' title='bbox 787 2801 988 2864; x_wconf 60' lang='lat' dir='ltr'><strong>Marias,</strong></span> <span class='ocrx_word' id='word_1_180' title='bbox 1016 2817 1183 2870; x_wconf 87' lang='lat' dir='ltr'><strong>quare</strong></span> <span class='ocrx_word' id='word_1_181' title='bbox 1219 2803 1453 2855; x_wconf 88' lang='lat' dir='ltr'><strong>humana</strong></span> <span class='ocrx_word' id='word_1_182' title='bbox 1498 2813 1689 2857; x_wconf 91' lang='lat' dir='ltr'><strong>natura</strong></span> <span class='ocrx_word' id='word_1_183' title='bbox 1739 2803 1977 2870; x_wconf 76' lang='lat' dir='ltr'><strong>Virginis</strong></span> 
     </span>
    </p>
   </div>
   <div class='ocr_carea' id='block_1_30' title="bbox 412 2870 1979 2939">
    <p class='ocr_par' dir='ltr' id='par_1_30' title="bbox 412 2870 1979 2939">
     <span class='ocr_line' id='line_1_30' title="bbox 412 2870 1979 2939; baseline 0.005 -17"><span class='ocrx_word' id='word_1_184' title='bbox 412 2870 578 2939; x_wconf 74' lang='lat' dir='ltr'><strong>digna</strong></span> <span class='ocrx_word' id='word_1_185' title='bbox 628 2871 767 2925; x_wconf 85' lang='lat' dir='ltr'><strong>facta</strong></span> <span class='ocrx_word' id='word_1_186' title='bbox 799 2880 882 2926; x_wconf 83' lang='lat' dir='ltr'><strong>est</strong></span> <span class='ocrx_word' id='word_1_187' title='bbox 916 2872 986 2926; x_wconf 86' lang='lat' dir='ltr'><strong>ab</strong></span> <span class='ocrx_word' id='word_1_188' title='bbox 1024 2873 1197 2925; x_wconf 90' lang='lat' dir='ltr'><strong>initio.</strong></span> <span class='ocrx_word' id='word_1_189' title='bbox 1244 2891 1260 2922; x_wconf 72' lang='grc' dir='ltr'><strong>ι</strong></span> <span class='ocrx_word' id='word_1_190' title='bbox 1298 2870 1390 2926; x_wconf 87' lang='lat' dir='ltr'><strong>Sic</strong></span> <span class='ocrx_word' id='word_1_191' title='bbox 1434 2874 1540 2926; x_wconf 88' lang='lat' dir='ltr'><strong>ille.</strong></span> <span class='ocrx_word' id='word_1_192' title='bbox 1581 2874 1646 2925; x_wconf 83' lang='lat' dir='ltr'><strong>Et</strong></span> <span class='ocrx_word' id='word_1_193' title='bbox 1675 2874 1979 2931; x_wconf 82' lang='lat' dir='ltr'><strong>Gulielmus</strong></span> 
     </span>
    </p>
   </div>
   <div class='ocr_carea' id='block_1_31' title="bbox 411 2937 1978 3009">
    <p class='ocr_par' dir='ltr' id='par_1_31' title="bbox 411 2937 1978 3009">
     <span class='ocr_line' id='line_1_31' title="bbox 411 2937 1978 3009; baseline 0.003 -17"><span class='ocrx_word' id='word_1_194' title='bbox 411 2937 688 2995; x_wconf 49' lang='lat' dir='ltr'><strong>Pa&#39;riensis</strong></span> <span class='ocrx_word' id='word_1_195' title='bbox 712 2942 923 3005; x_wconf 85' lang='lat' dir='ltr'><strong>Junior,</strong></span> <span class='ocrx_word' id='word_1_196' title='bbox 957 2942 1070 2996; x_wconf 74' lang='lat' dir='ltr'><strong>sive</strong></span> <span class='ocrx_word' id='word_1_197' title='bbox 1112 2944 1416 2996; x_wconf 75' lang='lat' dir='ltr'><strong>Bitontinus</strong></span> <span class='ocrx_word' id='word_1_198' title='bbox 1449 2944 1499 2995; x_wconf 92' lang='lat' dir='ltr'><strong>in</strong></span> <span class='ocrx_word' id='word_1_199' title='bbox 1534 2943 1772 2997; x_wconf 78' lang='lat' dir='ltr'><strong>Postillis</strong></span> <span class='ocrx_word' id='word_1_200' title='bbox 1808 2944 1978 3009; x_wconf 82' lang='lat' dir='ltr'><strong>majo-</strong></span> 
     </span>
    </p>
   </div>
   <div class='ocr_carea' id='block_1_32' title="bbox 413 3010 1981 3083">
    <p class='ocr_par' dir='ltr' id='par_1_32' title="bbox 413 3010 1981 3083">
     <span class='ocr_line' id='line_1_32' title="bbox 413 3010 1981 3083; baseline 0.003 -21"><span class='ocrx_word' id='word_1_201' title='bbox 413 3010 559 3083; x_wconf 71' lang='lat' dir='ltr'><strong>ribus</strong></span> <span class='ocrx_word' id='word_1_202' title='bbox 588 3012 652 3064; x_wconf 87' lang='lat' dir='ltr'><strong>de</strong></span> <span class='ocrx_word' id='word_1_203' title='bbox 676 3013 819 3083; x_wconf 68' lang='lat' dir='ltr'><strong>festo</strong></span> <span class='ocrx_word' id='word_1_204' title='bbox 850 3011 1242 3079; x_wconf 74' lang='lat' dir='ltr'><strong>Conceptionis,</strong></span> <span class='ocrx_word' id='word_1_205' title='bbox 1273 3029 1323 3080; x_wconf 87' lang='lat' dir='ltr'><strong>q.</strong></span> <span class='ocrx_word' id='word_1_206' title='bbox 1362 3014 1414 3076; x_wconf 79' lang='lat'><strong>3,</strong></span> <span class='ocrx_word' id='word_1_207' title='bbox 1444 3014 1572 3065; x_wconf 90' lang='lat' dir='ltr'><strong>dum</strong></span> <span class='ocrx_word' id='word_1_208' title='bbox 1605 3015 1681 3067; x_wconf 90' lang='lat' dir='ltr'><strong>ait</strong></span> <span class='ocrx_word' id='word_1_209' title='bbox 1708 3032 1719 3064; x_wconf 89' lang='lat'><strong><em>:</em></strong></span> <span class='ocrx_word' id='word_1_210' title='bbox 1761 3034 1778 3064; x_wconf 86' lang='grc'><strong>‹</strong></span> <span class='ocrx_word' id='word_1_211' title='bbox 1816 3012 1981 3083; x_wconf 87' lang='lat' dir='ltr'><strong>Virgo</strong></span> 
     </span>
    </p>
   </div>
   <div class='ocr_carea' id='block_1_33' title="bbox 412 3078 1978 3150">
    <p class='ocr_par' dir='ltr' id='par_1_33' title="bbox 412 3078 1978 3150">
     <span class='ocr_line' id='line_1_33' title="bbox 412 3078 1978 3150; baseline 0.004 -19"><span class='ocrx_word' id='word_1_212' title='bbox 412 3078 578 3132; x_wconf 83' lang='lat' dir='ltr'><strong>Maria</strong></span> <span class='ocrx_word' id='word_1_213' title='bbox 604 3082 832 3135; x_wconf 73' lang='lat' dir='ltr'><strong>debebat</strong></span> <span class='ocrx_word' id='word_1_214' title='bbox 877 3083 988 3135; x_wconf 73' lang='lat' dir='ltr'><strong>fieri</strong></span> <span class='ocrx_word' id='word_1_215' title='bbox 1026 3078 1258 3150; x_wconf 57' lang='lat' dir='ltr'><strong>Spitciale</strong></span> <span class='ocrx_word' id='word_1_216' title='bbox 1289 3078 1656 3136; x_wconf 86' lang='lat' dir='ltr'><strong>habitaculum</strong></span> <span class='ocrx_word' id='word_1_217' title='bbox 1690 3083 1802 3137; x_wconf 89' lang='lat' dir='ltr'><strong>Dei.</strong></span> <span class='ocrx_word' id='word_1_218' title='bbox 1839 3078 1978 3150; x_wconf 72' lang='lat' dir='ltr'><strong>Ergo</strong></span> 
     </span>
    </p>
   </div>
   <div class='ocr_carea' id='block_1_34' title="bbox 412 3150 1975 3221">
    <p class='ocr_par' dir='ltr' id='par_1_34' title="bbox 412 3150 1975 3221">
     <span class='ocr_line' id='line_1_34' title="bbox 412 3150 1975 3221; baseline 0.003 -18"><span class='ocrx_word' id='word_1_219' title='bbox 412 3150 648 3221; x_wconf 85' lang='lat' dir='ltr'><strong>debebat</strong></span> <span class='ocrx_word' id='word_1_220' title='bbox 702 3154 993 3214; x_wconf 76' lang='lat' dir='ltr'><strong>sprcialius</strong></span> <span class='ocrx_word' id='word_1_221' title='bbox 1054 3154 1363 3221; x_wconf 66' lang='lat' dir='ltr'><strong>praeparari.</strong></span> <span class='ocrx_word' id='word_1_222' title='bbox 1434 3154 1535 3207; x_wconf 85' lang='lat' dir='ltr'><strong>Sed</strong></span> <span class='ocrx_word' id='word_1_223' title='bbox 1600 3155 1642 3208; x_wconf 89' lang='lat' dir='ltr'><strong>si</strong></span> <span class='ocrx_word' id='word_1_224' title='bbox 1715 3166 1975 3221; x_wconf 86' lang='lat' dir='ltr'><strong>concepta</strong></span> 
     </span>
    </p>
   </div>
   <div class='ocr_carea' id='block_1_35' title="bbox 414 3220 1976 3291">
    <p class='ocr_par' dir='ltr' id='par_1_35' title="bbox 414 3220 1976 3291">
     <span class='ocr_line' id='line_1_35' title="bbox 414 3220 1976 3291; baseline 0.001 -19"><span class='ocrx_word' id='word_1_225' title='bbox 414 3220 603 3274; x_wconf 87' lang='lat' dir='ltr'><strong>fuisset</strong></span> <span class='ocrx_word' id='word_1_226' title='bbox 632 3222 685 3274; x_wconf 91' lang='lat' dir='ltr'><strong>in</strong></span> <span class='ocrx_word' id='word_1_227' title='bbox 726 3234 951 3291; x_wconf 85' lang='lat' dir='ltr'><strong>peccato</strong></span> <span class='ocrx_word' id='word_1_228' title='bbox 987 3220 1258 3290; x_wconf 48' lang='lat' dir='ltr'><strong>originali,</strong></span> <span class='ocrx_word' id='word_1_229' title='bbox 1308 3238 1411 3275; x_wconf 91' lang='lat' dir='ltr'><strong>non</strong></span> <span class='ocrx_word' id='word_1_230' title='bbox 1457 3222 1646 3277; x_wconf 85' lang='lat' dir='ltr'><strong>fuisset</strong></span> <span class='ocrx_word' id='word_1_231' title='bbox 1680 3224 1976 3291; x_wconf 75' lang='lat' dir='ltr'><strong>specialius</strong></span> 
     </span>
    </p>
   </div>
   <div class='ocr_carea' id='block_1_36' title="bbox 412 3292 1977 3362">
    <p class='ocr_par' dir='ltr' id='par_1_36' title="bbox 412 3292 1977 3362">
     <span class='ocr_line' id='line_1_36' title="bbox 412 3292 1977 3362; baseline 0.003 -22"><span class='ocrx_word' id='word_1_232' title='bbox 412 3302 733 3359; x_wconf 59' lang='lat' dir='ltr'><strong>pra‘parata.</strong></span> <span class='ocrx_word' id='word_1_233' title='bbox 767 3292 934 3359; x_wconf 87' lang='lat' dir='ltr'><strong>Igitur</strong></span> <span class='ocrx_word' id='word_1_234' title='bbox 976 3310 1081 3345; x_wconf 89' lang='lat' dir='ltr'><strong>non</strong></span> <span class='ocrx_word' id='word_1_235' title='bbox 1118 3292 1216 3345; x_wconf 80' lang='lat' dir='ltr'><strong>fuit</strong></span> <span class='ocrx_word' id='word_1_236' title='bbox 1240 3305 1502 3362; x_wconf 75' lang='lat' dir='ltr'><strong>concepta</strong></span> <span class='ocrx_word' id='word_1_237' title='bbox 1532 3295 1581 3345; x_wconf 90' lang='lat' dir='ltr'><strong>iu</strong></span> <span class='ocrx_word' id='word_1_238' title='bbox 1618 3306 1841 3361; x_wconf 89' lang='lat' dir='ltr'><strong>peccato</strong></span> <span class='ocrx_word' id='word_1_239' title='bbox 1866 3296 1977 3345; x_wconf 90' lang='lat' dir='ltr'><strong>ori-</strong></span> 
     </span>
    </p>
   </div>
   <div class='ocr_carea' id='block_1_37' title="bbox 412 3362 1975 3428">
    <p class='ocr_par' dir='ltr' id='par_1_37' title="bbox 412 3362 1975 3428">
     <span class='ocr_line' id='line_1_37' title="bbox 412 3362 1975 3428; baseline 0.004 -16"><span class='ocrx_word' id='word_1_240' title='bbox 412 3362 600 3428; x_wconf 78' lang='lat' dir='ltr'><strong>ginali.</strong></span> <span class='ocrx_word' id='word_1_241' title='bbox 636 3362 724 3416; x_wconf 88' lang='lat' dir='ltr'><strong>Sic</strong></span> <span class='ocrx_word' id='word_1_242' title='bbox 755 3362 1078 3415; x_wconf 77' lang='lat' dir='ltr'><strong>Gulielmus.</strong></span> <span class='ocrx_word' id='word_1_243' title='bbox 1122 3363 1255 3415; x_wconf 73' lang='lat' dir='ltr'><strong>Slinc</strong></span> <span class='ocrx_word' id='word_1_244' title='bbox 1305 3363 1594 3416; x_wconf 65' lang='lat' dir='ltr'><strong>Fulliertus</strong></span> <span class='ocrx_word' id='word_1_245' title='bbox 1622 3365 1975 3419; x_wconf 65' lang='lat' dir='ltr'><strong>Caritate-usis</strong></span> 
     </span>
    </p>
   </div>
   <div class='ocr_carea' id='block_1_38' title="bbox 414 3429 1979 3501">
    <p class='ocr_par' dir='ltr' id='par_1_38' title="bbox 414 3429 1979 3501">
     <span class='ocr_line' id='line_1_38' title="bbox 414 3429 1979 3501; baseline 0.003 -19"><span class='ocrx_word' id='word_1_246' title='bbox 414 3432 467 3482; x_wconf 87' lang='lat' dir='ltr'><strong>in</strong></span> <span class='ocrx_word' id='word_1_247' title='bbox 522 3429 693 3484; x_wconf 87' lang='lat' dir='ltr'><strong>Serm.</strong></span> <span class='ocrx_word' id='word_1_248' title='bbox 741 3434 807 3485; x_wconf 82' lang='lat' dir='ltr'><strong>de</strong></span> <span class='ocrx_word' id='word_1_249' title='bbox 856 3431 1173 3485; x_wconf 85' lang='lat' dir='ltr'><strong>Nutivit.B.</strong></span> <span class='ocrx_word' id='word_1_250' title='bbox 1216 3431 1465 3501; x_wconf 73' lang='lat' dir='ltr'><strong>Virginis,</strong></span> <span class='ocrx_word' id='word_1_251' title='bbox 1499 3436 1573 3486; x_wconf 70' lang='lat' dir='ltr'><strong>ait</strong></span> <span class='ocrx_word' id='word_1_252' title='bbox 1625 3435 1824 3486; x_wconf 88' lang='lat' dir='ltr'><strong>iurem</strong></span> <span class='ocrx_word' id='word_1_253' title='bbox 1879 3450 1979 3486; x_wconf 89' lang='lat' dir='ltr'><strong>no-</strong></span> 
     </span>
    </p>
   </div>
   <div class='ocr_carea' id='block_1_39' title="bbox 414 3501 1975 3571">
    <p class='ocr_par' dir='ltr' id='par_1_39' title="bbox 414 3501 1975 3571">
     <span class='ocr_line' id='line_1_39' title="bbox 414 3501 1975 3571; baseline 0.001 -18"><span class='ocrx_word' id='word_1_254' title='bbox 414 3510 581 3553; x_wconf 88' lang='lat' dir='ltr'><strong>stram</strong></span> <span class='ocrx_word' id='word_1_255' title='bbox 618 3520 631 3555; x_wconf 89' lang='lat'>:</span> <span class='ocrx_word' id='word_1_256' title='bbox 679 3521 697 3552; x_wconf 82' lang='grc'><strong><em>‹</em></strong></span> <span class='ocrx_word' id='word_1_257' title='bbox 743 3501 852 3555; x_wconf 86' lang='lat' dir='ltr'><strong>lloc</strong></span> <span class='ocrx_word' id='word_1_258' title='bbox 900 3503 1061 3569; x_wconf 77' lang='lat' dir='ltr'><strong>igitur</strong></span> <span class='ocrx_word' id='word_1_259' title='bbox 1105 3518 1226 3555; x_wconf 93' lang='lat' dir='ltr'><strong>cum</strong></span> <span class='ocrx_word' id='word_1_260' title='bbox 1257 3504 1445 3571; x_wconf 89' lang='lat' dir='ltr'><strong>primis</strong></span> <span class='ocrx_word' id='word_1_261' title='bbox 1485 3514 1733 3557; x_wconf 82' lang='lat' dir='ltr'><strong>astruere</strong></span> <span class='ocrx_word' id='word_1_262' title='bbox 1767 3504 1846 3557; x_wconf 89' lang='lat' dir='ltr'><strong>fas</strong></span> <span class='ocrx_word' id='word_1_263' title='bbox 1872 3513 1975 3568; x_wconf 90' lang='lat' dir='ltr'><strong>est,</strong></span> 
     </span>
    </p>
   </div>
   <div class='ocr_carea' id='block_1_40' title="bbox 412 3572 1978 3643">
    <p class='ocr_par' dir='ltr' id='par_1_40' title="bbox 412 3572 1978 3643">
     <span class='ocr_line' id='line_1_40' title="bbox 412 3572 1978 3643; baseline 0.004 -23"><span class='ocrx_word' id='word_1_264' title='bbox 412 3572 556 3643; x_wconf 84' lang='lat' dir='ltr'><strong>quod</strong></span> <span class='ocrx_word' id='word_1_265' title='bbox 590 3574 772 3624; x_wconf 88' lang='lat' dir='ltr'><strong>anima</strong></span> <span class='ocrx_word' id='word_1_266' title='bbox 802 3573 993 3639; x_wconf 91' lang='lat' dir='ltr'><strong>ipsius.</strong></span> <span class='ocrx_word' id='word_1_267' title='bbox 1015 3582 1068 3643; x_wconf 69' lang='lat' dir='ltr'><strong>et</strong></span> <span class='ocrx_word' id='word_1_268' title='bbox 1091 3587 1238 3643; x_wconf 67' lang='lat' dir='ltr'><strong>caro,</strong></span> <span class='ocrx_word' id='word_1_269' title='bbox 1276 3574 1325 3625; x_wconf 92' lang='lat' dir='ltr'><strong>in</strong></span> <span class='ocrx_word' id='word_1_270' title='bbox 1356 3589 1461 3641; x_wconf 91' lang='lat' dir='ltr'><strong>qua</strong></span> <span class='ocrx_word' id='word_1_271' title='bbox 1493 3576 1652 3643; x_wconf 77' lang='lat' dir='ltr'><strong>elegit</strong></span> <span class='ocrx_word' id='word_1_272' title='bbox 1680 3575 1780 3628; x_wconf 91' lang='lat' dir='ltr'><strong>sibi</strong></span> <span class='ocrx_word' id='word_1_273' title='bbox 1826 3575 1978 3627; x_wconf 87' lang='lat' dir='ltr'><strong>habi-</strong></span> 
     </span>
    </p>
   </div>
   <div class='ocr_carea' id='block_1_41' title="bbox 413 3640 1977 3710">
    <p class='ocr_par' dir='ltr' id='par_1_41' title="bbox 413 3640 1977 3710">
     <span class='ocr_line' id='line_1_41' title="bbox 413 3640 1977 3710; baseline 0.004 -19"><span class='ocrx_word' id='word_1_274' title='bbox 413 3640 653 3710; x_wconf 77' lang='lat' dir='ltr'><strong>taculum</strong></span> <span class='ocrx_word' id='word_1_275' title='bbox 702 3642 976 3710; x_wconf 76' lang='lat' dir='ltr'><strong>Sapientia</strong></span> <span class='ocrx_word' id='word_1_276' title='bbox 1014 3641 1104 3696; x_wconf 90' lang='lat' dir='ltr'><strong>Dei</strong></span> <span class='ocrx_word' id='word_1_277' title='bbox 1151 3641 1349 3707; x_wconf 86' lang='lat' dir='ltr'><strong>Patris,</strong></span> <span class='ocrx_word' id='word_1_278' title='bbox 1376 3640 1454 3697; x_wconf 81' lang='lat' dir='ltr'><strong>ab</strong></span> <span class='ocrx_word' id='word_1_279' title='bbox 1501 3640 1647 3697; x_wconf 67' lang='lat' dir='ltr'><strong>oufni</strong></span> <span class='ocrx_word' id='word_1_280' title='bbox 1685 3645 1888 3699; x_wconf 88' lang='lat' dir='ltr'><strong>tnalitia</strong></span> <span class='ocrx_word' id='word_1_281' title='bbox 1925 3652 1977 3697; x_wconf 91' lang='lat' dir='ltr'><strong>et</strong></span> 
     </span>
    </p>
   </div>
   <div class='ocr_carea' id='block_1_42' title="bbox 416 3709 1978 3779">
    <p class='ocr_par' dir='ltr' id='par_1_42' title="bbox 416 3709 1978 3779">
     <span class='ocr_line' id='line_1_42' title="bbox 416 3709 1978 3779; baseline 0.004 -18"><span class='ocrx_word' id='word_1_282' title='bbox 416 3709 1104 3779; x_wconf 28' lang='lat' dir='ltr'><strong>immunditia’purissima</strong></span> <span class='ocrx_word' id='word_1_283' title='bbox 1168 3712 1384 3766; x_wconf 89' lang='lat' dir='ltr'><strong>fuerunt</strong></span> <span class='ocrx_word' id='word_1_284' title='bbox 1418 3732 1431 3767; x_wconf 92' lang='lat'><strong>:</strong></span> <span class='ocrx_word' id='word_1_285' title='bbox 1473 3716 1772 3768; x_wconf 88' lang='lat' dir='ltr'><strong>allirmaute</strong></span> <span class='ocrx_word' id='word_1_286' title='bbox 1834 3714 1978 3768; x_wconf 74' lang='lat' dir='ltr'><strong>Scri-</strong></span> 
     </span>
    </p>
   </div>
   <div class='ocr_carea' id='block_1_43' title="bbox 416 3781 1980 3847">
    <p class='ocr_par' dir='ltr' id='par_1_43' title="bbox 416 3781 1980 3847">
     <span class='ocr_line' id='line_1_43' title="bbox 416 3781 1980 3847; baseline 0.004 -16"><span class='ocrx_word' id='word_1_287' title='bbox 416 3788 594 3844; x_wconf 85' lang='lat' dir='ltr'><strong>ptura,</strong></span> <span class='ocrx_word' id='word_1_288' title='bbox 632 3782 777 3847; x_wconf 88' lang='lat' dir='ltr'><strong>quod</strong></span> <span class='ocrx_word' id='word_1_289' title='bbox 824 3781 877 3834; x_wconf 91' lang='lat' dir='ltr'><strong>in</strong></span> <span class='ocrx_word' id='word_1_290' title='bbox 922 3783 1239 3836; x_wconf 81' lang='lat' dir='ltr'><strong>malevolam</strong></span> <span class='ocrx_word' id='word_1_291' title='bbox 1294 3784 1528 3837; x_wconf 88' lang='lat' dir='ltr'><strong>animam</strong></span> <span class='ocrx_word' id='word_1_292' title='bbox 1572 3802 1675 3838; x_wconf 90' lang='lat' dir='ltr'><strong>non</strong></span> <span class='ocrx_word' id='word_1_293' title='bbox 1734 3786 1980 3839; x_wconf 88' lang='lat' dir='ltr'><strong>introibit</strong></span> 
     </span>
    </p>
   </div>
   <div class='ocr_carea' id='block_1_44' title="bbox 416 3848 1980 3922">
    <p class='ocr_par' dir='ltr' id='par_1_44' title="bbox 416 3848 1980 3922">
     <span class='ocr_line' id='line_1_44' title="bbox 416 3848 1980 3922; baseline 0.003 -18"><span class='ocrx_word' id='word_1_294' title='bbox 416 3848 713 3922; x_wconf 77' lang='lat' dir='ltr'><strong>Sapientia,</strong></span> <span class='ocrx_word' id='word_1_295' title='bbox 751 3868 931 3922; x_wconf 71' lang='lat' dir='ltr'><strong>neque</strong></span> <span class='ocrx_word' id='word_1_296' title='bbox 966 3853 1234 3922; x_wconf 80' lang='lat' dir='ltr'><strong>habitabit</strong></span> <span class='ocrx_word' id='word_1_297' title='bbox 1260 3853 1310 3905; x_wconf 89' lang='lat' dir='ltr'><strong>in</strong></span> <span class='ocrx_word' id='word_1_298' title='bbox 1345 3870 1574 3921; x_wconf 85' lang='lat' dir='ltr'><strong>corpore</strong></span> <span class='ocrx_word' id='word_1_299' title='bbox 1604 3856 1824 3908; x_wconf 83' lang='lat' dir='ltr'><strong>subdito</strong></span> <span class='ocrx_word' id='word_1_300' title='bbox 1855 3871 1980 3922; x_wconf 89' lang='lat' dir='ltr'><strong>pec-</strong></span> 
     </span>
    </p>
   </div>
   <div class='ocr_carea' id='block_1_45' title="bbox 413 3921 1981 3988">
    <p class='ocr_par' dir='ltr' id='par_1_45' title="bbox 413 3921 1981 3988">
     <span class='ocr_line' id='line_1_45' title="bbox 413 3921 1981 3988; baseline -0.001 -13"><span class='ocrx_word' id='word_1_301' title='bbox 413 3924 571 3976; x_wconf 88' lang='lat' dir='ltr'><strong>catis.</strong></span> <span class='ocrx_word' id='word_1_302' title='bbox 608 3941 625 3973; x_wconf 76' lang='grc' dir='ltr'>ι</span> <span class='ocrx_word' id='word_1_303' title='bbox 656 3921 777 3974; x_wconf 70' lang='grc' dir='ltr'><strong>Ηέἓίῗ</strong></span> <span class='ocrx_word' id='word_1_304' title='bbox 804 3921 1110 3976; x_wconf 84' lang='lat' dir='ltr'><strong>Fulberlus.</strong></span> <span class='ocrx_word' id='word_1_305' title='bbox 1140 3921 1312 3988; x_wconf 86' lang='lat' dir='ltr'><strong>Cujus</strong></span> <span class='ocrx_word' id='word_1_306' title='bbox 1337 3927 1497 3976; x_wconf 84' lang='lat' dir='ltr'><strong>verba</strong></span> <span class='ocrx_word' id='word_1_307' title='bbox 1529 3925 1739 3977; x_wconf 89' lang='lat' dir='ltr'><strong>videtur</strong></span> <span class='ocrx_word' id='word_1_308' title='bbox 1764 3921 1981 3978; x_wconf 83' lang='lat' dir='ltr'><strong>desum-</strong></span> 
     </span>
    </p>
   </div>
   <div class='ocr_carea' id='block_1_46' title="bbox 416 3991 1979 4060">
    <p class='ocr_par' dir='ltr' id='par_1_46' title="bbox 416 3991 1979 4060">
     <span class='ocr_line' id='line_1_46' title="bbox 416 3991 1979 4060; baseline 0.001 -17"><span class='ocrx_word' id='word_1_309' title='bbox 416 3994 587 4058; x_wconf 86' lang='lat' dir='ltr'><strong>psisse</strong></span> <span class='ocrx_word' id='word_1_310' title='bbox 622 3992 679 4043; x_wconf 94' lang='lat' dir='ltr'><strong>D.</strong></span> <span class='ocrx_word' id='word_1_311' title='bbox 706 3992 945 4045; x_wconf 86' lang='lat' dir='ltr'><strong>Thomas</strong></span> <span class='ocrx_word' id='word_1_312' title='bbox 983 3992 1035 4057; x_wconf 83' lang='grc'><strong>5,</strong></span> <span class='ocrx_word' id='word_1_313' title='bbox 1077 4007 1128 4058; x_wconf 93' lang='lat' dir='ltr'><strong>p.</strong></span> <span class='ocrx_word' id='word_1_314' title='bbox 1162 4008 1215 4060; x_wconf 95' lang='lat' dir='ltr'><strong>q.</strong></span> <span class='ocrx_word' id='word_1_315' title='bbox 1259 3991 1351 4053; x_wconf 69' lang='lat'><strong>27,</strong></span> <span class='ocrx_word' id='word_1_316' title='bbox 1379 4008 1430 4044; x_wconf 89' lang='lat' dir='ltr'><strong>a.</strong></span> <span class='ocrx_word' id='word_1_317' title='bbox 1460 3992 1516 4046; x_wconf 68' lang='grc'><strong>4.</strong></span> <span class='ocrx_word' id='word_1_318' title='bbox 1543 3994 1606 4044; x_wconf 88' lang='lat' dir='ltr'><strong>ad</strong></span> <span class='ocrx_word' id='word_1_319' title='bbox 1648 3994 1979 4060; x_wconf 87' lang='lat' dir='ltr'><strong>probandam</strong></span> 
     </span>
    </p>
   </div>
   <div class='ocr_carea' id='block_1_47' title="bbox 415 4061 1981 4129">
    <p class='ocr_par' dir='ltr' id='par_1_47' title="bbox 415 4061 1981 4129">
     <span class='ocr_line' id='line_1_47' title="bbox 415 4061 1981 4129; baseline 0.003 -19"><span class='ocrx_word' id='word_1_320' title='bbox 415 4061 654 4125; x_wconf 78' lang='lat' dir='ltr'><strong>Virginis</strong></span> <span class='ocrx_word' id='word_1_321' title='bbox 693 4062 980 4129; x_wconf 84' lang='lat' dir='ltr'><strong>puritatem</strong></span> <span class='ocrx_word' id='word_1_322' title='bbox 1027 4063 1318 4125; x_wconf 90' lang='lat' dir='ltr'><strong>actualem,</strong></span> <span class='ocrx_word' id='word_1_323' title='bbox 1352 4062 1445 4115; x_wconf 87' lang='lat' dir='ltr'><strong>sed</strong></span> <span class='ocrx_word' id='word_1_324' title='bbox 1483 4062 1767 4115; x_wconf 78' lang='lat' dir='ltr'><strong>Fulbertus</strong></span> <span class='ocrx_word' id='word_1_325' title='bbox 1815 4065 1895 4128; x_wconf 90' lang='lat' dir='ltr'><strong>(ut</strong></span> <span class='ocrx_word' id='word_1_326' title='bbox 1928 4062 1981 4115; x_wconf 90' lang='lat' dir='ltr'><strong>in</strong></span> 
     </span>
    </p>
   </div>
   <div class='ocr_carea' id='block_1_48' title="bbox 416 4129 1979 4202">
    <p class='ocr_par' dir='ltr' id='par_1_48' title="bbox 416 4129 1979 4202">
     <span class='ocr_line' id='line_1_48' title="bbox 416 4129 1979 4202; baseline 0.003 -20"><span class='ocrx_word' id='word_1_327' title='bbox 416 4129 533 4202; x_wconf 85' lang='lat' dir='ltr'><strong>suis</strong></span> <span class='ocrx_word' id='word_1_328' title='bbox 591 4130 1001 4202; x_wconf 72' lang='lat' dir='ltr'><strong>Exceptionibns</strong></span> <span class='ocrx_word' id='word_1_329' title='bbox 1050 4145 1170 4202; x_wconf 87' lang='lat' dir='ltr'><strong>cap.</strong></span> <span class='ocrx_word' id='word_1_330' title='bbox 1208 4130 1272 4191; x_wconf 79' lang='lat'><strong>5,</strong></span> <span class='ocrx_word' id='word_1_331' title='bbox 1322 4140 1475 4184; x_wconf 89' lang='lat' dir='ltr'><strong>notat</strong></span> <span class='ocrx_word' id='word_1_332' title='bbox 1517 4130 1979 4202; x_wconf 86' lang='lat' dir='ltr'><strong>Nierembergius)</strong></span> 
     </span>
    </p>
   </div>
   <div class='ocr_carea' id='block_1_49' title="bbox 416 4201 1979 4271">
    <p class='ocr_par' dir='ltr' id='par_1_49' title="bbox 416 4201 1979 4271">
     <span class='ocr_line' id='line_1_49' title="bbox 416 4201 1979 4271; baseline 0.003 -20"><span class='ocrx_word' id='word_1_333' title='bbox 416 4201 702 4271; x_wconf 83' lang='lat' dir='ltr'><strong>puritatem</strong></span> <span class='ocrx_word' id='word_1_334' title='bbox 727 4201 1040 4267; x_wconf 71' lang='lat' dir='ltr'><strong>originalem</strong></span> <span class='ocrx_word' id='word_1_335' title='bbox 1067 4201 1132 4253; x_wconf 81' lang='lat' dir='ltr'><strong>iis</strong></span> <span class='ocrx_word' id='word_1_336' title='bbox 1162 4202 1404 4255; x_wconf 88' lang='lat' dir='ltr'><strong>stabilire</strong></span> <span class='ocrx_word' id='word_1_337' title='bbox 1428 4203 1728 4265; x_wconf 85' lang='lat' dir='ltr'><strong>contendit,</strong></span> <span class='ocrx_word' id='word_1_338' title='bbox 1754 4201 1897 4271; x_wconf 70' lang='lat' dir='ltr'><strong>quad</strong></span> <span class='ocrx_word' id='word_1_339' title='bbox 1927 4204 1979 4256; x_wconf 90' lang='lat' dir='ltr'><strong>in</strong></span> 
     </span>
    </p>
   </div>
   <div class='ocr_carea' id='block_1_50' title="bbox 418 4270 1978 4339">
    <p class='ocr_par' dir='ltr' id='par_1_50' title="bbox 418 4270 1978 4339">
     <span class='ocr_line' id='line_1_50' title="bbox 418 4270 1978 4339; baseline 0.004 -19"><span class='ocrx_word' id='word_1_340' title='bbox 418 4270 539 4324; x_wconf 85' lang='lat' dir='ltr'><strong>aliis</strong></span> <span class='ocrx_word' id='word_1_341' title='bbox 571 4270 703 4324; x_wconf 82' lang='lat' dir='ltr'><strong>locis</strong></span> <span class='ocrx_word' id='word_1_342' title='bbox 733 4272 953 4323; x_wconf 89' lang='lat' dir='ltr'><strong>uberius</strong></span> <span class='ocrx_word' id='word_1_343' title='bbox 976 4272 1246 4339; x_wconf 75' lang='lat' dir='ltr'><strong>expressit</strong></span> <span class='ocrx_word' id='word_1_344' title='bbox 1273 4288 1285 4324; x_wconf 92' lang='lat'>:</span> <span class='ocrx_word' id='word_1_345' title='bbox 1315 4281 1370 4325; x_wconf 92' lang='lat' dir='ltr'><strong>et</strong></span> <span class='ocrx_word' id='word_1_346' title='bbox 1414 4273 1554 4339; x_wconf 90' lang='lat' dir='ltr'><strong>quod</strong></span> <span class='ocrx_word' id='word_1_347' title='bbox 1588 4270 1847 4339; x_wconf 86' lang='lat' dir='ltr'><strong>majorem</strong></span> <span class='ocrx_word' id='word_1_348' title='bbox 1871 4273 1978 4326; x_wconf 80' lang='lat' dir='ltr'><strong>vim</strong></span> 
     </span>
    </p>
   </div>
   <div class='ocr_carea' id='block_1_51' title="bbox 421 4339 1983 4409">
    <p class='ocr_par' dir='ltr' id='par_1_51' title="bbox 421 4339 1983 4409">
     <span class='ocr_line' id='line_1_51' title="bbox 421 4339 1983 4409; baseline 0.004 -18"><span class='ocrx_word' id='word_1_349' title='bbox 421 4339 620 4393; x_wconf 91' lang='lat' dir='ltr'><strong>habere</strong></span> <span class='ocrx_word' id='word_1_350' title='bbox 640 4341 846 4393; x_wconf 89' lang='lat' dir='ltr'><strong>videtur</strong></span> <span class='ocrx_word' id='word_1_351' title='bbox 860 4340 925 4394; x_wconf 90' lang='lat' dir='ltr'><strong>ad</strong></span> <span class='ocrx_word' id='word_1_352' title='bbox 947 4343 1279 4395; x_wconf 89' lang='lat' dir='ltr'><strong>suadendam</strong></span> <span class='ocrx_word' id='word_1_353' title='bbox 1301 4342 1699 4396; x_wconf 89' lang='lat' dir='ltr'><strong>immunitatem</strong></span> <span class='ocrx_word' id='word_1_354' title='bbox 1720 4356 1748 4395; x_wconf 87' lang='lat' dir='ltr'><strong>a</strong></span> <span class='ocrx_word' id='word_1_355' title='bbox 1765 4351 1983 4409; x_wconf 88' lang='lat' dir='ltr'><strong>peccato</strong></span> 
     </span>
    </p>
   </div>
   <div class='ocr_carea' id='block_1_52' title="bbox 417 4410 1980 4480">
    <p class='ocr_par' dir='ltr' id='par_1_52' title="bbox 417 4410 1980 4480">
     <span class='ocr_line' id='line_1_52' title="bbox 417 4410 1980 4480; baseline 0.001 -17"><span class='ocrx_word' id='word_1_356' title='bbox 417 4410 691 4479; x_wconf 76' lang='lat' dir='ltr'><strong>originali,</strong></span> <span class='ocrx_word' id='word_1_357' title='bbox 724 4426 885 4480; x_wconf 88' lang='lat' dir='ltr'><strong>quam</strong></span> <span class='ocrx_word' id='word_1_358' title='bbox 924 4426 952 4463; x_wconf 92' lang='lat' dir='ltr'><strong>a</strong></span> <span class='ocrx_word' id='word_1_359' title='bbox 992 4411 1207 4474; x_wconf 81' lang='lat' dir='ltr'><strong>veniali,</strong></span> <span class='ocrx_word' id='word_1_360' title='bbox 1236 4412 1471 4465; x_wconf 89' lang='lat' dir='ltr'><strong>dubitari</strong></span> <span class='ocrx_word' id='word_1_361' title='bbox 1506 4426 1610 4465; x_wconf 90' lang='lat' dir='ltr'><strong>non</strong></span> <span class='ocrx_word' id='word_1_362' title='bbox 1637 4413 1813 4474; x_wconf 90' lang='lat' dir='ltr'><strong>debet,</strong></span> <span class='ocrx_word' id='word_1_363' title='bbox 1856 4428 1980 4466; x_wconf 89' lang='lat' dir='ltr'><strong>cum</strong></span> 
     </span>
    </p>
   </div>
   <div class='ocr_carea' id='block_1_53' title="bbox 417 4481 1984 4550">
    <p class='ocr_par' dir='ltr' id='par_1_53' title="bbox 417 4481 1984 4550">
     <span class='ocr_line' id='line_1_53' title="bbox 417 4481 1984 4550; baseline 0.001 -17"><span class='ocrx_word' id='word_1_364' title='bbox 417 4496 619 4549; x_wconf 58' lang='lat' dir='ltr'><strong>corpus</strong></span> <span class='ocrx_word' id='word_1_365' title='bbox 657 4481 998 4535; x_wconf 78' lang='lat' dir='ltr'><strong>ell‘ormatum</strong></span> <span class='ocrx_word' id='word_1_366' title='bbox 1038 4496 1100 4534; x_wconf 92' lang='lat' dir='ltr'><strong>ac</strong></span> <span class='ocrx_word' id='word_1_367' title='bbox 1134 4492 1455 4550; x_wconf 88' lang='lat' dir='ltr'><strong>conceptum</strong></span> <span class='ocrx_word' id='word_1_368' title='bbox 1487 4483 1541 4535; x_wconf 90' lang='lat' dir='ltr'><strong>in</strong></span> <span class='ocrx_word' id='word_1_369' title='bbox 1572 4491 1792 4549; x_wconf 86' lang='lat' dir='ltr'><strong>peccato</strong></span> <span class='ocrx_word' id='word_1_370' title='bbox 1816 4482 1984 4550; x_wconf 84' lang='lat' dir='ltr'><strong>origi-</strong></span> 
     </span>
    </p>
   </div>
   <div class='ocr_carea' id='block_1_54' title="bbox 423 4551 1981 4620">
    <p class='ocr_par' dir='ltr' id='par_1_54' title="bbox 423 4551 1981 4620">
     <span class='ocr_line' id='line_1_54' title="bbox 423 4551 1981 4620; baseline 0.003 -19"><span class='ocrx_word' id='word_1_371' title='bbox 423 4551 555 4610; x_wconf 88' lang='lat' dir='ltr'><strong>nali,</strong></span> <span class='ocrx_word' id='word_1_372' title='bbox 584 4552 754 4618; x_wconf 86' lang='lat' dir='ltr'><strong>magis</strong></span> <span class='ocrx_word' id='word_1_373' title='bbox 795 4552 863 4604; x_wconf 89' lang='lat' dir='ltr'><strong>sit</strong></span> <span class='ocrx_word' id='word_1_374' title='bbox 885 4551 1159 4604; x_wconf 86' lang='lat' dir='ltr'><strong>subditum</strong></span> <span class='ocrx_word' id='word_1_375' title='bbox 1194 4561 1434 4619; x_wconf 82' lang='lat' dir='ltr'><strong>peccato,</strong></span> <span class='ocrx_word' id='word_1_376' title='bbox 1458 4568 1619 4620; x_wconf 83' lang='lat' dir='ltr'><strong>quam</strong></span> <span class='ocrx_word' id='word_1_377' title='bbox 1643 4552 1787 4620; x_wconf 91' lang='lat' dir='ltr'><strong>quod</strong></span> <span class='ocrx_word' id='word_1_378' title='bbox 1812 4568 1981 4605; x_wconf 88' lang='lat' dir='ltr'><strong>unum</strong></span> 
     </span>
    </p>
   </div>
   <div class='ocr_carea' id='block_1_55' title="bbox 2066 668 3635 739">
    <p class='ocr_par' dir='ltr' id='par_1_55' title="bbox 2066 668 3635 739">
     <span class='ocr_line' id='line_1_55' title="bbox 2066 668 3635 739; baseline 0.002 -19"><span class='ocrx_word' id='word_1_379' title='bbox 2066 672 2120 720; x_wconf 92' lang='lat' dir='ltr'><strong>et</strong></span> <span class='ocrx_word' id='word_1_380' title='bbox 2158 682 2321 735; x_wconf 88' lang='lat' dir='ltr'><strong>supra</strong></span> <span class='ocrx_word' id='word_1_381' title='bbox 2366 677 2616 721; x_wconf 90' lang='lat' dir='ltr'><strong>naturam</strong></span> <span class='ocrx_word' id='word_1_382' title='bbox 2654 668 2873 736; x_wconf 83' lang='lat' dir='ltr'><strong>pariens</strong></span> <span class='ocrx_word' id='word_1_383' title='bbox 2906 669 3023 722; x_wconf 90' lang='lat' dir='ltr'><strong>sine</strong></span> <span class='ocrx_word' id='word_1_384' title='bbox 3078 676 3221 723; x_wconf 92' lang='lat' dir='ltr'><strong>tactu</strong></span> <span class='ocrx_word' id='word_1_385' title='bbox 3270 670 3519 739; x_wconf 88' lang='lat' dir='ltr'><strong>nuptiali,</strong></span> <span class='ocrx_word' id='word_1_386' title='bbox 3548 669 3635 724; x_wconf 90' lang='lat' dir='ltr'><strong>cui</strong></span> 
     </span>
    </p>
   </div>
   <div class='ocr_carea' id='block_1_56' title="bbox 2067 758 3290 825">
    <p class='ocr_par' dir='ltr' id='par_1_56' title="bbox 2067 758 3290 825">
     <span class='ocr_line' id='line_1_56' title="bbox 2067 758 3290 825; baseline 0.003 -13"><span class='ocrx_word' id='word_1_387' title='bbox 2067 758 2366 813; x_wconf 85' lang='lat' dir='ltr'><strong>clamamus</strong></span> <span class='ocrx_word' id='word_1_388' title='bbox 2406 776 2418 813; x_wconf 91' lang='lat'><strong>:</strong></span> <span class='ocrx_word' id='word_1_389' title='bbox 2449 759 2654 825; x_wconf 89' lang='lat' dir='ltr'><strong>Gloria,</strong></span> <span class='ocrx_word' id='word_1_390' title='bbox 2684 760 2917 825; x_wconf 87' lang='lat' dir='ltr'><strong>Christe,</strong></span> <span class='ocrx_word' id='word_1_391' title='bbox 2950 761 3132 815; x_wconf 87' lang='lat' dir='ltr'><strong>virtuti</strong></span> <span class='ocrx_word' id='word_1_392' title='bbox 3166 771 3290 819; x_wconf 67' lang='lat' dir='ltr'><strong>ture.</strong></span> 
     </span>
    </p>
   </div>
   <div class='ocr_carea' id='block_1_57' title="bbox 2144 849 3631 921">
    <p class='ocr_par' dir='ltr' id='par_1_57' title="bbox 2144 849 3631 921">
     <span class='ocr_line' id='line_1_57' title="bbox 2144 849 3631 921; baseline 0 -19"><span class='ocrx_word' id='word_1_393' title='bbox 2144 849 2302 902; x_wconf 87' lang='lat' dir='ltr'><strong>Porta</strong></span> <span class='ocrx_word' id='word_1_394' title='bbox 2335 849 2429 903; x_wconf 92' lang='lat' dir='ltr'><strong>Dei</strong></span> <span class='ocrx_word' id='word_1_395' title='bbox 2457 850 2663 916; x_wconf 85' lang='lat' dir='ltr'><strong>clausa,</strong></span> <span class='ocrx_word' id='word_1_396' title='bbox 2701 866 2794 921; x_wconf 89' lang='lat' dir='ltr'><strong>per</strong></span> <span class='ocrx_word' id='word_1_397' title='bbox 2823 867 2985 916; x_wconf 88' lang='lat' dir='ltr'><strong>quam</strong></span> <span class='ocrx_word' id='word_1_398' title='bbox 3022 853 3172 908; x_wconf 87' lang='lat' dir='ltr'><strong>solus</strong></span> <span class='ocrx_word' id='word_1_399' title='bbox 3211 852 3432 905; x_wconf 82' lang='lat' dir='ltr'><strong>intravit</strong></span> <span class='ocrx_word' id='word_1_400' title='bbox 3462 850 3631 903; x_wconf 62' lang='lat' dir='ltr'><strong>Altis.</strong></span> 
     </span>
    </p>
   </div>
   <div class='ocr_carea' id='block_1_58' title="bbox 2069 940 3637 1013">
    <p class='ocr_par' dir='ltr' id='par_1_58' title="bbox 2069 940 3637 1013">
     <span class='ocr_line' id='line_1_58' title="bbox 2069 940 3637 1013; baseline 0 -18"><span class='ocrx_word' id='word_1_401' title='bbox 2069 941 2262 1005; x_wconf 88' lang='lat' dir='ltr'><strong>simus,</strong></span> <span class='ocrx_word' id='word_1_402' title='bbox 2295 940 2467 1009; x_wconf 85' lang='lat' dir='ltr'><strong>dirige</strong></span> <span class='ocrx_word' id='word_1_403' title='bbox 2499 958 2585 996; x_wconf 90' lang='lat' dir='ltr'><strong>me</strong></span> <span class='ocrx_word' id='word_1_404' title='bbox 2626 943 2677 995; x_wconf 92' lang='lat' dir='ltr'><strong>in</strong></span> <span class='ocrx_word' id='word_1_405' title='bbox 2714 942 2825 997; x_wconf 87' lang='lat' dir='ltr'><strong>vias</strong></span> <span class='ocrx_word' id='word_1_406' title='bbox 2854 942 2969 1005; x_wconf 85' lang='lat' dir='ltr'><strong>Dei,</strong></span> <span class='ocrx_word' id='word_1_407' title='bbox 3012 952 3065 996; x_wconf 87' lang='lat' dir='ltr'><strong>et</strong></span> <span class='ocrx_word' id='word_1_408' title='bbox 3087 944 3233 1013; x_wconf 89' lang='lat' dir='ltr'><strong>aperi</strong></span> <span class='ocrx_word' id='word_1_409' title='bbox 3279 943 3410 995; x_wconf 91' lang='lat' dir='ltr'><strong>mihi</strong></span> <span class='ocrx_word' id='word_1_410' title='bbox 3444 941 3637 995; x_wconf 88' lang='lat' dir='ltr'><strong>salutis</strong></span> 
     </span>
    </p>
   </div>
   <div class='ocr_carea' id='block_1_59' title="bbox 2070 1030 3636 1103">
    <p class='ocr_par' dir='ltr' id='par_1_59' title="bbox 2070 1030 3636 1103">
     <span class='ocr_line' id='line_1_59' title="bbox 2070 1030 3636 1103; baseline 0.008 -20"><span class='ocrx_word' id='word_1_411' title='bbox 2070 1041 2274 1100; x_wconf 90' lang='lat' dir='ltr'><strong>portas,</strong></span> <span class='ocrx_word' id='word_1_412' title='bbox 2308 1046 2340 1084; x_wconf 96' lang='lat' dir='ltr'><strong>o</strong></span> <span class='ocrx_word' id='word_1_413' title='bbox 2366 1032 2471 1086; x_wconf 86' lang='lat' dir='ltr'><strong>Deo</strong></span> <span class='ocrx_word' id='word_1_414' title='bbox 2506 1033 2852 1103; x_wconf 88' lang='lat' dir='ltr'><strong>gratissima;</strong></span> <span class='ocrx_word' id='word_1_415' title='bbox 2882 1035 2948 1088; x_wconf 88' lang='lat' dir='ltr'><strong>ad</strong></span> <span class='ocrx_word' id='word_1_416' title='bbox 2981 1045 3032 1089; x_wconf 91' lang='lat' dir='ltr'><strong>te</strong></span> <span class='ocrx_word' id='word_1_417' title='bbox 3071 1034 3361 1103; x_wconf 88' lang='lat' dir='ltr'><strong>siquidem,</strong></span> <span class='ocrx_word' id='word_1_418' title='bbox 3391 1047 3424 1086; x_wconf 94' lang='lat' dir='ltr'><strong>o</strong></span> <span class='ocrx_word' id='word_1_419' title='bbox 3447 1030 3636 1103; x_wconf 59' lang='lat' dir='ltr'><strong>Virgo,</strong></span> 
     </span>
    </p>
   </div>
   <div class='ocr_carea' id='block_1_60' title="bbox 2069 1123 3474 1195">
    <p class='ocr_par' dir='ltr' id='par_1_60' title="bbox 2069 1123 3474 1195">
     <span class='ocr_line' id='line_1_60' title="bbox 2069 1123 3474 1195; baseline -0.001 -17"><span class='ocrx_word' id='word_1_420' title='bbox 2069 1123 2346 1193; x_wconf 83' lang='lat' dir='ltr'><strong>confugio,</strong></span> <span class='ocrx_word' id='word_1_421' title='bbox 2379 1125 2602 1178; x_wconf 89' lang='lat' dir='ltr'><strong>unicum</strong></span> <span class='ocrx_word' id='word_1_422' title='bbox 2636 1127 2947 1194; x_wconf 74' lang='lat' dir='ltr'><strong>praesidium</strong></span> <span class='ocrx_word' id='word_1_423' title='bbox 2979 1130 3194 1195; x_wconf 78' lang='lat' dir='ltr'><strong>generis</strong></span> <span class='ocrx_word' id='word_1_424' title='bbox 3229 1124 3474 1178; x_wconf 90' lang='lat' dir='ltr'><strong>humani.</strong></span> 
     </span>
    </p>
   </div>
   <div class='ocr_carea' id='block_1_61' title="bbox 2139 1214 3639 1285">
    <p class='ocr_par' dir='ltr' id='par_1_61' title="bbox 2139 1214 3639 1285">
     <span class='ocr_line' id='line_1_61' title="bbox 2139 1214 3639 1285; baseline 0.003 -18"><span class='ocrx_word' id='word_1_425' title='bbox 2139 1214 2299 1285; x_wconf 66' lang='lat'><strong>342</strong></span> <span class='ocrx_word' id='word_1_426' title='bbox 2330 1214 2498 1271; x_wconf 85' lang='lat' dir='ltr'><strong>Parce</strong></span> <span class='ocrx_word' id='word_1_427' title='bbox 2528 1216 2683 1280; x_wconf 90' lang='lat' dir='ltr'><strong>mihi,</strong></span> <span class='ocrx_word' id='word_1_428' title='bbox 2717 1218 3090 1282; x_wconf 74' lang='lat' dir='ltr'><strong>Christe,cum</strong></span> <span class='ocrx_word' id='word_1_429' title='bbox 3128 1218 3340 1271; x_wconf 85' lang='lat' dir='ltr'><strong>veneris</strong></span> <span class='ocrx_word' id='word_1_430' title='bbox 3364 1215 3639 1283; x_wconf 84' lang='lat' dir='ltr'><strong>gloriosus</strong></span> 
     </span>
    </p>
   </div>
   <div class='ocr_carea' id='block_1_62' title="bbox 2069 1304 3641 1375">
    <p class='ocr_par' dir='ltr' id='par_1_62' title="bbox 2069 1304 3641 1375">
     <span class='ocr_line' id='line_1_62' title="bbox 2069 1304 3641 1375; baseline 0.001 -17"><span class='ocrx_word' id='word_1_431' title='bbox 2069 1304 2134 1359; x_wconf 83' lang='lat' dir='ltr'><strong>ad</strong></span> <span class='ocrx_word' id='word_1_432' title='bbox 2158 1305 2514 1373; x_wconf 87' lang='lat' dir='ltr'><strong>judicaudum</strong></span> <span class='ocrx_word' id='word_1_433' title='bbox 2546 1307 2807 1361; x_wconf 90' lang='lat' dir='ltr'><strong>mundum</strong></span> <span class='ocrx_word' id='word_1_434' title='bbox 2840 1325 2853 1360; x_wconf 92' lang='lat'><strong>:</strong></span> <span class='ocrx_word' id='word_1_435' title='bbox 2885 1307 3089 1374; x_wconf 88' lang='lat' dir='ltr'><strong>dissipa</strong></span> <span class='ocrx_word' id='word_1_436' title='bbox 3136 1308 3390 1360; x_wconf 86' lang='lat' dir='ltr'><strong>nebulam</strong></span> <span class='ocrx_word' id='word_1_437' title='bbox 3426 1308 3641 1375; x_wconf 87' lang='lat' dir='ltr'><strong>passio-</strong></span> 
     </span>
    </p>
   </div>
   <div class='ocr_carea' id='block_1_63' title="bbox 2071 1396 3643 1465">
    <p class='ocr_par' dir='ltr' id='par_1_63' title="bbox 2071 1396 3643 1465">
     <span class='ocr_line' id='line_1_63' title="bbox 2071 1396 3643 1465; baseline 0.003 -18"><span class='ocrx_word' id='word_1_438' title='bbox 2071 1410 2199 1447; x_wconf 88' lang='lat' dir='ltr'><strong>num</strong></span> <span class='ocrx_word' id='word_1_439' title='bbox 2232 1409 2473 1448; x_wconf 87' lang='lat' dir='ltr'><strong>mearum</strong></span> <span class='ocrx_word' id='word_1_440' title='bbox 2510 1412 2603 1465; x_wconf 86' lang='lat' dir='ltr'><strong>per</strong></span> <span class='ocrx_word' id='word_1_441' title='bbox 2637 1396 3055 1452; x_wconf 83' lang='lat' dir='ltr'><strong>intercessiones</strong></span> <span class='ocrx_word' id='word_1_442' title='bbox 3087 1397 3379 1452; x_wconf 89' lang='lat' dir='ltr'><strong>Gcnitricis</strong></span> <span class='ocrx_word' id='word_1_443' title='bbox 3428 1408 3554 1464; x_wconf 61' lang='lat' dir='ltr'><strong>tute,</strong></span> <span class='ocrx_word' id='word_1_444' title='bbox 3587 1405 3643 1453; x_wconf 87' lang='lat' dir='ltr'><strong>et</strong></span> 
     </span>
    </p>
   </div>
   <div class='ocr_carea' id='block_1_64' title="bbox 2071 1483 3151 1557">
    <p class='ocr_par' dir='ltr' id='par_1_64' title="bbox 2071 1483 3151 1557">
     <span class='ocr_line' id='line_1_64' title="bbox 2071 1483 3151 1557; baseline 0.003 -18"><span class='ocrx_word' id='word_1_445' title='bbox 2071 1483 2157 1540; x_wconf 87' lang='lat' dir='ltr'><strong>fac</strong></span> <span class='ocrx_word' id='word_1_446' title='bbox 2186 1501 2269 1540; x_wconf 91' lang='lat' dir='ltr'><strong>me</strong></span> <span class='ocrx_word' id='word_1_447' title='bbox 2298 1486 2562 1541; x_wconf 72' lang='lat' dir='ltr'><strong>hazredem</strong></span> <span class='ocrx_word' id='word_1_448' title='bbox 2596 1488 2835 1542; x_wconf 67' lang='lat' dir='ltr'><strong>cwlestis</strong></span> <span class='ocrx_word' id='word_1_449' title='bbox 2870 1488 3022 1557; x_wconf 85' lang='lat' dir='ltr'><strong>regni</strong></span> <span class='ocrx_word' id='word_1_450' title='bbox 3053 1488 3151 1542; x_wconf 93' lang='lat' dir='ltr'><strong>tui.</strong></span> 
     </span>
    </p>
   </div>
   <div class='ocr_carea' id='block_1_65' title="bbox 2247 1597 3437 1657">
    <p class='ocr_par' dir='ltr' id='par_1_65' title="bbox 2247 1597 3437 1657">
     <span class='ocr_line' id='line_1_65' title="bbox 2247 1597 3437 1657; baseline 0.004 -5"><span class='ocrx_word' id='word_1_451' title='bbox 2247 1597 2329 1652; x_wconf 76' lang='lat' dir='ltr'><strong>Ea:</strong></span> <span class='ocrx_word' id='word_1_452' title='bbox 2360 1617 2556 1654; x_wconf 85' lang='lat' dir='ltr'><strong>canone</strong></span> <span class='ocrx_word' id='word_1_453' title='bbox 2603 1599 2894 1654; x_wconf 82' lang='lat' dir='ltr'><strong>Parascere</strong></span> <span class='ocrx_word' id='word_1_454' title='bbox 2922 1610 3043 1654; x_wconf 78' lang='lat' dir='ltr'><strong>ante</strong></span> <span class='ocrx_word' id='word_1_455' title='bbox 3074 1600 3437 1657; x_wconf 79' lang='lat' dir='ltr'><strong>Pentecosten.</strong></span> 
     </span>
    </p>
   </div>
   <div class='ocr_carea' id='block_1_66' title="bbox 2139 1689 3637 1761">
    <p class='ocr_par' dir='ltr' id='par_1_66' title="bbox 2139 1689 3637 1761">
     <span class='ocr_line' id='line_1_66' title="bbox 2139 1689 3637 1761; baseline 0.002 -19"><span class='ocrx_word' id='word_1_456' title='bbox 2139 1689 2444 1744; x_wconf 79' lang='lat' dir='ltr'><strong>Humanam</strong></span> <span class='ocrx_word' id='word_1_457' title='bbox 2482 1700 2727 1744; x_wconf 85' lang='lat' dir='ltr'><strong>naturam</strong></span> <span class='ocrx_word' id='word_1_458' title='bbox 2758 1708 2823 1745; x_wconf 76' lang='lat' dir='ltr'><strong>ex</strong></span> <span class='ocrx_word' id='word_1_459' title='bbox 2860 1689 3077 1761; x_wconf 79' lang='lat' dir='ltr'><strong>Virgine</strong></span> <span class='ocrx_word' id='word_1_460' title='bbox 3124 1701 3377 1759; x_wconf 84' lang='lat' dir='ltr'><strong>tauquam</strong></span> <span class='ocrx_word' id='word_1_461' title='bbox 3436 1702 3637 1747; x_wconf 76' lang='lat' dir='ltr'><strong>vestem</strong></span> 
     </span>
    </p>
   </div>
   <div class='ocr_carea' id='block_1_67' title="bbox 2073 1783 3640 1853">
    <p class='ocr_par' dir='ltr' id='par_1_67' title="bbox 2073 1783 3640 1853">
     <span class='ocr_line' id='line_1_67' title="bbox 2073 1783 3640 1853; baseline 0 -16"><span class='ocrx_word' id='word_1_462' title='bbox 2073 1784 2396 1852; x_wconf 85' lang='lat' dir='ltr'><strong>suscipiens,</strong></span> <span class='ocrx_word' id='word_1_463' title='bbox 2416 1800 2448 1837; x_wconf 96' lang='lat' dir='ltr'><strong>o</strong></span> <span class='ocrx_word' id='word_1_464' title='bbox 2485 1783 2741 1849; x_wconf 86' lang='lat' dir='ltr'><strong>Verbum,</strong></span> <span class='ocrx_word' id='word_1_465' title='bbox 2770 1793 2987 1853; x_wconf 80' lang='lat' dir='ltr'><strong>propter</strong></span> <span class='ocrx_word' id='word_1_466' title='bbox 3018 1800 3288 1837; x_wconf 90' lang='lat' dir='ltr'><strong>summam</strong></span> <span class='ocrx_word' id='word_1_467' title='bbox 3326 1786 3640 1839; x_wconf 76' lang='lat' dir='ltr'><strong>miscricor-</strong></span> 
     </span>
    </p>
   </div>
   <div class='ocr_carea' id='block_1_68' title="bbox 2073 1874 3641 1945">
    <p class='ocr_par' dir='ltr' id='par_1_68' title="bbox 2073 1874 3641 1945">
     <span class='ocr_line' id='line_1_68' title="bbox 2073 1874 3641 1945; baseline 0.001 -16"><span class='ocrx_word' id='word_1_468' title='bbox 2073 1876 2217 1929; x_wconf 86' lang='lat' dir='ltr'><strong>diam</strong></span> <span class='ocrx_word' id='word_1_469' title='bbox 2249 1885 2416 1939; x_wconf 89' lang='lat' dir='ltr'><strong>tuam,</strong></span> <span class='ocrx_word' id='word_1_470' title='bbox 2447 1874 2690 1929; x_wconf 87' lang='lat' dir='ltr'><strong>eamdem</strong></span> <span class='ocrx_word' id='word_1_471' title='bbox 2726 1887 2981 1945; x_wconf 83' lang='lat' dir='ltr'><strong>tanquam</strong></span> <span class='ocrx_word' id='word_1_472' title='bbox 3022 1875 3235 1929; x_wconf 90' lang='lat' dir='ltr'><strong>ﬁrmum</strong></span> <span class='ocrx_word' id='word_1_473' title='bbox 3270 1884 3641 1945; x_wconf 73' lang='lat' dir='ltr'><strong>tegumentum</strong></span> 
     </span>
    </p>
   </div>
   <div class='ocr_carea' id='block_1_69' title="bbox 2074 1967 3647 2037">
    <p class='ocr_par' dir='ltr' id='par_1_69' title="bbox 2074 1967 3647 2037">
     <span class='ocr_line' id='line_1_69' title="bbox 2074 1967 3647 2037; baseline 0.001 -16"><span class='ocrx_word' id='word_1_474' title='bbox 2074 1982 2138 2022; x_wconf 89' lang='lat' dir='ltr'><strong>ac</strong></span> <span class='ocrx_word' id='word_1_475' title='bbox 2164 1968 2423 2037; x_wconf 89' lang='lat' dir='ltr'><strong>parietem</strong></span> <span class='ocrx_word' id='word_1_476' title='bbox 2451 1967 2646 2021; x_wconf 84' lang='lat' dir='ltr'><strong>dediin</strong></span> <span class='ocrx_word' id='word_1_477' title='bbox 2677 1969 2835 2023; x_wconf 89' lang='lat' dir='ltr'><strong>nobis</strong></span> <span class='ocrx_word' id='word_1_478' title='bbox 2859 1983 3095 2036; x_wconf 89' lang='lat' dir='ltr'><strong>semper,</strong></span> <span class='ocrx_word' id='word_1_479' title='bbox 3129 1970 3220 2035; x_wconf 82' lang='lat' dir='ltr'><strong>qui</strong></span> <span class='ocrx_word' id='word_1_480' title='bbox 3253 1980 3302 2022; x_wconf 90' lang='lat' dir='ltr'><strong>te</strong></span> <span class='ocrx_word' id='word_1_481' title='bbox 3343 1968 3510 2022; x_wconf 88' lang='lat' dir='ltr'><strong>Deum</strong></span> <span class='ocrx_word' id='word_1_482' title='bbox 3548 1970 3647 2023; x_wconf 89' lang='lat' dir='ltr'><strong>ho-</strong></span> 
     </span>
    </p>
   </div>
   <div class='ocr_carea' id='block_1_70' title="bbox 2076 2061 3279 2129">
    <p class='ocr_par' dir='ltr' id='par_1_70' title="bbox 2076 2061 3279 2129">
     <span class='ocr_line' id='line_1_70' title="bbox 2076 2061 3279 2129; baseline -0.002 -14"><span class='ocrx_word' id='word_1_483' title='bbox 2076 2062 2393 2129; x_wconf 87' lang='lat' dir='ltr'><strong>minumque</strong></span> <span class='ocrx_word' id='word_1_484' title='bbox 2421 2069 2716 2114; x_wconf 87' lang='lat' dir='ltr'><strong>amatorem</strong></span> <span class='ocrx_word' id='word_1_485' title='bbox 2746 2077 2865 2115; x_wconf 87' lang='lat' dir='ltr'><strong>esse</strong></span> <span class='ocrx_word' id='word_1_486' title='bbox 2904 2061 3279 2128; x_wconf 76' lang='lat' dir='ltr'><strong>cognovimus.</strong></span> 
     </span>
    </p>
   </div>
   <div class='ocr_carea' id='block_1_71' title="bbox 2130 2152 3647 2222">
    <p class='ocr_par' dir='ltr' id='par_1_71' title="bbox 2130 2152 3647 2222">
     <span class='ocr_line' id='line_1_71' title="bbox 2130 2152 3647 2222; baseline -0.001 -14"><span class='ocrx_word' id='word_1_487' title='bbox 2130 2154 2350 2208; x_wconf 49' lang='lat' dir='ltr'><strong>Praeter</strong></span> <span class='ocrx_word' id='word_1_488' title='bbox 2400 2152 2571 2221; x_wconf 85' lang='lat' dir='ltr'><strong>legem</strong></span> <span class='ocrx_word' id='word_1_489' title='bbox 2627 2162 2837 2207; x_wconf 72' lang='lat' dir='ltr'><strong>natura:</strong></span> <span class='ocrx_word' id='word_1_490' title='bbox 2900 2152 3036 2222; x_wconf 84' lang='lat' dir='ltr'><strong>legis</strong></span> <span class='ocrx_word' id='word_1_491' title='bbox 3090 2152 3334 2206; x_wconf 86' lang='lat' dir='ltr'><strong>datorem</strong></span> <span class='ocrx_word' id='word_1_492' title='bbox 3385 2154 3647 2222; x_wconf 87' lang='lat' dir='ltr'><strong>parturis,</strong></span> 
     </span>
    </p>
   </div>
   <div class='ocr_carea' id='block_1_72' title="bbox 2082 2310 3649 2382">
    <p class='ocr_par' dir='ltr' id='par_1_72' title="bbox 2082 2310 3649 2382">
     <span class='ocr_line' id='line_1_72' title="bbox 2082 2310 3649 2382; baseline 0 -15"><span class='ocrx_word' id='word_1_493' title='bbox 2082 2312 2127 2367; x_wconf 89' lang='lat' dir='ltr'><strong>si</strong></span> <span class='ocrx_word' id='word_1_494' title='bbox 2156 2312 2208 2366; x_wconf 91' lang='lat' dir='ltr'><strong>in</strong></span> <span class='ocrx_word' id='word_1_495' title='bbox 2234 2312 2483 2382; x_wconf 78' lang='lat' dir='ltr'><strong>originali</strong></span> <span class='ocrx_word' id='word_1_496' title='bbox 2512 2319 2733 2381; x_wconf 91' lang='lat' dir='ltr'><strong>peccato</strong></span> <span class='ocrx_word' id='word_1_497' title='bbox 2762 2310 2952 2368; x_wconf 87' lang='lat' dir='ltr'><strong>fuisset</strong></span> <span class='ocrx_word' id='word_1_498' title='bbox 2973 2310 3488 2382; x_wconf 13' lang='lat' dir='ltr'><strong>conecptaitlngens</strong></span> <span class='ocrx_word' id='word_1_499' title='bbox 3519 2327 3649 2379; x_wconf 89' lang='lat' dir='ltr'><strong>pro-</strong></span> 
     </span>
    </p>
   </div>
   <div class='ocr_carea' id='block_1_73' title="bbox 2080 2381 3644 2452">
    <p class='ocr_par' dir='ltr' id='par_1_73' title="bbox 2080 2381 3644 2452">
     <span class='ocr_line' id='line_1_73' title="bbox 2080 2381 3644 2452; baseline -0.001 -16"><span class='ocrx_word' id='word_1_500' title='bbox 2080 2382 2225 2437; x_wconf 80' lang='lat' dir='ltr'><strong>fecto</strong></span> <span class='ocrx_word' id='word_1_501' title='bbox 2256 2381 2468 2452; x_wconf 87' lang='lat' dir='ltr'><strong>pondus</strong></span> <span class='ocrx_word' id='word_1_502' title='bbox 2495 2384 2655 2436; x_wconf 75' lang='lat' dir='ltr'><strong>habet</strong></span> <span class='ocrx_word' id='word_1_503' title='bbox 2685 2383 2859 2436; x_wconf 88' lang='lat' dir='ltr'><strong>oratio</strong></span> <span class='ocrx_word' id='word_1_504' title='bbox 2905 2382 3081 2437; x_wconf 58' lang='lat' dir='ltr'><strong>missae</strong></span> <span class='ocrx_word' id='word_1_505' title='bbox 3111 2398 3207 2451; x_wconf 92' lang='lat' dir='ltr'><strong>pro</strong></span> <span class='ocrx_word' id='word_1_506' title='bbox 3242 2381 3480 2448; x_wconf 80' lang='lat' dir='ltr'><strong>Virginis</strong></span> <span class='ocrx_word' id='word_1_507' title='bbox 3508 2399 3644 2436; x_wconf 89' lang='lat' dir='ltr'><strong>con-</strong></span> 
     </span>
    </p>
   </div>
   <div class='ocr_carea' id='block_1_74' title="bbox 2080 2452 3647 2523">
    <p class='ocr_par' dir='ltr' id='par_1_74' title="bbox 2080 2452 3647 2523">
     <span class='ocr_line' id='line_1_74' title="bbox 2080 2452 3647 2523; baseline -0.001 -15"><span class='ocrx_word' id='word_1_508' title='bbox 2080 2455 2347 2522; x_wconf 87' lang='lat' dir='ltr'><strong>ceptione,</strong></span> <span class='ocrx_word' id='word_1_509' title='bbox 2373 2469 2479 2523; x_wconf 88' lang='lat' dir='ltr'><strong>qua</strong></span> <span class='ocrx_word' id='word_1_510' title='bbox 2512 2453 2747 2507; x_wconf 84' lang='lat' dir='ltr'><strong>Ecclesia</strong></span> <span class='ocrx_word' id='word_1_511' title='bbox 2787 2452 3024 2523; x_wconf 81' lang='lat' dir='ltr'><strong>Romana</strong></span> <span class='ocrx_word' id='word_1_512' title='bbox 3060 2469 3155 2523; x_wconf 86' lang='lat' dir='ltr'><strong>usa</strong></span> <span class='ocrx_word' id='word_1_513' title='bbox 3185 2461 3288 2510; x_wconf 89' lang='lat' dir='ltr'><strong>est.</strong></span> <span class='ocrx_word' id='word_1_514' title='bbox 3323 2462 3379 2505; x_wconf 89' lang='lat' dir='ltr'><strong>ut</strong></span> <span class='ocrx_word' id='word_1_515' title='bbox 3419 2454 3647 2523; x_wconf 75' lang='lat' dir='ltr'><strong>habt-tur</strong></span> 
     </span>
    </p>
   </div>
   <div class='ocr_carea' id='block_1_75' title="bbox 2082 2522 3645 2583">
    <p class='ocr_par' dir='ltr' id='par_1_75' title="bbox 2082 2522 3645 2583">
     <span class='ocr_line' id='line_1_75' title="bbox 2082 2522 3645 2583; baseline -0.002 -6"><span class='ocrx_word' id='word_1_516' title='bbox 2082 2523 2136 2577; x_wconf 88' lang='lat' dir='ltr'><strong>in</strong></span> <span class='ocrx_word' id='word_1_517' title='bbox 2167 2522 2508 2583; x_wconf 64' lang='lat' dir='ltr'><strong>hlissali,cni</strong></span> <span class='ocrx_word' id='word_1_518' title='bbox 2553 2524 2787 2577; x_wconf 89' lang='lat' dir='ltr'><strong>titulus:</strong></span> <span class='ocrx_word' id='word_1_519' title='bbox 2829 2541 2846 2573; x_wconf 78' lang='grc' dir='ltr'>ι</span> <span class='ocrx_word' id='word_1_520' title='bbox 2887 2522 3102 2576; x_wconf 86' lang='lat' dir='ltr'><strong>Missale</strong></span> <span class='ocrx_word' id='word_1_521' title='bbox 3136 2524 3201 2575; x_wconf 91' lang='lat' dir='ltr'><strong>ad</strong></span> <span class='ocrx_word' id='word_1_522' title='bbox 3241 2538 3399 2576; x_wconf 90' lang='lat' dir='ltr'><strong>usum</strong></span> <span class='ocrx_word' id='word_1_523' title='bbox 3445 2522 3645 2576; x_wconf 86' lang='lat' dir='ltr'><strong>Sacro-</strong></span> 
     </span>
    </p>
   </div>
   <div class='ocr_carea' id='block_1_76' title="bbox 2085 2592 3650 2659">
    <p class='ocr_par' dir='ltr' id='par_1_76' title="bbox 2085 2592 3650 2659">
     <span class='ocr_line' id='line_1_76' title="bbox 2085 2592 3650 2659; baseline -0.001 -12"><span class='ocrx_word' id='word_1_524' title='bbox 2085 2602 2286 2647; x_wconf 71' lang='lat' dir='ltr'><strong>sauctae</strong></span> <span class='ocrx_word' id='word_1_525' title='bbox 2342 2592 2594 2647; x_wconf 74' lang='lat' dir='ltr'><strong>Ecclesia:</strong></span> <span class='ocrx_word' id='word_1_526' title='bbox 2641 2592 2899 2650; x_wconf 58' lang='lat' dir='ltr'><strong>Romana</strong></span> <span class='ocrx_word' id='word_1_527' title='bbox 2952 2608 3142 2647; x_wconf 83' lang='lat' dir='ltr'><strong>recens</strong></span> <span class='ocrx_word' id='word_1_528' title='bbox 3183 2593 3421 2659; x_wconf 77' lang='lat' dir='ltr'><strong>diligenti</strong></span> <span class='ocrx_word' id='word_1_529' title='bbox 3468 2595 3650 2645; x_wconf 86' lang='lat' dir='ltr'><strong>studio</strong></span> 
     </span>
    </p>
   </div>
   <div class='ocr_carea' id='block_1_77' title="bbox 2084 2662 3651 2731">
    <p class='ocr_par' dir='ltr' id='par_1_77' title="bbox 2084 2662 3651 2731">
     <span class='ocr_line' id='line_1_77' title="bbox 2084 2662 3651 2731; baseline 0.001 -16"><span class='ocrx_word' id='word_1_530' title='bbox 2084 2664 2421 2729; x_wconf 84' lang='lat' dir='ltr'><strong>recognitum</strong></span> <span class='ocrx_word' id='word_1_531' title='bbox 2471 2663 2715 2731; x_wconf 82' lang='lat' dir='ltr'><strong>Lugduni</strong></span> <span class='ocrx_word' id='word_1_532' title='bbox 2776 2678 2920 2716; x_wconf 89' lang='lat' dir='ltr'><strong>anno</strong></span> <span class='ocrx_word' id='word_1_533' title='bbox 2978 2663 3147 2723; x_wconf 66' lang='grc'><strong>1565,</strong></span> <span class='ocrx_word' id='word_1_534' title='bbox 3212 2680 3230 2712; x_wconf 75' lang='grc' dir='ltr'><strong><em>ι</em></strong></span> <span class='ocrx_word' id='word_1_535' title='bbox 3274 2672 3327 2716; x_wconf 90' lang='lat' dir='ltr'><strong>et</strong></span> <span class='ocrx_word' id='word_1_536' title='bbox 3374 2663 3425 2715; x_wconf 92' lang='lat' dir='ltr'><strong>in</strong></span> <span class='ocrx_word' id='word_1_537' title='bbox 3463 2662 3651 2717; x_wconf 88' lang='lat' dir='ltr'><strong>Ollicio</strong></span> 
     </span>
    </p>
   </div>
   <div class='ocr_carea' id='block_1_78' title="bbox 2080 2731 3648 2801">
    <p class='ocr_par' dir='ltr' id='par_1_78' title="bbox 2080 2731 3648 2801">
     <span class='ocr_line' id='line_1_78' title="bbox 2080 2731 3648 2801; baseline -0.001 -14"><span class='ocrx_word' id='word_1_538' title='bbox 2080 2732 2465 2801; x_wconf 80' lang='lat' dir='ltr'><strong>Conceptionis</strong></span> <span class='ocrx_word' id='word_1_539' title='bbox 2520 2732 2576 2787; x_wconf 84' lang='grc' dir='ltr'><strong>Β.</strong></span> <span class='ocrx_word' id='word_1_540' title='bbox 2621 2731 2862 2796; x_wconf 78' lang='lat' dir='ltr'><strong>Virginis</strong></span> <span class='ocrx_word' id='word_1_541' title='bbox 2911 2746 3005 2799; x_wconf 88' lang='lat' dir='ltr'><strong>per</strong></span> <span class='ocrx_word' id='word_1_542' title='bbox 3048 2733 3365 2800; x_wconf 83' lang='lat' dir='ltr'><strong>magistrum</strong></span> <span class='ocrx_word' id='word_1_543' title='bbox 3409 2731 3648 2786; x_wconf 85' lang='lat' dir='ltr'><strong>Leonar-</strong></span> 
     </span>
    </p>
   </div>
   <div class='ocr_carea' id='block_1_79' title="bbox 2081 2801 3644 2870">
    <p class='ocr_par' dir='ltr' id='par_1_79' title="bbox 2081 2801 3644 2870">
     <span class='ocr_line' id='line_1_79' title="bbox 2081 2801 3644 2870; baseline -0.001 -12"><span class='ocrx_word' id='word_1_544' title='bbox 2081 2806 2209 2858; x_wconf 85' lang='lat' dir='ltr'><strong>dum</strong></span> <span class='ocrx_word' id='word_1_545' title='bbox 2259 2804 2325 2857; x_wconf 89' lang='lat' dir='ltr'><strong>de</strong></span> <span class='ocrx_word' id='word_1_546' title='bbox 2364 2802 2648 2869; x_wconf 82' lang='lat' dir='ltr'><strong>Nogorolis</strong></span> <span class='ocrx_word' id='word_1_547' title='bbox 2689 2804 2858 2865; x_wconf 83' lang='lat' dir='ltr'><strong>edito,</strong></span> <span class='ocrx_word' id='word_1_548' title='bbox 2889 2811 2942 2855; x_wconf 89' lang='lat' dir='ltr'><strong>et</strong></span> <span class='ocrx_word' id='word_1_549' title='bbox 2975 2818 3066 2870; x_wconf 90' lang='lat' dir='ltr'><strong>per</strong></span> <span class='ocrx_word' id='word_1_550' title='bbox 3101 2804 3313 2856; x_wconf 78' lang='lat' dir='ltr'><strong>Sixtum</strong></span> <span class='ocrx_word' id='word_1_551' title='bbox 3366 2801 3453 2863; x_wconf 89' lang='lat' dir='ltr'><strong>IV,</strong></span> <span class='ocrx_word' id='word_1_552' title='bbox 3494 2811 3644 2864; x_wconf 88' lang='lat' dir='ltr'><strong>pont.</strong></span> 
     </span>
    </p>
   </div>
   <div class='ocr_carea' id='block_1_80' title="bbox 2083 2872 3648 2941">
    <p class='ocr_par' dir='ltr' id='par_1_80' title="bbox 2083 2872 3648 2941">
     <span class='ocr_line' id='line_1_80' title="bbox 2083 2872 3648 2941; baseline 0 -16"><span class='ocrx_word' id='word_1_553' title='bbox 2083 2889 2228 2925; x_wconf 78' lang='lat' dir='ltr'><strong>max.</strong></span> <span class='ocrx_word' id='word_1_554' title='bbox 2253 2876 2569 2941; x_wconf 84' lang='lat' dir='ltr'><strong>approbato,</strong></span> <span class='ocrx_word' id='word_1_555' title='bbox 2600 2888 2760 2939; x_wconf 88' lang='lat' dir='ltr'><strong>quam</strong></span> <span class='ocrx_word' id='word_1_556' title='bbox 2786 2873 2950 2925; x_wconf 89' lang='lat' dir='ltr'><strong>refert</strong></span> <span class='ocrx_word' id='word_1_557' title='bbox 2971 2882 3022 2926; x_wconf 84' lang='lat' dir='ltr'><strong>et</strong></span> <span class='ocrx_word' id='word_1_558' title='bbox 3058 2872 3109 2925; x_wconf 92' lang='lat' dir='ltr'><strong>in</strong></span> <span class='ocrx_word' id='word_1_559' title='bbox 3139 2888 3199 2925; x_wconf 89' lang='lat' dir='ltr'><strong>ea</strong></span> <span class='ocrx_word' id='word_1_560' title='bbox 3224 2873 3327 2925; x_wconf 91' lang='lat' dir='ltr'><strong>vim</strong></span> <span class='ocrx_word' id='word_1_561' title='bbox 3363 2872 3489 2925; x_wconf 87' lang='lat' dir='ltr'><strong>facit</strong></span> <span class='ocrx_word' id='word_1_562' title='bbox 3514 2875 3648 2925; x_wconf 82' lang='lat' dir='ltr'><strong>Am-</strong></span> 
     </span>
    </p>
   </div>
   <div class='ocr_carea' id='block_1_81' title="bbox 2084 2941 3650 3009">
    <p class='ocr_par' dir='ltr' id='par_1_81' title="bbox 2084 2941 3650 3009">
     <span class='ocr_line' id='line_1_81' title="bbox 2084 2941 3650 3009; baseline 0 -13"><span class='ocrx_word' id='word_1_563' title='bbox 2084 2943 2300 2996; x_wconf 89' lang='lat' dir='ltr'><strong>brosius</strong></span> <span class='ocrx_word' id='word_1_564' title='bbox 2336 2943 2663 2997; x_wconf 88' lang='lat' dir='ltr'><strong>Catherinus</strong></span> <span class='ocrx_word' id='word_1_565' title='bbox 2696 2943 2788 2994; x_wconf 88' lang='lat' dir='ltr'><strong>lib.</strong></span> <span class='ocrx_word' id='word_1_566' title='bbox 2817 2958 2876 3004; x_wconf 87' lang='lat' dir='ltr'><strong>ll,</strong></span> <span class='ocrx_word' id='word_1_567' title='bbox 2924 2941 3137 3009; x_wconf 80' lang='lat' dir='ltr'><strong>Dispul.</strong></span> <span class='ocrx_word' id='word_1_568' title='bbox 3182 2958 3277 3008; x_wconf 83' lang='lat' dir='ltr'><strong>pro</strong></span> <span class='ocrx_word' id='word_1_569' title='bbox 3301 2942 3650 2996; x_wconf 83' lang='lat' dir='ltr'><strong>immaculata</strong></span> 
     </span>
    </p>
   </div>
   <div class='ocr_carea' id='block_1_82' title="bbox 2094 3011 3648 3081">
    <p class='ocr_par' dir='ltr' id='par_1_82' title="bbox 2094 3011 3648 3081">
     <span class='ocr_line' id='line_1_82' title="bbox 2094 3011 3648 3081; baseline -0.001 -15"><span class='ocrx_word' id='word_1_570' title='bbox 2094 3011 2325 3081; x_wconf 80' lang='lat' dir='ltr'><strong>Virginis</strong></span> <span class='ocrx_word' id='word_1_571' title='bbox 2383 3014 2715 3080; x_wconf 80' lang='lat' dir='ltr'><strong>conceptione</strong></span> <span class='ocrx_word' id='word_1_572' title='bbox 2776 3012 2919 3065; x_wconf 91' lang='lat' dir='ltr'><strong>hunc</strong></span> <span class='ocrx_word' id='word_1_573' title='bbox 2973 3013 3025 3065; x_wconf 91' lang='lat' dir='ltr'><strong>in</strong></span> <span class='ocrx_word' id='word_1_574' title='bbox 3083 3013 3302 3065; x_wconf 90' lang='lat' dir='ltr'><strong>modum</strong></span> <span class='ocrx_word' id='word_1_575' title='bbox 3361 3027 3374 3062; x_wconf 92' lang='lat'><strong>:</strong></span> <span class='ocrx_word' id='word_1_576' title='bbox 3423 3029 3441 3061; x_wconf 76' lang='grc' dir='ltr'>ι</span> <span class='ocrx_word' id='word_1_577' title='bbox 3482 3013 3648 3075; x_wconf 83' lang='lat' dir='ltr'><strong>Audi,</strong></span> 
     </span>
    </p>
   </div>
   <div class='ocr_carea' id='block_1_83' title="bbox 2088 3081 3655 3151">
    <p class='ocr_par' dir='ltr' id='par_1_83' title="bbox 2088 3081 3655 3151">
     <span class='ocr_line' id='line_1_83' title="bbox 2088 3081 3655 3151; baseline 0 -16"><span class='ocrx_word' id='word_1_578' title='bbox 2088 3098 2293 3149; x_wconf 70' lang='lat' dir='ltr'><strong>quaeso,</strong></span> <span class='ocrx_word' id='word_1_579' title='bbox 2325 3083 2650 3145; x_wconf 87' lang='lat' dir='ltr'><strong>orationem,</strong></span> <span class='ocrx_word' id='word_1_580' title='bbox 2678 3098 2839 3151; x_wconf 87' lang='lat' dir='ltr'><strong>quam</strong></span> <span class='ocrx_word' id='word_1_581' title='bbox 2865 3081 3115 3135; x_wconf 86' lang='lat' dir='ltr'><strong>consulto</strong></span> <span class='ocrx_word' id='word_1_582' title='bbox 3141 3092 3192 3134; x_wconf 86' lang='lat' dir='ltr'><strong>et</strong></span> <span class='ocrx_word' id='word_1_583' title='bbox 3221 3098 3285 3134; x_wconf 80' lang='lat' dir='ltr'><strong>ex</strong></span> <span class='ocrx_word' id='word_1_584' title='bbox 3312 3089 3455 3134; x_wconf 85' lang='lat' dir='ltr'><strong>certa</strong></span> <span class='ocrx_word' id='word_1_585' title='bbox 3482 3083 3655 3135; x_wconf 79' lang='lat' dir='ltr'><strong>scicn-</strong></span> 
     </span>
    </p>
   </div>
   <div class='ocr_carea' id='block_1_84' title="bbox 2089 3152 3647 3219">
    <p class='ocr_par' dir='ltr' id='par_1_84' title="bbox 2089 3152 3647 3219">
     <span class='ocr_line' id='line_1_84' title="bbox 2089 3152 3647 3219; baseline -0.001 -14"><span class='ocrx_word' id='word_1_586' title='bbox 2089 3153 2161 3205; x_wconf 90' lang='lat' dir='ltr'><strong>tia</strong></span> <span class='ocrx_word' id='word_1_587' title='bbox 2219 3154 2420 3219; x_wconf 83' lang='lat' dir='ltr'><strong>recepit</strong></span> <span class='ocrx_word' id='word_1_588' title='bbox 2470 3152 2579 3219; x_wconf 88' lang='lat' dir='ltr'><strong>jam</strong></span> <span class='ocrx_word' id='word_1_589' title='bbox 2636 3153 2761 3204; x_wconf 87' lang='lat' dir='ltr'><strong>olim</strong></span> <span class='ocrx_word' id='word_1_590' title='bbox 2806 3152 3070 3214; x_wconf 83' lang='lat' dir='ltr'><strong>Ecclesia,</strong></span> <span class='ocrx_word' id='word_1_591' title='bbox 3115 3160 3168 3203; x_wconf 86' lang='lat' dir='ltr'><strong>et</strong></span> <span class='ocrx_word' id='word_1_592' title='bbox 3208 3165 3441 3219; x_wconf 86' lang='lat' dir='ltr'><strong>agnosce</strong></span> <span class='ocrx_word' id='word_1_593' title='bbox 3484 3166 3647 3218; x_wconf 89' lang='lat' dir='ltr'><strong>quam</strong></span> 
     </span>
    </p>
   </div>
   <div class='ocr_carea' id='block_1_85' title="bbox 2089 3221 3654 3291">
    <p class='ocr_par' dir='ltr' id='par_1_85' title="bbox 2089 3221 3654 3291">
     <span class='ocr_line' id='line_1_85' title="bbox 2089 3221 3654 3291; baseline -0.001 -16"><span class='ocrx_word' id='word_1_594' title='bbox 2089 3223 2370 3291; x_wconf 81' lang='lat' dir='ltr'><strong>perspicue</strong></span> <span class='ocrx_word' id='word_1_595' title='bbox 2397 3224 2629 3275; x_wconf 76' lang='lat' dir='ltr'><strong>declaret</strong></span> <span class='ocrx_word' id='word_1_596' title='bbox 2660 3222 2802 3289; x_wconf 84' lang='lat' dir='ltr'><strong>quod</strong></span> <span class='ocrx_word' id='word_1_597' title='bbox 2835 3222 3068 3274; x_wconf 79' lang='lat' dir='ltr'><strong>dicimus</strong></span> <span class='ocrx_word' id='word_1_598' title='bbox 3102 3236 3115 3273; x_wconf 91' lang='lat'><strong>:</strong></span> <span class='ocrx_word' id='word_1_599' title='bbox 3146 3223 3282 3274; x_wconf 74' lang='lat' dir='ltr'><strong>Deus</strong></span> <span class='ocrx_word' id='word_1_600' title='bbox 3311 3221 3530 3291; x_wconf 77' lang='lat' dir='ltr'><strong>qui_pcr</strong></span> <span class='ocrx_word' id='word_1_601' title='bbox 3555 3223 3654 3273; x_wconf 86' lang='lat' dir='ltr'><strong>im-</strong></span> 
     </span>
    </p>
   </div>
   <div class='ocr_carea' id='block_1_86' title="bbox 2084 3288 3652 3359">
    <p class='ocr_par' dir='ltr' id='par_1_86' title="bbox 2084 3288 3652 3359">
     <span class='ocr_line' id='line_1_86' title="bbox 2084 3288 3652 3359; baseline -0.001 -15"><span class='ocrx_word' id='word_1_602' title='bbox 2084 3288 2405 3345; x_wconf 85' lang='lat' dir='ltr'><strong>maculatam</strong></span> <span class='ocrx_word' id='word_1_603' title='bbox 2442 3288 3116 3359; x_wconf 9' lang='lat' dir='ltr'><strong>Virginis,conceptionem</strong></span> <span class='ocrx_word' id='word_1_604' title='bbox 3153 3292 3372 3359; x_wconf 86' lang='lat' dir='ltr'><strong>dignum</strong></span> <span class='ocrx_word' id='word_1_605' title='bbox 3397 3288 3533 3343; x_wconf 82' lang='lat' dir='ltr'><strong>Filio</strong></span> <span class='ocrx_word' id='word_1_606' title='bbox 3561 3303 3652 3343; x_wconf 92' lang='lat' dir='ltr'><strong>tuo</strong></span> 
     </span>
    </p>
   </div>
   <div class='ocr_carea' id='block_1_87' title="bbox 2084 3359 3653 3430">
    <p class='ocr_par' dir='ltr' id='par_1_87' title="bbox 2084 3359 3653 3430">
     <span class='ocr_line' id='line_1_87' title="bbox 2084 3359 3653 3430; baseline -0.001 -15"><span class='ocrx_word' id='word_1_607' title='bbox 2084 3363 2451 3416; x_wconf 85' lang='lat' dir='ltr'><strong>habitaculum</strong></span> <span class='ocrx_word' id='word_1_608' title='bbox 2487 3362 2823 3430; x_wconf 67' lang='lat' dir='ltr'><strong>pra‘pat&#39;asli,</strong></span> <span class='ocrx_word' id='word_1_609' title='bbox 2856 3379 2872 3411; x_wconf 74' lang='grc' dir='ltr'><strong><em>ι</em></strong></span> <span class='ocrx_word' id='word_1_610' title='bbox 2905 3373 3007 3414; x_wconf 75' lang='lat' dir='ltr'><strong>rte.</strong></span> <span class='ocrx_word' id='word_1_611' title='bbox 3043 3362 3134 3414; x_wconf 86' lang='lat' dir='ltr'><strong>Sic</strong></span> <span class='ocrx_word' id='word_1_612' title='bbox 3168 3363 3273 3415; x_wconf 88' lang='lat' dir='ltr'><strong>ille.</strong></span> <span class='ocrx_word' id='word_1_613' title='bbox 3304 3359 3653 3414; x_wconf 81' lang='lat' dir='ltr'><strong>Observanda</strong></span> 
     </span>
    </p>
   </div>
   <div class='ocr_carea' id='block_1_88' title="bbox 2081 3431 3657 3500">
    <p class='ocr_par' dir='ltr' id='par_1_88' title="bbox 2081 3431 3657 3500">
     <span class='ocr_line' id='line_1_88' title="bbox 2081 3431 3657 3500; baseline -0.003 -15"><span class='ocrx_word' id='word_1_614' title='bbox 2081 3433 2224 3485; x_wconf 86' lang='lat' dir='ltr'><strong>enim</strong></span> <span class='ocrx_word' id='word_1_615' title='bbox 2251 3442 2331 3486; x_wconf 89' lang='lat' dir='ltr'><strong>est</strong></span> <span class='ocrx_word' id='word_1_616' title='bbox 2363 3433 2529 3485; x_wconf 86' lang='lat' dir='ltr'><strong>series</strong></span> <span class='ocrx_word' id='word_1_617' title='bbox 2555 3433 2831 3495; x_wconf 78' lang='lat' dir='ltr'><strong>dictionis,</strong></span> <span class='ocrx_word' id='word_1_618' title='bbox 2863 3448 2966 3499; x_wconf 84' lang='lat' dir='ltr'><strong>qua</strong></span> <span class='ocrx_word' id='word_1_619' title='bbox 2992 3447 3083 3500; x_wconf 88' lang='lat' dir='ltr'><strong>per</strong></span> <span class='ocrx_word' id='word_1_620' title='bbox 3108 3431 3657 3500; x_wconf 57' lang='lat' dir='ltr'><strong>immaculatamhla-</strong></span> 
     </span>
    </p>
   </div>
   <div class='ocr_carea' id='block_1_89' title="bbox 2082 3499 3654 3571">
    <p class='ocr_par' dir='ltr' id='par_1_89' title="bbox 2082 3499 3654 3571">
     <span class='ocr_line' id='line_1_89' title="bbox 2082 3499 3654 3571; baseline -0.001 -16"><span class='ocrx_word' id='word_1_621' title='bbox 2082 3504 2177 3556; x_wconf 82' lang='lat' dir='ltr'><strong>ria:</strong></span> <span class='ocrx_word' id='word_1_622' title='bbox 2228 3504 2637 3571; x_wconf 80' lang='lat' dir='ltr'><strong>conceptionem</strong></span> <span class='ocrx_word' id='word_1_623' title='bbox 2680 3502 2902 3567; x_wconf 81' lang='lat' dir='ltr'><strong>dignum</strong></span> <span class='ocrx_word' id='word_1_624' title='bbox 2950 3499 3002 3555; x_wconf 16' lang='lat' dir='ltr'><strong>a7</strong></span> <span class='ocrx_word' id='word_1_625' title='bbox 3041 3502 3269 3555; x_wconf 89' lang='lat' dir='ltr'><strong>Summo</strong></span> <span class='ocrx_word' id='word_1_626' title='bbox 3316 3499 3475 3552; x_wconf 87' lang='lat' dir='ltr'><strong>Patre</strong></span> <span class='ocrx_word' id='word_1_627' title='bbox 3515 3499 3654 3553; x_wconf 64' lang='lat' dir='ltr'><strong>Filio</strong></span> 
     </span>
    </p>
   </div>
   <div class='ocr_carea' id='block_1_90' title="bbox 2082 3570 3647 3642">
    <p class='ocr_par' dir='ltr' id='par_1_90' title="bbox 2082 3570 3647 3642">
     <span class='ocr_line' id='line_1_90' title="bbox 2082 3570 3647 3642; baseline -0.003 -16"><span class='ocrx_word' id='word_1_628' title='bbox 2082 3588 2184 3626; x_wconf 88' lang='lat' dir='ltr'><strong>suo</strong></span> <span class='ocrx_word' id='word_1_629' title='bbox 2228 3570 2587 3642; x_wconf 64' lang='lat' dir='ltr'><strong>pra’paratuut</strong></span> <span class='ocrx_word' id='word_1_630' title='bbox 2633 3572 3001 3625; x_wconf 84' lang='lat' dir='ltr'><strong>habitaculum</strong></span> <span class='ocrx_word' id='word_1_631' title='bbox 3036 3572 3256 3635; x_wconf 87' lang='lat' dir='ltr'><strong>dicitttr,</strong></span> <span class='ocrx_word' id='word_1_632' title='bbox 3302 3570 3454 3638; x_wconf 91' lang='lat' dir='ltr'><strong>quasi</strong></span> <span class='ocrx_word' id='word_1_633' title='bbox 3488 3571 3647 3642; x_wconf 68' lang='lat' dir='ltr'><strong>aliter</strong></span> 
     </span>
    </p>
   </div>
   <div class='ocr_carea' id='block_1_91' title="bbox 2082 3638 3654 3709">
    <p class='ocr_par' dir='ltr' id='par_1_91' title="bbox 2082 3638 3654 3709">
     <span class='ocr_line' id='line_1_91' title="bbox 2082 3638 3654 3709; baseline -0.003 -13"><span class='ocrx_word' id='word_1_634' title='bbox 2082 3659 2188 3696; x_wconf 85' lang='lat' dir='ltr'><strong>non</strong></span> <span class='ocrx_word' id='word_1_635' title='bbox 2229 3638 2396 3697; x_wconf 78' lang='lat' dir='ltr'><strong>fuerit</strong></span> <span class='ocrx_word' id='word_1_636' title='bbox 2437 3643 2677 3709; x_wconf 87' lang='lat' dir='ltr'><strong>dignum.</strong></span> <span class='ocrx_word' id='word_1_637' title='bbox 2716 3642 2866 3697; x_wconf 82' lang='lat' dir='ltr'><strong>Tolle</strong></span> <span class='ocrx_word' id='word_1_638' title='bbox 2909 3658 3037 3709; x_wconf 87' lang='lat' dir='ltr'><strong>ergo</strong></span> <span class='ocrx_word' id='word_1_639' title='bbox 3072 3643 3473 3695; x_wconf 88' lang='lat' dir='ltr'><strong>immaculatam</strong></span> <span class='ocrx_word' id='word_1_640' title='bbox 3527 3638 3654 3691; x_wconf 81' lang='lat' dir='ltr'><strong>Vir-</strong></span> 
     </span>
    </p>
   </div>
   <div class='ocr_carea' id='block_1_92' title="bbox 2082 3709 3653 3783">
    <p class='ocr_par' dir='ltr' id='par_1_92' title="bbox 2082 3709 3653 3783">
     <span class='ocr_line' id='line_1_92' title="bbox 2082 3709 3653 3783; baseline -0.003 -18"><span class='ocrx_word' id='word_1_641' title='bbox 2082 3713 2225 3783; x_wconf 79' lang='lat' dir='ltr'><strong>ginis</strong></span> <span class='ocrx_word' id='word_1_642' title='bbox 2270 3716 2703 3783; x_wconf 82' lang='lat' dir='ltr'><strong>conceptionem,</strong></span> <span class='ocrx_word' id='word_1_643' title='bbox 2738 3714 2893 3766; x_wconf 91' lang='lat' dir='ltr'><strong>tolles</strong></span> <span class='ocrx_word' id='word_1_644' title='bbox 2924 3722 2989 3783; x_wconf 12' lang='lat' dir='ltr'><strong>iet</strong></span> <span class='ocrx_word' id='word_1_645' title='bbox 3014 3711 3237 3783; x_wconf 83' lang='lat' dir='ltr'><strong>dignum</strong></span> <span class='ocrx_word' id='word_1_646' title='bbox 3268 3711 3389 3764; x_wconf 88' lang='lat' dir='ltr'><strong>Filii</strong></span> <span class='ocrx_word' id='word_1_647' title='bbox 3430 3709 3521 3783; x_wconf 74' lang='lat' dir='ltr'><strong>ttei</strong></span> <span class='ocrx_word' id='word_1_648' title='bbox 3557 3711 3653 3783; x_wconf 80' lang='lat' dir='ltr'><strong>ha-</strong></span> 
     </span>
    </p>
   </div>
   <div class='ocr_carea' id='block_1_93' title="bbox 2082 3780 3654 3846">
    <p class='ocr_par' dir='ltr' id='par_1_93' title="bbox 2082 3780 3654 3846">
     <span class='ocr_line' id='line_1_93' title="bbox 2082 3780 3654 3846; baseline -0.002 -10"><span class='ocrx_word' id='word_1_649' title='bbox 2082 3782 2407 3846; x_wconf 86' lang='lat' dir='ltr'><strong>bitaculum,</strong></span> <span class='ocrx_word' id='word_1_650' title='bbox 2441 3780 2595 3836; x_wconf 78' lang='lat' dir='ltr'><strong>tolles</strong></span> <span class='ocrx_word' id='word_1_651' title='bbox 2635 3786 2799 3835; x_wconf 87' lang='lat' dir='ltr'><strong>etiam</strong></span> <span class='ocrx_word' id='word_1_652' title='bbox 2837 3792 2889 3836; x_wconf 90' lang='lat' dir='ltr'><strong>et</strong></span> <span class='ocrx_word' id='word_1_653' title='bbox 2921 3782 3214 3835; x_wconf 69' lang='lat' dir='ltr'><strong>Dominicze</strong></span> <span class='ocrx_word' id='word_1_654' title='bbox 3262 3780 3654 3833; x_wconf 81' lang='lat' dir='ltr'><strong>incarnationis</strong></span> 
     </span>
    </p>
   </div>
   <div class='ocr_carea' id='block_1_94' title="bbox 2084 3851 3655 3907">
    <p class='ocr_par' dir='ltr' id='par_1_94' title="bbox 2084 3851 3655 3907">
     <span class='ocr_line' id='line_1_94' title="bbox 2084 3851 3655 3907; baseline -0.003 -2"><span class='ocrx_word' id='word_1_655' title='bbox 2084 3864 2511 3907; x_wconf 87' lang='lat' dir='ltr'><strong>sacramentum.</strong></span> <span class='ocrx_word' id='word_1_656' title='bbox 2544 3852 2689 3904; x_wconf 78' lang='lat' dir='ltr'><strong>l’one</strong></span> <span class='ocrx_word' id='word_1_657' title='bbox 2723 3868 2850 3905; x_wconf 88' lang='lat' dir='ltr'><strong>vero</strong></span> <span class='ocrx_word' id='word_1_658' title='bbox 2879 3852 3282 3903; x_wconf 87' lang='lat' dir='ltr'><strong>itnmaculatam</strong></span> <span class='ocrx_word' id='word_1_659' title='bbox 3319 3851 3498 3903; x_wconf 69' lang='lat' dir='ltr'><strong>Maria:</strong></span> <span class='ocrx_word' id='word_1_660' title='bbox 3523 3864 3655 3903; x_wconf 82' lang='lat' dir='ltr'><strong>con-</strong></span> 
     </span>
    </p>
   </div>
   <div class='ocr_carea' id='block_1_95' title="bbox 2083 3921 3650 3990">
    <p class='ocr_par' dir='ltr' id='par_1_95' title="bbox 2083 3921 3650 3990">
     <span class='ocr_line' id='line_1_95' title="bbox 2083 3921 3650 3990; baseline 0 -16"><span class='ocrx_word' id='word_1_661' title='bbox 2083 3925 2407 3990; x_wconf 88' lang='lat' dir='ltr'><strong>ceptionem,</strong></span> <span class='ocrx_word' id='word_1_662' title='bbox 2457 3932 2510 3976; x_wconf 88' lang='lat' dir='ltr'><strong>et</strong></span> <span class='ocrx_word' id='word_1_663' title='bbox 2554 3921 2761 3975; x_wconf 87' lang='lat' dir='ltr'><strong>videbis</strong></span> <span class='ocrx_word' id='word_1_664' title='bbox 2808 3922 2987 3976; x_wconf 86' lang='lat' dir='ltr'><strong>statim</strong></span> <span class='ocrx_word' id='word_1_665' title='bbox 3036 3936 3158 3974; x_wconf 89' lang='lat' dir='ltr'><strong>cum</strong></span> <span class='ocrx_word' id='word_1_666' title='bbox 3203 3921 3481 3988; x_wconf 86' lang='lat' dir='ltr'><strong>impolluta</strong></span> <span class='ocrx_word' id='word_1_667' title='bbox 3527 3936 3650 3974; x_wconf 89' lang='lat' dir='ltr'><strong>eum</strong></span> 
     </span>
    </p>
   </div>
   <div class='ocr_carea' id='block_1_96' title="bbox 2083 3992 3652 4059">
    <p class='ocr_par' dir='ltr' id='par_1_96' title="bbox 2083 3992 3652 4059">
     <span class='ocr_line' id='line_1_96' title="bbox 2083 3992 3652 4059; baseline -0.003 -15"><span class='ocrx_word' id='word_1_668' title='bbox 2083 3993 2174 4059; x_wconf 91' lang='lat' dir='ltr'><strong>qui</strong></span> <span class='ocrx_word' id='word_1_669' title='bbox 2210 3992 2510 4045; x_wconf 89' lang='lat' dir='ltr'><strong>sanctiﬁcat</strong></span> <span class='ocrx_word' id='word_1_670' title='bbox 2535 3992 2805 4055; x_wconf 88' lang='lat' dir='ltr'><strong>universa,</strong></span> <span class='ocrx_word' id='word_1_671' title='bbox 2842 4006 2966 4043; x_wconf 88' lang='lat' dir='ltr'><strong>nam</strong></span> <span class='ocrx_word' id='word_1_672' title='bbox 2993 3999 3050 4043; x_wconf 91' lang='lat' dir='ltr'><strong>ut</strong></span> <span class='ocrx_word' id='word_1_673' title='bbox 3078 4005 3350 4059; x_wconf 89' lang='lat' dir='ltr'><strong>nunquam</strong></span> <span class='ocrx_word' id='word_1_674' title='bbox 3380 4001 3501 4042; x_wconf 88' lang='lat' dir='ltr'><strong>ante</strong></span> <span class='ocrx_word' id='word_1_675' title='bbox 3524 4004 3652 4042; x_wconf 89' lang='lat' dir='ltr'><strong>san-</strong></span> 
     </span>
    </p>
   </div>
   <div class='ocr_carea' id='block_1_97' title="bbox 2083 4059 3656 4129">
    <p class='ocr_par' dir='ltr' id='par_1_97' title="bbox 2083 4059 3656 4129">
     <span class='ocr_line' id='line_1_97' title="bbox 2083 4059 3656 4129; baseline -0.002 -14"><span class='ocrx_word' id='word_1_676' title='bbox 2083 4062 2385 4116; x_wconf 85' lang='lat' dir='ltr'><strong>ctissimam</strong></span> <span class='ocrx_word' id='word_1_677' title='bbox 2428 4061 2648 4114; x_wconf 85' lang='lat' dir='ltr'><strong>Mariam</strong></span> <span class='ocrx_word' id='word_1_678' title='bbox 2704 4062 2899 4114; x_wconf 75' lang='lat' dir='ltr'><strong>divinae</strong></span> <span class='ocrx_word' id='word_1_679' title='bbox 2946 4061 3125 4114; x_wconf 90' lang='lat' dir='ltr'><strong>carnis</strong></span> <span class='ocrx_word' id='word_1_680' title='bbox 3164 4059 3528 4129; x_wconf 80' lang='lat' dir='ltr'><strong>assumptioni</strong></span> <span class='ocrx_word' id='word_1_681' title='bbox 3565 4074 3656 4112; x_wconf 87' lang='lat' dir='ltr'><strong>re-</strong></span> 
     </span>
    </p>
   </div>
   <div class='ocr_carea' id='block_1_98' title="bbox 2085 4130 3655 4201">
    <p class='ocr_par' dir='ltr' id='par_1_98' title="bbox 2085 4130 3655 4201">
     <span class='ocr_line' id='line_1_98' title="bbox 2085 4130 3655 4201; baseline -0.003 -16"><span class='ocrx_word' id='word_1_682' title='bbox 2085 4141 2299 4201; x_wconf 89' lang='lat' dir='ltr'><strong>pertum</strong></span> <span class='ocrx_word' id='word_1_683' title='bbox 2336 4142 2421 4185; x_wconf 88' lang='lat' dir='ltr'><strong>est</strong></span> <span class='ocrx_word' id='word_1_684' title='bbox 2450 4131 2840 4195; x_wconf 89' lang='lat' dir='ltr'><strong>habitaculum,</strong></span> <span class='ocrx_word' id='word_1_685' title='bbox 2876 4130 2946 4201; x_wconf 86' lang='lat' dir='ltr'><strong>ita</strong></span> <span class='ocrx_word' id='word_1_686' title='bbox 2975 4130 3065 4183; x_wconf 93' lang='lat' dir='ltr'><strong>ubi</strong></span> <span class='ocrx_word' id='word_1_687' title='bbox 3097 4139 3379 4201; x_wconf 65' lang='lat' dir='ltr'><strong>repertum</strong></span> <span class='ocrx_word' id='word_1_688' title='bbox 3416 4139 3518 4201; x_wconf 84' lang='lat' dir='ltr'><strong>es_t,</strong></span> <span class='ocrx_word' id='word_1_689' title='bbox 3546 4130 3655 4201; x_wconf 88' lang='lat' dir='ltr'><strong>hu-</strong></span> 
     </span>
    </p>
   </div>
   <div class='ocr_carea' id='block_1_99' title="bbox 2085 4197 3651 4270">
    <p class='ocr_par' dir='ltr' id='par_1_99' title="bbox 2085 4197 3651 4270">
     <span class='ocr_line' id='line_1_99' title="bbox 2085 4197 3651 4270; baseline -0.001 -17"><span class='ocrx_word' id='word_1_690' title='bbox 2085 4197 2302 4255; x_wconf 76' lang='lat' dir='ltr'><strong>inauam</strong></span> <span class='ocrx_word' id='word_1_691' title='bbox 2328 4217 2547 4257; x_wconf 85' lang='lat' dir='ltr'><strong>carnem</strong></span> <span class='ocrx_word' id='word_1_692' title='bbox 2582 4202 2878 4270; x_wconf 76' lang='lat' dir='ltr'><strong>assumpsit</strong></span> <span class='ocrx_word' id='word_1_693' title='bbox 2906 4199 3069 4254; x_wconf 65' lang='lat' dir='ltr'><strong>Deus.</strong></span> <span class='ocrx_word' id='word_1_694' title='bbox 3097 4197 3209 4253; x_wconf 82' lang='lat' dir='ltr'><strong>Nisi</strong></span> <span class='ocrx_word' id='word_1_695' title='bbox 3238 4198 3431 4253; x_wconf 86' lang='lat' dir='ltr'><strong>fuisset</strong></span> <span class='ocrx_word' id='word_1_696' title='bbox 3458 4197 3651 4265; x_wconf 85' lang='lat' dir='ltr'><strong>Filius,</strong></span> 
     </span>
    </p>
   </div>
   <div class='ocr_carea' id='block_1_100' title="bbox 2084 4270 3653 4341">
    <p class='ocr_par' dir='ltr' id='par_1_100' title="bbox 2084 4270 3653 4341">
     <span class='ocr_line' id='line_1_100' title="bbox 2084 4270 3653 4341; baseline -0.002 -17"><span class='ocrx_word' id='word_1_697' title='bbox 2084 4273 2169 4324; x_wconf 87' lang='lat' dir='ltr'><strong>cui</strong></span> <span class='ocrx_word' id='word_1_698' title='bbox 2192 4274 2412 4341; x_wconf 79' lang='lat' dir='ltr'><strong>dignum</strong></span> <span class='ocrx_word' id='word_1_699' title='bbox 2438 4280 2555 4325; x_wconf 87' lang='lat' dir='ltr'><strong>erat</strong></span> <span class='ocrx_word' id='word_1_700' title='bbox 2580 4288 2606 4323; x_wconf 89' lang='lat' dir='ltr'><strong>a</strong></span> <span class='ocrx_word' id='word_1_701' title='bbox 2633 4272 2789 4324; x_wconf 83' lang='lat' dir='ltr'><strong>Patre</strong></span> <span class='ocrx_word' id='word_1_702' title='bbox 2815 4270 3187 4341; x_wconf 71' lang='lat' dir='ltr'><strong>habitaCulutn</strong></span> <span class='ocrx_word' id='word_1_703' title='bbox 3218 4270 3653 4341; x_wconf 75' lang='lat' dir='ltr'><strong>prmparandum,</strong></span> 
     </span>
    </p>
   </div>
   <div class='ocr_carea' id='block_1_101' title="bbox 2088 4340 3655 4408">
    <p class='ocr_par' dir='ltr' id='par_1_101' title="bbox 2088 4340 3655 4408">
     <span class='ocr_line' id='line_1_101' title="bbox 2088 4340 3655 4408; baseline -0.001 -14"><span class='ocrx_word' id='word_1_704' title='bbox 2088 4358 2191 4394; x_wconf 91' lang='lat' dir='ltr'><strong>non</strong></span> <span class='ocrx_word' id='word_1_705' title='bbox 2226 4340 2419 4395; x_wconf 87' lang='lat' dir='ltr'><strong>fuisset</strong></span> <span class='ocrx_word' id='word_1_706' title='bbox 2445 4343 2792 4395; x_wconf 87' lang='lat' dir='ltr'><strong>immaculata</strong></span> <span class='ocrx_word' id='word_1_707' title='bbox 2814 4340 3054 4406; x_wconf 76' lang='lat' dir='ltr'><strong>Virginis</strong></span> <span class='ocrx_word' id='word_1_708' title='bbox 3088 4341 3397 4408; x_wconf 90' lang='lat' dir='ltr'><strong>conceptio,</strong></span> <span class='ocrx_word' id='word_1_709' title='bbox 3430 4355 3528 4392; x_wconf 86' lang='lat' dir='ltr'><strong>nec</strong></span> <span class='ocrx_word' id='word_1_710' title='bbox 3552 4340 3655 4393; x_wconf 87' lang='lat' dir='ltr'><strong>alia</strong></span> 
     </span>
    </p>
   </div>
   <div class='ocr_carea' id='block_1_102' title="bbox 2086 4411 3653 4478">
    <p class='ocr_par' dir='ltr' id='par_1_102' title="bbox 2086 4411 3653 4478">
     <span class='ocr_line' id='line_1_102' title="bbox 2086 4411 3653 4478; baseline -0.003 -14"><span class='ocrx_word' id='word_1_711' title='bbox 2086 4412 2453 4465; x_wconf 69' lang='lat' dir='ltr'><strong>immaculata:</strong></span> <span class='ocrx_word' id='word_1_712' title='bbox 2498 4412 2868 4477; x_wconf 87' lang='lat' dir='ltr'><strong>conceptiouis</strong></span> <span class='ocrx_word' id='word_1_713' title='bbox 2930 4426 3121 4473; x_wconf 73' lang='lat' dir='ltr'><strong>causa,</strong></span> <span class='ocrx_word' id='word_1_714' title='bbox 3178 4411 3321 4478; x_wconf 85' lang='lat' dir='ltr'><strong>fons,</strong></span> <span class='ocrx_word' id='word_1_715' title='bbox 3371 4418 3425 4462; x_wconf 88' lang='lat' dir='ltr'><strong>et</strong></span> <span class='ocrx_word' id='word_1_716' title='bbox 3477 4412 3653 4478; x_wconf 82' lang='lat' dir='ltr'><strong>origo,</strong></span> 
     </span>
    </p>
   </div>
   <div class='ocr_carea' id='block_1_103' title="bbox 2086 4477 3651 4551">
    <p class='ocr_par' dir='ltr' id='par_1_103' title="bbox 2086 4477 3651 4551">
     <span class='ocr_line' id='line_1_103' title="bbox 2086 4477 3651 4551; baseline -0.003 -16"><span class='ocrx_word' id='word_1_717' title='bbox 2086 4499 2249 4551; x_wconf 85' lang='lat' dir='ltr'><strong>quam</strong></span> <span class='ocrx_word' id='word_1_718' title='bbox 2286 4483 2375 4538; x_wconf 85' lang='lat' dir='ltr'><strong>Dei</strong></span> <span class='ocrx_word' id='word_1_719' title='bbox 2415 4481 2606 4537; x_wconf 86' lang='lat' dir='ltr'><strong>Filius.</strong></span> <span class='ocrx_word' id='word_1_720' title='bbox 2650 4481 2820 4535; x_wconf 87' lang='lat' dir='ltr'><strong>Porro</strong></span> <span class='ocrx_word' id='word_1_721' title='bbox 2853 4480 3134 4549; x_wconf 86' lang='lat' dir='ltr'><strong>Deiparam</strong></span> <span class='ocrx_word' id='word_1_722' title='bbox 3168 4477 3445 4551; x_wconf 80' lang='lat' dir='ltr'><strong>Virginem</strong></span> <span class='ocrx_word' id='word_1_723' title='bbox 3481 4477 3651 4551; x_wconf 68' lang='lat' dir='ltr'><strong>fuiSse</strong></span> 
     </span>
    </p>
   </div>
   <div class='ocr_carea' id='block_1_104' title="bbox 2094 4547 3660 4623">
    <p class='ocr_par' dir='ltr' id='par_1_104' title="bbox 2094 4547 3660 4623">
     <span class='ocr_line' id='line_1_104' title="bbox 2094 4547 3660 4623; baseline -0.004 -16"><span class='ocrx_word' id='word_1_724' title='bbox 2094 4547 2211 4607; x_wconf 83' lang='lat' dir='ltr'><strong>sine</strong></span> <span class='ocrx_word' id='word_1_725' title='bbox 2237 4554 2486 4623; x_wconf 83' lang='lat' dir='ltr'><strong>Originali</strong></span> <span class='ocrx_word' id='word_1_726' title='bbox 2520 4554 2729 4605; x_wconf 84' lang='lat' dir='ltr'><strong>macula</strong></span> <span class='ocrx_word' id='word_1_727' title='bbox 2758 4547 3095 4623; x_wconf 82' lang='lat' dir='ltr'><strong>conceptam,</strong></span> <span class='ocrx_word' id='word_1_728' title='bbox 3129 4566 3194 4605; x_wconf 68' lang='grc' dir='ltr'><strong>(ιο</strong></span> <span class='ocrx_word' id='word_1_729' title='bbox 3219 4547 3363 4618; x_wconf 81' lang='lat' dir='ltr'><strong>quod</strong></span> <span class='ocrx_word' id='word_1_730' title='bbox 3391 4550 3503 4611; x_wconf 79' lang='lat' dir='ltr'><strong>ipsa</strong></span> <span class='ocrx_word' id='word_1_731' title='bbox 3541 4547 3660 4601; x_wconf 88' lang='lat' dir='ltr'><strong>fue-</strong></span> 
     </span>
    </p>
   </div>
   <div class='ocr_carea' id='block_1_105' title="bbox 418 4601 3656 4692">
    <p class='ocr_par' dir='ltr' id='par_1_105' title="bbox 418 4601 3656 4692">
     <span class='ocr_line' id='line_1_105' title="bbox 418 4601 3656 4692; baseline -0.001 -21"><span class='ocrx_word' id='word_1_732' title='bbox 418 4601 1983 4692; x_wconf 13' lang='lat' dir='ltr'><strong>admittaﬁt&#39;venialet—sinoncoittraxissetorigiinde:</strong></span> <span class='ocrx_word' id='word_1_733' title='bbox 2020 4601 2063 4656; x_wconf 78' lang='lat' dir='ltr'><strong>D</strong></span> <span class='ocrx_word' id='word_1_734' title='bbox 2094 4601 3282 4692; x_wconf 18' lang='lat' dir='ltr'><strong>&quot;Vhnivi—uanitatem&#39;habitam!uin</strong></span> <span class='ocrx_word' id='word_1_735' title='bbox 3334 4601 3656 4692; x_wconf 67' lang='lat' dir='ltr'><strong>praaparata,</strong></span> 
     </span>
    </p>
   </div>
   <div class='ocr_carea' id='block_1_106' title="bbox 418 4690 1984 4760">
    <p class='ocr_par' dir='ltr' id='par_1_106' title="bbox 418 4690 1984 4760">
     <span class='ocr_line' id='line_1_106' title="bbox 418 4690 1984 4760; baseline 0.003 -18"><span class='ocrx_word' id='word_1_736' title='bbox 418 4707 555 4756; x_wconf 87' lang='lat' dir='ltr'><strong>quez</strong></span> <span class='ocrx_word' id='word_1_737' title='bbox 588 4692 654 4745; x_wconf 88' lang='lat' dir='ltr'><strong>de</strong></span> <span class='ocrx_word' id='word_1_738' title='bbox 702 4690 869 4744; x_wconf 83' lang='lat' dir='ltr'><strong>Maria</strong></span> <span class='ocrx_word' id='word_1_739' title='bbox 908 4691 1181 4760; x_wconf 85' lang='lat' dir='ltr'><strong>Concepta</strong></span> <span class='ocrx_word' id='word_1_740' title='bbox 1226 4693 1349 4745; x_wconf 87' lang='lat' dir='ltr'><strong>libr.</strong></span> <span class='ocrx_word' id='word_1_741' title='bbox 1386 4708 1422 4756; x_wconf 86' lang='grc' dir='ltr'><strong>ι,</strong></span> <span class='ocrx_word' id='word_1_742' title='bbox 1460 4690 1683 4746; x_wconf 83' lang='lat' dir='ltr'><strong>Dissert.</strong></span> <span class='ocrx_word' id='word_1_743' title='bbox 1714 4693 1770 4757; x_wconf 77' lang='lat'><strong>5,</strong></span> <span class='ocrx_word' id='word_1_744' title='bbox 1798 4702 1984 4747; x_wconf 91' lang='lat' dir='ltr'><strong>annot.</strong></span> 
     </span>
    </p>
   </div>
   <div class='ocr_carea' id='block_1_107' title="bbox 424 4760 1990 4826">
    <p class='ocr_par' dir='ltr' id='par_1_107' title="bbox 424 4760 1990 4826">
     <span class='ocr_line' id='line_1_107' title="bbox 424 4760 1990 4826; baseline 0.004 -16"><span class='ocrx_word' id='word_1_745' title='bbox 424 4760 474 4821; x_wconf 89' lang='lat'><strong>7,</strong></span> <span class='ocrx_word' id='word_1_746' title='bbox 514 4777 567 4813; x_wconf 85' lang='grc' dir='ltr'><strong>η.</strong></span> <span class='ocrx_word' id='word_1_747' title='bbox 594 4761 647 4826; x_wconf 68' lang='grc'><strong>4,</strong></span> <span class='ocrx_word' id='word_1_748' title='bbox 679 4762 911 4815; x_wconf 72' lang='lat' dir='ltr'><strong>aﬂ‘erens</strong></span> <span class='ocrx_word' id='word_1_749' title='bbox 943 4762 1087 4815; x_wconf 91' lang='lat' dir='ltr'><strong>illam</strong></span> <span class='ocrx_word' id='word_1_750' title='bbox 1125 4761 1379 4816; x_wconf 69' lang='lat' dir='ltr'><strong>Ecclesia:</strong></span> <span class='ocrx_word' id='word_1_751' title='bbox 1419 4763 1721 4815; x_wconf 84' lang='lat' dir='ltr'><strong>orationem</strong></span> <span class='ocrx_word' id='word_1_752' title='bbox 1756 4780 1770 4814; x_wconf 92' lang='lat'><strong>:</strong></span> <span class='ocrx_word' id='word_1_753' title='bbox 1802 4782 1819 4813; x_wconf 77' lang='grc' dir='ltr'>ι</span> <span class='ocrx_word' id='word_1_754' title='bbox 1858 4761 1990 4817; x_wconf 92' lang='lat' dir='ltr'><strong>Om-</strong></span> 
     </span>
    </p>
   </div>
   <div class='ocr_carea' id='block_1_108' title="bbox 424 4831 1989 4901">
    <p class='ocr_par' dir='ltr' id='par_1_108' title="bbox 424 4831 1989 4901">
     <span class='ocr_line' id='line_1_108' title="bbox 424 4831 1989 4901; baseline 0.004 -20"><span class='ocrx_word' id='word_1_755' title='bbox 424 4832 677 4901; x_wconf 70' lang='lat' dir='ltr'><strong>nipotens</strong></span> <span class='ocrx_word' id='word_1_756' title='bbox 717 4833 1049 4901; x_wconf 88' lang='lat' dir='ltr'><strong>sempiterne</strong></span> <span class='ocrx_word' id='word_1_757' title='bbox 1100 4832 1263 4892; x_wconf 87' lang='lat' dir='ltr'><strong>Deus,</strong></span> <span class='ocrx_word' id='word_1_758' title='bbox 1315 4832 1407 4901; x_wconf 92' lang='lat' dir='ltr'><strong>qui</strong></span> <span class='ocrx_word' id='word_1_759' title='bbox 1456 4832 1706 4901; x_wconf 63' lang='lat' dir='ltr'><strong>gloriosae</strong></span> <span class='ocrx_word' id='word_1_760' title='bbox 1751 4831 1989 4901; x_wconf 81' lang='lat' dir='ltr'><strong>Virginis</strong></span> 
     </span>
    </p>
   </div>
   <div class='ocr_carea' id='block_1_109' title="bbox 422 4898 1989 4971">
    <p class='ocr_par' dir='ltr' id='par_1_109' title="bbox 422 4898 1989 4971">
     <span class='ocr_line' id='line_1_109' title="bbox 422 4898 1989 4971; baseline 0.004 -20"><span class='ocrx_word' id='word_1_761' title='bbox 422 4898 606 4971; x_wconf 73' lang='lat' dir='ltr'><strong>Maria:</strong></span> <span class='ocrx_word' id='word_1_762' title='bbox 635 4898 853 4971; x_wconf 58' lang='lat' dir='ltr'><strong>corpus</strong></span> <span class='ocrx_word' id='word_1_763' title='bbox 885 4911 939 4955; x_wconf 87' lang='lat' dir='ltr'><strong>et</strong></span> <span class='ocrx_word' id='word_1_764' title='bbox 966 4902 1226 4966; x_wconf 86' lang='lat' dir='ltr'><strong>animam,</strong></span> <span class='ocrx_word' id='word_1_765' title='bbox 1261 4898 1570 4971; x_wconf 50' lang='lat' dir='ltr'><strong>ut&#39;dignutu</strong></span> <span class='ocrx_word' id='word_1_766' title='bbox 1606 4899 1745 4957; x_wconf 84' lang='lat' dir='ltr'><strong>Filio</strong></span> <span class='ocrx_word' id='word_1_767' title='bbox 1775 4898 1868 4957; x_wconf 83' lang='lat' dir='ltr'><strong>tuo</strong></span> <span class='ocrx_word' id='word_1_768' title='bbox 1893 4904 1989 4957; x_wconf 88' lang='lat' dir='ltr'><strong>ha-</strong></span> 
     </span>
    </p>
   </div>
   <div class='ocr_carea' id='block_1_110' title="bbox 424 4970 1988 5043">
    <p class='ocr_par' dir='ltr' id='par_1_110' title="bbox 424 4970 1988 5043">
     <span class='ocr_line' id='line_1_110' title="bbox 424 4970 1988 5043; baseline 0.002 -19"><span class='ocrx_word' id='word_1_769' title='bbox 424 4970 724 5024; x_wconf 85' lang='lat' dir='ltr'><strong>bitaculum</strong></span> <span class='ocrx_word' id='word_1_770' title='bbox 760 4970 1261 5043; x_wconf 15' lang='lat' dir='ltr'><strong>elicirmereretur,</strong></span> <span class='ocrx_word' id='word_1_771' title='bbox 1310 4970 1519 5043; x_wconf 74' lang='lat' dir='ltr'><strong>Spiritu</strong></span> <span class='ocrx_word' id='word_1_772' title='bbox 1560 4982 1749 5028; x_wconf 90' lang='lat' dir='ltr'><strong>sancto</strong></span> <span class='ocrx_word' id='word_1_773' title='bbox 1791 4990 1988 5043; x_wconf 89' lang='lat' dir='ltr'><strong>c00pe-</strong></span> 
     </span>
    </p>
   </div>
   <div class='ocr_carea' id='block_1_111' title="bbox 421 5041 1985 5114">
    <p class='ocr_par' dir='ltr' id='par_1_111' title="bbox 421 5041 1985 5114">
     <span class='ocr_line' id='line_1_111' title="bbox 421 5041 1985 5114; baseline 0.003 -21"><span class='ocrx_word' id='word_1_774' title='bbox 421 5050 579 5094; x_wconf 84' lang='lat' dir='ltr'><strong>rante</strong></span> <span class='ocrx_word' id='word_1_775' title='bbox 615 5042 950 5114; x_wconf 69' lang='lat' dir='ltr'><strong>prcharasti,</strong></span> <span class='ocrx_word' id='word_1_776' title='bbox 984 5061 1002 5093; x_wconf 74' lang='grc' dir='ltr'><strong><em>ι</em></strong></span> <span class='ocrx_word' id='word_1_777' title='bbox 1030 5043 1113 5114; x_wconf 86' lang='lat' dir='ltr'><strong>ait</strong></span> <span class='ocrx_word' id='word_1_778' title='bbox 1135 5044 1272 5114; x_wconf 87' lang='lat' dir='ltr'><strong>inter</strong></span> <span class='ocrx_word' id='word_1_779' title='bbox 1297 5044 1400 5095; x_wconf 90' lang='lat' dir='ltr'><strong>alia</strong></span> <span class='ocrx_word' id='word_1_780' title='bbox 1430 5062 1443 5096; x_wconf 87' lang='lat'><strong>:</strong></span> <span class='ocrx_word' id='word_1_781' title='bbox 1476 5041 1739 5114; x_wconf 87' lang='lat' dir='ltr'><strong>Nutanter</strong></span> <span class='ocrx_word' id='word_1_782' title='bbox 1766 5041 1985 5114; x_wconf 81' lang='lat' dir='ltr'><strong>quidem</strong></span> 
     </span>
    </p>
   </div>
   <div class='ocr_carea' id='block_1_112' title="bbox 421 5112 1987 5184">
    <p class='ocr_par' dir='ltr' id='par_1_112' title="bbox 421 5112 1987 5184">
     <span class='ocr_line' id='line_1_112' title="bbox 421 5112 1987 5184; baseline 0.004 -22"><span class='ocrx_word' id='word_1_783' title='bbox 421 5113 665 5184; x_wconf 69' lang='lat' dir='ltr'><strong>corporis</strong></span> <span class='ocrx_word' id='word_1_784' title='bbox 718 5121 771 5164; x_wconf 92' lang='lat' dir='ltr'><strong>et</strong></span> <span class='ocrx_word' id='word_1_785' title='bbox 820 5112 1035 5184; x_wconf 69' lang='lat' dir='ltr'><strong>animae</strong></span> <span class='ocrx_word' id='word_1_786' title='bbox 1069 5112 1247 5165; x_wconf 77' lang='lat' dir='ltr'><strong>Marize</strong></span> <span class='ocrx_word' id='word_1_787' title='bbox 1286 5115 1625 5184; x_wconf 67' lang='lat' dir='ltr'><strong>intentionem</strong></span> <span class='ocrx_word' id='word_1_788' title='bbox 1666 5112 1814 5177; x_wconf 76' lang='lat' dir='ltr'><strong>fecit,</strong></span> <span class='ocrx_word' id='word_1_789' title='bbox 1865 5130 1987 5184; x_wconf 69' lang='lat' dir='ltr'><strong>qua:</strong></span> 
     </span>
    </p>
   </div>
   <div class='ocr_carea' id='block_1_113' title="bbox 422 5181 1982 5252">
    <p class='ocr_par' dir='ltr' id='par_1_113' title="bbox 422 5181 1982 5252">
     <span class='ocr_line' id='line_1_113' title="bbox 422 5181 1982 5252; baseline 0.001 -17"><span class='ocrx_word' id='word_1_790' title='bbox 422 5181 662 5250; x_wconf 88' lang='lat' dir='ltr'><strong>Spiritus</strong></span> <span class='ocrx_word' id='word_1_791' title='bbox 707 5191 942 5252; x_wconf 85' lang='lat' dir='ltr'><strong>sanctus</strong></span> <span class='ocrx_word' id='word_1_792' title='bbox 971 5182 1037 5235; x_wconf 87' lang='lat' dir='ltr'><strong>ad</strong></span> <span class='ocrx_word' id='word_1_793' title='bbox 1066 5184 1287 5252; x_wconf 89' lang='lat' dir='ltr'><strong>dignum</strong></span> <span class='ocrx_word' id='word_1_794' title='bbox 1326 5182 1446 5236; x_wconf 88' lang='lat' dir='ltr'><strong>Filii</strong></span> <span class='ocrx_word' id='word_1_795' title='bbox 1488 5183 1581 5236; x_wconf 85' lang='lat' dir='ltr'><strong>Dei</strong></span> <span class='ocrx_word' id='word_1_796' title='bbox 1617 5181 1982 5238; x_wconf 82' lang='lat' dir='ltr'><strong>habitaculum</strong></span> 
     </span>
    </p>
   </div>
   <div class='ocr_carea' id='block_1_114' title="bbox 462 5251 1982 5334">
    <p class='ocr_par' dir='ltr' id='par_1_114' title="bbox 462 5251 1982 5334">
     <span class='ocr_line' id='line_1_114' title="bbox 462 5251 1982 5334; baseline 0.003 -31"><span class='ocrx_word' id='word_1_797' title='bbox 462 5251 764 5332; x_wconf 33' lang='lat' dir='ltr'><strong>raeparoavit,</strong></span> <span class='ocrx_word' id='word_1_798' title='bbox 794 5254 925 5334; x_wconf 69' lang='lat' dir='ltr'><strong>quin</strong></span> <span class='ocrx_word' id='word_1_799' title='bbox 970 5251 1194 5334; x_wconf 81' lang='lat' dir='ltr'><strong>dubium</strong></span> <span class='ocrx_word' id='word_1_800' title='bbox 1234 5252 1340 5334; x_wconf 6' lang='lat' dir='ltr'><strong>dsit,</strong></span> <span class='ocrx_word' id='word_1_801' title='bbox 1388 5253 1529 5334; x_wconf 89' lang='lat' dir='ltr'><strong>quod</strong></span> <span class='ocrx_word' id='word_1_802' title='bbox 1569 5253 1635 5334; x_wconf 75' lang='lat' dir='ltr'><strong>de</strong></span> <span class='ocrx_word' id='word_1_803' title='bbox 1675 5255 1847 5324; x_wconf 90' lang='lat' dir='ltr'><strong>prima</strong></span> <span class='ocrx_word' id='word_1_804' title='bbox 1898 5254 1982 5308; x_wconf 93' lang='lat' dir='ltr'><strong>sui</strong></span> 
     </span>
    </p>
   </div>
   <div class='ocr_carea' id='block_1_115' title="bbox 446 5321 1984 5393">
    <p class='ocr_par' dir='ltr' id='par_1_115' title="bbox 446 5321 1984 5393">
     <span class='ocr_line' id='line_1_115' title="bbox 446 5321 1984 5393; baseline 0.001 -17"><span class='ocrx_word' id='word_1_805' title='bbox 446 5322 750 5376; x_wconf 51' lang='lat' dir='ltr'><strong>oi&#39;matione</strong></span> <span class='ocrx_word' id='word_1_806' title='bbox 793 5321 1033 5393; x_wconf 78' lang='lat' dir='ltr'><strong>Ecclesia</strong></span> <span class='ocrx_word' id='word_1_807' title='bbox 1061 5323 1335 5391; x_wconf 84' lang='lat' dir='ltr'><strong>loquatur,</strong></span> <span class='ocrx_word' id='word_1_808' title='bbox 1375 5321 1442 5376; x_wconf 63' lang='lat' dir='ltr'><strong>u&#39;e</strong></span> <span class='ocrx_word' id='word_1_809' title='bbox 1482 5321 1689 5377; x_wconf 52' lang='lat' dir='ltr'><strong>tardus&#39;</strong></span> <span class='ocrx_word' id='word_1_810' title='bbox 1715 5340 1984 5393; x_wconf 74' lang='lat' dir='ltr'><strong>praepara-</strong></span> 
     </span>
    </p>
   </div>
   <div class='ocr_carea' id='block_1_116' title="bbox 420 5392 1981 5463">
    <p class='ocr_par' dir='ltr' id='par_1_116' title="bbox 420 5392 1981 5463">
     <span class='ocr_line' id='line_1_116' title="bbox 420 5392 1981 5463; baseline 0 -16"><span class='ocrx_word' id='word_1_811' title='bbox 420 5402 507 5447; x_wconf 86' lang='lat' dir='ltr'><strong>tor</strong></span> <span class='ocrx_word' id='word_1_812' title='bbox 538 5392 827 5446; x_wconf 89' lang='lat' dir='ltr'><strong>habitaculi</strong></span> <span class='ocrx_word' id='word_1_813' title='bbox 862 5392 1095 5463; x_wconf 80' lang='lat' dir='ltr'><strong>Spiritus</strong></span> <span class='ocrx_word' id='word_1_814' title='bbox 1126 5404 1346 5447; x_wconf 89' lang='lat' dir='ltr'><strong>sanctus</strong></span> <span class='ocrx_word' id='word_1_815' title='bbox 1377 5392 1865 5463; x_wconf 11' lang='lat' dir='ltr'><strong>l&#39;uissegvideretur,</strong></span> <span class='ocrx_word' id='word_1_816' title='bbox 1889 5395 1981 5463; x_wconf 90' lang='lat' dir='ltr'><strong>qui</strong></span> 
     </span>
    </p>
   </div>
   <div class='ocr_carea' id='block_1_117' title="bbox 422 5461 1981 5533">
    <p class='ocr_par' dir='ltr' id='par_1_117' title="bbox 422 5461 1981 5533">
     <span class='ocr_line' id='line_1_117' title="bbox 422 5461 1981 5533; baseline 0.001 -17"><span class='ocrx_word' id='word_1_817' title='bbox 422 5463 767 5533; x_wconf 83' lang='lat' dir='ltr'><strong>peregrinum</strong></span> <span class='ocrx_word' id='word_1_818' title='bbox 817 5462 1104 5530; x_wconf 82' lang='lat' dir='ltr'><strong>hospitem,</strong></span> <span class='ocrx_word' id='word_1_819' title='bbox 1160 5473 1213 5517; x_wconf 89' lang='lat' dir='ltr'><strong>et</strong></span> <span class='ocrx_word' id='word_1_820' title='bbox 1270 5463 1485 5529; x_wconf 88' lang='lat' dir='ltr'><strong>quidem</strong></span> <span class='ocrx_word' id='word_1_821' title='bbox 1544 5461 1716 5517; x_wconf 85' lang='lat' dir='ltr'><strong>ferum</strong></span> <span class='ocrx_word' id='word_1_822' title='bbox 1770 5461 1981 5519; x_wconf 80' lang='lat' dir='ltr'><strong>hostem</strong></span> 
     </span>
    </p>
   </div>
   <div class='ocr_carea' id='block_1_118' title="bbox 424 5532 1982 5601">
    <p class='ocr_par' dir='ltr' id='par_1_118' title="bbox 424 5532 1982 5601">
     <span class='ocr_line' id='line_1_118' title="bbox 424 5532 1982 5601; baseline 0.001 -17"><span class='ocrx_word' id='word_1_823' title='bbox 424 5532 575 5600; x_wconf 85' lang='lat' dir='ltr'><strong>prius</strong></span> <span class='ocrx_word' id='word_1_824' title='bbox 616 5533 982 5586; x_wconf 89' lang='lat' dir='ltr'><strong>habitaculum</strong></span> <span class='ocrx_word' id='word_1_825' title='bbox 1016 5532 1237 5598; x_wconf 88' lang='lat' dir='ltr'><strong>intrare,</strong></span> <span class='ocrx_word' id='word_1_826' title='bbox 1261 5543 1313 5585; x_wconf 88' lang='lat' dir='ltr'><strong>et</strong></span> <span class='ocrx_word' id='word_1_827' title='bbox 1329 5548 1689 5601; x_wconf 85' lang='lat' dir='ltr'><strong>conspurcare</strong></span> <span class='ocrx_word' id='word_1_828' title='bbox 1719 5535 1982 5601; x_wconf 80' lang='lat' dir='ltr'><strong>permise-</strong></span> 
     </span>
    </p>
   </div>
   <div class='ocr_carea' id='block_1_119' title="bbox 424 5601 1982 5673">
    <p class='ocr_par' dir='ltr' id='par_1_119' title="bbox 424 5601 1982 5673">
     <span class='ocr_line' id='line_1_119' title="bbox 424 5601 1982 5673; baseline 0.001 -18"><span class='ocrx_word' id='word_1_829' title='bbox 424 5602 655 5673; x_wconf 77' lang='lat' dir='ltr'><strong>rit.Sic</strong></span> <span class='ocrx_word' id='word_1_830' title='bbox 688 5603 794 5657; x_wconf 91' lang='lat' dir='ltr'><strong>ille.</strong></span> <span class='ocrx_word' id='word_1_831' title='bbox 828 5601 1076 5671; x_wconf 87' lang='lat' dir='ltr'><strong>Speciale</strong></span> <span class='ocrx_word' id='word_1_832' title='bbox 1114 5604 1479 5673; x_wconf 63' lang='lat' dir='ltr'><strong>habitaculum</strong></span> <span class='ocrx_word' id='word_1_833' title='bbox 1516 5603 1615 5673; x_wconf 87' lang='lat' dir='ltr'><strong>Dei</strong></span> <span class='ocrx_word' id='word_1_834' title='bbox 1644 5601 1805 5657; x_wconf 85' lang='lat' dir='ltr'><strong>debet</strong></span> <span class='ocrx_word' id='word_1_835' title='bbox 1858 5619 1982 5673; x_wconf 89' lang='lat' dir='ltr'><strong>spc-</strong></span> 
     </span>
    </p>
   </div>
   <div class='ocr_carea' id='block_1_120' title="bbox 425 5670 1980 5743">
    <p class='ocr_par' dir='ltr' id='par_1_120' title="bbox 425 5670 1980 5743">
     <span class='ocr_line' id='line_1_120' title="bbox 425 5670 1980 5743; baseline 0.005 -22"><span class='ocrx_word' id='word_1_836' title='bbox 425 5672 547 5743; x_wconf 77' lang='lat' dir='ltr'><strong>ciali</strong></span> <span class='ocrx_word' id='word_1_837' title='bbox 599 5674 760 5725; x_wconf 86' lang='lat' dir='ltr'><strong>modo</strong></span> <span class='ocrx_word' id='word_1_838' title='bbox 808 5670 1121 5741; x_wconf 71' lang='lat' dir='ltr'><strong>praeparari.</strong></span> <span class='ocrx_word' id='word_1_839' title='bbox 1167 5674 1270 5727; x_wconf 86' lang='lat' dir='ltr'><strong>Sed</strong></span> <span class='ocrx_word' id='word_1_840' title='bbox 1303 5671 1360 5724; x_wconf 79' lang='grc' dir='ltr'><strong>Β.</strong></span> <span class='ocrx_word' id='word_1_841' title='bbox 1397 5670 1560 5739; x_wconf 80' lang='lat' dir='ltr'><strong>Virgo</strong></span> <span class='ocrx_word' id='word_1_842' title='bbox 1598 5672 1700 5727; x_wconf 86' lang='lat' dir='ltr'><strong>fuit</strong></span> <span class='ocrx_word' id='word_1_843' title='bbox 1745 5670 1980 5743; x_wconf 77' lang='lat' dir='ltr'><strong>speciale</strong></span> 
     </span>
    </p>
   </div>
   <div class='ocr_carea' id='block_1_121' title="bbox 428 5742 1977 5813">
    <p class='ocr_par' dir='ltr' id='par_1_121' title="bbox 428 5742 1977 5813">
     <span class='ocr_line' id='line_1_121' title="bbox 428 5742 1977 5813; baseline 0.003 -19"><span class='ocrx_word' id='word_1_844' title='bbox 428 5742 795 5795; x_wconf 80' lang='lat' dir='ltr'><strong>habitaCulum</strong></span> <span class='ocrx_word' id='word_1_845' title='bbox 849 5743 938 5795; x_wconf 88' lang='lat' dir='ltr'><strong>Dei</strong></span> <span class='ocrx_word' id='word_1_846' title='bbox 967 5752 1075 5813; x_wconf 81' lang='lat' dir='ltr'><strong>tam</strong></span> <span class='ocrx_word' id='word_1_847' title='bbox 1118 5743 1415 5796; x_wconf 89' lang='lat' dir='ltr'><strong>secundum</strong></span> <span class='ocrx_word' id='word_1_848' title='bbox 1447 5758 1663 5810; x_wconf 86' lang='lat' dir='ltr'><strong>corpus,</strong></span> <span class='ocrx_word' id='word_1_849' title='bbox 1698 5742 1859 5813; x_wconf 77' lang='lat' dir='ltr'><strong>quam</strong></span> <span class='ocrx_word' id='word_1_850' title='bbox 1893 5761 1977 5798; x_wconf 85' lang='lat' dir='ltr'><strong>se-</strong></span> 
     </span>
    </p>
   </div>
   <div class='ocr_carea' id='block_1_122' title="bbox 426 5812 1976 5881">
    <p class='ocr_par' dir='ltr' id='par_1_122' title="bbox 426 5812 1976 5881">
     <span class='ocr_line' id='line_1_122' title="bbox 426 5812 1976 5881; baseline 0.003 -18"><span class='ocrx_word' id='word_1_851' title='bbox 426 5814 662 5863; x_wconf 83' lang='lat' dir='ltr'><strong>Cttttdltlll</strong></span> <span class='ocrx_word' id='word_1_852' title='bbox 707 5813 962 5865; x_wconf 87' lang='lat' dir='ltr'><strong>animam.</strong></span> <span class='ocrx_word' id='word_1_853' title='bbox 991 5812 1131 5881; x_wconf 87' lang='lat' dir='ltr'><strong>Ergo</strong></span> <span class='ocrx_word' id='word_1_854' title='bbox 1168 5814 1381 5880; x_wconf 82' lang='lat' dir='ltr'><strong>speciali</strong></span> <span class='ocrx_word' id='word_1_855' title='bbox 1426 5814 1586 5866; x_wconf 89' lang='lat' dir='ltr'><strong>tuodo</strong></span> <span class='ocrx_word' id='word_1_856' title='bbox 1613 5812 1799 5867; x_wconf 84' lang='lat' dir='ltr'><strong>debuit</strong></span> <span class='ocrx_word' id='word_1_857' title='bbox 1842 5830 1976 5881; x_wconf 65' lang='lat' dir='ltr'><strong>pra:-</strong></span> 
     </span>
    </p>
   </div>
   <div class='ocr_carea' id='block_1_123' title="bbox 430 5881 1973 5955">
    <p class='ocr_par' dir='ltr' id='par_1_123' title="bbox 430 5881 1973 5955">
     <span class='ocr_line' id='line_1_123' title="bbox 430 5881 1973 5955; baseline 0.002 -21"><span class='ocrx_word' id='word_1_858' title='bbox 430 5881 625 5950; x_wconf 81' lang='lat' dir='ltr'><strong>parati.</strong></span> <span class='ocrx_word' id='word_1_859' title='bbox 658 5881 776 5948; x_wconf 83' lang='lat' dir='ltr'><strong>Quo</strong></span> <span class='ocrx_word' id='word_1_860' title='bbox 809 5892 989 5937; x_wconf 85' lang='lat' dir='ltr'><strong>autem</strong></span> <span class='ocrx_word' id='word_1_861' title='bbox 1014 5884 1407 5953; x_wconf 84' lang='lat' dir='ltr'><strong>spccialimodu</strong></span> <span class='ocrx_word' id='word_1_862' title='bbox 1432 5894 1729 5955; x_wconf 63' lang='lat' dir='ltr'><strong>praeparata</strong></span> <span class='ocrx_word' id='word_1_863' title='bbox 1761 5885 1973 5951; x_wconf 81' lang='lat' dir='ltr'><strong>luisset,</strong></span> 
     </span>
    </p>
   </div>
   <div class='ocr_carea' id='block_1_124' title="bbox 2091 4690 3654 4759">
    <p class='ocr_par' dir='ltr' id='par_1_124' title="bbox 2091 4690 3654 4759">
     <span class='ocr_line' id='line_1_124' title="bbox 2091 4690 3654 4759; baseline -0.007 -12"><span class='ocrx_word' id='word_1_864' title='bbox 2091 4693 2311 4749; x_wconf 90' lang='lat' dir='ltr'><strong>disertis</strong></span> <span class='ocrx_word' id='word_1_865' title='bbox 2354 4694 2531 4747; x_wconf 84' lang='lat' dir='ltr'><strong>verbis</strong></span> <span class='ocrx_word' id='word_1_866' title='bbox 2577 4692 2861 4746; x_wconf 87' lang='lat' dir='ltr'><strong>affirmavit</strong></span> <span class='ocrx_word' id='word_1_867' title='bbox 2894 4691 2957 4746; x_wconf 85' lang='lat' dir='ltr'><strong>L.</strong></span> <span class='ocrx_word' id='word_1_868' title='bbox 2996 4690 3300 4745; x_wconf 86' lang='lat' dir='ltr'><strong>Germanus</strong></span> <span class='ocrx_word' id='word_1_869' title='bbox 3346 4691 3654 4759; x_wconf 73' lang='lat' dir='ltr'><strong>patriarcha</strong></span> 
     </span>
    </p>
   </div>
   <div class='ocr_carea' id='block_1_125' title="bbox 2090 4758 3659 4834">
    <p class='ocr_par' dir='ltr' id='par_1_125' title="bbox 2090 4758 3659 4834">
     <span class='ocr_line' id='line_1_125' title="bbox 2090 4758 3659 4834; baseline -0.004 -18"><span class='ocrx_word' id='word_1_870' title='bbox 2090 4764 2732 4834; x_wconf 86' lang='lat' dir='ltr'><strong>Constantinopolitanus</strong></span> <span class='ocrx_word' id='word_1_871' title='bbox 2772 4766 2823 4816; x_wconf 91' lang='lat' dir='ltr'><strong>in</strong></span> <span class='ocrx_word' id='word_1_872' title='bbox 2852 4762 3076 4834; x_wconf 60' lang='lat' dir='ltr'><strong>Menaeis</strong></span> <span class='ocrx_word' id='word_1_873' title='bbox 3120 4758 3444 4834; x_wconf 67' lang='lat' dir='ltr'><strong>Graecorum</strong></span> <span class='ocrx_word' id='word_1_874' title='bbox 3504 4758 3659 4834; x_wconf 82' lang='lat' dir='ltr'><strong>die__9</strong></span> 
     </span>
    </p>
   </div>
   <div class='ocr_carea' id='block_1_126' title="bbox 2089 4830 3655 4902">
    <p class='ocr_par' dir='ltr' id='par_1_126' title="bbox 2089 4830 3655 4902">
     <span class='ocr_line' id='line_1_126' title="bbox 2089 4830 3655 4902; baseline -0.005 -14"><span class='ocrx_word' id='word_1_875' title='bbox 2089 4835 2403 4890; x_wconf 89' lang='lat' dir='ltr'><strong>Decembris</strong></span> <span class='ocrx_word' id='word_1_876' title='bbox 2452 4830 2505 4889; x_wconf 72' lang='lat' dir='ltr'><strong>et</strong></span> <span class='ocrx_word' id='word_1_877' title='bbox 2562 4836 2616 4889; x_wconf 91' lang='lat' dir='ltr'><strong>iu</strong></span> <span class='ocrx_word' id='word_1_878' title='bbox 2672 4848 2773 4888; x_wconf 89' lang='lat' dir='ltr'><strong>suo</strong></span> <span class='ocrx_word' id='word_1_879' title='bbox 2836 4832 3057 4886; x_wconf 82' lang='lat' dir='ltr'><strong>Mariafi</strong></span> <span class='ocrx_word' id='word_1_880' title='bbox 3112 4833 3303 4902; x_wconf 82' lang='lat' dir='ltr'><strong>fragm.</strong></span> <span class='ocrx_word' id='word_1_881' title='bbox 3338 4830 3392 4895; x_wconf 91' lang='lat'><strong>9,</strong></span> <span class='ocrx_word' id='word_1_882' title='bbox 3417 4830 3543 4884; x_wconf 87' lang='lat' dir='ltr'><strong>dum</strong></span> <span class='ocrx_word' id='word_1_883' title='bbox 3570 4830 3655 4902; x_wconf 80' lang='lat' dir='ltr'><strong>di-</strong></span> 
     </span>
    </p>
   </div>
   <div class='ocr_carea' id='block_1_127' title="bbox 2089 4899 3657 4961">
    <p class='ocr_par' dir='ltr' id='par_1_127' title="bbox 2089 4899 3657 4961">
     <span class='ocr_line' id='line_1_127' title="bbox 2089 4899 3657 4961; baseline -0.005 -3"><span class='ocrx_word' id='word_1_884' title='bbox 2089 4907 2215 4961; x_wconf 82' lang='lat' dir='ltr'><strong>xit:</strong></span> <span class='ocrx_word' id='word_1_885' title='bbox 2274 4924 2293 4956; x_wconf 71' lang='grc' dir='ltr'>ί</span> <span class='ocrx_word' id='word_1_886' title='bbox 2332 4905 2504 4959; x_wconf 82' lang='lat' dir='ltr'><strong>Hodie</strong></span> <span class='ocrx_word' id='word_1_887' title='bbox 2562 4906 2614 4957; x_wconf 92' lang='lat' dir='ltr'><strong>in</strong></span> <span class='ocrx_word' id='word_1_888' title='bbox 2664 4904 2963 4957; x_wconf 72' lang='lat' dir='ltr'><strong>visceribus</strong></span> <span class='ocrx_word' id='word_1_889' title='bbox 3012 4899 3218 4956; x_wconf 58' lang='lat' dir='ltr'><strong>Casttc&#39;</strong></span> <span class='ocrx_word' id='word_1_890' title='bbox 3251 4902 3419 4955; x_wconf 66' lang='lat' dir='ltr'><strong>Anum</strong></span> <span class='ocrx_word' id='word_1_891' title='bbox 3470 4899 3657 4953; x_wconf 85' lang='lat' dir='ltr'><strong>conci-</strong></span> 
     </span>
    </p>
   </div>
   <div class='ocr_carea' id='block_1_128' title="bbox 2089 4970 3656 5044">
    <p class='ocr_par' dir='ltr' id='par_1_128' title="bbox 2089 4970 3656 5044">
     <span class='ocr_line' id='line_1_128' title="bbox 2089 4970 3656 5044; baseline -0.006 -16"><span class='ocrx_word' id='word_1_892' title='bbox 2089 4978 2233 5044; x_wconf 89' lang='lat' dir='ltr'><strong>pitur</strong></span> <span class='ocrx_word' id='word_1_893' title='bbox 2290 4974 2456 5028; x_wconf 80' lang='lat' dir='ltr'><strong>Maria</strong></span> <span class='ocrx_word' id='word_1_894' title='bbox 2528 4973 2619 5028; x_wconf 87' lang='lat' dir='ltr'><strong>Dei</strong></span> <span class='ocrx_word' id='word_1_895' title='bbox 2652 4973 2821 5035; x_wconf 85' lang='lat' dir='ltr'><strong>Filia,</strong></span> <span class='ocrx_word' id='word_1_896' title='bbox 2864 4972 3250 5044; x_wconf 69' lang='lat' dir='ltr'><strong>prmparatain</strong></span> <span class='ocrx_word' id='word_1_897' title='bbox 3288 4970 3656 5044; x_wconf 76' lang='lat' dir='ltr'><strong>habitaculum</strong></span> 
     </span>
    </p>
   </div>
   <div class='ocr_carea' id='block_1_129' title="bbox 2090 5037 3654 5115">
    <p class='ocr_par' dir='ltr' id='par_1_129' title="bbox 2090 5037 3654 5115">
     <span class='ocr_line' id='line_1_129' title="bbox 2090 5037 3654 5115; baseline -0.006 -16"><span class='ocrx_word' id='word_1_898' title='bbox 2090 5037 2410 5099; x_wconf 76' lang='lat' dir='ltr'><strong>universalis</strong></span> <span class='ocrx_word' id='word_1_899' title='bbox 2446 5044 2608 5115; x_wconf 81' lang='lat' dir='ltr'><strong>Regis</strong></span> <span class='ocrx_word' id='word_1_900' title='bbox 2639 5037 2988 5115; x_wconf 64' lang='lat' dir='ltr'><strong>saeculorum.</strong></span> <span class='ocrx_word' id='word_1_901' title='bbox 3032 5060 3050 5093; x_wconf 74' lang='grc' dir='ltr'><strong><em>ι</em></strong></span> <span class='ocrx_word' id='word_1_902' title='bbox 3089 5041 3225 5105; x_wconf 78' lang='lat' dir='ltr'><strong>Quid</strong></span> <span class='ocrx_word' id='word_1_903' title='bbox 3257 5043 3401 5094; x_wconf 88' lang='lat' dir='ltr'><strong>enim</strong></span> <span class='ocrx_word' id='word_1_904' title='bbox 3429 5050 3512 5092; x_wconf 92' lang='lat' dir='ltr'><strong>est</strong></span> <span class='ocrx_word' id='word_1_905' title='bbox 3537 5037 3654 5115; x_wconf 34' lang='lat' dir='ltr'><strong>Illa-</strong></span> 
     </span>
    </p>
   </div>
   <div class='ocr_carea' id='block_1_130' title="bbox 2090 5107 3657 5178">
    <p class='ocr_par' dir='ltr' id='par_1_130' title="bbox 2090 5107 3657 5178">
     <span class='ocr_line' id='line_1_130' title="bbox 2090 5107 3657 5178; baseline -0.008 -9"><span class='ocrx_word' id='word_1_906' title='bbox 2090 5117 2223 5169; x_wconf 90' lang='lat' dir='ltr'><strong>riam</strong></span> <span class='ocrx_word' id='word_1_907' title='bbox 2286 5116 2338 5169; x_wconf 92' lang='lat' dir='ltr'><strong>iu</strong></span> <span class='ocrx_word' id='word_1_908' title='bbox 2389 5107 2688 5168; x_wconf 81' lang='lat' dir='ltr'><strong>visceribus</strong></span> <span class='ocrx_word' id='word_1_909' title='bbox 2730 5115 2788 5167; x_wconf 89' lang='lat' dir='ltr'><strong>S.</strong></span> <span class='ocrx_word' id='word_1_910' title='bbox 2820 5113 2989 5165; x_wconf 67' lang='lat' dir='ltr'><strong>Annae</strong></span> <span class='ocrx_word' id='word_1_911' title='bbox 3032 5121 3348 5178; x_wconf 75' lang='lat' dir='ltr'><strong>conceptam</strong></span> <span class='ocrx_word' id='word_1_912' title='bbox 3398 5125 3520 5163; x_wconf 85' lang='lat' dir='ltr'><strong>esse</strong></span> <span class='ocrx_word' id='word_1_913' title='bbox 3564 5107 3657 5158; x_wconf 78' lang='lat' dir='ltr'><strong>Dei</strong></span> 
     </span>
    </p>
   </div>
   <div class='ocr_carea' id='block_1_131' title="bbox 2087 5181 3660 5259">
    <p class='ocr_par' dir='ltr' id='par_1_131' title="bbox 2087 5181 3660 5259">
     <span class='ocr_line' id='line_1_131' title="bbox 2087 5181 3660 5259; baseline -0.008 -20"><span class='ocrx_word' id='word_1_914' title='bbox 2087 5186 2277 5251; x_wconf 86' lang='lat' dir='ltr'><strong>filiam,</strong></span> <span class='ocrx_word' id='word_1_915' title='bbox 2315 5186 2415 5239; x_wconf 91' lang='lat' dir='ltr'><strong>nisi</strong></span> <span class='ocrx_word' id='word_1_916' title='bbox 2455 5194 2772 5259; x_wconf 86' lang='lat' dir='ltr'><strong>conceptam</strong></span> <span class='ocrx_word' id='word_1_917' title='bbox 2804 5199 2927 5237; x_wconf 88' lang='lat' dir='ltr'><strong>esse</strong></span> <span class='ocrx_word' id='word_1_918' title='bbox 2976 5182 3028 5235; x_wconf 92' lang='lat' dir='ltr'><strong>in</strong></span> <span class='ocrx_word' id='word_1_919' title='bbox 3075 5181 3269 5259; x_wconf 79' lang='lat' dir='ltr'><strong>gratia,</strong></span> <span class='ocrx_word' id='word_1_920' title='bbox 3303 5190 3487 5259; x_wconf 28' lang='lat' dir='ltr'><strong>et‘per</strong></span> <span class='ocrx_word' id='word_1_921' title='bbox 3526 5193 3660 5257; x_wconf 77' lang='lat' dir='ltr'><strong>con-</strong></span> 
     </span>
    </p>
   </div>
   <div class='ocr_carea' id='block_1_132' title="bbox 2086 5252 3655 5325">
    <p class='ocr_par' dir='ltr' id='par_1_132' title="bbox 2086 5252 3655 5325">
     <span class='ocr_line' id='line_1_132' title="bbox 2086 5252 3655 5325; baseline -0.006 -17"><span class='ocrx_word' id='word_1_922' title='bbox 2086 5271 2342 5325; x_wconf 83' lang='lat' dir='ltr'><strong>sequens,</strong></span> <span class='ocrx_word' id='word_1_923' title='bbox 2371 5252 2687 5321; x_wconf 79' lang='lat' dir='ltr'><strong>conceptam</strong></span> <span class='ocrx_word' id='word_1_924' title='bbox 2718 5254 2835 5308; x_wconf 89' lang='lat' dir='ltr'><strong>sine</strong></span> <span class='ocrx_word' id='word_1_925' title='bbox 2868 5261 3086 5325; x_wconf 79' lang='lat' dir='ltr'><strong>peccato</strong></span> <span class='ocrx_word' id='word_1_926' title='bbox 3114 5252 3402 5325; x_wconf 66' lang='lat' dir='ltr'><strong>Originali‘t</strong></span> <span class='ocrx_word' id='word_1_927' title='bbox 3437 5252 3479 5302; x_wconf 85' lang='lat' dir='ltr'><strong>si</strong></span> <span class='ocrx_word' id='word_1_928' title='bbox 3511 5252 3655 5301; x_wconf 86' lang='lat' dir='ltr'><strong>enim</strong></span> 
     </span>
    </p>
   </div>
   <div class='ocr_carea' id='block_1_133' title="bbox 2087 5320 3658 5393">
    <p class='ocr_par' dir='ltr' id='par_1_133' title="bbox 2087 5320 3658 5393">
     <span class='ocr_line' id='line_1_133' title="bbox 2087 5320 3658 5393; baseline -0.006 -15"><span class='ocrx_word' id='word_1_929' title='bbox 2087 5327 2141 5379; x_wconf 87' lang='lat' dir='ltr'><strong>in</strong></span> <span class='ocrx_word' id='word_1_930' title='bbox 2165 5320 2425 5393; x_wconf 66' lang='lat' dir='ltr'><strong>originali</strong></span> <span class='ocrx_word' id='word_1_931' title='bbox 2455 5320 2677 5393; x_wconf 82' lang='lat' dir='ltr'><strong>peccato</strong></span> <span class='ocrx_word' id='word_1_932' title='bbox 2709 5320 2981 5393; x_wconf 15' lang='lat' dir='ltr'><strong>concepta,</strong></span> <span class='ocrx_word' id='word_1_933' title='bbox 3009 5323 3225 5393; x_wconf 74' lang='lat' dir='ltr'><strong>fuiss-t,</strong></span> <span class='ocrx_word' id='word_1_934' title='bbox 3254 5337 3357 5393; x_wconf 85' lang='lat' dir='ltr'><strong>non</strong></span> <span class='ocrx_word' id='word_1_935' title='bbox 3381 5320 3501 5393; x_wconf 74' lang='lat' dir='ltr'><strong>jam</strong></span> <span class='ocrx_word' id='word_1_936' title='bbox 3524 5332 3658 5393; x_wconf 83' lang='lat' dir='ltr'><strong>cou-</strong></span> 
     </span>
    </p>
   </div>
   <div class='ocr_carea' id='block_1_134' title="bbox 2084 5390 3657 5466">
    <p class='ocr_par' dir='ltr' id='par_1_134' title="bbox 2084 5390 3657 5466">
     <span class='ocr_line' id='line_1_134' title="bbox 2084 5390 3657 5466; baseline -0.008 -16"><span class='ocrx_word' id='word_1_937' title='bbox 2084 5406 2238 5465; x_wconf 81' lang='lat' dir='ltr'><strong>cepta</strong></span> <span class='ocrx_word' id='word_1_938' title='bbox 2264 5390 2363 5466; x_wconf 81' lang='lat' dir='ltr'><strong>Dei</strong></span> <span class='ocrx_word' id='word_1_939' title='bbox 2400 5390 2529 5466; x_wconf 81' lang='lat' dir='ltr'><strong>ﬁlia,</strong></span> <span class='ocrx_word' id='word_1_940' title='bbox 2562 5398 2655 5449; x_wconf 88' lang='lat' dir='ltr'><strong>sed</strong></span> <span class='ocrx_word' id='word_1_941' title='bbox 2680 5390 2937 5461; x_wconf 89' lang='lat' dir='ltr'><strong>concepta</strong></span> <span class='ocrx_word' id='word_1_942' title='bbox 2961 5392 3064 5466; x_wconf 78' lang='lat' dir='ltr'><strong>lilia</strong></span> <span class='ocrx_word' id='word_1_943' title='bbox 3100 5390 3399 5466; x_wconf 77' lang='lat' dir='ltr'><strong>diaboli,_et</strong></span> <span class='ocrx_word' id='word_1_944' title='bbox 3434 5390 3540 5466; x_wconf 67' lang='lat' dir='ltr'><strong>lilia</strong></span> <span class='ocrx_word' id='word_1_945' title='bbox 3564 5391 3657 5466; x_wconf 59' lang='lat' dir='ltr'><strong>ita;</strong></span> 
     </span>
    </p>
   </div>
   <div class='ocr_carea' id='block_1_135' title="bbox 2086 5458 3658 5535">
    <p class='ocr_par' dir='ltr' id='par_1_135' title="bbox 2086 5458 3658 5535">
     <span class='ocr_line' id='line_1_135' title="bbox 2086 5458 3658 5535; baseline -0.007 -17"><span class='ocrx_word' id='word_1_946' title='bbox 2086 5458 2252 5535; x_wconf 78' lang='lat' dir='ltr'><strong>(quod</strong></span> <span class='ocrx_word' id='word_1_947' title='bbox 2302 5465 2628 5520; x_wconf 62' lang='lat' dir='ltr'><strong>Christiana:</strong></span> <span class='ocrx_word' id='word_1_948' title='bbox 2676 5458 3059 5535; x_wconf 18' lang='lat' dir='ltr'><strong>auresiaudire</strong></span> <span class='ocrx_word' id='word_1_949' title='bbox 3101 5462 3346 5535; x_wconf 74' lang='lat' dir='ltr'><strong>horrent)</strong></span> <span class='ocrx_word' id='word_1_950' title='bbox 3379 5458 3658 5527; x_wconf 67' lang='lat' dir='ltr'><strong>praedicari</strong></span> 
     </span>
    </p>
   </div>
   <div class='ocr_carea' id='block_1_136' title="bbox 2082 5530 3656 5605">
    <p class='ocr_par' dir='ltr' id='par_1_136' title="bbox 2082 5530 3656 5605">
     <span class='ocr_line' id='line_1_136' title="bbox 2082 5530 3656 5605; baseline -0.007 -17"><span class='ocrx_word' id='word_1_951' title='bbox 2082 5530 2635 5605; x_wconf 63' lang='lat' dir='ltr'><strong>posset.l“iliaautcm</strong></span> <span class='ocrx_word' id='word_1_952' title='bbox 2674 5534 2767 5587; x_wconf 88' lang='lat' dir='ltr'><strong>Dei</strong></span> <span class='ocrx_word' id='word_1_953' title='bbox 2804 5534 2919 5587; x_wconf 89' lang='lat' dir='ltr'><strong>sine</strong></span> <span class='ocrx_word' id='word_1_954' title='bbox 2979 5530 3229 5605; x_wconf 80' lang='lat' dir='ltr'><strong>originali</strong></span> <span class='ocrx_word' id='word_1_955' title='bbox 3270 5541 3490 5605; x_wconf 83' lang='lat' dir='ltr'><strong>peccato</strong></span> <span class='ocrx_word' id='word_1_956' title='bbox 3518 5542 3656 5579; x_wconf 83' lang='lat' dir='ltr'><strong>con-</strong></span> 
     </span>
    </p>
   </div>
   <div class='ocr_carea' id='block_1_137' title="bbox 2081 5601 3659 5675">
    <p class='ocr_par' dir='ltr' id='par_1_137' title="bbox 2081 5601 3659 5675">
     <span class='ocr_line' id='line_1_137' title="bbox 2081 5601 3659 5675; baseline -0.008 -16"><span class='ocrx_word' id='word_1_957' title='bbox 2081 5601 2233 5675; x_wconf 78' lang='lat' dir='ltr'><strong>cepta</strong></span> <span class='ocrx_word' id='word_1_958' title='bbox 2266 5616 2369 5671; x_wconf 82' lang='lat' dir='ltr'><strong>est,</strong></span> <span class='ocrx_word' id='word_1_959' title='bbox 2394 5622 2497 5659; x_wconf 86' lang='lat' dir='ltr'><strong>non</strong></span> <span class='ocrx_word' id='word_1_960' title='bbox 2528 5606 2687 5659; x_wconf 87' lang='lat' dir='ltr'><strong>aliam</strong></span> <span class='ocrx_word' id='word_1_961' title='bbox 2719 5605 2786 5657; x_wconf 91' lang='lat' dir='ltr'><strong>ob</strong></span> <span class='ocrx_word' id='word_1_962' title='bbox 2814 5601 3179 5675; x_wconf 55' lang='lat' dir='ltr'><strong>causammisi</strong></span> <span class='ocrx_word' id='word_1_963' title='bbox 3205 5602 3329 5675; x_wconf 83' lang='lat' dir='ltr'><strong>quia</strong></span> <span class='ocrx_word' id='word_1_964' title='bbox 3361 5605 3659 5675; x_wconf 55' lang='lat' dir='ltr'><strong>praeparata</strong></span> 
     </span>
    </p>
   </div>
   <div class='ocr_carea' id='block_1_138' title="bbox 2082 5669 3662 5741">
    <p class='ocr_par' dir='ltr' id='par_1_138' title="bbox 2082 5669 3662 5741">
     <span class='ocr_line' id='line_1_138' title="bbox 2082 5669 3662 5741; baseline -0.007 -12"><span class='ocrx_word' id='word_1_965' title='bbox 2082 5669 2523 5730; x_wconf 55' lang='lat' dir='ltr'><strong>in&#39;habitaiiulnm</strong></span> <span class='ocrx_word' id='word_1_966' title='bbox 2566 5674 2886 5728; x_wconf 84' lang='lat' dir='ltr'><strong>universalis</strong></span> <span class='ocrx_word' id='word_1_967' title='bbox 2930 5671 3089 5741; x_wconf 74' lang='lat' dir='ltr'><strong>Degis</strong></span> <span class='ocrx_word' id='word_1_968' title='bbox 3120 5672 3463 5726; x_wconf 62' lang='lat' dir='ltr'><strong>seculorum.</strong></span> <span class='ocrx_word' id='word_1_969' title='bbox 3489 5669 3662 5741; x_wconf 66' lang='lat' dir='ltr'><strong>Opor-</strong></span> 
     </span>
    </p>
   </div>
   <div class='ocr_carea' id='block_1_139' title="bbox 2081 5737 3658 5814">
    <p class='ocr_par' dir='ltr' id='par_1_139' title="bbox 2081 5737 3658 5814">
     <span class='ocr_line' id='line_1_139' title="bbox 2081 5737 3658 5814; baseline -0.008 -14"><span class='ocrx_word' id='word_1_970' title='bbox 2081 5746 2182 5800; x_wconf 82' lang='lat' dir='ltr'><strong>tuit</strong></span> <span class='ocrx_word' id='word_1_971' title='bbox 2213 5749 2356 5800; x_wconf 88' lang='lat' dir='ltr'><strong>enim</strong></span> <span class='ocrx_word' id='word_1_972' title='bbox 2388 5763 2530 5809; x_wconf 89' lang='lat' dir='ltr'><strong>eam,</strong></span> <span class='ocrx_word' id='word_1_973' title='bbox 2553 5762 2673 5814; x_wconf 69' lang='lat' dir='ltr'><strong>qua:</strong></span> <span class='ocrx_word' id='word_1_974' title='bbox 2716 5744 2805 5798; x_wconf 90' lang='lat' dir='ltr'><strong>Dei</strong></span> <span class='ocrx_word' id='word_1_975' title='bbox 2834 5737 3125 5814; x_wconf 71' lang='lat' dir='ltr'><strong>singulare</strong></span> <span class='ocrx_word' id='word_1_976' title='bbox 3169 5741 3531 5814; x_wconf 84' lang='lat' dir='ltr'><strong>habitaculum</strong></span> <span class='ocrx_word' id='word_1_977' title='bbox 3555 5737 3658 5814; x_wconf 82' lang='lat' dir='ltr'><strong>_fu_-</strong></span> 
     </span>
    </p>
   </div>
   <div class='ocr_carea' id='block_1_140' title="bbox 2082 5806 3659 5889">
    <p class='ocr_par' dir='ltr' id='par_1_140' title="bbox 2082 5806 3659 5889">
     <span class='ocr_line' id='line_1_140' title="bbox 2082 5806 3659 5889; baseline -0.007 -21"><span class='ocrx_word' id='word_1_978' title='bbox 2082 5826 2199 5869; x_wconf 88' lang='lat' dir='ltr'><strong>tura</strong></span> <span class='ocrx_word' id='word_1_979' title='bbox 2246 5826 2399 5877; x_wconf 85' lang='lat' dir='ltr'><strong>erat,</strong></span> <span class='ocrx_word' id='word_1_980' title='bbox 2453 5806 2587 5871; x_wconf 62' lang='lat' dir='ltr'><strong>esse</strong></span> <span class='ocrx_word' id='word_1_981' title='bbox 2642 5806 3220 5889; x_wconf 76' lang='lat' dir='ltr'><strong>incontaminatissima</strong></span> <span class='ocrx_word' id='word_1_982' title='bbox 3268 5812 3500 5889; x_wconf 71' lang='lat' dir='ltr'><strong>puritate</strong></span> <span class='ocrx_word' id='word_1_983' title='bbox 3551 5806 3659 5859; x_wconf 71' lang='lat' dir='ltr'><strong>fui-</strong></span> 
     </span>
    </p>
   </div>
   <div class='ocr_carea' id='block_1_141' title="bbox 2077 5881 3662 5959">
    <p class='ocr_par' dir='ltr' id='par_1_141' title="bbox 2077 5881 3662 5959">
     <span class='ocr_line' id='line_1_141' title="bbox 2077 5881 3662 5959; baseline -0.006 -18"><span class='ocrx_word' id='word_1_984' title='bbox 2077 5898 2313 5957; x_wconf 80' lang='lat' dir='ltr'><strong>gcntcm,</strong></span> <span class='ocrx_word' id='word_1_985' title='bbox 2348 5896 2511 5959; x_wconf 83' lang='lat' dir='ltr'><strong>atque</strong></span> <span class='ocrx_word' id='word_1_986' title='bbox 2544 5886 2610 5943; x_wconf 90' lang='lat' dir='ltr'><strong>ab</strong></span> <span class='ocrx_word' id='word_1_987' title='bbox 2634 5884 2782 5942; x_wconf 86' lang='lat' dir='ltr'><strong>omni</strong></span> <span class='ocrx_word' id='word_1_988' title='bbox 2818 5884 3041 5941; x_wconf 85' lang='lat' dir='ltr'><strong>omnino</strong></span> <span class='ocrx_word' id='word_1_989' title='bbox 3074 5884 3193 5939; x_wconf 84' lang='lat' dir='ltr'><strong>labe</strong></span> <span class='ocrx_word' id='word_1_990' title='bbox 3244 5881 3662 5938; x_wconf 73' lang='lat' dir='ltr'><strong>alienissimam.</strong></span> 
     </span>
    </p>
   </div>
  </div>
