4038 6658
384 410 406 473 1
426 412 517 475 {07

1514 412 1573 471 S.
1616 407 1929 470 JOSEPHI
1972 408 2535 469 HYMNOGRAPHI

3494 404 3634 467 1403

386 520 566 590 Virgo,
592 520 725 591 legis
756 520 980 574 umbras
1010 518 1391 588 dissipantem,
1419 522 1473 570 et
1501 516 1687 585 gratia:
1715 515 1950 585 fulgores
1978 526 2027 585 Α
2052 530 2110 567 es
2142 514 2275 583 (69),
2315 512 2662 567 immaculata
2697 509 3128 580 inculpatissima
3175 507 3341 563 Maria
3381 510 3630 579 Deipara.

377 610 765 664 atrundentem.
805 607 985 675 Quare
1031 622 1118 660 me
1160 606 1276 675 lege
1306 606 1536 674 peccati,
1562 618 1593 657 ο
1624 600 1811 670 Virgo,
1843 614 1950 668 qua

378 716 524 755 nunc
552 700 869 768 gravissime
894 694 1452 767 evagitorfsolutum,
1486 693 1723 749 concede
1757 707 1953 746 vacare

380 797 610 849 liberum
642 794 912 847 laudando
939 791 1216 845 liberatori
1250 804 1370 843 meo
1401 787 1651 841 Domino.

464 886 569 942 Vas
602 888 737 942 lucis
769 886 1128 941 illuininantis
1154 892 1328 938 totum
1356 880 1553 936 Orbem
1593 878 1709 934 sola
1734 886 1957 933 ostensa

664 1042 748 1097 Ea:
776 1058 971 1097 canone
992 1040 1285 1095 Dominica:
1314 1037 1666 1092 Pentecostea.

453 1240 611 1295 Salve
655 1238 881 1309 Regina,
910 1238 1277 1294 maternitatis
1304 1245 1358 1292 et
1381 1232 1711 1303 virginitatis
1755 1228 1953 1299 gloria,

378 1330 585 1384 nullum
623 1330 821 1399 quippe
849 1345 933 1392 os,
965 1330 1091 1383 licet
1116 1328 1544 1383 disertissimum
1580 1339 1644 1378 ac
1678 1319 1957 1375 facundis-

380 1422 580 1476 simum
609 1422 663 1476 in
686 1422 934 1488 dicendo,
967 1423 1106 1475 valet
1141 1431 1190 1475 te
1226 1435 1323 1491 pro
1358 1418 1625 1488 dignitate
1659 1414 1953 1469 celebrare.

381 1514 559 1569 lberet
610 1524 812 1581 autem,
859 1526 913 1569 et
974 1514 1377 1585 quodammodo
1432 1510 1695 1580 vertigine
1747 1505 1959 1560 laborat

384 1608 563 1661 omnis
614 1624 767 1662 mens
824 1607 876 1661 in
931 1617 1121 1677 partus
1157 1608 1233 1662 tui
1260 1606 1720 1666 consideratione,
1752 1613 1948 1670 quam-

382 1699 569 1753 obrem
598 1707 650 1752 te
678 1715 801 1754 cum
824 1699 1018 1754 affectu
1047 1700 1340 1771 gloriosam
1376 1698 1755 1769 praedicamus.

2052 603 2252 668 Quare,
2281 618 2378 657 oro
2424 611 2495 667 te,
2527 602 2770 656 illumina
2813 603 3223 655 ohtenehratam
3267 603 3389 655 vitae
3421 604 3633 657 deliciis

2054 695 2307 748 miseram
2336 696 2570 748 animam
2609 708 2808 759 meam,
2836 709 2967 765 quo,
2988 696 3130 749 sicut
3159 695 3213 748 in
3244 697 3352 760 die,
3393 710 3487 763 per
3515 697 3635 751 vias

2055 786 2150 841 Dei
2178 787 2476 841 ambulem.

2074 1025 2171 1085 Ἐκ
2200 1027 2306 1083 τοῦ
2325 1029 2594 1095 Κανόνος
2614 1027 2723 1097 τῆς
2744 1028 3047 1109 Κυριμκῆς
3073 1028 3178 1097 τῆς
3211 1029 3385 1099 ἁγίας
3410 1032 3637 1099 [Imu-

2714 1116 2861 1153 κοστ
2872 1118 2961 1168 ης.

2125 1228 2650 1299 Χαίροις,”Λνασσα,
2699 1229 3166 1300 μητροπαρθένων
3221 1228 3375 1294 κλέος
3410 1247 3424 1261 θ
3485 1232 3637 1284 ἅπαν

2056 1322 2163 1391 γὰρ
2198 1321 2489 1376 εὑδύνατον
2516 1321 2737 1376 εὕλαλον
2767 1324 2942 1391 στόμα
2974 1322 3311 1393 ῥητορεύειν,
3353 1324 3412 1374 οὐ
3458 1323 3640 1376 σθένει

2065 1431 2122 1465 σε
2169 1415 2393 1484 μέλπειν
2420 1416 2583 1480 ἀξίως
2606 1432 2618 1445 ·
2655 1416 2859 1486 ἰλιγγιᾷ
2891 1416 2947 1468 δὲ
2978 1414 3101 1477 νοῦς
3130 1414 3276 1478 ἅπας
3310 1414 3404 1469 σοῦ
3426 1416 3517 1469 τὸν
3547 1417 3641 1469 τό-

2064 1524 2159 1561 κον
2188 1510 2327 1562 νοεῖν
2359 1524 2372 1539 ⁸
2404 1508 2525 1561 ὅθεν
2556 1524 2615 1562 σε
2638 1506 2945 1579 συμφώνως
2966 1508 3285 1578 δοξάζομεν.

1346 1836 1506 1908 343
1539 1834 1618 1888 Ea;
1646 1849 1844 1887 canone
1868 1829 2013 1902 feria!
2044 1839 2093 1887 ι’,
2128 1832 2243 1893 post
2274 1821 2424 1875 Dom.
2450 1820 2639 1875 Pentec

455 1946 531 2002 Ex
566 1947 767 2018 Spiritu
801 1959 1011 2016 sancto,
1036 1960 1204 2014 (πέλεια,
1239 1950 1537 2020 concepisti
1563 1965 1688 2004 eum
1713 1949 1805 2019 qui
1835 1957 1961 2003 ante
1992 1925 2037 1983 Β
2065 1946 2117 1991 et
2145 1937 2427 1991 nobiscum
2459 1944 2820 1991 COIIVCI‘SMIIS
2862 1952 3008 1990 nunc
3058 1936 3429 1992 ιιιοιιίἷρειογίι
3463 1933 3648 1989 Τιίιιὶ-

385 2046 596 2107 tempus
646 2041 1272 2110 resplenduit,‘Verhum
1311 2057 1377 2096 ex
1421 2041 1574 2096 Patre
1610 2041 1873 2109 ingenito,
1906 2048 1961 2093 et

387 2133 531 2187 hunc
564 2149 658 2203 per
680 2150 947 2190 summam
981 2137 1277 2191 bonitatem
1307 2135 1649 2191 incarnatum
1675 2136 1954 2205 peperisti,

388 2224 478 2279 Dei
505 2229 741 2301 genitrix
766 2228 936 2284 Mater
974 2228 1153 2300 Virgo.

626 2380 712 2435 Ea:
740 2398 936 2437 canone
965 2382 1022 2437 in
1055 2382 1344 2439 Parasceve
1361 2393 1478 2453 post
1507 2382 1718 2439 Pentec.

462 2534 699 2591 Montem
732 2540 1151 2605 incidissimum,
1185 2551 1424 2596 montem
1454 2540 1956 2605 umbrosissimum,

391 2640 631 2684 montem
675 2632 951 2701 pinguem,
983 2644 1037 2688 et
1093 2636 1428 2690 incaseatum
1477 2635 1667 2689 dilexit
1717 2636 1879 2700 Deus,
1912 2644 1962 2689 te

392 2720 618 2788 scilicet,
651 2742 682 2775 o
714 2723 877 2795 Virgo
902 2734 1088 2781 sancta
1116 2743 1132 2793 ;
1163 2728 1343 2783 salvos
1377 2728 1463 2782 fac
1496 2744 1681 2783 servos
1712 2737 1855 2784 tuos.

461 2833 771 2888 Architecta
833 2837 1019 2890 mundi
1074 2838 1257 2893 divina
1320 2836 1621 2908 Sapientia,
1681 2856 1744 2894 ex
1801 2852 1871 2905 te,
1929 2855 1961 2893 ο

394 2924 594 2996 puclla,
632 2927 890 2997 templum
942 2927 1180 2999 Spiritus
1230 2939 1455 2988 sanctus
1510 2932 1814 2997 ardilicavit,
1850 2935 1962 2989 sal-

394 3031 521 3072 vare
549 3019 736 3075 volens
762 3035 827 3074 ex
860 3021 979 3075 ﬁdei
1013 3023 1331 3093 praescripto
1367 3025 1630 3079 viventes.

469 3132 702 3202 Spirtttts
733 3135 906 3189 sancti
944 3136 1215 3192 thalamus
1252 3136 1391 3193 facta
1421 3154 1502 3203 es,
1542 3156 1573 3192 ο
1610 3139 1863 3209 Deipara,
1895 3155 1961 3194 ex

396 3239 505 3293 quo
533 3226 718 3280 mundi
752 3226 942 3296 Opifex
975 3226 1210 3283 Verbum
1252 3228 1429 3285 Patris
1473 3234 1742 3302 processit
1776 3235 1958 3299 hoino,

2066 2033 2190 2087 tatis
2216 2032 2608 2101 cognitionem.

2371 2123 2454 2178 Ea:
2487 2140 2685 2177 canone
2716 2122 2939 2176 Salrbati
2965 2132 3083 2191 post
3118 2120 3331 2176 Pentec.

2136 2217 2369 2288 Spiritus
2399 2226 2623 2271 sanctus
2655 2216 2706 2268 iti
2754 2224 2804 2269 te
2830 2231 3024 2284 purum
3072 2215 3407 2283 virginitatis
3459 2228 3647 2269 sacra-

2064 2312 2205 2367 rium
2264 2310 2619 2375 descendens,
2656 2308 2833 2363 cﬂ‘acit
2883 2307 3249 2377 splendidum,
3304 2319 3357 2361 et
3415 2307 3649 2361 sanctis-

2063 2406 2262 2459 simum
2295 2402 2706 2457 tabernaculum
2739 2401 2859 2454 Filii
2893 2400 3115 2464 excelsi,
3151 2400 3486 2455 beatissima.

2133 2494 2527 2550 lnearnationis
2576 2492 2737 2547 Verbi
2786 2508 3051 2562 organum
3105 2492 3373 2554 divinum.
3414 2507 3449 2546 ο
3480 2506 3649 2545 vene-

2062 2587 2254 2645 randa.
2287 2583 2523 2654 Spiritus
2577 2593 2800 2639 sanctus
2857 2599 2982 2638 cum
3028 2583 3381 2638 obumbravit
3438 2582 3556 2645 tibi,
3594 2591 3647 2635 te

2063 2692 2247 2731 arcam
2307 2676 2568 2738 divinam,
2611 2676 2880 2728 illustrem
2932 2673 3133 2738 cﬂ‘ecit,
3168 2684 3223 2728 et
3270 2674 3649 2737 adornavit,o

2064 2768 2231 2838 Virgo
2254 2767 2562 2831 benedicta,
2584 2782 2703 2836 qua:
2738 2764 2904 2821 Deum
2931 2766 2985 2821 in
3016 2781 3184 2821 carne
3216 2765 3498 2837 peperisti.

2135 2861 2416 2917 Terrestre
2460 2861 2734 2930 quoddam
2780 2861 2983 2915 caelum
3030 2860 3366 2928 apparuisti,
3418 2867 3605 2912 sancta
3632 2898 3647 2921 ,

2065 2957 2284 3011 cmleste
2309 2953 2543 3008 Verbum
2583 2965 2773 3009 ventre
2821 2953 3157 3024 concipiens,
3211 2953 3357 3024 quod
3394 2952 3449 3006 in
3502 2961 3649 3007 terra

2064 3057 2449 3103 conversatum
2484 3054 2589 3102 est.

2138 3138 2305 3193 Deum
2358 3139 2695 3201 hominibus,
2729 3135 2917 3208 Virgo,
2949 3137 3255 3192 conciliasti
3303 3136 3651 3199 mirabiliter,

2066 3232 2203 3287 inter
2225 3231 2387 3303 3M
2406 3231 2563 3295 Eum,
2591 3242 2642 3286 ct
2667 3246 2767 3286 nos
2800 3231 3084 3285 mediatrix
3113 3231 3484 3287 interveniens
3508 3230 3647 3302 (70).

473 3402 586 3477 (69)
620 3405 693 3458 De
715 3403 819 3460 hoc
839 3420 969 3460 vase
997 3406 1226 3475 loquens
1244 3408 1447 3463 Bustus
1479 3408 1531 3461 in
1559 3405 1777 3462 Mariali
1800 3423 1965 3463 serm.
1994 3410 2038 3472 C
2074 3408 2306 3471 macula,
2340 3424 2444 3477 qua
2477 3416 2588 3463 erat
2618 3409 2910 3470 discordia,
2940 3424 3045 3477 qua
3078 3422 3107 3462 e
3133 3417 3354 3475 peccato
3399 3406 3656 3475 originali

400 3475 455 3537 8,
494 3476 561 3529 de
589 3483 837 3544 concept.
894 3486 1044 3542 parte
1088 3494 1124 3536 ι,
1170 3478 1243 3530 ait
1274 3495 1338 3531 ex
1377 3480 1433 3531 S.
1478 3480 1752 3531 Antonino
1787 3480 1967 3532 archi—

398 3546 657 3614 episcopo
689 3544 1002 3598 Florentino
1031 3564 1043 3599 :
1078 3565 1095 3597 ι
1132 3545 1401 3602 Ordinans
1427 3564 1520 3602 vas
1548 3549 1613 3601 ad
1642 3550 1967 3603 sacriﬁcium

401 3616 609 3677 altaris,
645 3624 933 3669 conservat
982 3616 1157 3684 ipsum
1192 3633 1221 3671 a
1271 3619 1524 3679 maculis,
1564 3621 1666 3672 hoc
1712 3622 1855 3671 enim
1890 3629 1974 3674 est

402 3686 557 3738 valde
590 3686 805 3738 decens.
846 3703 862 3733 ι
898 3684 1020 3739 llam
1056 3687 1166 3747 ille,
1196 3688 1402 3741 scilicet
1432 3688 1760 3741 Antoninus.
1800 3706 1817 3738 ι
1870 3688 1972 3741 Sed

406 3754 573 3827 Virgo
609 3754 773 3807 Maria
806 3756 1010 3823 (subdit
1037 3756 1259 3823 Bustus)
1291 3758 1389 3811 fuit
1421 3773 1513 3813 vas
1551 3758 1794 3811 Deitatis.
1830 3758 1973 3827 Ergo

406 3826 597 3897 decuit
621 3834 1132 3897 ut_pr;eservaretur
1165 3828 1327 3881 etiam
1353 3844 1381 3882 a
1412 3828 1621 3881 macula
1648 3826 1925 3897 originali.
1953 3848 1969 3881 ι

406 3895 542 3949 Vide
580 3896 637 3950 S.
670 3895 997 3965 Cyprianum
1041 3897 1091 3950 in
1133 3897 1281 3952 Orat.
1316 3899 1382 3953 de
1411 3897 1703 3952 Nativitate
1738 3895 1969 3963 Domini,

408 3967 496 4019 tibi
533 3964 809 4035 appellans
839 3965 897 4019 Β.
932 3964 1207 4037 Virginem
1236 3986 1324 4021 vas
1357 3969 1624 4023 electionis
1648 3979 1839 4023 natura
1872 3985 1973 4023 no-

406 4037 615 4108 biscum
665 4038 1101 4103 commUnicans,
1134 4055 1239 4093 non
1276 4042 1432 4108 culpa
1487 4058 1499 4093 :
1543 4058 1560 4090 ι
1599 4037 1708 4094 Nec
1740 4042 1975 4094 sustine-

407 4106 749 4174 hatjustitia,
785 4107 962 4175 inquit
999 4108 1108 4169 ille,
1146 4119 1201 4162 tit
1232 4106 1485 4164 illudivas
1515 4110 1796 4164 cleCtionis
1822 4126 1975 4164 com-

409 4181 667 4249 munibus
700 4176 990 4249 μηδι-θωκ-
1049 4179 1285 4247 injuriis,
1336 4181 1600 4249 quoniam
1655 4181 1900 4248 pluribus
1944 4194 1975 4233 a

408 4248 617 4302 ueteris
682 4247 982 4312 dill‘erens,
1051 4259 1246 4303 natura
1316 4247 1797 4313 communicabat,
1869 4267 1976 4304 non

409 4320 589 4390 culpa.
632 4336 649 4367 ι
684 4317 818 4390 Quis
849 4320 993 4371 enim
1026 4318 1246 4390 liiernon
1288 4320 1467 4374 videat
1492 4320 1823 4390 Cyprianum
1850 4337 1977 4389 sup-

409 4389 657 4455 posuisse
686 4389 974 4456 puritatem
999 4389 1314 4456 originalem
1343 4389 1671 4445 beatissimzn
1700 4390 1977 4459 Virginis?

410 4460 577 4526 Culpa
633 4474 868 4525 namque
916 4460 1241 4524 communis,
1304 4460 1389 4514 cui
1454 4461 1846 4515 descendentes
1910 4464 1978 4515 ab

410 4528 620 4581 Adamo
679 4528 1067 4600 snbjiciuntur,
1121 4540 1330 4584 tantum
1388 4540 1473 4586 est
1519 4531 1822 4600 originalis,
1872 4546 1977 4585 non

411 4614 541 4652 vero
591 4600 835 4653 veniatis.
868 4599 1016 4653 llanc
1058 4601 1202 4653 enim
1253 4602 1441 4669 aliqui,
1475 4599 1664 4655 saltem
1717 4600 1976 4666 infantes,

412 4684 519 4722 non
548 4671 963 4733 commiserunt,
1001 4684 1124 4723 cum
1158 4672 1357 4738 quibus
1394 4672 1439 4726 si
1476 4669 1641 4739 Virgo
1671 4673 1829 4739 culpa
1868 4689 1977 4725 non

412 4740 855 4801 t'mnmuuicavit,
905 4740 1126 4793 evidens
1181 4749 1284 4801 est,
1322 4756 1443 4794 eam
1496 4756 1600 4794 non
1654 4740 1826 4796 fuisse
1880 4744 1981 4794 ob-

414 4808 957 4881 nnaiam‘originali,
994 4824 1059 4863 ac
1105 4809 1172 4863 de
1222 4811 1311 4864 illa
1354 4810 1702 4879 potissimum
1752 4811 1981 4881 intelligi

414 4880 613 4932 debere
656 4879 936 5002 Deigaram
986 4881 1370 4935 communibus
1419 4882 1635 4949 injuriis
1671 4898 1777 4935 non
1813 4879 1983 4936 fuisse

415 4951 699 5002 (ill'etisam.
793 4958 985 5002 unctus
1030 4951 1194 5002 etiam
1244 4951 1673 5002 Chrvsostuntus
1719 4952 1869 5002 Orat.
1927 4953 1980 5002 itt

415 4951 699 5002 oll'ensam.
751 4951 1194 5021 Sanctusretiam
1244 4951 1673 5021 tlhrysostoinus
1719 4952 1869 5007 Orat.
1927 4953 1980 5005 iti

414 5020 743 5090 Annuntiat.
781 5034 884 5072 non
936 5020 1098 5073 aliam
1127 5021 1197 5074 ob
1230 5020 1453 5075 causam
1497 5021 1781 5090 Deiparam
1826 5031 1985 5076 vocat

416 5088 524 5145 Vas
570 5091 1084 5157 incontaminatuni,
1124 5092 1226 5145 nisi
1266 5094 1393 5160 quia
1445 5088 1726 5162 originalis
1775 5093 1984 5161 peccati

416 5163 934 5215 contaminationem
970 5177 1079 5215 non
1106 5162 1312 5227 habuit,
1340 5164 1432 5217 sed
1460 5164 1529 5217 ah
1558 5164 1660 5216 hac
1692 5164 1826 5216 tanti
1856 5162 1983 5215 mali

416 5232 639 5303 miseria
674 5232 933 5286 immunis
968 5232 1088 5285 fuit.
1127 5231 1260 5303 Quis
1292 5234 1434 5286 enim
1478 5232 1987 5303 absolutegappellet

416 5302 933 5366 incontaminatum,
980 5303 1125 5371 quod
1174 5302 1487 5371 aliquando,
1522 5310 1576 5357 et
1622 5302 1840 5372 quidem
1872 5312 1986 5356 tur-

418 5374 663 5442 pissime,
692 5373 1118 5428 contaminatum
1152 5374 1292 5426 fuit?

492 5444 583 5515 (70
622 5445 683 5500 Β.
713 5444 986 5513 Virginem
1034 5444 1153 5499 sine
1193 5444 1485 5515 Qriginalis
1520 5442 1723 5515 peccati
1774 5442 1985 5515 macula

420 5513 591 5569 fuisse
616 5525 958 5581 conceptam,
987 5528 1052 5568 eo
1086 5513 1230 5582 quod
1268 5516 1407 5569 inter
1438 5513 1556 5580 nos,
1587 5526 1641 5569 et
1670 5516 1836 5568 Deum
1874 5513 1983 5566 Me-

421 5587 618 5656 diatrrix
643 5586 1011 5656 futuraesset,
1041 5588 1245 5656 colligit
1274 5584 1703 5639 Bartbolomzeus
1730 5585 1985 5656 Pisanus,

423 5654 500 5708 De
526 5655 674 5709 laud.
702 5657 766 5707 Β.
808 5654 868 5707 γ.
906 5655 1027 5707 libr.
1060 5672 1097 5717 t.
1135 5653 1316 5709 fructu
1352 5656 1400 5720 7,
1436 5657 1564 5710 dum
1606 5657 1682 5709 ait
1712 5670 1726 5707 :
1765 5673 1784 5706 ι
1819 5653 1987 5706 Maria

424 5725 517 5779 Dei
574 5725 745 5780 Mater
795 5726 1025 5779 debebat
1075 5742 1197 5782 esse
1251 5728 1535 5779 mediatrix
1585 5727 1729 5779 inter
1787 5741 1888 5777 nos
1936 5737 1990 5777 et

428 5794 619 5860 Deum,
642 5797 849 5850 scilicet
875 5796 995 5861 ejus
1042 5795 1259 5858 Filium,
1288 5807 1343 5849 et
1363 5797 1480 5865 ejus
1509 5795 1675 5852 Filius
1723 5798 1861 5850 inter
1890 5811 1989 5848 nos

426 5876 482 5922 ct
527 5867 731 5932 Deum;
774 5880 905 5937 ergo
956 5883 1144 5922 carere
1194 5867 1425 5922 debebat
1463 5870 1706 5939 quolibet
1754 5870 1908 5933 vnio,
1939 5875 1992 5920 et

2078 3491 2131 3533 et
2171 3480 2321 3532 omni
2352 3480 2478 3533 alio.
2524 3498 2542 3530 ι
2582 3478 2671 3533 Sic
2714 3481 2822 3534 ille.
2857 3478 3226 3533 Bernardinus
3251 3480 3414 3531 etiam
3450 3480 3514 3531 de
3547 3478 3657 3529 Bu-

2080 3561 2164 3605 sm
2198 3551 2249 3602 in
2298 3566 2397 3603 suo
2438 3548 2676 3612 Marioli,
2712 3565 2853 3605 serin
2899 3548 2951 3610 6,
2988 3551 3054 3602 de
3087 3564 3311 3616 concep.
3348 3557 3501 3616 parte
3525 3563 3572 3607 ι,
3605 3547 3661 3601 in

2082 3621 2228 3673 hunc
2278 3621 2499 3673 modum
2545 3620 2786 3689 loquitur
2831 3635 2845 3673 :
2896 3618 3343 3687 Quandocunque
3391 3628 3473 3672 est
3521 3618 3661 3672 inter

2082 3691 2296 3757 aliquos
2324 3689 2630 3754 inimicitia,
2659 3705 2758 3754 pro
2798 3690 3241 3743 reconciliatione
3272 3689 3527 3742 convenit
3565 3703 3662 3741 ac-

2083 3761 2263 3827 cipere
2309 3760 2550 3821 tertium,
2591 3760 2695 3815 nisi
2735 3760 2823 3812 ille
2865 3759 2935 3812 sit
2980 3758 3173 3813 offensi
3210 3758 3437 3821 amicus,
3487 3759 3660 3810 multo

2086 3830 2268 3883 minus
2315 3840 2495 3884 autem
2532 3830 2655 3883 talis
2696 3829 2982 3891 mediator,
3015 3829 3173 3882 debet
3214 3844 3335 3882 esse
3381 3830 3660 3896 particeps

2082 3899 2287 3963 delicti,
2316 3915 2409 3968 per
2448 3915 2611 3967 quam
2658 3899 3134 3970 participationem
3175 3899 3248 3952 sit
3277 3909 3329 3951 et
3356 3899 3473 3970 ipse
3504 3899 3660 3970 dolo-

2082 3984 2176 4024 siis
2207 3987 2219 4023 :
2248 3985 2374 4023 nam
2418 3970 2623 4023 inimici
2662 3968 2899 4030 amicus.
2931 3969 3187 4022 inimicus
3216 3976 3319 4028 est,
3342 3979 3397 4024 et
3425 3968 3550 4022 ideo
3587 3969 3661 4032 ei,

2084 4051 2338 4107 tanquam
2370 4039 2611 4098 inimico,
2633 4056 2739 4093 non
2768 4039 3118 4093 credendum.
3149 4038 3310 4106 Virgo
3337 4040 3520 4107 itaque
3543 4053 3664 4107 quae

2084 4110 2317 4164 debebat
2346 4109 2585 4164 mediare
2614 4110 2755 4163 inter
2786 4112 3079 4163 humanam
3112 4118 3391 4169 naturam,
3429 4117 3482 4162 et
3506 4108 3667 4163 Chri~

2086 4188 2229 4235 stum
2276 4192 2591 4243 venturum,
2634 4196 2741 4233 non
2793 4180 3023 4234 debebat
3062 4194 3182 4235 esse
3217 4195 3305 4231 rea
3347 4189 3401 4234 et
3440 4180 3662 4233 conseia

2086 4250 2293 4312 delicti,
2312 4250 2553 4319 alioquin
2579 4260 2724 4304 esset
2753 4250 2969 4319 indigna
2998 4250 3423 4308 reconciliatrix.
3450 4252 3667 4302 dicente

2090 4319 2351 4389 Gregorio
2379 4318 2449 4374 in
2473 4319 2762 4373 Moralibus
2789 4335 2806 4372 :
2836 4318 2971 4373 Ctnn
3002 4321 3048 4373 is
3077 4323 3168 4387 qui
3196 4320 3445 4389 displicet
3482 4318 3548 4372 ad
3588 4320 3670 4371 in-

2090 4390 2482 4459 terpellandum
2520 4392 2778 4455 mittitur,
2814 4390 2935 4442 irati
2974 4390 3177 4458 jutlicis
3212 4393 3431 4443 animus
3455 4389 3519 4442 ad
3560 4390 3668 4441 ira—

2088 4458 2341 4515 cundiam
2405 4470 2749 4528 provocatur.
2794 4458 2957 4513 Missa
3001 4469 3084 4513 est
3126 4476 3255 4527 ergo
3307 4459 3475 4527 Virgo
3508 4460 3670 4512 bene-

2086 4532 2229 4585 dicta
2278 4546 2309 4584 a
2358 4531 2616 4584 Patribns
2670 4530 2867 4585 exsilio
2906 4530 3177 4584 damnatis
3208 4540 3470 4598 tanquam
3505 4530 3671 4596 digna

2089 4600 2493 4655 reconciliatrix
2540 4601 2607 4654 ad
2657 4600 2846 4664 Deum,
2881 4615 3002 4669 qua:
3057 4600 3103 4652 si
3142 4616 3249 4654 non
3300 4609 3443 4654 esset
3479 4599 3669 4667 digna,

2084 4687 2303 4741 pinnam
2364 4679 2688 4725 mereretur.
2726 4669 2829 4724 Sed
2859 4672 2988 4741 quia
3022 4685 3129 4723 non
3168 4681 3250 4725 est
3283 4672 3526 4737 repulsa,
3562 4670 3673 4721 itno

2087 4740 2283 4795 iratum
2332 4741 2497 4793 Deum
2546 4741 2801 4809 placavit,
2839 4740 3159 4809 dignissima
3215 4741 3431 4793 inventa
3483 4750 3589 4801 est,
3619 4747 3672 4790 et

2086 4827 2181 4882 per
2214 4825 2577 4882 consequens,
2609 4811 2725 4863 sine
2758 4810 3020 4882 originali
3041 4810 3231 4882 culpa_._
3255 4810 3513 4882 Christus
3542 4824 3673 4882 ergo

2090 4877 2226 4935 inter
2258 4877 2469 4933 l’atrem
2502 4890 2557 4933 et
2582 4877 3163 4949 populum'mediavit,
3197 4879 3358 4949 Virgo
3410 4881 3553 4932 inter
3587 4877 3672 4949 Fit

2086 4951 2217 5005 lium
2250 4961 2301 5003 et
2336 4948 2714 5018 delinquentes
2741 4966 2756 5015 ;
2791 4951 2935 5018 quod
2968 4950 3010 5003 si
3050 4952 3164 5018 ipsa
3198 4948 3548 5018 peccavisset,
3580 4948 3670 5001 tibi

2086 5030 2227 5076 esset
2255 5036 2380 5089 spes
2410 5020 2633 5074 nostra?
2660 5019 2760 5075 Ubi
2801 5021 3213 5074 reclinatoriunt
3244 5022 3439 5089 capitis
3463 5019 3673 5073 nostri?

2088 5092 2145 5145 Si
2183 5090 2352 5144 Mater
2380 5098 2525 5144 esset
2549 5106 2663 5153 rea,
2698 5089 2831 5159 quid
2868 5091 3027 5145 nobis
3065 5091 3238 5145 servis
3288 5099 3436 5144 esset
3464 5090 3673 5142 inutili-

2087 5161 2231 5215 bus?
2267 5160 2562 5229 Desperare
2592 5174 2902 5229 possemus,
2935 5162 3028 5215 ubi
3061 5161 3195 5229 ipsa,
3224 5160 3509 5229 privilegio
3557 5160 3672 5213 sin-

2088 5231 2261 5301 gulari
2314 5228 2565 5298 puritatis
2596 5228 2711 5301 non
2764 5232 3008 5300 polleret.
3044 5228 3140 5301 Sic
3186 5228 3410 5285 Bustus.
3443 5230 3545 5301 Qui
3595 5230 3674 5301 his

2088 5299 2269 5356 verbis
2296 5301 2591 5355 subscribit
2622 5299 2906 5356 Pelbartus
2946 5302 2999 5355 in
3031 5300 3281 5354 Stellnrio
3308 5300 3373 5357 B.
3414 5299 3668 5367 Virginis,

2088 5372 2182 5425 lib.
2209 5386 2281 5437 tv,
2307 5379 2447 5439 part.
2475 5386 2535 5435 ll,
2570 5386 2621 5424 a.
2651 5371 2722 5424 ὃς
2755 5370 3043 5425 Mediatrix
3068 5369 3334 5426 estMaria
3355 5372 3500 5424 inter
3519 5369 3676 5422 Chri-

2088 5451 2257 5504 stum,
2290 5452 2345 5494 ct
2370 5441 2638 5503 homines,
2670 5440 2911 5494 medium
2944 5450 3121 5495 autem
3155 5442 3321 5495 debet
3352 5442 3677 5510 participare

2091 5528 2215 5567 cum
2250 5512 2531 5574 extremis,
2568 5511 2621 5575 5,
2650 5510 2844 5580 Plaga;
2868 5514 2988 5564 ideo
3017 5513 3291 5580 congruit,
3324 5508 3387 5564 ut
3414 5512 3535 5580 ipsa
3561 5508 3676 5561 Ma-

2090 5585 2168 5638 ria
2205 5582 2492 5634 mediatrix
2531 5582 2747 5651 generis
2786 5583 3010 5635 humani
3058 5582 3114 5634 iit
3153 5582 3508 5649 conceptione
3532 5581 3676 5633 assi-

2091 5652 2312 5707 miletur
2344 5655 2682 5717 hominibus,
2726 5653 2779 5705 in
2825 5652 3084 5712 naturali,
3124 5654 3354 5715 scilicet,
3402 5664 3674 5721 prepaga-

2091 5726 2239 5785 tione
2280 5724 2579 5785 communi,
2628 5732 2682 5775 ct
2738 5725 2840 5776 hoc
2886 5739 2993 5776 non
3050 5723 3310 5777 obstante
3344 5723 3679 5775 assinnlctur

2090 5782 2307 5847 Christo
2339 5793 2500 5859 capiti
2539 5782 2591 5845 in
2622 5792 2746 5863 hoc,
2783 5803 2842 5846 ut
2873 5808 2964 5861 per
2990 5794 3232 5861 gratiam
3261 5804 3625 5863 praeservetur
3646 5804 3675 5844 a

2090 5873 2312 5934 peccatu
2345 5864 2616 5932 originali.
2644 5862 2735 5917 Sic
2766 5864 3062 5919 l’cllwit'tus.
