4038 6594
415 418 550 479 ιιῑ9

1820 431 2187 495 MARIALE.

3516 440 3653 503 mo

411 528 513 582 l’er
547 538 597 581 te
633 529 797 589 enim,
849 531 1214 598 sanctissima,
1261 535 1514 592 coierunt
1560 539 1614 593 in
1654 557 1818 596 unum
1859 560 1981 615 qua:
2011 553 2060 611 Α
2088 547 2355 610 reditatis,
2390 557 2445 603 et
2490 550 2781 621 voluptatis
2820 552 3245 610 misericorditer
3275 554 3400 611 facti
3428 559 3654 627 partici-

412 624 565 693 prius
585 624 1213 685 dissitlebant.Co:lestis
1234 630 1524 701 siquidem,
1557 645 1611 691 et
1641 636 1835 693 divina:
1867 640 1980 695 hae-

421 780 529 860 Ἐξ
553 784 658 837 τοῦ
688 786 1100 860 Κανόνος-ττῖς
1138 790 1439 856 Κυριακῆς
1466 792 1615 859 μετὰ
1642 792 1757 859 τὴν
1804 794 1981 860 ἁγίαν

478 855 928 939 11εςντηκοστὴν,
956 855 1075 929 ἐνῆ
1104 855 1353 914 ποιεῖται
1378 855 1413 927 ἡ
1428 855 1634 931 μνήμη
1656 855 1774 917 τῶν
1799 855 1982 933 ἁγίων

478 939 739 979 παντων.

478 1034 708 1106 Γνώμην
754 1037 1003 1109 ἀνδρείαν
1042 1043 1098 1095 αἱ
1133 1042 1411 1112 παρθένοι,
1469 1045 1729 1114 πάναγνε,
1772 1048 1978 1102 ἀναλαα

407 1126 599 1179 δοῦσαι
630 1128 837 1195 σαφῶς,
873 1134 1246 1202 μαρτυρικοὺς
1277 1133 1469 1197 ἄθλους
1508 1136 1739 1198 ἀκλινῶς
1778 1138 1977 1208 μιμού-

410 1235 591 1287 μεναι,
610 1220 702 1271 καὶ
721 1219 1008 1289 ψαλμικῶς
1028 1223 1202 1277 ὀπίσω
1217 1212 1308 1276 σού
1342 1226 1417 1294 τῷ
1440 1226 1551 1296 Υἱῴ
1570 1244 1684 1291 σου,
1712 1230 1974 1299 Παρθένε,

405 1309 602 1375 ὲνθέως
633 1312 1095 1384 συναγαλλόμεναι
1119 1316 1198 1387 τῷ
1230 1317 1563 1387 παμϐασιλεῖ
1601 1322 1976 1393 προσηνέχθη-

406 1420 527 1458 σαν.

473 1496 815 1570 Παρθενικῆς
840 1500 945 1553 ἀπὸ
971 1500 1207 1570 γαστρὸς
1254 1503 1346 1554 τὸν
1378 1503 1440 1557 ἐκ
1470 1503 1604 1557 Θεοῦ
1650 1506 1783 1559 Θεὸν
1801 1508 1975 1576 Λόγον

404 1585 783 1659 ἁπεγὲννησας
833 1593 1001 1661 ἡμῖν,
1066 1594 1367 1665 Θεομῆτορ,
1427 1597 1485 1649 ὃν
1528 1599 1761 1662 νεάνιδες
1815 1602 1975 1668 ἁγναὶ

404 1674 723 1747 θεοπρεπῶς
746 1682 1041 1752 ἐπόθησαν,
1078 1685 1173 1737 καὶ
1217 1684 1311 1738 σοῦ
1367 1688 1540 1741 ὀπίσω
1585 1692 1755 1743 πᾶσαι
1804 1692 1974 1764 τούτῳ

405 1767 589 1834 σαφῶς
621 1769 886 1840 ἡκολούθη
896 1788 1015 1825 σαν.

473 1857 675 1950 Νύμφη
739 1858 873 1912 Θεοῦ
926 1862 1175 1929 γέγονας,
1223 1863 1616 1937 Θεογεννήτρια
1649 1882 1663 1897 ·
1725 1865 1817 1919 τὸν
1867 1867 1974 1939 γὰρ
2006 1897 2047 1950 Β

402 1949 592 2003 τούτου
620 1952 793 2019 Λόγον
821 1953 1147 2023 προαιώνιον
1177 1957 1505 2025 σωματικῶς
1553 1960 1778 2022 τέτοκας
1813 1962 1965 2031 ἡμῖν,

401 2043 460 2093 ὲν
482 2034 525 2109 ᾧ
559 2047 648 2095 καὶ
668 2047 925 2111 γυναῖκες
963 2044 1132 2113 ἁγέως
1161 2047 1637 2118 πολιτευσάμεναι,
1667 2050 1761 2102 καὶ
1788 2050 1969 2115 ἄθλοις

403 2134 793 2203 παμποικίλοις
814 2135 901 2189 διὰ
925 2136 1017 2188 σοῦ
1061 2136 1419 2206 κοσμηθεῖσαι
1470 2141 1568 2210 τῆς
1615 2141 1965 2213 προμητορος

402 2223 985 2295 πτῶσιν’ἀνὼρθωσαν.

486 2314 972 2386 Ὑπεροαύμαστον
996 2319 1153 2372 τόκον
1174 2320 1263 2372 τὸν
1287 2320 1376 2374 σὸν
1405 2322 1755 2393 ἁγαπὴσασαι
1787 2325 1974 2392 γυναῖ-

402 2426 495 2471 κες
518 2410 849 2480 πάνσεμναι,
888 2413 957 2465 τὰ
988 2414 1194 2483 τερπνὰ
1220 2415 1315 2466 τοῦ
1355 2414 1471 2485 βίου
1502 2417 1581 2479 εἰς
1608 2417 1757 2469 οὐδὲν
1794 2417 1970 2485 ἐλογί-

405 2518 582 2565 σαντο,
609 2507 870 2572 πάναγνε,
898 2506 997 2575 τῆς
1024 2506 1183 2559 αὑτοῦ
1208 2509 1303 2560 κα)⁸
1336 2508 1504 2577 μόνης
1536 2510 1813 2580 ἐρωτικῶς
1844 2511 1970 2563 ὲπι-

402 2593 667 2662 θυμοῦσαι
698 2597 927 2665 ἀγλαΐας
950 2598 1214 2661 καὶθείας
1246 2599 1583 2669 ὲλλάμψεως.

472 2690 699 2758 Μητέρα
753 2690 1037 2761 παναληθῆ
1100 2692 1232 2745 Θεοῦ
1263 2709 1321 2745 σε
1376 2694 1577 2757 πάντες
1605 2692 1970 2763 γινώσκομεν,

399 2781 468 2833 ει*
513 2779 580 2854 ἧς
614 2782 775 2848 φύσις
826 2782 1101 2849 γυναικῶν
1152 2781 1797 2853 ῥωσθεῖσα,πανὰμωμνε,
1833 2784 1970 2852 Χρι-

400 2876 525 2930 στοῦ
554 2876 948 2948 ὑπερήθλησεν,
980 2878 1180 2948 ἀρετῆς
1197 2893 1255 2929 τε
1286 2876 1465 2947 πάσης
1488 2876 1971 2946 εὐσεὸῶςζγὲγονεν

398 2968 673 3040 ἔμπλεως.

472 3125 584 3197 (7i)
625 3126 728 3192 Qui
766 3126 825 3180 Β.
858 3124 1137 3195 Virginem
1174 3133 1478 3197 agnoscunt
1507 3138 1691 3177 veram
1732 3121 1825 3177 Dei
1854 3121 1971 3197 Ma-

2083 653 2178 708 pes
2202 656 2411 696 sumus.

2086 796 2168 851 Ex
2206 815 2402 852 canone
2441 799 2724 853 Dominicre
2767 813 2883 870 post
2919 814 3157 858 sanctam
3209 804 3555 861 Pentecoslcm
3597 810 3655 861 in

2212 886 2315 940 qua
2346 870 2639 922 celebratur
2663 876 2912 927 memoria
2943 876 3172 928 omnium
3194 888 3520 931 sanctorum.

2152 1049 2374 1105 Virilem
2427 1052 2603 1121 palam
2655 1054 2898 1109 animum
2943 1056 3182 1127 virgines
3225 1069 3584 1124 assumcntcs,
3621 1076 3652 1113 ο

2081 1143 2409 1208 castissima,
2441 1145 2739 1198 certamina
2784 1148 3031 1215 martyrii
3080 1148 3297 1202 fortiter
3341 1151 3650 1215 subierunt,

2080 1243 2132 1287 et
2161 1232 2313 1301 juxta
2344 1234 2610 1301 psalmum
2646 1242 2767 1302 post
2806 1245 2878 1296 te,
2911 1234 3094 1306 Virgo,
3126 1234 3262 1291 Filio
3296 1246 3389 1292 tuo
3433 1255 3651 1294 summo

2080 1325 2213 1394 lii-gi
2242 1324 2484 1379 laetantes
2520 1324 2713 1379 oblatae
2736 1334 2884 1379 sunt.

2156 1494 2413 1568 Virgineo
2463 1515 2527 1553 ex
2585 1511 2772 1556 ventre
2803 1501 2969 1556 Deum
3012 1519 3073 1558 ex
3107 1504 3217 1561 Deo
3244 1504 3477 1563 Verbum
3520 1526 3649 1580 pro-

2079 1590 2309 1660 genuisti
2364 1592 2541 1656 nobis,
2598 1591 2691 1646 Dei
2755 1592 2946 1657 Mater,
3000 1612 3156 1664 quem
3230 1599 3649 1656 adolescentuhe

2078 1693 2239 1736 Castae
2272 1680 2378 1735 Deo
2413 1681 2572 1751 digne
2616 1685 2947 1751 dilexerunt,
2985 1698 3034 1742 et
3070 1700 3195 1758 post
3231 1698 3282 1744 te
3320 1692 3498 1761 palam
3529 1709 3649 1748 om-

2076 1785 2169 1825 nes
2204 1781 2401 1825 secuta:
2432 1779 2581 1828 sunt.

2158 1861 2365 1932 Sponsa
2394 1864 2486 1918 Dei
2525 1864 2693 1929 fuisti,
2731 1866 2819 1921 Dei
2856 1868 3121 1935 Genitrix,
3158 1872 3277 1940 ejus
3317 1876 3459 1928 enim
3513 1874 3646 1931 Ver-

2076 1955 2202 2008 bum
2226 1965 2348 2008 ante
2374 1957 2570 2011 sacula
2610 1960 2851 2026 genitum
2882 1964 3245 2030 corporaliter
3268 1970 3517 2033 peperisti
3551 1984 3649 2022 no-

2076 2045 2181 2100 bis.
2228 2046 2281 2100 lu
2328 2062 2438 2115 quo
2466 2055 2519 2100 ct
2559 2050 2813 2103 mulieres
2868 2061 3070 2105 sanetae
3106 2053 3211 2107 vita
3244 2055 3559 2122 perium-tat,
3597 2068 3649 2111 et

2076 2140 2352 2194 variorum
2379 2143 2735 2194 certaminum
2764 2144 2978 2197 coronis
3009 2160 3102 2215 per
3129 2154 3179 2200 te
3210 2158 3438 2215 ornatae,
3463 2151 3648 2219 prima:

2079 2232 2318 2298 parentis
2357 2231 2566 2301 lapsura
2601 2234 2979 2289 emendarunt.

2150 2318 2523 2375 Admiratione
2548 2323 2695 2375 omni
2730 2325 3068 2391 superiorem
3104 2339 3312 2395 partum
3349 2338 3497 2384 tuum
3533 2346 3647 2386 am-

2071 2410 2241 2480 plexa
2274 2414 2634 2468 sanctissimae
2690 2415 2969 2477 mulieres,
2997 2416 3237 2485 jucunda
3277 2422 3461 2475 mundi
3510 2423 3647 2478 nihil

2076 2504 2404 2568 habuerunt,
2445 2508 2772 2571 castissima,
2805 2508 2978 2564 solam
3019 2510 3140 2580 ejus
3168 2512 3487 2571 adamantas
3518 2531 3648 2586 spe-

2072 2597 2209 2652 ciem
2239 2598 2438 2651 divinis
2465 2600 2632 2653 radiis
2665 2600 2951 2656 illustrem.

2145 2688 2340 2744 Veram
2376 2690 2466 2745 Dei
2496 2691 2718 2745 Matrem
2753 2703 2805 2745 te
2848 2707 3041 2749 omnes
3067 2697 3415 2765 agnoscimus
3453 2701 3590 2771 (7i),
3615 2717 3648 2755 o

2073 2782 2602 2848 immaculatissima,
2637 2799 2731 2852 per
2774 2800 2941 2854 quam
2998 2789 3253 2844 roborata
3300 2800 3494 2846 natura
3525 2810 3647 2847 mu»

2072 2876 2261 2931 liebris
2288 2892 2385 2946 pro
2413 2877 2631 2931 Christo
2663 2880 2893 2932 certavit
2931 2894 3103 2949 usque
3131 2882 3198 2935 ad
3231 2893 3500 2938 mortem:
3533 2884 3646 2938 vir-

2072 2976 2297 3040 tuteque
2326 2970 2654 3025 cumulatam
2682 2971 2830 3025 omni
2860 2970 3113 3043 religiose
3144 2972 3313 3028 vitam
3346 2974 3526 3033 duxit.

2081 3122 2306 3197 omnino
2334 3122 2496 3197 eximi
2538 3138 2567 3177 a
2603 3131 2753 3178 tanto
2792 3125 2959 3192 malo,
3002 3134 3062 3180 ut
3092 3124 3270 3191 Salus,
3301 3142 3421 3197 qua:
3449 3129 3518 3184 ab
3558 3129 3649 3187 illa

401 3193 575 3259 trem,
597 3199 791 3252 decens
842 3193 1005 3269 etiam
1050 3205 1153 3269 est,
1201 3210 1295 3248 eos
1342 3196 1512 3269 ipsam
1564 3208 1862 3269 agnoscere
1902 3194 1979 3269 ab
2004 3205 2047 3265 C
2082 3203 2220 3269 erat,
2247 3193 2347 3269 sibi
2378 3194 2636 3261 primum,
2672 3204 2724 3247 et
2746 3211 2962 3269 summo
2990 3198 3151 3253 modo
3181 3193 3483 3267 prodesset,
3514 3214 3644 3269 prae-

400 3269 550 3322 omni
587 3283 813 3335 prorsus
853 3266 1134 3334 originalis
1171 3265 1379 3334 peccati
1426 3264 1545 3317 labe
1576 3265 1975 3335 immaculatis-

399 3332 619 3391 simani.
682 3336 815 3389 Nam
864 3332 1189 3404 ut—optitne
1263 3344 1676 3404 argumentatur
1731 3332 1974 3388 Thotnas

864 3375 1393 3477 “ἰίι›.”¹”ιίἰ’ςξ”ά.“’ἓ,“
1403 3375 1665 3477 ἰζ-1,..έῦ
1704 3421 1721 3454 ι
1740 3375 1760 3385 ⁸

400 3472 599 3531 Filium
639 3477 729 3529 Dei
774 3474 1055 3555 Virginem
1102 3472 1447 3555 Matremta
1476 3474 1689 3555 macula
1723 3473 1971 3555 originali

441 3562 756 3608 raservare.
793 3542 922 3613 quia
951 3545 1055 3598 hoc
1083 3545 1261 3598 decuit
1291 3542 1486 3597 Filium
1526 3545 1617 3597 Dei
1667 3546 1718 3596 in
1752 3546 1972 3613 propria

441 3563 756 3608 mservare.
793 3563 922 3613 quia
951 3563 1055 3598 uoc
1083 3563 1261 3598 ueeutt
1291 3563 1486 3597 l'llllllll
1526 3563 1617 3597 uel
1667 3563 1718 3596 ιη
1752 3563 1972 3613 propria

398 3563 912 3679 Efatreohscrvare,
949 3617 1014 3667 ad
1047 3618 1191 3682 quod
1246 3614 1517 3683 obligatur
1542 3614 1770 3683 quilibet
1802 3630 1972 3683 purus

402 3689 568 3740 homo
616 3700 681 3738 ex
733 3697 1003 3755 praecepto
1052 3684 1261 3739 divino.
1306 3684 1409 3739 Sed
1462 3688 1778 3754 quicunque
1828 3685 1973 3739 lilius

400 3766 583 3826 posset
630 3768 858 3809 matrem
910 3770 1061 3810 suam
1109 3770 1439 3823 praeservare
1477 3757 1639 3810 etiam
1691 3772 1721 3808 a
1769 3755 1971 3809 minori

400 3828 566 3893 malo,
600 3842 764 3895 quam
806 3826 971 3879 fuerit
1022 3826 1306 3894 originalis
1361 3826 1541 3892 culpa,
1589 3827 1703 3894 ipse
1752 3826 1819 3878 ad
1870 3826 1973 3881 hoc

402 3906 679 3951 teneretur
701 3912 765 3949 ex
804 3905 1070 3965 praecepto
1094 3896 1301 3957 divino,
1337 3896 1463 3963 quia
1487 3896 1624 3949 alias
1659 3910 1764 3947 non
1797 3896 1972 3965 hono-

401 3976 548 4020 raret
605 3964 851 4034 Matrem,
890 3980 1065 4034 neque
1112 3966 1166 4018 in
1224 3969 1461 4017 maxima
1508 3965 1834 4018 necessitate
1892 3964 1969 4018 illi

400 4037 734 4090 subveniret.
771 4033 931 4104 Ergo,
965 4033 1073 4088 etc.
1125 4034 1258 4087 Illud
1310 4035 1472 4101 igitur
1494 4034 1638 4102 quod
1682 4035 1835 4104 decet
1865 4035 1968 4087 ali-

402 4120 565 4175 quem
599 4104 794 4169 lacere,
828 4102 881 4157 et
921 4104 1123 4175 nullam
1168 4104 1329 4175 habet
1355 4107 1421 4157 de
1456 4102 1969 4175 impotentia_excu-

402 4173 695 4236 sationem,
726 4178 771 4228 si
808 4176 910 4228 hoc
943 4188 1048 4227 non
1074 4174 1223 4237 facit,
1252 4174 1434 4242 aliquo
1462 4179 1622 4242 modo
1651 4188 1750 4241 pro
1781 4173 1971 4227 incorr-

404 4246 639 4299 venienti
685 4244 786 4297 sibi
825 4244 1022 4313 poterit
1054 4240 1467 4313 impntaril‘Sed
1513 4240 1787 4312 Virginem
1833 4259 1970 4311 pra:-

401 4330 619 4370 servare
649 4316 717 4367 ab
750 4311 900 4367 enini
947 4311 1159 4367 macula
1190 4313 1277 4367 Dei
1308 4311 1504 4366 Filium
1539 4311 1743 4377 dceuit,
1772 4321 1825 4367 et
1854 4316 1969 4382 ipse

402 4387 504 4440 hoc
557 4386 749 4455 potuit.
785 4383 925 4455 Ergo
971 4383 1153 4455 aliquo
1195 4384 1355 4437 modo
1394 4385 1794 4455 inconveniens
1846 4400 1968 4455 esse

398 4457 637 4519 videtur,
698 4455 742 4509 si
800 4454 903 4508 hoc
941 4470 1048 4507 non
1108 4454 1319 4509 fecerit.
1392 4454 1465 4507 Ita
1530 4454 1814 4522 Argentin.
1865 4454 1966 4509 Cui

397 4535 662 4581 consonat
684 4525 1001 4579 Ambrosius
1032 4523 1370 4588 Tarvisinus,
1402 4525 1516 4579 sive
1544 4525 1754 4593 Spiera,
1789 4526 1965 4579 Serm.

398 4598 455 4650 in
503 4597 780 4659 Sahbatis,
832 4595 1167 4649 considerat.
1214 4594 1267 4657 2,
1318 4597 1563 4649 conclus.
1619 4597 1671 4657 5,
1714 4596 1767 4648 in
1822 4596 1968 4650 hunc

398 4666 620 4721 modum
656 4667 903 4721 scribens
934 4682 947 4719 :
989 4682 1006 4714 ι
1050 4663 1298 4719 Servavit
1326 4668 1466 4719 Ueus
1498 4669 1759 4735 populum
1806 4681 1966 4721 suum

400 4740 469 4791 ab
499 4738 655 4806 aquis
712 4738 879 4790 maris
908 4735 1099 4799 Rubri,
1152 4746 1203 4790 et
1245 4750 1340 4803 per
1381 4738 1738 4805 quadraginta
1793 4750 1969 4789 annos

396 4821 585 4861 eorum
620 4807 936 4860 vestimenta
961 4814 1013 4858 et
1034 4806 1403 4860 calceamenta
1435 4806 1600 4859 illtesa
1629 4809 1885 4871 servavit,
1913 4814 1969 4859 ct

398 4877 501 4931 hoc
545 4888 765 4947 propter
807 4878 1121 4947 dignitatem
1182 4877 1365 4945 populi
1416 4878 1498 4930 sui
1541 4892 1554 4928 :
1592 4886 1646 4930 et
1693 4878 1967 4946 quomodo

396 4946 630 5001 Matrem
654 4946 935 5015 propriam
960 4946 1030 4999 ab
1049 4949 1197 4999 omni
1226 4947 1439 5001 macula
1460 4962 1566 4999 non
1588 4954 1968 5014 pra-servasset

397 5028 619 5087 propter
643 5016 1351 5087 dignitatem_maternitatis
1378 5032 1511 5069 suat.
1548 5034 1565 5066 ι
1605 5017 1695 5071 Sic
1716 5018 1823 5071 ille.
1859 5016 1965 5071 Sed

397 5084 465 5141 de
496 5084 841 5140 immunitate
873 5087 932 5137 Β.
968 5084 1206 5154 Virginis
1233 5087 1301 5139 ab
1330 5088 1578 5155 originali
1609 5088 1842 5149 macula,
1874 5103 1965 5140 ra-

400 5158 546 5210 tione
570 5160 766 5210 divina:
798 5156 1183 5221 maternitatis,
1206 5157 1408 5225 optime
1436 5160 1681 5210 omnium
1708 5158 1961 5212 Ambros.

396 5226 728 5282 Catharinus
775 5229 827 5279 in
874 5226 1085 5293 Disput.
1137 5229 1201 5279 de
1243 5227 1579 5295 conceptione
1617 5227 1683 5280 Β.
1736 5226 1963 5295 Virginis

398 5298 466 5350 ad
518 5295 708 5351 Patres
763 5297 883 5349 ord.
925 5296 1152 5349 Praedic.
1196 5297 1290 5349 lib.
1329 5311 1387 5362 ιι,
1427 5312 1547 5365 cap.
1591 5299 1689 5350 ult.
1723 5299 1813 5350 ubi
1839 5300 1914 5350 ait
1949 5314 1963 5350 :

400 5368 529 5421 Dico
553 5368 831 5430 audacter,
871 5367 1083 5420 volente
1127 5368 1251 5430 Deo,
1288 5368 1432 5436 quod
1461 5367 1504 5420 si
1538 5368 1596 5418 Β.
1630 5366 1793 5435 Virgo
1827 5381 1963 5421 eon-

398 5438 669 5491 sideretur
728 5437 1027 5491 secundum
1098 5446 1303 5489 naturae
1363 5453 1477 5490 sua:
1541 5440 1907 5491 conditionem
1944 5474 1961 5500 ,

398 5509 697 5561 secundum
725 5523 887 5578 quam
913 5517 1027 5559 erat
1051 5507 1159 5578 lilia
1187 5507 1314 5560 Atla:
1341 5523 1404 5560 ex
1438 5508 1645 5561 semine
1675 5510 1727 5561 in
1757 5523 1815 5561 se
1842 5510 1961 5576 ipso

396 5578 610 5641 odioso,
664 5576 753 5632 vel
800 5579 965 5645 digno
1021 5576 1149 5630 odio
1207 5586 1487 5646 concepta,
1542 5589 1597 5630 et
1643 5589 1960 5648 propagata,

396 5648 605 5714 absque
655 5648 823 5701 dubio
871 5662 937 5700 ex
971 5660 1031 5701 se
1069 5648 1231 5716 digna
1285 5648 1387 5701 luit
1434 5647 1658 5715 intelligi
1697 5650 1799 5703 sub
1832 5647 1962 5703 Adae

396 5726 619 5787 peccato
653 5732 776 5771 cum
813 5718 1062 5787 reliquis.
1096 5716 1154 5771 Si
1184 5733 1313 5771 vero
1345 5718 1721 5773 consideretur
1754 5727 1813 5772 ut
1843 5720 1959 5772 Ma-

398 5796 478 5858 ter
505 5786 621 5851 Dei,
641 5796 695 5842 et
724 5789 836 5851 illa,
868 5786 991 5857 quae
1020 5798 1139 5843 erat
1169 5789 1414 5858 paritura
1454 5788 1694 5844 Salutem
1729 5790 1955 5854 mundo,

396 5856 568 5927 pium,
603 5868 658 5915 et
700 5856 988 5930 pulchrum
1028 5867 1121 5917 est
1147 5856 1391 5928 credere,
1448 5860 1594 5931 quod
1621 5860 1749 5935 _iuit
1797 5859 1959 5929 digna

2081 3263 2366 3339 veniendo,
2405 3273 2457 3317 et
2487 3268 2825 3339 occurrendo
2841 3276 2982 3339 ante
3009 3263 3210 3339 malum
3245 3268 3427 3336 potius
3471 3263 3645 3339 quam

2079 3333 2419 3409 postmodum
2454 3335 2799 3409 vindicando.
2832 3333 2987 3409 Quod
3020 3335 3065 3390 si
3093 3333 3298 3409 quaer—at
3325 3353 3453 3409 ergo
3487 3333 3643 3409 quis:

2078 3402 2195 3477 Quo
2219 3418 2349 3469 ergo
2374 3404 2543 3477 modo
2581 3405 2975 3459 consideranda
3010 3402 3130 3460 est?
3155 3402 3414 3477 Nunquid
3440 3402 3519 3461 ιη’
3537 3410 3643 3463 tilia

2075 3474 2223 3536 Adae,
2256 3482 2315 3525 ut
2341 3473 2411 3526 sit
2437 3488 2561 3528 cum
2615 3484 2861 3543 peccato,
2892 3490 2959 3528 an
3012 3485 3071 3530 ut
3123 3473 3544 3541 Mater'Christi,
3587 3489 3640 3533 ul

2076 3546 2143 3597 ab
2174 3559 2240 3597 eo
2264 3544 2333 3617 sit
2363 3544 2738 3612 praesen-rata?
2780 3559 2882 3614 ego
2916 3547 3133 3617 quidem
3166 3564 3196 3603 a
3232 3546 3535 3617 Scripturis
3563 3551 3644 3602 di-

2077 3628 2260 3679 scens,
2315 3616 2416 3667 hac
2466 3625 2617 3683 parte
2653 3630 2758 3667 non
2809 3616 3169 3672 considerabo
3206 3616 3378 3681 illam,
3432 3628 3490 3672 ut
3518 3620 3644 3673 Adi?

2076 3684 2265 3755 illlam,
2295 3686 2386 3737 sed
2426 3695 2482 3738 ut
2514 3684 2718 3739 Christi
2751 3683 2992 3740 Matrem.
3026 3688 3201 3741 Aliam
3251 3688 3396 3742 enim
3429 3691 3643 3755 penitus

2077 3754 2128 3827 in
2162 3770 2223 3807 ea
2256 3755 2623 3827 genealogiam
2648 3770 2754 3827 non
2791 3757 2907 3823 lego
2942 3758 2996 3809 in
3026 3756 3325 3826 Scriptura,
3362 3754 3467 3811 nisi
3497 3761 3641 3827 quod

2073 3824 2276 3896 Chﬂristi
2316 3826 2385 3876 sit
2419 3824 2604 3876 Mater.
2657 3824 2878 3896 Patrenr
2913 3837 3091 3879 autem
3138 3824 3279 3896 ejus,
3322 3836 3378 3881 et
3412 3824 3642 3883 matrem

2074 3906 2105 3944 a
2140 3892 2420 3965 Scriptura
2444 3908 2785 3965 nequaquam
2828 3893 3014 3965 didici.
3049 3892 3191 3964 Ergo
3231 3898 3334 3950 hoc
3369 3897 3527 3965 plane
3554 3898 3642 3950 in-

2074 3964 2212 4034 nuit,
2238 3961 2345 4025 his,
2380 3963 2471 4034 qui
2515 3961 2709 4034 eapere
2754 3963 3055 4034 volent,iet
3085 3961 3284 4034 quibus
3322 3961 3404 4019 est
3440 3966 3640 4020 intelliv

2073 4031 2281 4105 gentize
2307 4032 2557 4105 spiritus,
2590 4042 2655 4105 ut
2696 4032 2768 4085 ita
2818 4033 3055 4105 a_nobis
3097 4031 3496 4105 consideranda
3546 4039 3640 4105 sit,

2073 4102 2216 4155 sicut
2246 4101 2546 4172 Scriptura;
2585 4103 2732 4156 illam
2787 4102 2949 4157 nobis
2980 4104 3298 4172 praeferunt,
3345 4115 3400 4159 et
3456 4101 3637 4164 osteni

2073 4180 2212 4225 tant.
2240 4169 2503 4225 Sttniliter
2526 4174 2668 4227 enim
2702 4180 2805 4237 est,
2840 4169 2995 4241 quod
3015 4176 3081 4228 de
3127 4174 3519 4230 Melchisedech
3552 4179 3640 4232 ad-

2071 4242 2233 4295 vertit
2254 4242 2651 4315 Paulus,_quod
2679 4252 2861 4315 essent
2880 4246 2935 4315 in
2963 4242 3277 4314 Scripturis,
3302 4253 3355 4299 et
3384 4256 3555 4315 pater,
3587 4258 3641 4302 et

2072 4322 2247 4386 mater
2268 4311 2385 4380 ejus
2416 4311 2761 4386 sub_silentio
2792 4314 2961 4386 missi,
2987 4322 3039 4366 et
3068 4311 3179 4386 ipse
3217 4311 3421 4386 ab_squ_e
3442 4332 3640 4386 genea-

2072 4382 2231 4449 logia,
2255 4397 2319 4436 eo
2339 4383 2481 4452 quod
2503 4383 2779 4437 Christum
2799 4382 3127 4452 signiﬁcaret
3147 4384 3236 4439 Dei
3262 4382 3476 4439 Filiunf.
3506 4388 3639 4441 Cum

2072 4453 2237 4521 igitur
2263 4468 2369 4505 non
2402 4456 2519 4508 sine
2544 4453 2708 4523 hujus
2737 4454 3002 4519 veritatis,
3038 4469 3102 4509 ac
3127 4456 3367 4525 mysterii
3390 4455 3640 4511 doctrina

2075 4526 2345 4594 (utcerto
2386 4525 2523 4587 scio,
2561 4526 2742 4578 videre
2790 4532 3043 4593 poterunt
3078 4526 3279 4594 quibus
3324 4534 3451 4579 sunt
3494 4526 3638 4582 beati

2073 4592 2238 4662 oculi)
2265 4594 2594 4647 occultatum
2620 4594 2875 4661 sitpater,
2895 4603 2944 4647 et
2966 4592 3136 4648 mater
3160 4594 3402 4649 Domina:
3420 4606 3638 4663 nostra,

2074 4672 2129 4716 et
2160 4664 2335 4718 solum
2387 4675 2602 4718 ostensa
2637 4669 2815 4735 palam
2848 4664 3003 4718 nobis
3039 4674 3095 4718 ut
3122 4665 3328 4719 Christi
3376 4666 3545 4720 Mater
3580 4670 3632 4721 in

2074 4734 2373 4802 Scripturis
2416 4737 2646 4800 sanctis,
2696 4744 2753 4789 ut
2808 4749 3229 4803 agnosceremus
3278 4736 3449 4799 illam,
3495 4740 3638 4806 quod

2070 4808 2242 4873 gratia
2268 4819 2374 4858 non
2394 4811 2569 4860 solum
2597 4816 2848 4859 naturam
2875 4808 3171 4874 superavit,
3204 4812 3296 4861 sed
3329 4809 3637 4872 absorbuit,

2068 4884 2121 4927 et
2151 4877 2216 4929 ad
2246 4876 2474 4929 nihilum
2508 4876 2749 4945 redegit;
2781 4878 3113 4930 contidentcr
3144 4891 3331 4930 assero
3354 4879 3496 4946 quod
3530 4877 3637 4931 Do-

2069 4946 2253 5017 minus
2284 4948 2351 5017 ab
2377 4946 2533 5000 initio
2564 4962 2688 5000 cum
2719 4946 2927 5017 videret
2960 4946 3197 5017 omnino
3228 4962 3291 4999 ex
3337 4948 3515 5017 rigore
3562 4948 3635 5001 le-

2069 5015 2149 5083 gis
2179 5015 2436 5070 debuisse
2480 5016 2628 5069 illam
2668 5016 2920 5070 similiter
2958 5030 3082 5069 cum
3111 5015 3233 5069 aliis
3265 5030 3293 5067 a
3338 5015 3510 5085 gratia
3537 5032 3636 5071 sua

2069 5086 2343 5156 excidere,
2372 5087 2635 5156 singulari
2665 5086 3020 5155 pra'rogativa
3058 5087 3335 5156 excipiens
3366 5100 3508 5149 eam,
3537 5102 3636 5139 no-

2067 5154 2168 5207 luit
2202 5157 2382 5209 videre
2415 5154 2517 5211 hoc
2546 5159 2750 5210 malum
2778 5156 2832 5207 in
2854 5154 2945 5220 ea,
2976 5172 3140 5225 quam
3184 5162 3236 5209 in
3261 5154 3487 5209 Matrem
3516 5158 3634 5209 itte-

2067 5226 2326 5296 narrabili
2368 5227 2539 5296 gratia
2588 5226 2956 5296 praeclegerat,
2988 5237 3043 5281 ut
3086 5226 3212 5281 hinc
3247 5226 3395 5279 omni
3428 5227 3634 5296 honore

2068 5294 2390 5362 dignissima
2444 5294 2654 5351 censeri
2713 5294 2918 5365 poSset.
2979 5298 3162 5351 Noluit
3222 5303 3384 5350 tanta:
3445 5294 3633 5350 Matris

2067 5374 2269 5418 statum
2297 5375 2349 5420 et
2394 5367 2632 5420 debitam
2675 5377 2934 5435 perpetuo
2974 5368 3202 5436 gratiam
3244 5366 3438 5436 quovis
3468 5368 3629 5419 modo

2066 5446 2298 5507 mutare,
2326 5448 2421 5491 aut.
2441 5438 2509 5491 ab
2539 5439 2701 5492 unius
2729 5437 2872 5492 facto
2902 5435 3037 5490 adeo
3064 5439 3282 5507 indigne
3308 5435 3409 5489 sub
3441 5436 3635 5507 discri-

2064 5505 2212 5560 mine
2257 5512 2513 5575 pendere,
2560 5507 2827 5577 siquidem
2872 5505 3311 5577 Iongeiaequ'ius,
3347 5515 3400 5559 et
3433 5506 3633 5561 divina:

2065 5577 2347 5649 sapientia:
2391 5576 2803 5649 congruentius,
2856 5588 2914 5632 ut
2956 5576 3009 5631 in
3038 5576 3197 5649 Filio
3224 5591 3323 5631 suo
3362 5588 3633 5645 perpetuae

2066 5648 2347 5702 charitatts
2383 5648 2543 5702 oculo
2573 5650 2957 5718 respiceretur,
2992 5664 3154 5717 quam
3189 5648 3242 5701 in
3278 5649 3633 5718 parenteali-

2063 5721 2284 5790 quando
2314 5718 2415 5773 sub
2445 5720 2525 5773 ira
2550 5716 2706 5789 quaSi
2732 5716 3023 5790 peccatrix
3049 5726 3459 5789 agnosceretur.
3490 5716 3633 5774 Hac-

2063 5796 2223 5847 tenus
2240 5789 2590 5846 Catharinus.
