4038 6608
323 394 462 459 M13

1727 393 2087 456 MARIALE.

3468 402 3605 470 MM

393 506 705 576 Quomodo,
737 519 771 559 ο
801 513 950 561 casta
998 500 1165 576 Virgo
1208 503 1401 571 Mater,
1432 503 1543 561 Deo
1587 506 1911 580 charissima
1941 518 1987 575 Α
2017 508 2208 580 scepit.
2233 517 2285 565 et
2302 510 2368 565 ad
2394 510 2609 567 Patrem
2636 526 2793 568 suum
2820 514 3089 582 ascendit,
3108 530 3269 587 quem
3290 526 3471 577 tamen
3495 540 3604 578 non

322 603 442 658 sine
492 599 658 671 3&9
694 598 835 653 virili
883 599 1077 668 copula
1123 598 1420 669 peperisti?
1463 599 1741 669 quomodo
1784 615 1909 656 eum

322 695 566 758 nntristi,
600 694 692 763 qui
727 702 1011 749 creaturas
1044 693 1217 748 nutrit
1274 693 1601 749 universas?
1636 694 1913 761 quomodo

321 790 472 845 solus
504 789 620 858 ipse
652 788 822 852 novit,
856 788 949 858 qui
983 787 1226 843 universi
1253 795 1336 842 est
1364 786 1681 851 Creator,et
1708 787 1872 842 Deus.

394 901 529 967 Quis
556 902 825 971 magnalia
858 910 946 955 tua
979 916 1239 956 enarrare
1263 902 1457 972 possit,
1484 917 1516 956 ο
1545 901 1710 972 Virgo
1726 902 1914 957 casta?

326 992 493 1045 Deum
537 993 683 1045 enim
735 992 788 1045 in
824 1007 991 1046 carne
1033 992 1439 1061 supernaturali
1487 993 1699 1047 ratione
1746 1008 1911 1063 pepe-

323 1084 475 1145 risti;
526 1083 619 1153 qui
676 1099 770 1153 per
826 1093 896 1147 te,
927 1100 960 1138 ο
1003 1082 1170 1154 Virgo
1222 1084 1554 1153 castissima,
1595 1102 1623 1139 a
1673 1084 1911 1155 peccatis

323 1175 588 1229 mundum
621 1176 849 1230 retrahit
878 1177 1170 1231 universis.

397 1290 527 1345 Post
574 1301 787 1361 partum
850 1293 1023 1363 virgo,
1075 1302 1249 1358 casta,
1304 1291 1679 1363 permansisti,
1737 1292 1909 1347 Deum

324 1384 468 1436 enim
516 1385 772 1454 genuisti,
798 1400 832 1440 o
862 1387 1143 1448 inviolata.
1191 1386 1282 1456 qui
1325 1386 1564 1456 potentia
1610 1402 1708 1441 sua
1750 1386 1912 1439 inuo-

333 1478 483 1532 anil
510 1488 734 1533 naturas
767 1497 780 1533 :
810 1495 974 1549 quem
1003 1479 1233 1548 supplex
1262 1493 1358 1533 ora
1391 1494 1491 1549 pro
1516 1477 1763 1533 omnium
1798 1492 1905 1531 no-

325 1579 501 1625 strum
534 1572 731 1629 salute.

408 1682 573 1757 Virgo
604 1686 974 1748 immaculata,
1015 1685 1123 1741 Deo
1155 1685 1504 1753 charissima,
1531 1697 1681 1743 tuum
1711 1687 1909 1743 Filium

325 1782 621 1852 deprecare
652 1778 892 1841 assidue,
920 1793 988 1833 ne
1026 1794 1114 1834 me
1158 1779 1212 1833 in
1242 1780 1329 1833 die
1363 1779 1554 1850 judicii
1589 1780 1912 1837 confusione

324 1875 652 1950 perfundat;
688 1873 780 1928 sed
808 1888 933 1927 eum
965 1872 1153 1927 electis
1180 1872 1374 1928 ovibus
1400 1882 1746 1930 annumeret.

398 1986 443 2043 Ο
484 1987 642 2057 Virgo
669 1995 817 2040 casta
846 2002 969 2054 quze
1012 1987 1166 2041 ccelis
1207 1986 1369 2040 latior
1412 1987 1749 2057 apparuisti,
1779 2003 1916 2042 con-

326 2083 539 2137 tinuisti
589 2079 952 2149 corporaliter
996 2078 1187 2142 Deum,
1238 2081 1330 2149 qui
1372 2080 1755 2137 circumscribi
1805 2095 1913 2135 non

326 2182 532 2245 potest;
572 2182 625 2227 et
654 2173 905 2227 eumdem
949 2173 1207 2242 peperisti
1244 2173 1295 2227 in
1333 2174 1761 2244 redemptionem
1792 2189 1913 2230 0m-

328 2266 480 2320 nium
509 2265 602 2336 qui
629 2273 678 2318 te
712 2263 1027 2319 firmissima
1063 2264 1167 2319 fide
1199 2265 1535 2321 collaudaut.

326 2424 417 2478 Ex
453 2440 650 2489 canone
693 2424 747 2476 in
789 2423 926 2492 feria
968 2438 1027 2489 tt,
1062 2435 1176 2492 post
1210 2423 1543 2478 Dominicam
1584 2442 1613 2479 v
1663 2424 1911 2480 Pascluv.

403 2582 715 2638 Luciferum
754 2580 1062 2635 vehiculum
1104 2581 1239 2636 solis
1265 2581 1647 2639 intellectualis
1669 2598 1794 2638 vere
1828 2582 1913 2637 fa-

330 2687 417 2733 cta
445 2692 528 2740 es.
556 2691 589 2731 ο
620 2684 766 2731 casta
798 2685 853 2731 et
880 2675 1267 2739 immaculata;
1309 2690 1407 2745 per
1448 2676 1617 2746 quod,
1659 2677 1914 2732 sedentes

334 2771 388 2824 in
418 2768 657 2824 tenebris
684 2769 866 2822 lumen
898 2766 1144 2821 scientiae
1187 2767 1461 2832 viderunt,
1497 2778 1550 2823 te
1589 2784 1688 2839 pro
1730 2768 1915 2824 debito

333 2860 624 2933 gloriosam
660 2859 1013 2930 appellantes.

392 3011 480 3066 Ea:
511 3027 708 3067 canone
746 3012 799 3065 in
824 3010 962 3082 feria
999 3026 1071 3078 tv,
1098 3022 1217 3082 post
1247 3010 1483 3065 eamdem
1502 3010 1853 3066 Dominicam.

404 3144 693 3200 Dominum
732 3144 977 3199 omnium
1020 3144 1299 3214 peperisti,
1330 3159 1363 3198 o
1394 3144 1621 3199 Domina
1658 3146 1726 3200 ab
1765 3145 1913 3200 omni

2015 600 2350 667 deseruerat,
2383 604 2631 674 quamvis
2659 621 2878 661 carnem
2911 608 3263 678 suscepisset.

2091 693 2286 749 Beatus
2324 693 2500 751 factus
2519 706 2602 752 est
2633 707 2821 753 venter
2845 709 2993 765 tuus,
3019 715 3052 754 ο
3088 702 3403 771 purissima.
3438 704 3599 775 digna

2014 800 2251 855 namque
2298 787 2448 841 fuisti
2479 791 2761 845 continere
2806 806 2931 845 eum
2970 793 3133 846 modo
3172 794 3467 862 ineffabili;
3506 799 3601 868 qui

2016 876 2318 931 inferorum
2367 878 2533 949 35.9
2590 890 2831 937 ventrem
2895 885 3219 941 mirabiliter
3281 892 3599 959 evacuavit;

2014 985 2175 1039 quem
2207 985 2305 1040 pro
2337 974 2513 1027 salute
2541 985 2725 1030 nostra
2763 976 2893 1030 dum
2924 986 2975 1031 te
3008 978 3320 1046 laudamus,
3345 998 3534 1039 exora.

2085 1062 2355 1130 Christus,
2382 1064 2475 1135 qui
2521 1073 2589 1131 te,
2624 1080 2656 1122 ο
2686 1068 2776 1121 Dei
2808 1067 3075 1135 Genitrix,
3102 1070 3378 1141 Virginem
3420 1076 3602 1130 incor-

2013 1164 2230 1223 ruptam
2253 1163 2376 1225 post
2397 1167 2611 1225 partum
2636 1162 3335 1227 conservavit,ascenditad
3362 1164 3597 1232 Patrem,

2014 1261 2176 1316 quem
2231 1263 2338 1302 non
2373 1248 2761 1319 dereliquerat,
2782 1251 2906 1307 licet
2939 1270 3162 1308 carnem
3206 1260 3601 1327 assunipsisset

2013 1353 2079 1393 ex
2134 1348 2187 1394 te
2240 1340 2518 1407 praeditam
2552 1344 2731 1397 anima
2767 1343 3140 1410 intellectuali,
3176 1356 3396 1416 propter
3466 1348 3604 1404 inef-

2014 1430 2235 1488 fabilem
2269 1434 2726 1489 misericordiam.
2764 1420 2771 1428 ’

2084 1544 2420 1613 Laudamus,
2458 1563 2491 1601 o
2530 1557 2683 1603 casta
2728 1550 2929 1618 puella,
2964 1553 3374 1623 conceptionem
3415 1566 3599 1624 tuam;

2013 1639 2305 1695 laudamus
2350 1650 2567 1710 partum
2614 1642 2966 1709 ineffabilem,
3003 1661 3101 1714 per
3147 1662 3307 1717 quem
3347 1664 3376 1703 a
3404 1663 3599 1703 corru-

2015 1734 2217 1803 ptione,
2243 1743 2298 1788 et
2323 1734 2648 1802 perditione,
2690 1751 2754 1792 ac
2794 1739 3086 1794 tenebroso
3127 1740 3324 1796 inferni
3377 1757 3601 1798 carcere

2018 1828 2225 1883 liberati
2256 1845 2468 1885 sumus.

2093 1920 2137 1973 Ο
2169 1930 2389 1992 stupore
2417 1922 2572 1991 plena
2598 1924 2893 1980 miracula!
2928 1929 3206 1997 quomodo
3230 1929 3398 1985 Deum
3424 1927 3605 1986 conti-

2019 2014 2206 2078 nuisti,
2244 2030 2277 2069 ο
2324 2013 2431 2074 Deo
2481 2017 2827 2083 charissima,
2863 2021 2955 2088 qui
3004 2031 3087 2075 est
3120 2021 3598 2093 incomprehensi-

2016 2108 2281 2178 bilis?qui
2309 2124 2528 2163 carnem
2552 2125 2615 2163 ex
2648 2114 3095 2179 teemendicavit,
3116 2105 3167 2169 et
3199 2131 3322 2169 cum
3360 2117 3599 2188 plurima

2014 2202 2182 2269 gloria
2228 2202 2390 2257 hodie
2430 2202 2482 2256 in
2526 2202 2724 2257 coelum
2781 2218 3099 2277 assumptus
3148 2206 3399 2264 homines
3440 2209 3600 2264 deifi-

2013 2292 2195 2347 cavit?

2084 2382 2225 2439 Ecce
2251 2384 2420 2441 Filius
2439 2395 2588 2454 tuus,
2618 2403 2650 2442 ο
2681 2388 2930 2458 Deipara,
2958 2398 3133 2445 morte
3155 2407 3250 2459 per
3278 2406 3433 2446 suam
3468 2407 3596 2447 cru-

2014 2494 2129 2533 cem
2167 2480 2420 2549 spoliata,
2465 2482 2767 2536 resurrexit
2810 2483 2965 2537 tertia
3017 2484 3142 2550 die;
3179 2494 3232 2537 et
3268 2500 3391 2537 cum
3431 2500 3600 2554 appa-

2014 2573 2218 2628 ruisset
2242 2572 2526 2643 discipulis
2558 2573 2695 2638 suis,
2722 2575 2787 2628 ad
2832 2576 3076 2631 coelestia
3116 2578 3439 2646 emigravit;
3471 2594 3595 2633 eum

2013 2679 2123 2734 quo
2163 2676 2214 2720 te
2244 2665 2537 2722 adorantes
2564 2666 2878 2733 laudamus,
2911 2677 2965 2723 et
3002 2668 3376 2740 glorificamus
3401 2671 3453 2725 in
3480 2687 3599 2726 om-

2014 2755 2103 2809 nia
2130 2756 2350 2813 secula.

2098 2873 2213 2928 Lux
2268 2874 2335 2929 de
2390 2876 2534 2931 luce'
2560 2891 2892 2940 coruscans,
2922 2893 2989 2932 ex
3018 2887 3089 2943 te,
3145 2894 3178 2934 ο
3209 2880 3595 2944 mundissima,

2016 2975 2205 3020 exorta
2235 2975 2349 3033 est;
2388 2977 2442 3022 et
2466 2968 2777 3023 universam
2815 2969 3155 3023 infidelitatis
3200 2972 3595 3026 obscuritatem

2016 3055 2336 3125 dissipavit;
2370 3065 2423 3111 et
2454 3057 2520 3111 iis
2551 3058 2641 3127 qui
2680 3057 2732 3110 in
2784 3067 2941 3112 nocte
2986 3058 3349 3119 dormiebant.
3380 3058 3594 3112 illuxit:

2016 3155 2300 3216 propterea
2332 3148 2572 3203 universi
2597 3159 2648 3204 te
2670 3164 2769 3219 pro
2796 3148 2992 3204 merito
3014 3149 3229 3205 beatam
3260 3150 3599 3221 appellamus

328 3237 451 3294 labe
474 3237 735 3292 immunis
766 3237 903 3309 (76),
939 3236 1030 3308 qui
1061 3237 1426 3291 voluntariam
1459 3238 1769 3307 passionem
1812 3252 1905 3293 su-
1934 3242 1977 3301 C.
2017 3239 2070 3293 in
2108 3248 2369 3295 aeternum
2399 3240 2449 3295 ⁸.

331 3469 476 3524 inter
511 3464 700 3522 Maria:
735 3466 1171 3536 conceptionem.
1220 3472 1278 3519 et
1316 3464 1408 3518 Dei
1456 3463 1856 3536 maternitatem
1897 3480 1911 3518 :

332 3556 458 3595 nam
488 3539 590 3593 etsi
619 3534 1257 3607 conceptio—quindecim
1289 3548 1556 3588 annorum
1591 3534 1769 3603 spatio
1798 3551 1913 3607 ma-

333 3609 645 3665 ternitatem
676 3604 1032 3662 antevertei-it
1080 3608 1133 3659 in
1166 3604 1259 3660 Dei
1294 3616 1494 3667 mente,
1531 3614 1583 3659 et
1622 3606 1913 3675 mysterio-

331 3697 452 3735 rum
479 3680 825 3749 praevisione,
850 3676 1172 3749 maternitas
1196 3676 1571 3749 conceptionis
1594 3687 1680 3729 est
1705 3690 1909 3749 comes,

331 3766 435 3806 nec
480 3747 847 3818 computanda
888 3758 971 3804 est
1015 3747 1547 3818 sineumaternitateg
1574 3747 1908 3818 conci-ptio:

304 3814 644 3888 concipitur
673 3819 817 3874 enim
863 3835 987 3873 mox
1020 3818 1113 3872 Dei
1140 3816 1313 3870 Mater
1334 3818 1498 3888 digne
1529 3816 1731 3870 futura.
1762 3814 1914 3888 Unde

330 3885 518 3946 divina
572 3891 892 3944 materuitas
946 3890 1141 3943 futura:
1188 3888 1279 3940 Dei
1334 3885 1523 3938 Matris
1564 3887 1911 3953 conceptioni

332 3964 508 4025 adest,
542 3970 601 4013 ut
620 3961 934 4013 affinitatem
958 3974 1082 4013 cum
1114 3967 1337 4027 peccato
1362 3970 1701 4025 prarprOpere
1730 3964 1915 4008 arceat

330 4042 385 4087 et
431 4039 664 4085 avertat.
707 4029 817 4083 Nec
868 4038 1079 4081 tantum
1118 4026 1313 4081 divina
1349 4027 1673 4079 maternitas
1723 4039 1912 4079 comes

331 4105 505 4164 adest,
540 4099 635 4153 sed
666 4099 829 4155 etiam
862 4097 1120 4151 Marianae
1150 4096 1527 4165 conceptionis
1563 4095 1914 4165 adniinistra,

334 4172 547 4226 scilicet
598 4178 782 4222 tantus
814 4168 1003 4236 gratiae
1030 4177 1086 4222 et
1134 4164 1507 4236 gloriae’nitor
1571 4165 1623 4219 in
1671 4164 1913 4235 Deipara:

331 4242 627 4311 purissima
656 4235 1016 4311 conceptione
1048 4237 1332 4311 scintillat,
1364 4246 1422 4290 ut
1442 4235 1534 4289 Dei
1568 4237 1910 4311 maternitas,

332 4307 457 4380 quae
482 4322 566 4366 est
592 4307 840 4365 omnium
877 4308 1061 4363 Mariae
1098 4309 1395 4380 gratiarum
1417 4307 1648 4380 matrix,
1675 4322 1789 4380 non
1817 4307 1915 4362 de-

332 4377 587 4453 dignetur
647 4379 873 4450 puritati
923 4378 1298 4453 concep‘tionis
1347 4377 1493 4453 velut
1554 4378 1910 4453 ministrare:

334 4449 604 4521 siqttidem
632 4449 911 4522 singulare
938 4459 989 4504 et
1011 4451 1292 4522 przelustre
1317 4449 1640 4522 gratiarum
1666 4449 1913 4502 omnium

333 4517 679 4593 privilegium
714 4517 766 4577 iii
799 4517 1157 4591 conceptione
1182 4517 1389 4593 Virgini
1426 4527 1752 4588 praemature
1781 4533 1916 4593 con-

332 4588 575 4659 cessum,
622 4609 685 4646 ex
732 4593 915 4646 divina
967 4588 1316 4646 maternitate
1358 4599 1589 4659 anguste
1642 4588 1909 4643 nascitur.

334 4646 696 4719 G'r‘atiaenim
719 4672 849 4718 tunc
878 4671 1130 4717 naturam
1157 4646 1498 4731 prmpropei-e
1520 4659 1835 4721 antevertit,
1858 4671 1915 4713 ut
1940 4646 1994 4707 D

333 4736 498 4807 digna
544 4733 667 4787 Filii
713 4733 826 4807 Dei
863 4732 1036 4807 Mater
1072 4732 1476 4807 conciperetur.
1514 4731 1658 4807 Ergo
1699 4731 1909 4785 infinita

331 4800 588 4876 dignitas,
616 4815 671 4859 et
694 4805 867 4874 gratia
894 4804 1093 4876 divinae
1120 4800 1500 4876 maternitatis,
1519 4800 1905 4876 _velut_comes,

332 4869 742 4930 et'admiuistr'a
785 4878 939 4930 adest
977 4875 1344 4929 immaculata:
1384 4869 1624 4941 Virginis
1662 4870 1907 4941 Deipara:

332 4946 695 5018 conceptioni.
722 4946 846 5002 Haec
868 4945 1086 5001 Celada.
1242 4956 1255 4965 '

2092 3465 2203 3537 (76)
2243 3465 2380 3521 Cum
2417 3480 2537 3521 esse
2571 3464 2640 3519 ab
2672 3464 2822 3519 omni
2858 3464 2978 3519 labe
3013 3464 3333 3537 immunem,
3365 3463 3437 3519 sit
3475 3463 3600 3519 infl-

2021 3552 2169 3591 mum
2204 3537 2408 3591 Christi
2438 3536 2683 3589 omnium
2721 3538 2984 3604 supremi,
3014 3536 3265 3590 Christus
3295 3538 3441 3589 enim
3471 3551 3596 3590 cum

2021 3608 2317 3675 sitjustus.
2351 3608 2459 3660 duo
2505 3608 2668 3660 habet
2694 3622 2815 3676 qua:
2842 3606 3055 3676 justum
3090 3607 3367 3659 hominem
3392 3608 3601 3660 consti-

2021 3688 2203 3740 tuunt,
2230 3678 2439 3732 scilicet
2480 3678 2755 3731 declinare
2792 3693 2819 3729 a
2862 3679 3025 3741 malo,
3063 3686 3117 3731 et
3157 3678 3334 3732 facere
3365 3677 3597 3741 bonum,

2021 3751 2138 3804 sine
2170 3759 2393 3818 peccato
2424 3763 2568 3810 esse,
2596 3755 2648 3803 et
2677 3749 2970 3802 virtutibus
2997 3749 3276 3803 abundare
3310 3767 3323 3802 :
3349 3750 3601 3815 quamvis

2022 3822 2168 3873 enim
2204 3821 2322 3873 sine
2370 3828 2591 3887 peccato
2637 3833 2759 3871 esse
2807 3819 2934 3885 quid
2991 3835 3247 3888 magnum
3297 3818 3388 3881 sit,
3422 3818 3601 3887 majus

2026 3898 2206 3941 tamen
2253 3896 2337 3941 est
2367 3889 2539 3957 gratia
2575 3896 2628 3941 et
2687 3889 2981 3957 virtutibus
3021 3890 3323 3951 abundare,
3356 3898 3410 3940 et
3446 3888 3601 3957 omni

2022 3955 2525 4028 perfectione'esse
2572 3958 2881 4025 praeditum.
2920 3955 3073 4011 Unde
3102 3958 3291 4027 angeli
3335 3956 3461 4010 boni
3492 3973 3598 4028 non

2021 4027 2435 4098 distinguuntur
2462 4028 2603 4080 inter
2624 4042 2682 4080 se
2708 4043 2773 4080 ex
2809 4043 2875 4081 eo
2919 4029 3063 4095 quod
3092 4044 3199 4081 non
3229 4027 3603 4098 contraxerint

2022 4097 2257 4168 culpam,
2286 4112 2412 4151 nam
2439 4098 2620 4153 nullus
2651 4112 2840 4151 eorum
2873 4098 3122 4164 deliquit,
3164 4099 3257 4153 sed
3298 4097 3453 4164 juxta
3484 4114 3601 4150 ina-

2016 4170 2215 4240 joretn,
2246 4168 2329 4240 vel
2374 4169 2637 4240 minorem
2674 4184 2862 4222 eorum
2908 4170 3159 4238 gratiam,
3197 4168 3597 4240 sublimiorem,

2021 4239 2104 4294 vel
2141 4239 2452 4293 inferiorem
2478 4239 2653 4292 locum
2685 4240 2935 4291 obtinent
2969 4240 3022 4292 in
3056 4240 3144 4291 illa
3178 4248 3379 4292 aeterna
3425 4239 3597 4293 beati-

2023 4310 2232 4365 tudine.
2260 4310 2393 4364 Cum
2422 4310 2585 4362 etiam
2631 4307 2838 4363 Christi
2870 4308 3040 4364 Mater
3070 4307 3234 4379 Virgo
3282 4308 3598 4363 beatissima

2022 4383 2093 4437 sit
2136 4396 2451 4450 supremum
2520 4380 2787 4445 omnium,
2849 4382 2943 4449 qui
3003 4381 3106 4434 sub
3156 4380 3378 4433 Christo
3422 4380 3600 4447 capite

2021 4449 2279 4515 vivimus,
2337 4460 2396 4504 ut
2450 4465 2613 4503 nemo
2664 4451 2898 4518 negabit,
2958 4462 3011 4505 et
3063 4465 3381 4518 supremum
3428 4449 3598 4504 infimi

2024 4524 2254 4593 attingat
2282 4521 2549 4593 infimum
2589 4520 2852 4593 supremi,
2898 4520 3247 4593 manifestum
3295 4529 3377 4593 est
3435 4536 3601 4593 quam

2023 4588 2221 4647 decens
2252 4593 2343 4655 sit,
2370 4599 2426 4645 ut
2450 4591 2567 4660 ipsa
2601 4588 2673 4642 D.’
2696 4588 2859 4660 Virgo
2889 4592 2960 4645 sit
2984 4593 3130 4645 omni
3164 4592 3286 4646 labe
3315 4588 3599 4657 immunis,

2023 4673 2081 4718 ut
2108 4663 2380 4718 Christus.
2422 4660 2680 4717 Christus
2709 4663 2928 4731 quidem
2974 4677 3040 4715 ex
3074 4672 3295 4727 natura,
3325 4678 3390 4715 ex
3426 4662 3600 4731 privi-

2020 4735 2164 4804 legio
2197 4747 2374 4787 tamen
2407 4732 2525 4801 ejus
2560 4741 2752 4804 mater,
2790 4740 2849 4785 ut
2894 4733 3048 4804 locus
3082 4733 3304 4804 Christo
3336 4733 3388 4785 in
3416 4748 3479 4787 ea
3518 4733 3602 4785 lo—

2015 4801 2194 4860 cainlo
2226 4814 2563 4874 conveniret.
2593 4801 2729 4857 Vide
2762 4818 2862 4873 pro
2894 4803 2995 4857 hac
3030 4820 3088 4857 re
3124 4802 3599 4874 Nierembcrgium

2016 4878 2070 4932 iu
2099 4875 2347 4940 Theoria,
2375 4872 2403 4944 ᾗ
2440 4876 2528 4939 10,
2566 4890 2674 4929 non
2697 4875 2857 4943 longe
2884 4889 2916 4927 a
2953 4874 3245 4944 principio.

404 5113 591 5186 ‘Apud
633 5121 1204 5186 Maraccium_dein_ceps
1226 5123 1465 5186 leguntur
1508 5116 1771 5171 Tlteotocia
1816 5130 1879 5186 ex
1904 5117 2198 5186 aliocodice
2238 5116 2565 5186 deprompta;
2595 5128 2705 5177 qua:
2744 5115 3067 5186 cum__eadem
3108 5112 3209 5163 sint
3243 5113 3443 5186 omnino
3474 5121 3601 5186 neum

335 5176 607 5233 Theotociis
635 5197 782 5245 supra
821 5197 911 5245 ex”
933 5176 1235 5234 Paracletica
1277 5176 1562 5236 Eraecorum
1607 5180 1871 5243 expressis,
1906 5183 2047 5229 nobis
2090 5178 2364 5228 omittenda
2405 5184 2564 5239 erant,
2599 5176 2820 5239 quamvis
2852 5178 3117 5230 Maraccius
3141 5190 3201 5227 ea
3232 5176 3295 5225 ob
3337 5177 3600 5226 varietates

329 5245 562 5310 quasdam
582 5244 857 5296 admiserit.
876 5244 1014 5295 Eorr.
