4038 6602
339 442 480 506 ΗΠ

435 552 571 627 ᾨδὴ
606 550 673 622 γ’.
714 570 732 603 ι
756 553 876 606 Οὐκ
900 551 1075 604 ἐστιν
1110 549 1277 619 ἅγιος
1298 550 1377 615 ὡς
1406 548 1508 613 σὺ,
1540 550 1733 617 Κύριε.
1772 568 1791 600 ι

402 670 472 723 ,Ἦ
505 670 575 737 γῆ
623 667 950 737 μαστίξεται
979 667 1136 738 ἡμῶν
1160 666 1347 728 κακῶς
1398 665 1781 733 διακειμένων,
1809 667 1902 718 καὶ

329 766 420 821 ἀεὶ
448 764 548 832 τὴν
577 762 749 831 ὀργήν
778 774 871 812 σου
906 757 1303 825 συγκινούντων
1334 756 1454 809 καθ’
1483 759 1664 827 ἡμῶν,
1695 758 1903 828 οἰκτίρ-

331 874 432 927 μον
467 851 836 924 παμϐασιλεῦο
856 852 992 904 ἀλλὰ
1019 854 1223 920 φεῖσαι,
1273 853 1538 915 Δέσποτα,
1568 853 1676 907 τῶν
1703 853 1904 907 δούλων

332 964 450 1001 σου.

403 1035 724 1101 Συσσείσας,
775 1034 971 1106 Κύριε,
1025 1034 1122 1105 τὴν
1176 1039 1300 1104 γῆν,
1350 1034 1690 1107 ἐστερέωσας
1741 1036 1905 1091 πάλιν

330 1130 597 1184 νουθετῶν
622 1126 968 1197 ἐπιστρέφων
996 1126 1094 1197 τὴν
1124 1127 1412 1180 ἀσθένειαν
1445 1128 1623 1197 ἡμῶν,
1655 1127 1906 1199 στηρίζε-

331 1220 456 1271 σθαι
488 1221 545 1270 ὲν
569 1217 647 1288 τῷ
673 1217 751 1289 σῷ
780 1215 907 1287 θείῳ
942 1217 1093 1286 φόϐῳ
1122 1216 1312 1279 θέλων,
1341 1218 1677 1289 ύπεράγαθε.

400 1309 682 1374 Γεννὼσας
707 1309 940 1363 θάνατον
974 1310 1194 1381 πικρὸν,
1229 1311 1325 1363 καὶ
1362 1310 1623 1381 σεισμοὺς
1665 1310 1902 1380 βαρυτάο

323 1417 476 1465 τους,
530 1401 623 1453 καὶ
674 1398 891 1470 πληγὰς
939 1400 1273 1469 ἀνηκέστους
1314 1400 1612 1471 ἁμαρτίας,
1661 1400 1900 1469 ἀδελφοὶ,

328 1491 689 1563 ἐκφύγωμεν,
740 1492 837 1547 καὶ
893 1491 1013 1560 Θεῷ
1070 1491 1358 1562 μετανοίας
1414 1492 1649 1563 τρόπους
1703 1492 1904 1546 ἐπιδεί-

330 1587 534 1656 ξωμεν.

843 1687 856 1701 ’
949 1679 1280 1734 Θεοτόκιον.

409 1786 474 1839 Ἦ
503 1787 638 1858 μόνη
686 1786 825 1841 οῦσα
855 1787 1035 1856 ἀγαθὴ
1068 1787 1163 1840 τὸν
1201 1788 1516 1856 πανάγαθον
1539 1788 1711 1856 Λάγον
1744 1788 1900 1841 tacte-

328 1879 435 1939 νῶς
466 1877 794 1947 ὲκδυσώπει,
826 1879 925 1947 τῆς
950 1878 1235 1950 παρούσης
1253 1880 1349 1934 τοῦ
1378 1878 1604 1949 σεισμοῦ
1635 1877 1897 1950 ρυσθῆναι

329 1971 537 2034 πάντας
572 1969 765 2040 ὀργῆς,
791 1970 1019 2024 Θεοτόκε
1045 1972 1303 2041 ἄχραντε,
1337 1972 1591 2042 δεόμεθα.

569 2153 708 2225 ’ῼδὴ
734 2154 807 2207 δ’.
848 2173 866 2206 ι
903 2154 1165 2223 Χριστός
1188 2173 1308 2225 μου
1337 2155 1610 2227 δύναμις.
1650 2184 1670 2209 ι

397 2262 675 2326 Σαλεύεις,
716 2262 911 2334 Κύριε,
968 2264 1068 2334 τὴν
1115 2265 1243 2333 γῆν,
1284 2264 1603 2336 βουλόμενος
1645 2265 1902 2337 ἑδρισμῷ

326 2355 587 2424 ἀληθείας
631 2357 840 2419 πάντας
874 2358 1045 2427 ἡμᾶς,
1100 2360 1371 2424 Δέσποτα,
1421 2358 1771 2428 στηρίζεσθαι
1805 2376 1901 2412 σα-

326 2448 651 2517 λευομένους
688 2449 1018 2520 προσὸολαῖς
1062 2449 1156 2503 τοῦ
1187 2450 1362 2503 δολίου
1404 2451 1797 2522 πολεμήτορος.

399 2541 478 2612 Τῇ
507 2541 628 2611 θείᾳ
659 2542 838 2595 νεύσει
874 2560 967 2596 σου
1011 2543 1222 2605 κλονεϊς
1256 2542 1323 2595 τὰ
1361 2543 1672 2613 σύμπαντα,
1702 2544 1795 2595 καὶ
1818 2542 1903 2595 δο-

326 2630 439 2692 νεῖς
480 2632 579 2689 τὰς
626 2632 855 2697 καρδίας
887 2633 995 2684 τῶν
1039 2633 1133 2685 ἐπὶ
1185 2634 1289 2703 γῆς
1342 2632 1763 2694 κατοικούντων,
1805 2635 1901 2685 Δέ-

328 2738 521 2775 σποτα.
554 2724 662 2793 Τῆς
698 2720 793 2777 οὖν
843 2725 1058 2788 δικαίας
1088 2743 1182 2778 σου
1220 2725 1391 2794 ὀργῆς
1422 2726 1570 2791 ἄνες,
1616 2725 1805 2795 Κύριε,
1835 2726 1903 2778 τὰ

327 2814 573 2883 κύματα.

395 2908 518 2961 Οὐδ’
545 2908 679 2971 ὅλως
724 2909 940 2979 ἔχοντες
974 2912 1054 2973 εἰς
1090 2909 1215 2962 νοῦν
1243 2908 1333 2961 τὸν
1371 2907 1538 2976 φόϐον
1570 2925 1685 2968 σου,
1730 2909 1901 2974 expo-

326 2998 442 3061 ϐεἶς
466 3002 528 3069 τῇ
561 3003 773 3070 νικήσει
812 3002 994 3054 πᾶσαν
1027 3001 1126 3071 τὴν
1158 3001 1282 3068 γῆν,
1323 3001 1450 3070 μὸνε
1486 2998 1897 3069 εῦσυμπάθητεο

327 3091 463 3144 ἀλλὰ
492 3091 734 3161 συνήθως
762 3093 848 3162 ἐφ’
878 3093 1027 3162 ἡμᾶς
1070 3092 1137 3145 τὰ
1181 3090 1306 3160 ἐλέη
1344 3108 1438 3142 σου
1484 3090 1897 3159 θαυμάστωσον.

947 3268 1283 3323 Θεοτόκιον.

392 3361 538 3415 Ναόν
590 3378 672 3426 σε,
713 3360 1007 3426 Δέσποινα,
1039 3360 1175 3415 Θεοῦ
1221 3361 1599 3428 γινώσκοντες,
1650 3362 1708 3413 ὲν
1756 3360 1898 3429 ἁγίῳ

323 3451 438 3521 ναῷ
460 3466 554 3506 σου
578 3454 767 3524 χεῖρας
799 3452 1025 3523 οἰκτρὰς
1054 3454 1282 3524 αίρομεν
1323 3455 1403 3516 εἰς
1440 3452 1647 3522 δέησιν,
1688 3452 1765 3506 τδε
1798 3452 1897 3523 τὴν

324 3546 571 3600 κάκωσιν
596 3546 783 3616 ἡμῶν,
811 3550 907 3600 καὶ
934 3546 1221 3615 παράσχου
1252 3548 1351 3614 τὴν
1379 3546 1657 3616 βοήθειαν.

610 3657 751 3729 ᾨδὴ
781 3665 846 3712 e'.
891 3677 911 3711 ι
952 3657 1037 3724 Τῷ
1069 3659 1206 3726 θείῳ
1238 3657 1442 3729 φέγγει
1473 3675 1613 3714 σου.

391 3770 499 3823 Καὶ
538 3771 623 3835 σὺ,
646 3770 863 3841 καρδία,
898 3770 1143 3840 σεῐσθητι
1190 3770 1285 3824 νῦν
1315 3771 1587 3842 βλέπουσα
1628 3771 1765 3825 Θεοῦ
1795 3771 1894 3843 τὴν

319 3861 548 3932 ἀπειλὴν
598 3864 976 3933 ἐπικειμένην,
1019 3864 1115 3916 καὶ
1157 3863 1374 3933 βόησον’
1412 3866 1601 3917 Φεῖσαι
1635 3864 1730 3917 τοῦ
1762 3864 1892 3917 λαοῦ

321 3968 438 4015 σου,
466 3953 712 4004 Δέσποτα
736 3953 932 4023 Κύριε,
973 3954 1068 4005 καὶ
1098 3954 1306 4007 παῦσον
1341 3954 1439 4023 τὴν
1472 3954 1689 4008 δικαίαν
1722 3954 1893 4025 ὀργήν

320 4060 435 4106 σου,
470 4042 835 4112 εὖσπλαγχνε.

387 4132 532 4185 Λαὸν
566 4134 659 4184 καὶ
689 4133 845 4186 πόλιν
878 4134 1051 4204 ἥνπερ
1079 4133 1156 4204 τῷ
1179 4135 1254 4201 σῷ
1280 4135 1470 4202 αἵματι
1506 4134 1742 4205 ἐκτήσω,
1787 4136 1891 4207 Ἰη-

319 4220 436 4285 σοῦ,
471 4221 545 4291 μὴ
578 4221 835 4292 παραδιῖκ
865 4224 944 4284 είς
964 4220 1263 4287 ἀπώλειαν,
1298 4225 1356 4275 ὲν
1376 4220 1455 4293 τῷ
1496 4224 1890 4294 συνταράσσειν

315 4311 417 4380 τὴν
442 4311 547 4381 γῆν
577 4312 787 4382 σεισμῷ
814 4311 1050 4385 φοϐερῷ,
1083 4314 1240 4384 χορὸς
1270 4314 1378 4367 τῶν
1414 4314 1728 4369 ἀποστόλων
1758 4316 1889 4369 καθ-

320 4400 555 4453 ικετεύει
586 4418 668 4455 σε.

393 4493 579 4557 ὐδούς
614 4512 728 4557 σου,
769 4497 1036 4560 Δέσποτα,
1084 4498 1183 4561 τὰς
1221 4497 1387 4568 ὀρθὰς
1431 4497 1624 4569 γνώμῃ
1667 4499 1888 4553 ἀποκλί-

1226 442 1472 502 CANON
1513 442 1594 501 IN
1634 440 1912 501 TERRIE
1951 435 2206 499 MOTUS
2244 436 2659 497 PERICULO.

1932 554 1973 608 Α
2005 546 2279 602 Canticum
2308 548 2539 601 tertium.
2572 566 2590 598 ι
2624 545 2746 600 Non
2774 557 2849 600 cst
2881 556 3092 601 amictus
3120 556 3174 601 u.‘
3196 558 3272 615 tu,
3302 549 3573 606 Dommc.»

3435 438 3569 500 Ηὶὲ

2076 658 2244 714 Nobis
2293 677 2457 731 prave
2494 660 2721 721 aii‘ectis.
2774 662 3120 731 furoremque
3183 672 3332 718 tuum
3379 665 3580 737 iugiter

2005 753 2409 809 concitantibus
2466 762 2611 807 terra
2682 753 2982 821 ﬂagellatur
3016 795 3031 817 ,
3096 754 3407 811 misericors
3454 758 3578 810 uni-

2004 846 2147 901 versi
2180 848 2520 909 moderator,
2580 861 2766 900 verum
2804 846 3023 901 tantulis
3079 847 3189 902 tuis
3237 863 3420 917 parce,
3470 848 3578 903 Do-

2005 939 2172 992 mine.
3226 988 3231 1001 .

2077 1030 2302 1083 Terram
2369 1041 2700 1085 commotam
2754 1032 2947 1086 iterum
3007 1032 3279 1097 ﬁrmasti,
3330 1032 3576 1094 Domine.

2004 1137 2362 1177 commonens
2384 1134 2436 1176 et
2463 1133 2784 1179 convertens
2816 1125 3187 1180 inﬁrmitatem
3225 1135 3489 1192 nostram,
3520 1135 3581 1181 ut

2004 1210 2058 1264 in
2091 1212 2276 1264 divino
2303 1220 2397 1265 tuo
2429 1212 2624 1269 timore
2652 1216 3096 1281 corroborentur,
3129 1217 3380 1285 benigne.

2075 1301 2299 1357 Mortem
2351 1320 2613 1365 amaram.
2668 1316 3007 1363 tcrraemotus
3063 1310 3456 1379 gravissimos,
3499 1311 3581 1365 iu-

2004 1397 2420 1466 toleramiasque
2462 1398 2647 1467 plagas
2688 1408 2912 1469 peccata
2959 1403 3272 1468 generantia
3316 1403 3574 1467 vitemus,

2004 1492 2224 1550 fratres.
2254 1496 2306 1543 et
2343 1490 2676 1558 poenitentiae
2717 1492 2937 1547 modum
2992 1508 3210 1549 omnem
3270 1492 3381 1549 Deo
3421 1495 3577 1552 exhi-

2002 1580 2244 1635 beamus.

2588 1672 2656 1730 In
2676 1675 2983 1746 Deipa'am.

2073 1780 2567 1839 Clementissimum
2603 1782 2862 1851 Verbum,
2891 1803 3012 1857 quae
3054 1790 3170 1845 sola
3208 1790 3443 1859 benigna
3494 1807 3574 1848 es.

2006 1873 2217 1931 intense
2245 1876 2557 1945 deprecare,
2593 1889 2651 1934 ut
2709 1879 3028 1936 imminente
3082 1892 3428 1938 terramotus
3477 1884 3569 1938 ﬂa-

2004 1963 2144 2030 gello
2194 1966 2377 2020 cuncti
2422 1966 2744 2035 liberemur,
2793 1970 3002 2026 illibata
3066 1970 3319 2043 Deipara,
3378 1991 3571 2030 exora-

2004 2070 2149 2110 mus.

2141 2146 2419 2203 Canticum
2444 2160 2710 2221 quartum.
2746 2171 2765 2204 (
2794 2153 3036 2209 Christus
3066 2159 3231 2212 uirtus
3251 2176 3389 2213 mea.
3422 2179 3443 2211 ι

2075 2256 2319 2321 Terram,
2384 2260 2631 2329 Domine,
2686 2279 3029 2327 commoves.
3083 2268 3172 2321 ubi
3204 2268 3375 2322 dolosi
3413 2269 3579 2324 bella-

2004 2351 2138 2406 toris
2164 2351 2459 2409 insultibus
2492 2369 2590 2409 nos
2628 2370 2946 2420 concussos,
2981 2359 3150 2429 magis
3173 2376 3237 2415 ac
3276 2365 3454 2433 magis
3484 2381 3579 2417 ve-

2003 2442 2179 2497 ritatis
2206 2441 2558 2498 fundamento
2589 2445 2809 2500 solidari
2841 2464 3031 2504 omnes
3067 2452 3333 2522 praecipis.

2072 2532 2266 2587 Divino
2290 2544 2383 2587 tuo
2417 2545 2553 2590 nutu
2605 2547 2793 2592 cuncta
2817 2556 3146 2609 commoves,
3176 2554 3230 2600 et
3278 2546 3576 2603 incolarum

2004 2632 2163 2676 terrae
2191 2623 2351 2678 corda
2377 2627 2657 2694 concutis;
2686 2628 2822 2699 justi
2857 2646 2989 2699 ergo
3028 2630 3230 2691 furoris
3261 2636 3339 2690 tui
3377 2634 3577 2694 ﬂuctus

2002 2731 2290 2786 compone,
2334 2716 2581 2773 Domine.

2078 2896 2245 2953 Nobis
2290 2915 2558 2969 nusquam
2618 2903 2811 2959 timore
2872 2915 2965 2961 tuo
3024 2912 3316 2981 correptis,
3374 2921 3575 2968 terram

2005 2988 2311 3043 universam
2344 2999 2436 3045 tuo
2477 3004 2622 3048 motu
2670 3003 2844 3052 terres
2873 3015 2886 3051 :
2919 3015 3104 3054 verum
3132 3003 3358 3058 miriﬁca
3410 3006 3575 3061 mise-

2002 3083 2265 3141 ricordias
2317 3094 2439 3141 tuas
2490 3104 2654 3159 super
2709 3107 2826 3160 nos,
2874 3096 2965 3163 qui
3008 3096 3159 3152 solus
3200 3097 3358 3155 facile
3415 3116 3573 3156 com-

2004 3174 2230 3243 pateris.

2592 3271 2658 3328 In
2684 3271 2989 3346 Deiparam.

2070 3359 2146 3416 Te
2180 3360 2271 3416 Dei
2307 3365 2584 3435 templum,
2609 3383 2641 3421 ο
2674 3367 2927 3437 Domina,
2972 3370 3237 3443 professi,
3276 3375 3329 3430 in
3372 3379 3573 3449 templo

1998 3462 2188 3509 sancte
2216 3462 2311 3510 tuo
2346 3459 2620 3529 supplices
2667 3476 2865 3518 manus
2919 3466 3193 3523 tendimus
3233 3484 3248 3524 :
3286 3471 3403 3525 vide
3435 3472 3572 3526 atili-

1998 3543 2234 3600 ctionem
2269 3558 2534 3617 nostram,
2565 3560 2618 3606 et
2654 3555 2918 3610 auxilium
2950 3558 3144 3628 praebe.

2102 3654 2382 3713 Canticum
2423 3663 2685 3731 quintum.
2715 3686 2733 3718 ι
2763 3666 2953 3723 Divina
3000 3678 3089 3726 tuo
3118 3673 3411 3742 splendore.
3444 3695 3464 3728 ι

2064 3769 2369 3827 Concutere
2391 3775 2552 3829 etiam
2602 3788 2657 3832 tu
2687 3794 2781 3833 cor
2816 3798 2995 3836 meum
3017 3823 3032 3848 ,
3061 3787 3283 3842 attentis
3311 3789 3574 3858 ingruen-

1995 3863 2141 3918 tibus
2165 3880 2194 3918 a
2217 3865 2325 3920 Deo
2355 3869 2631 3935 periculis,
2663 3881 2715 3926 et
2766 3876 3010 3928 exclama
3044 3892 3058 3929 :
3089 3876 3276 3945 Parce,
3324 3880 3573 3948 Domine,

1994 3958 2195 4026 populo
2238 3968 2331 4013 tuo
2354 4000 2369 4023 ,
2406 3970 2459 4016 et
2490 3962 2697 4031 justum
2727 3964 2965 4022 furorem
3023 3981 3196 4036 tuum,
3225 3988 3259 4028 ο
3307 3974 3575 4046 clemens,

1993 4050 2231 4105 remitte.
2674 4082 2681 4083 ν

2053 4140 2322 4211 Populum
2354 4144 2739 4215 civitatemque
2780 4150 3047 4219 sanguine
3074 4163 3167 4208 tuo
3218 4156 3567 4227 acquisitam,

1991 4246 2060 4287 ne
2092 4233 2187 4289 des
2210 4274 2224 4300 ,
2257 4251 2291 4288 0
2321 4235 2473 4299 Jesu,
2495 4239 2547 4291 in
2603 4240 2897 4308 interitum,
2931 4246 3057 4298 dum
3102 4252 3383 4303 tremendo
3416 4262 3564 4304 motu

1991 4333 2189 4380 terram
2223 4332 2560 4396 conrutis,te
2590 4337 2957 4401 apostolorum
2986 4350 3159 4396 cmtus
3187 4352 3461 4412 precatur.

2048 4507 2092 4559 A
2127 4509 2226 4563 viis
2252 4508 2360 4563 tuis
2394 4511 2555 4565 rectis
2579 4514 2843 4568 sententia
2885 4516 3105 4587 obliqua
3125 4518 3476 4584 declinantes,
3501 4522 3570 4574 ad

315 4602 493 4649 νοντες
544 4588 801 4659 στρεϐλῇ,
845 4591 924 4652 είς
964 4592 1338 4661 ἀγανάκτησιν
1382 4592 1658 4661 τρέπομέν
1708 4609 1767 4644 σε
1796 4594 1888 4645 τὸν

2001 4596 2130 4650 iram
2162 4606 2215 4651 te
2245 4599 2588 4663 clementem,
2620 4611 2672 4656 et
2724 4602 2992 4660 malorum
3032 4607 3404 4662 immemorem
3448 4626 3571 4678 pro-

316 4678 579 4748 συμπαθῆ
604 4697 661 4731 τε
694 4680 788 4731 καὶ
811 4682 1205 4750 ἁμνησὶκακον,
1232 4683 1346 4735 ἀλλ’
1371 4684 1548 4749 ἵλεως,
1578 4684 1885 4754 οἰκτίρμον,

314 4768 471 4835 γενοῦ
495 4775 605 4832 τοίς
635 4770 841 4835 δούλοις
873 4790 991 4826 σου.

958 4868 1288 4921 Θεοτόκιον.

378 4972 494 5025 Νῦν
522 4974 771 5045 βοηθείας
793 4978 925 5048 ηλθε
963 4981 1178 5050 καιρὸς,
1220 4982 1317 5035 νῦν
1350 4982 1699 5055 καταλλαγῆς
1728 4984 1887 5056 χρεία

308 5064 449 5137 ἁγνὴ
483 5068 621 5137 πρὸς
666 5069 758 5123 τὸν
791 5068 920 5122 Υἱόν
960 5087 1054 5123 σου
1103 5073 1195 5124 καὶ
1235 5073 1461 5145 Κύριον,
1501 5075 1648 5138 ὅπως
1685 5078 1885 5127 οἰκτει-

311 5158 452 5227 ρήσῃ
486 5164 1006 5231 προσκεκρουκότας
1036 5165 1206 5235 ἡμᾶς,
1259 5167 1354 5219 καὶ
1395 5167 1492 5238 τῆς
1526 5168 1886 5240 ἐπικειμένης

305 5249 475 5320 ὀργῆς
504 5250 878 5323 λυτρώσηται.

493 5364 630 5436 ᾨδὴ
655 5372 729 5429 ς’.
768 5385 786 5419 ι
823 5368 932 5422 Τοῦ
967 5369 1117 5433 βίου
1140 5370 1256 5439 τὴν
1293 5372 1632 5430 θάλασσαν.
1680 5394 1701 5429 ι

372 5479 488 5531 Οὐκ
533 5482 767 5550 ἔχοντες,
808 5484 1078 5549 Δέσποτα,
1124 5490 1436 5560 παρρησίαν
1488 5491 1777 5559 δυσωπεῖν,
1830 5493 1883 5545 οἱ

304 5574 554 5625 ταπεινοὶ
585 5575 645 5627 τὸ
693 5574 826 5644 ὕψος
859 5594 976 5640 σου,
1010 5580 1137 5641 τοὺς
1168 5583 1462 5647 ἐκλεκτοὺς
1493 5583 1759 5651 ἀγγέλους
1786 5602 1880 5638 σου

305 5665 382 5728 είς
439 5664 648 5735 θερμὴν
705 5668 964 5738 κινοῦμεν
1020 5671 1385 5741 παράκλησιν
1439 5674 1508 5728 δι’
1538 5677 1718 5730 αὐτῶν
1782 5677 1882 5748 τῆς

304 5756 470 5831 ὀργῆς
503 5776 594 5810 σου
626 5758 808 5824 ἐξελοῦ
838 5763 1006 5831 ἡμᾶς.

376 5850 488 5906 Νῦν
519 5851 786 5923 ἔγνωμεν,
830 5856 1025 5924 Κύριε,
1061 5858 1134 5921 ὡς
1170 5858 1408 5927 ἡλέησας
1441 5863 1607 5933 ἡμᾶς,
1656 5863 1750 5915 καὶ
1783 5863 1875 5915 οὐ-

662 5947 934 6006 Ριιτιιοι..
974 5951 1092 6011 Gn.
1136 5954 1260 6015 CV.

1991 4703 2272 4753 vacamus,
2330 4689 2591 4759 Domine;
2658 4704 2714 4748 at
2762 4704 2819 4750 tu
2868 4699 3139 4769 propitius
3167 4710 3220 4756 ct
3261 4701 3570 4758 misericors

1990 4789 2111 4836 esto
2155 4783 2327 4839 servis
2364 4787 2491 4840 tuis.

2577 4883 2645 4936 In
2680 4883 2981 4952 Deiparam.

2052 4987 2217 5043 Adest
2270 5006 2414 5045 nunc
2462 4995 2817 5049 succurrendi
2856 5007 3090 5066 tempus,
3135 5014 3279 5053 nunc
3325 5001 3572 5055 reconci-

1989 5078 2216 5134 liatione
2249 5096 2370 5135 cum
2429 5083 2566 5137 Filio
2596 5094 2687 5139 tuo
2722 5097 2772 5140 et
2803 5085 3035 5143 Domino
3062 5098 3146 5144 est
3174 5106 3347 5159 opus;
3389 5102 3445 5145 ut
3471 5094 3573 5146 de-

1988 5160 2355 5242 linquentium
2389 5177 2736 5241 misereatur,
2770 5188 2824 5234 et
2867 5182 2935 5235 ab
2965 5182 3281 5238 imminente
3328 5186 3568 5254 periculo

1986 5278 2088 5317 nos
2118 5274 2295 5318 eruat.

2288 5379 2569 5434 Canticum
2599 5394 2826 5439 sextum.
2865 5404 2885 5437 ι
2904 5384 3040 5442 Vite
3059 5404 3224 5442 mare.
3260 5408 3278 5441 ι

2060 5491 2218 5549 Nulla
2267 5496 2611 5565 maiestatem
2658 5507 2805 5552 tuam
2848 5502 3107 5554 exoramli
3160 5502 3358 5556 ﬁducia
3419 5501 3563 5571 freti,

1984 5589 2190 5645 electos
2219 5599 2345 5645 tuos
2395 5592 2619 5660 angelos
2647 5593 2715 5646 ad
2746 5596 3015 5650 ferventes
3052 5612 3150 5666 pro
3193 5598 3350 5650 nobis
3380 5613 3568 5666 preces

1983 5679 2291 5736 olferendas
2321 5682 2623 5737 excitamus
2653 5703 2665 5737 ι
2697 5685 2941 5753 peritius
2985 5687 3167 5755 itaque
3195 5703 3223 5739 a
3248 5686 3432 5742 furore
3472 5698 3569 5741 tuo

1983 5788 2081 5827 nos
2114 5775 2282 5842 eripe.

2042 5864 2162 5919 iam
2197 5875 2247 5920 te
2274 5844 2761 5925 nostri'misertum
2790 5873 3132 5943 agnovimus,
3168 5875 3262 5946 qui
3293 5887 3562 5946 nusquam

3048 5968 3123 6030 45
