4038 6596
426 435 582 502 Ἰί19

1585 438 1643 499 S.
1674 431 1983 497 JOSEPIII
2016 430 2573 495 HYMNOGRAPIII

3554 430 3690 498 ιιέο

434 558 540 612 sub
600 563 740 609 terra
795 554 914 609 diro
960 569 1088 610 casu
1146 570 1245 611 nos
1307 556 1360 610 in
1404 556 1588 612 multis
1632 557 2007 626 delinquentes

2116 554 2302 623 δαμῶς
2332 558 2643 627 συνέχωσας
2677 556 2779 609 ὑπὸ
2808 556 2904 627 τὴν
2928 559 3031 629 γῆν
3065 557 3432 629 συμπτώματι
3461 558 3684 628 χαλεπῷ

431 648 665 702 obruisti
698 665 711 701 :
743 657 1024 719 propterea
1059 657 1130 713 te,
1156 648 1393 714 Christe,
1424 650 1735 705 adoramus.

500 827 870 881 Fundamenta
900 837 1058 883 terrae
1103 830 1318 884 concuti
1352 828 1599 899 prrecipis
1620 871 1633 892 ,
1687 838 1745 882 ut
1775 843 1877 882 nos
1907 827 2009 881 mi-

2114 645 2285 699 πολλὰ
2318 646 2841 717 πλημμελήσαντας.
2870 650 3223 719 ΕὊχαρίστως
3243 648 3323 702 διό
3346 667 3406 702 σε
3437 666 3682 720 προσκυ-

2114 740 2333 806 νοῦμεν,
2370 739 2593 809 Χριστέ.

2186 833 2547 901 Προστάττεις
2608 834 2933 887 σαλεύεσθαι
3001 835 3067 887 τά
3126 834 3354 901 θεμέλια
3418 834 3519 902 τῆς
3579 835 3684 901 γῆς

433 919 538 971 seri
568 918 774 972 meliori
807 920 1065 973 virtutum
1092 927 1236 973 statu
1266 920 1526 973 dimoveri
1560 920 1921 972 absistamus:
1955 926 2007 971 ct

2111 924 2256 985 ὅπως
2275 925 2434 992 ἡμεῖς
2461 925 2821 994 παυσώμεθα,
2839 927 2887 977 al
2914 926 3180 989 ταπεινοὶ,
3211 924 3532 977 σαλεύεσθαι
3557 927 3682 993 ἀρε-

433 1010 648 1065 tandem
680 1010 873 1065 timore
911 1020 1023 1076 tuo,
1047 1026 1081 1065 o
1116 1009 1371 1073 Verbum,
1407 1011 1794 1065 conlirmemur

1002 1192 1071 1247 In
1111 1193 1415 1262 Deiparam.

514 1286 712 1342 Sancta
747 1286 839 1341 Dei
872 1286 1107 1356 Sponsa,
1137 1286 1286 1340 anxii
1316 1300 1463 1339 nunc
1499 1283 1680 1353 populi
1724 1282 2004 1344 miserere,

430 1388 485 1431 et
536 1389 737 1433 motam
824 1378 1113 1432 adversum
1164 1393 1261 1431 nos
1308 1378 1399 1431 Dei
1438 1374 1857 1445 indignationem
1904 1373 2007 1426 luis

2111 1015 2219 1067 τῶν
2248 1016 2348 1085 τῆς
2371 1016 2676 1085 κρείττονος
2705 1017 2963 1084 στάσεως,
2984 1018 3079 1071 καὶ
3095 1017 3168 1088 τῷ
3195 1017 3343 1087 φόϐῳ
3374 1034 3489 1081 σου,
3518 1017 3680 1083 Λὸγε,

2112 1107 2515 1178 στηριζώμεθα.

2728 1202 3059 1256 Θεοτόκιον.

2191 1292 2349 1359 ’Λγία
2391 1293 2691 1361 Θεόνυμφε,
2732 1294 3105 1365 ἀπορούμενον
3140 1293 3256 1345 νυνὶ
3285 1293 3374 1345 τὸν
3424 1292 3513 1344 σδν
3544 1289 3674 1343 λαδν

2108 1382 2471 1451 οἱκτείρησον,
2526 1382 2621 1434 καὶ
2682 1384 2974 1451 μητρικαῖς
3024 1381 3345 1450 πρεσϐείαις
3402 1379 3500 1450 τὴν
3551 1378 3674 1430 καθ’

436 1472 698 1524 maternis
750 1470 1005 1539 precibus
1052 1468 1458 1539 quamprimum
1508 1467 1734 1519 immuta
1763 1503 1778 1528 ,
1812 1473 1862 1517 te
1894 1477 2007 1533 prc-

2111 1476 2264 1543 ἡμῶν
2302 1474 2436 1526 Θεοῦ
2480 1473 2850 1543 ἀγανάκτησιν
2895 1475 3262 1544 μεταποίησον
3309 1474 3497 1543 τάχος,
3546 1472 3675 1523 δυσ-

431 1579 548 1617 εειιιι
560 1578 642 1617 ΙΙΓ.

551 1656 831 1713 Canticum
859 1658 1157 1727 septimum.
1194 1675 1213 1708 ι
1248 1654 1498 1709 Roridam
1526 1654 1815 1723 fornacem.
1847 1670 1865 1701 ι

512 1748 837 1803 Benedictus
862 1766 943 1812 es,
981 1747 1309 1818 longanimis
1350 1746 1596 1809 Domine,
1627 1745 1720 1813 qui
1762 1752 1911 1797 motu
1953 1741 2008 1796 el

426 1840 579 1895 hiatu
654 1853 809 1897 terra:
858 1856 960 1898 nos
995 1841 1156 1896 morti
1210 1839 1434 1894 minime
1483 1838 1678 1892 dedisti
1718 1855 1731 1891 :
1766 1835 2005 1892 terruiin

428 1944 632 1987 tantum
666 1949 758 1989 eos
790 1935 880 2003 qui
914 1950 942 1987 a
974 1934 1134 1990 malis
1165 1932 1485 2002 resipiscere
1512 1931 1751 1993 student,
1783 1939 1839 1983 ut
1888 1930 1998 1982 vita

424 2027 609 2081 cuncti
651 2026 925 2081 fruantur.

520 2118 765 2187 SuSpiria
802 2133 835 2173 e
882 2116 1048 2172 corde
1086 2115 1451 2187 proferamus.
1482 2121 1535 2168 et
1584 2114 1850 2183 lacrymas
1879 2128 2004 2182 pro-

427 2206 745 2272 fundamus,
775 2219 834 2263 ut
879 2209 1157 2263 Christum
1188 2206 1472 2261 Dominum
1516 2216 1733 2274 propter
1759 2215 2005 2273 peccato-

429 2318 549 2355 rum
590 2311 899 2356 ttnslml'ttm
934 2301 1223 2355 eolluviem
1254 2310 1480 2354 cunctos
1526 2299 1727 2353 misere
1770 2308 2003 2354 atterere

428 2394 797 2459 minitantem,
832 2394 1124 2464 propitium
1158 2393 1312 2446 nobis
1347 2391 1658 2446 reddamus.

509 2484 619 2537 llen
650 2485 773 2538 me!
806 2486 1124 2548 tlamemus,
1177 2483 1243 2536 ad
1294 2480 1464 2536 Deum
1522 2480 1851 2534 altissimum
1890 2488 2005 2532 ten-

425 2572 621 2627 damus
673 2588 893 2639 manus,
930 2584 981 2627 et
1014 2574 1080 2626 de
1127 2571 1337 2640 reliquo
1368 2585 1620 2639 perversa
1647 2584 1807 2638 agere
1856 2568 2004 2622 desi-

426 2672 657 2718 stamus.
695 2664 945 2718 Salvator
976 2665 1175 2718 etenim
1220 2663 1425 2717 firmius
1457 2676 1556 2717 nos
1598 2661 1842 2716 stabilire
1872 2660 2005 2715 aﬂu-

426 2767 607 2819 ctans,
673 2762 871 2807 terram
925 2769 1138 2808 onmem
1200 2752 1643 2822 indignabundus
1676 2762 2003 2807 commovet.

1026 2846 1091 2897 In
1112 2844 1414 2911 Deiparam.

492 2936 709 2998 Aunue,
765 2936 993 2997 illibata,
1028 2944 1087 2989 ut
1122 2934 1228 2987 tuis
1277 2932 1527 3000 precibus
1572 2932 1867 2996 salvemur,
1910 2935 2003 2999 qui

428 3038 649 3097 propter
670 3028 891 3081 nimiam
925 3028 1253 3081 oﬁ‘t-ttsarum
1289 3037 1599 3081 nostrarum
1635 3024 1851 3092 copiam
1878 3060 1896 3086 ,
1924 3024 2008 3076 ira

434 3124 551 3187 Dei,
598 3124 985 3194 intentatisque
1011 3132 1065 3177 et
1096 3122 1379 3179 horrendis
1424 3119 1727 3193 grassantis
1783 3117 2009 3190 periculi

406 3210 611 3280 'minis,
638 3216 859 3287 jamjam
890 3231 1079 3272 sumus
1104 3214 1485 3272 consumendi.

568 3325 851 3381 Canticum
893 3335 1155 3381 octavum.
1193 3345 1211 3377 ι
1250 3324 1298 3378 Ε
1324 3326 1542 3394 flamma
1581 3322 1801 3378 sanctis.
1835 3340 1853 3374 ι

490 3416 648 3473 Justo
672 3419 773 3475 hoc
805 3428 897 3473 tuo
923 3418 1135 3490 ﬂagello
1178 3428 1493 3488 grassante,
1537 3426 1758 3487 repente
1802 3414 2002 3469 turbati

428 3526 641 3576 sumus,
658 3511 908 3581 benigne,
924 3520 1083 3581 teque
1100 3520 1395 3580 conspecto
1411 3510 1698 3566 adversum
1719 3523 1820 3564 nos
1838 3507 2003 3573 irato,

424 3603 737 3657 omnimoda
762 3602 1143 3673 desperatione
1171 3603 1499 3664 detinentur.

496 3792 686 3848 Manus
716 3802 768 3847 et
787 3794 977 3848 oculos
1003 3795 1069 3847 ad
1107 3793 1281 3847 solum
1320 3793 1607 3847 Dominum
1656 3790 1867 3847 salvam
1900 3808 2000 3847 nos

427 3888 718 3950 Valentem,
786 3887 1117 3948 tendamus.
1180 3886 1384 3949 fideles,
1440 3896 1494 3939 et
1556 3885 1924 3940 exclatnemus
1983 3903 1997 3940 :

428 3980 625 4032 Averte
654 3978 764 4032 cito
794 3979 928 4033 iram
967 3987 1111 4034 tuam
1147 3995 1175 4033 a
1208 3979 1650 4045 llOblS,Clll‘lSlO,
1679 3977 1771 4049 qui
1803 3977 1999 4032 Imma-

430 4086 533 4125 nus
568 4085 648 4125 CS.

495 4161 834 4231 Angelorum
880 4160 1071 4223 millia,
1118 4172 1415 4232 martyrum
1451 4171 1649 4225 cmtus,
1704 4161 1995 4231 propheta-

430 4269 578 4317 rum,
637 4253 1007 4323 apostolorum
1043 4294 1057 4318 ,
1118 4252 1512 4307 monachorum
1571 4262 1625 4307 et
1678 4253 1994 4323 pontificum

408 4332 657 4401 sanctus
704 4347 905 4402 chorus
924 4354 981 4401 te
1011 4347 1351 4418 deprecatur,
1394 4363 1574 4417 parce,
1614 4346 1862 4411 Domine,
1895 4362 1996 4417 po-

431 4440 557 4508 pulo
582 4448 673 4492 tuo
712 4439 931 4493 alllicto.

498 4529 833 4597 Misericors,
876 4530 969 4601 qui
1020 4530 1387 4585 inﬁrmitatem
1413 4572 1427 4597 ,
1459 4542 1778 4600 natumque
1804 4542 2003 4587 nostrzc
2042 4560 2083 4614 ι)

432 4621 724 4684 lubricum,
757 4634 811 4677 et
842 4624 1201 4692 pervicaciam
1254 4624 1497 4679 novisti:
1538 4625 1673 4678 iram
1713 4634 1861 4677 tuam
1915 4640 2004 4677 re-

436 4714 614 4776 mitte,
648 4723 804 4767 terra:
834 4714 1123 4767 tumultum
1169 4716 1321 4778 scda,
1349 4724 1401 4768 et
1431 4725 1521 4767 tua
1552 4714 1864 4779 clementia,
1901 4713 2007 4768 mi-

434 4818 620 4857 serere
655 4805 850 4869 nostri,
876 4803 1129 4873 benigne.

1022 4898 1085 4951 In
1121 4897 1425 4967 Deiparam.

513 4991 606 5045 Pia
647 4991 911 5060 Deipara,
958 4990 1171 5047 facilem
1214 4992 1279 5045 ad
1324 4991 1575 5058 pietatem
1612 5006 1733 5060 qua:
1773 4989 2009 5059 genuisti

436 5090 772 5143 Salvatorcm
798 5084 947 5139 :vide
973 5085 1156 5153 populi
1193 5084 1268 5137 tui
1300 5084 1641 5137 aiﬂictioncm
1671 5094 1723 5137 et
1752 5083 2008 5152 suspiria,

437 5182 682 5235 accelera
721 5187 780 5232 ut
815 5192 913 5247 pro
948 5176 1105 5230 nobis
1144 5176 1580 5230 misericordiam
1608 5175 1937 5244 depreceris.
1998 5234 2009 5242 _

435 5366 710 5421 Canticum
738 5382 960 5421 nonum.
993 5385 1011 5418 ι
1052 5364 1217 5420 Deum
1257 5367 1553 5419 hominibus
1593 5366 1765 5419 ridere
1802 5367 2004 5435 nefas.)

508 5482 645 5537 Ecce
679 5482 1009 5549 deliquimus
1038 5495 1252 5544 omnes,
1294 5494 1346 5534 et
1374 5481 1579 5536 nullius
1610 5482 1816 5551 peccati
1850 5482 2011 5535 tellus

436 5575 600 5629 noxia
655 5574 929 5629 horrendo
962 5572 1126 5626 modo
1151 5572 1481 5641 corripitur;
1530 5574 1832 5627 moniturus
1864 5575 2009 5625 enim

438 5682 539 5721 nos
580 5668 817 5721 clemens
848 5664 1109 5719 Dominus
1146 5664 1291 5718 illam
1330 5675 1495 5717 totam
1534 5666 1697 5733 agitat
1728 5683 1738 5717 :
1775 5673 2008 5718 mentem

436 5773 569 5824 ergo
613 5772 993 5822 resumamus,
1042 5766 1093 5811 et
1139 5756 1331 5811 salutis
1377 5764 1578 5811 nostra:
1615 5772 1799 5809 curam
1852 5769 2010 5824 gera-

444 5862 589 5901 IDUS.

2108 1567 2258 1621 ωποῦ
2267 1567 2363 1635 μέν
2398 1582 2479 1620 σε.

2228 1659 2365 1729 ’ῼδὴ
2394 1658 2455 1719 ζ’.
2494 1678 2512 1711 ι
2547 1660 2922 1727 Δροσοὸόλον
2945 1658 3059 1726 μὲν
3091 1650 3206 1723 τὴν
3240 1640 3509 1724 κάιιινοκ.
3544 1672 3563 1704 ι

2188 1752 2600 1822 ’Υπερύμνητος
2628 1748 2696 1814 εἷ,
2732 1751 2902 1821 Κύριε
2937 1748 3280 1820 μακρόθυμε,
3310 1749 3391 1800 ὅτι
3419 1749 3519 1799 οὐκ
3545 1749 3676 1797 ἐθα-

2112 1846 2358 1908 νάτωσας
2380 1845 2507 1907 τοὺς
2545 1844 2759 1905 οἰκέτας
2786 1859 2880 1895 σου
2914 1840 3225 1911 σπαραγμῷ
3259 1839 3350 1891 καὶ
3378 1838 3551 1905 κλόνῳ
3580 1853 3677 1901 φο-

2111 1938 2255 2011 ϐερῷ
2283 1939 2382 2007 τῆς
2413 1938 2517 2007 γῆς
2539 1954 2552 1967 ο
2600 1938 2715 1990 ἀλλ’
2745 1934 3017 2004 ἑφόόησας
3061 1932 3238 2002 ζητῶν
3273 1930 3368 1984 τοῦ
3416 1929 3674 1999 ἐπιστρέ-

2105 2031 2203 2101 ψαι
2230 2030 2338 2084 τῶν
2371 2030 2578 2094 κακῶν,
2604 2031 2700 2082 καὶ
2730 2030 2893 2097 ζῆσαι
2934 2026 3142 2087 πάντας
3175 2025 3344 2094 ἡμᾶς.

2176 2124 2488 2192 Στεναγμδν
2509 2122 2617 2176 ἀπὸ
2637 2122 2864 2191 καρδίας
2890 2118 3321 2187 ἀναπέμψωμεν.
3341 2116 3433 2167 καὶ
3457 2114 3668 2181 δάκρυα

2106 2216 2445 2287 προχέωμεν,
2476 2217 2623 2277 ὅπως
2663 2214 2822 2266 ἵλεων
2850 2212 2943 2264 τὸν
2970 2213 3246 2279 Δέσποτην
3289 2208 3503 2277 ἔχωμεν
3539 2206 3677 2273 Χρι-

2108 2311 2254 2373 στὶν,
2306 2309 2563 2379 ὲκτρίψαι
2620 2305 2831 2375 σεισμῷ
2866 2306 3074 2366 πάντας
3126 2302 3272 2372 ἡμᾶς
3328 2298 3418 2351 διὰ
3464 2296 3676 2365 πληθὺν

2108 2401 2392 2473 ἁμαρτιῶν
2425 2399 2823 2453 ὲπαπειλοῦντα
2860 2397 3067 2459 δεινῶς.

2179 2493 2370 2562 υῖμοιῑ
2403 2491 2713 2562 κράζωμεν,
2746 2488 2843 2541 καὶ
2882 2489 3069 2558 χεῖρας
3114 2482 3505 2549 ἑκπετάσωμεν
3536 2477 3675 2545 πρὸς

2107 2584 2198 2637 τὸν
2231 2584 2367 2637 Θεὸν
2410 2585 2500 2636 τὸν
2535 2582 2780 2651 ὕψιστον,
2826 2582 2919 2633 καὶ¹
2967 2574 3307 2645 παυσώμεθα
3355 2572 3447 2625 τοῦ
3482 2568 3675 2623 λοιποῦ

2108 2679 2284 2730 ποιεῖν
2312 2677 2379 2730 τά
2406 2675 2643 2743 πονηρά.
2677 2673 2787 2726 Καὶ⁵
2817 2673 2925 2741 γάρ
2952 2673 2980 2724 ὁ
3008 2669 3199 2737 Σωτὴρ
3228 2664 3547 2734 ἀγανακτῶν
3578 2678 3675 2713 σα-

2108 2772 2252 2826 λεύει
2282 2772 2498 2825 ἃπασαν
2530 2768 2627 2838 τὴν
2666 2767 2791 2835 γῆν,
2824 2765 3073 2834 στηρίξαι
3103 2762 3270 2814 θέλων
3297 2759 3465 2829 ημᾶς.

2732 2859 3065 2912 Θεοτόκιον.

2182 2956 2411 3019 Νεῦσον,
2466 2954 2724 3024 ἄχραντε,
2765 2948 3003 3017 σωθῆναι
3040 2948 3161 3009 ταῖς
3206 2942 3523 3015 πρεσϐείαις
3551 2956 3674 3003 σου,

2110 3045 2471 3116 ἀφανισθῆναι
2505 3040 2794 3111 μέλλοντας
2833 3039 2890 3090 ὲν
2916 3038 3051 3107 ὀργῇ
3082 3032 3239 3099 Θεοῦ,
3274 3032 3367 3086 καὶ
3392 3030 3548 3099 θυμῷ
3574 3046 3676 3098 με-

2114 3141 2264 3212 γάλῳ
2296 3139 2391 3193 καὶ
2437 3134 2651 3207 φρικτῷ
2681 3133 2777 3202 τῆς
2814 3129 2909 3183 νῦν
2942 3128 3278 3198 ἐπελθούσης
3307 3124 3552 3193 ἀπειλῆς,
3588 3122 3679 3174 διὰ

2030 3237 2073 3295 C
2106 3236 2167 3289 τὸ
2198 3232 2399 3302 πλῆθος
2430 3229 2541 3283 τῶν
2574 3225 2785 3279 πολλῶν
2820 3219 3235 3291 ἁμαρτημάτων
3262 3218 3441 3289 ἡμῶν.

2319 3344 2459 3415 ’ῼδὴ
2488 3348 2563 3411 η’.
2604 3360 2622 3393 ι
2664 3340 2765 3393 Ἐκ
2795 3334 3019 3406 φλογὸς
3040 3332 3167 3399 τοῖς
3192 3332 3401 3395 ὁσίοις.
3442 3347 3461 3381 ι

2183 3441 2297 3510 Τῆς
2317 3438 2531 3499 δικαίας
2557 3451 2651 3487 σου
2677 3431 2882 3501 ταύτης
2904 3428 3094 3499 ὀργῆς,
3121 3425 3491 3495 φιλάνθρωπε,
3518 3418 3679 3472 ἐπελ-

2111 3536 2307 3602 θούσης
2336 3530 2572 3601 ἀθρόως,
2634 3520 3139 3592 συνεταράχθημεν,
3196 3518 3291 3570 καί⁵
3343 3510 3679 3581 ἀπελπισμῷ

2112 3626 2367 3681 παντελεῖ
2395 3618 2819 3690 συνεσχέθημεν,
2844 3608 3395 3682 προσαγανακτοῦντα
3441 3605 3675 3678 ὁρῶντες

2110 3718 2233 3773 καθ’
2270 3714 2425 3786 ήμῶν
2458 3730 2536 3765 σε.

2196 3806 2586 3872 Ἀνατείνωμεν
2622 3803 2831 3871 χεῖρας,
2893 3797 3097 3860 πιστοὶ,
3154 3793 3249 3847 καὶ
3276 3793 3499 3862 ὄμματα
3541 3790 3677 3859 πρὸς

2110 3901 2202 3954 τὸν
2242 3900 2401 3969 μόνον
2444 3892 2721 3960 Δεσπότην
2747 3889 3064 3957 δυνάμενον,
3098 3885 3419 3955 κράζοντες*
3450 3883 3672 3952 Χριστὲ,

2111 3994 2203 4047 τὸν
2228 3989 2398 4060 θυμόν
2424 4006 2515 4040 σου
2553 3982 2879 4053 ὲπίστρεψον
2907 3979 2999 4048 ἀφ’
3030 3979 3185 4049 ἡμῶν
3219 3978 3446 4047 ταχέως,
3491 3974 3678 4044 φιλάν-

2112 4086 2329 4155 θρωπος
2358 4082 2640 4150 ὑπάρχων.
3170 4136 3171 4139 η

2184 4174 2437 4235 Χιλιάδες
2488 4168 2759 4237 ἀγγέλων,
2798 4166 3094 4237 μαρτύρων
3142 4163 3419 4231 σύλλογος,
3465 4177 3679 4232 προφη-

2112 4271 2240 4335 τῶν,
2273 4263 2606 4325 ἀποστόλων,
2639 4259 2803 4313 ὁσίων
2844 4257 3115 4329 ίεραρχῶν
3145 4256 3298 4322 ἅγιος
3338 4252 3521 4325 χορὸς,
3563 4254 3677 4304 ἰκε-

2110 4363 2257 4417 τεύει
2292 4377 2372 4425 σε,
2403 4358 2670 4419 Δέσποτα,
2710 4353 2892 4421 φεῖσαι
2924 4350 3019 4404 τοῦ
3059 4348 3189 4403 λαοῦ
3231 4365 3349 4414 σου,
3380 4346 3475 4399 τοῦ
3511 4362 3676 4398 τετα-

2112 4452 2474 4523 πεινωμένου.

2195 4548 2253 4599 '0
2301 4542 2607 4611 γινώσκων,
2660 4538 2962 4606 οἰκτίρμον,
2999 4532 3060 4586 τὸ
3106 4530 3330 4594 ἀσθενὲς
3382 4528 3559 4599 ἡμῶν,
3588 4529 3679 4580 καὶ

2110 4635 2387 4693 εὐόλισθον
2429 4632 2610 4700 πάντη
2655 4630 2749 4681 καὶ¹
2801 4626 3146 4698 ἀδιόρθωτον,
3180 4623 3306 4685 ἄνες
3356 4621 3455 4691 τὴν
3489 4619 3682 4689 ὀργὴν,

2111 4731 2205 4783 καὶ
2230 4728 2318 4780 τὸν
2345 4726 2582 4795 τάραχον
2617 4721 2875 4785 κόπασον,
2908 4719 3004 4770 καὶ
3030 4716 3108 4786 τῷ
3135 4713 3213 4784 σῷ
3244 4713 3382 4766 ἐλέει
3409 4712 3684 4781 οίκτείρη-

2114 4837 2227 4886 σον,
2264 4819 2569 4890 οἱκτίρμον.

2730 4904 3063 4959 Θεοτόκιον.

2185 5002 2483 5073 Συμπαθὴς
2511 4999 2767 5059 Θεοτόκε,
2799 4995 2888 5048 τὸν
2930 4992 3352 5062 εὐσυμπάθητον
3381 4991 3415 5059 ἠ
3448 5004 3687 5040 τεκουσα

2114 5098 2366 5165 Σωτῆρα,
2426 5095 2499 5148 ἴδε
2530 5096 2625 5161 τὴν
2672 5091 2938 5153 κάκωσιν,
2972 5087 3069 5139 καὶ
3120 5085 3210 5136 τὸν
3259 5080 3563 5149 στεναγμὸν
3591 5079 3688 5131 τοῦ

2114 5189 2244 5242 λαοῦ
2278 5204 2393 5250 σου,
2422 5187 2517 5239 καὶ
2543 5184 2772 5253 τάχυνον
2794 5179 2885 5232 τοῦ
2914 5176 3291 5248 παρακαλέσαι
3316 5174 3462 5244 ἡμᾶς
3492 5176 3691 5224 οἰκτει-

2117 5282 2369 5357 ρηθῆναι.

2197 5372 2336 5443 ’ῼδὴ
2366 5368 2433 5426 θ’.
2481 5387 2499 5419 ι
2541 5370 2689 5421 Θεὸν
2718 5365 3050 5433 ἀνθρώποις
3077 5358 3567 5416 ἰδεῖν-’ἀδύνατοι
3597 5378 3615 5408 ι

2198 5486 2326 5537 Ἰδοὺ
2365 5483 2415 5535 οἱ
2459 5481 2659 5542 πάντες
2703 5481 2861 5549 ἡμεῖς
2892 5476 3252 5545 ἐπταίσαμεν,
3299 5474 3393 5526 καὶ
3440 5471 3691 5540 φοϐερῶς

2114 5582 2147 5647 ἡ
2198 5577 2270 5645 γῆ
2322 5573 2488 5645 μηδὲν
2546 5573 2813 5641 σφαλεῖσα
2869 5568 3192 5631 κολάζεται’
3253 5563 3521 5619 νουθετῶν
3577 5562 3685 5629 γὰρ

2117 5672 2263 5740 ἡμᾶς
2287 5668 2313 5718 ὁ
2342 5664 2744 5735 φιλάνθρωπος,
2778 5662 2905 5731 ὃλην
2940 5660 3108 5730 αὐτὴν
3137 5658 3373 5711 σαλεύει.
3416 5656 3685 5723 [λάϐωμεν

2117 5759 2390 5829 αἴσθησιν,
2426 5756 2521 5808 καὶ
2564 5755 2663 5825 τῆς
2696 5751 2970 5823 σωτηρίας
3019 5750 3228 5804 ἑαυτῶν
3270 5746 3687 5818 ἐπιμελώμεθα.
