4038 6624
343 452 470 517 1421

1203 456 1581 518 LAUDATIO
1616 457 1677 517 S.
1717 456 2272 516 BARTIIOLOM.’E[
2315 457 2701 518 APOSTOLI.

3432 449 3567 512 1422

360 627 366 633 ,
423 573 592 641 Ὠρῶν
642 575 736 627 καὶ
785 573 992 643 χρόνων
1050 574 1310 645 ὑπάρχων
1351 576 1573 645 Κύριος,
1622 575 1721 645 μιᾷ
1767 576 1903 645 ῥοπῇ

2072 572 2341 626 Horarum
2390 581 2445 627 et
2497 585 2802 643 temporum
2837 585 2958 626 cum
2993 571 3072 625 sis
3115 568 3399 631 Dominus,
3459 585 3568 622 uno

337 664 606 734 ἠθέλησας
641 664 894 735 ἑκτρίψαι
941 665 1068 728 τοὺς
1121 665 1339 729 δούλους
1387 683 1519 719 σου·
1549 667 1654 718 ὑπὸ
1701 665 1757 718 δὲ
1799 666 1898 731 τῆς

343 755 542 826 πολλῆς
569 755 970 826 εὐσπλαγχνίας
989 774 1105 820 σου,
1128 757 1394 822 Δέσποτα,
1415 757 1711 827 ὲκωλύθης·
1736 758 1897 826 εὺχα-

348 845 638 916 ριστοῦμέν
679 863 781 912 σοι,
828 848 876 901 oi
907 848 1298 917 ἀναπολόγητοι
1329 851 1513 918 ἡμεῖς,
1552 849 1678 919 μόνε
1715 849 1900 919 φιλάν-

347 930 550 999 θρωπε.
773 937 778 942 ’

413 1023 668 1086 Σεισμοῦ,
720 1027 1011 1096 μαχαίρας,
1058 1029 1264 1097 πικρᾶς
1302 1028 1576 1094 ἁλώσεως,
1625 1031 1721 1083 καὶ
1759 1029 1900 1082 ἐθνι-

343 1115 469 1182 κῆς,
483 1115 528 1166 Χ
537 1116 708 1184 ριστὲ,
729 1117 1049 1188 ἐπιδρομῆς,
1070 1121 1164 1172 καὶ⁴
1189 1138 1251 1172 συ
1260 1120 1579 1190 μπτώσεως,
1604 1124 1699 1178 καὶ
1717 1124 1898 1194 λιμοῦ,

343 1208 438 1256 καὶ
470 1205 788 1270 κακώσεως,
831 1208 1098 1280 Δέσποτα,
1138 1211 1317 1281 πάσης
1371 1212 1559 1282 ἄλλης,
1594 1215 1898 1284 οίκτίρμον,

345 1293 508 1368 ῥῦσαι
537 1299 632 1350 καὶ
662 1298 820 1351 πόλιν
850 1315 965 1363 σου,
1006 1301 1222 1355 ἃπασαν
1253 1320 1312 1355 τε
1352 1303 1534 1374 χώραν
1570 1304 1668 1376 τὴν
1699 1306 1903 1368 πιστῶς

345 1387 374 1439 ὑ
383 1388 642 1457 μνολογοῦ
652 1391 748 1443 σάν
781 1409 862 1446 σε.

428 1478 490 1530 Ἦ
520 1480 592 1550 γῆ
645 1482 942 1549 ἀγλώσσως
977 1485 1074 1556 βοᾷ
1118 1485 1465 1551 στενάζονσα·
1503 1487 1567 1540 Τί
1620 1505 1686 1558 με
1715 1489 1906 1552 κακοῖς

348 1571 592 1646 μιαίνετε
637 1573 876 1638 πολλοῖς,
901 1576 1108 1640 πάντες
1137 1576 1431 1647 ἀνθρώποι,
1455 1579 1548 1631 καὶ
1575 1580 1730 1650 ήμῶν
1758 1581 1786 1632 ὁ
1808 1581 1905 1632 Δε-

347 1661 552 1731 σπότης
605 1665 952 1735 φειδόμενος,
1004 1670 1170 1739 μόνην
1211 1669 1322 1740 ,ἐμὲ
1372 1671 1657 1740 μαστίζει;
1713 1671 1906 1725 λάϐετε

345 1755 617 1824 αἴσθησιν,
645 1758 739 1810 καὶ
767 1761 824 1813 ἐν
856 1762 1117 1831 μετανοίᾳ
1144 1762 1236 1815 τὸν
1264 1762 1398 1816 Θεὸν
1423 1763 1800 1828 ὲξιλεώσασθε.

968 1894 1297 1948 Θεοτόκιον.

412 2002 621 2073 Φθορᾶν
646 2003 723 2076 τῷ
768 2005 972 2060 τίκτειν
1017 2007 1093 2077 μὴ
1146 2007 1488 2078 ὑπομείνασα
1532 2008 1902 2078 καταφθορᾶς,

349 2094 613 2163 Παρθένε,
649 2096 831 2160 ἐξελοῦ
859 2099 1008 2168 ἡμᾶς
1041 2098 1305 2166 ἅπαντας,
1341 2102 1434 2154 καὶ
1475 2099 1700 2171 σεισμοῦ
1733 2100 1904 2172 papu-

346 2184 508 2238 τάτου
536 2188 630 2239 καὶ
645 2187 895 2258 Θλίψεως,
925 2189 1170 2244 παύουσα
1193 2189 1286 2244 τοῦ
1307 2191 1578 2245 Δεσπότου
1605 2192 1704 2263 τὴν
1733 2193 1907 2261 ἀγαν-

345 2277 598 2346 άκτησιν,
632 2279 726 2333 σοῦ
782 2284 902 2346 ταῖς
938 2285 1232 2353 μητρικαῖς
1275 2284 1663 2354 καταλλαγαῖς,
1707 2284 1910 2354 Θεοχα-

349 2369 536 2436 ρίτωτε
547 2409 560 2424 .

367 2531 607 2548 *ἡ

1932 1928 1993 1990 Β

2002 667 2261 735 temporis
2288 675 2561 720 momento
2580 681 2766 721 servos
2791 676 2912 719 tuos
2939 664 3166 734 perdere
3181 662 3566 719 constitueras.

2004 757 2109 812 nisi
2153 773 2182 811 a
2213 759 2379 812 multa
2412 768 2504 813 tua
2533 758 2818 813 clementia
2838 756 3143 827 prohibitus
3174 754 3371 808 fuisses
3401 771 3414 807 :
3445 768 3572 821 gra-

2007 859 2086 903 tes
2126 849 2246 903 ideo
2274 849 2564 906 referimus
2591 849 2822 920 benigne
2849 889 2864 914 ,
2891 849 3042 904 onmi
3087 847 3232 902 enim
3269 845 3570 916 patrocinio

2005 940 2244 996 destituti
2276 956 2516 997 eramus.

2081 1035 2124 1085 Α
2161 1041 2491 1096 ιοτιιωιηοιυ,
2543 1031 2745 1102 gladio,
2803 1031 2938 1086 dura
2967 1029 3302 1102 captivitate,
3331 1027 3570 1097 gentium

2010 1120 2231 1176 incursu
2261 1162 2274 1182 ,
2305 1137 2434 1178 casu
2476 1123 2726 1188 adverso,
2763 1121 2905 1176 fame
2926 1161 2940 1185 ,
2971 1129 3027 1175 et
3071 1119 3266 1189 quavis
3293 1119 3395 1172 alia
3428 1114 3582 1170 (ποια-ι’

2011 1214 2212 1274 mitate,
2235 1212 2448 1268 Christe
2466 1213 2780 1269 misericors
2818 1213 3066 1278 Domine,
3113 1212 3387 1267 civitatem
3423 1219 3574 1264 tuam

2011 1304 2396 1374 regionemque
2451 1320 2710 1372 omnem,
2775 1317 2826 1360 te
2879 1305 3109 1360 ﬁdeliter
3166 1303 3527 1359 celebrantem
3563 1340 3578 1366 ,

2007 1398 2172 1465 eripe.

2078 1488 2222 1542 Muto
2271 1503 2527 1546 sermone
2567 1490 2851 1560 suspirans
2885 1489 3049 1545 tellus
3093 1489 3400 1544 exclamat:
3433 1485 3576 1552 Quid

2008 1595 2095 1634 me
2145 1589 2224 1633 tot
2271 1581 2428 1637 malis
2461 1582 2728 1652 polluitis,
2763 1582 3040 1645 homines,
3097 1581 3302 1651 quibus
3342 1579 3389 1634 si
3433 1578 3577 1633 Deus

2007 1681 2215 1740 parcat.
2243 1673 2412 1727 solam
2447 1689 2533 1729 me
2561 1674 2824 1744 corripit?
2857 1674 3120 1730 resumite
3145 1681 3406 1739 mentem,
3434 1680 3486 1724 ct
3521 1670 3574 1725 in

2009 1764 2328 1834 pmnitentia
2355 1765 2566 1834 placate
2589 1766 2781 1821 Deum.

2609 1892 2676 1949 In
2711 1895 3023 1966 Deiparam.

2073 2008 2205 2076 Quae
2252 2011 2655 2080 corruptionem
2714 2013 2769 2068 in
2817 2013 3077 2084 pariendo
3107 2025 3214 2066 non
3271 2009 3568 2080 pertulisti,

2003 2111 2258 2168 cunctos,
2287 2118 2320 2158 ο
2353 2100 2519 2172 Virgo
2545 2143 2561 2168 ,
2593 2104 2661 2160 ah
2713 2105 2956 2168 interitu,
2991 2113 3324 2168 terraemotu,
3362 2112 3415 2156 et
3445 2103 3566 2158 allii-

2003 2194 2206 2259 ctione,
2241 2193 2454 2249 Domini
2484 2196 2850 2270 indignatione
2881 2204 3126 2252 materno
3156 2207 3248 2252 tuo
3270 2197 3576 2252 interventu

2007 2287 2213 2348 sedata,
2241 2285 2433 2356 libera,
2457 2301 2492 2344 ο
2513 2285 2623 2343 Deo
2653 2287 2986 2359 gratissima.

1011 2684 1524 2790 JOSEPHI
1603 2689 2129 2795 HUMILIS
2186 2689 2353 2791 ET
2413 2627 2852 2791 MlNlMl

1794 2882 2142 2939 LAUDATIO

616 3037 739 3124 ΙΝ
825 3037 1365 3130 S—ANCTUM
1440 3038 2152 3164 APOS'I‘OLUM
2237 3035 3318 3130 BABTHOLOMzEUM.

1472 3219 1637 3283 (Apud
1658 3218 1857 3272 Surium
1875 3220 1935 3270 ad
1955 3220 2086 3270 diem
2107 3219 2168 3270 ﬁt
2195 3218 2448 3282 Augusti.)

375 3499 378 3504 .
420 3460 458 3514 l.
482 3458 947 3530 llnjnsconciorzis
964 3459 1907 3531 amtor,etdieil‘estijucunditatem
1937 3472 1979 3530 ο
2013 3463 2362 3522 felicitatem!
2391 3462 2436 3520 Ο
2485 3460 2703 3534 qualem
2730 3460 2817 3516 hic
2859 3459 3066 3514 invenit
3109 3457 3451 3526 magistrum,
3487 3453 3610 3536 qui.

350 3554 686 3623 spiritualem
711 3552 868 3607 nobis
901 3553 1180 3609 aﬂercntis
1217 3553 1484 3620 hilaritas,
1505 3563 1588 3610 est
1606 3554 1664 3610 Β.
1691 3570 1913 3626 aposto-

351 3649 437 3702 lus
466 3646 913 3710 Bartholomaeus,
955 3647 1069 3716 qui,
1096 3662 1218 3702 cum
1250 3647 1466 3703 divinus
1501 3649 1573 3704 sit
1611 3651 1912 3719 apostolus,

349 3749 404 3792 ct
472 3739 694 3793 luminis
739 3739 1022 3808 splendore
1062 3740 1321 3811 purisque
1361 3741 1420 3796 S.
1455 3741 1692 3813 Spiritus
1739 3743 1915 3815 fulgo-

353 3829 503 3884 ribus
536 3839 743 3884 tantum
781 3830 1102 3896 illustretur,
1143 3842 1400 3901 quantum
1439 3834 1618 3889 verbis
1654 3836 1913 3904 explicari

352 3937 458 3974 non
486 3931 658 3990 potest
682 3941 695 3976 :
721 3915 879 3978 nobis
904 3925 1066 3977 etiam
1095 3924 1276 3976 lumen
1303 3926 1559 3994 suggerit,
1584 3927 1675 3994 qui
1702 3940 1911 3980 sacram

351 4023 404 4066 ct
428 4015 717 4083 gloriosam
738 4015 858 4081 ejus
880 4016 1196 4069 memoriam
1219 4017 1580 4071 celebramus.
1613 4017 1724 4087 Age
1752 4018 1915 4087 igitur

350 4105 552 4158 divinis
591 4105 815 4159 vocibus
869 4105 1019 4159 illum
1057 4107 1432 4161 collaudantes
1469 4123 1633 4177 quam
1677 4109 1913 4162 maxime

351 4208 665 4263 possumus,
705 4193 887 4246 divina
928 4193 1098 4262 ipsius
1135 4197 1447 4250 narratione
1475 4196 1829 4264 delectemur,
1861 4207 1914 4252 et

351 4281 755 4335 laudationibus
787 4281 1119 4336 honoremus
1147 4283 1322 4337 virum
1354 4285 1545 4354 quovis
1579 4286 1786 4342 honore
1820 4292 1911 4341 su-

349 4374 640 4440 periorem.
675 4371 985 4428 Laudemus
1027 4375 1330 4443 apostolum
1375 4391 1405 4430 a
1439 4378 1546 4431 Deo
1583 4377 1702 4447 ipso
1731 4377 1916 4433 lauda-

351 4473 488 4519 tum.
526 4463 749 4520 Beatum
779 4466 1135 4535 prmdicemus
1165 4483 1308 4532 cum,
1337 4469 1428 4538 qui
1462 4484 1678 4539 semper
1717 4471 1912 4527 beatus

348 4565 450 4610 cst.
488 4555 618 4627 Ejus
658 4558 883 4626 gloriam
933 4557 1271 4615 celebremus
1297 4575 1457 4628 quem
1507 4561 1702 4617 extulit
1729 4561 1911 4616 divina

350 4649 542 4717 gloria.
595 4649 886 4704 \’idaamus
934 4655 1184 4720 quisnam
1229 4663 1354 4708 ante
1407 4654 1592 4719 fuerit,
1638 4664 1692 4710 et
1739 4656 1914 4725 qualis

348 4750 532 4809 postea
572 4744 832 4805 evaserit,
880 4745 1337 4812 quemadmodum
1393 4747 1485 4816 qui
1535 4747 1684 4816 prius
1745 4748 1910 4802 idiota

345 4839 484 4893 erat,
514 4841 570 4885 et
591 4847 878 4900 pauperem
917 4836 1083 4887 vitam
1120 4837 1334 4904 agebat,
1364 4838 1510 4891 omni
1546 4853 1610 4892 ex
1636 4850 1786 4908 parte
1820 4854 1909 4892 εει-
1945 4823 1988 4877 ί)

346 4925 501 4992 piens
530 4923 775 4989 cﬂ‘ectus,
803 4937 856 4979 ct
889 4930 1131 4981 omnium
1157 4931 1423 4984 honorum
1450 4931 1655 4987 divitiis
1686 4942 1913 4987 ornatus

346 5014 508 5068 fuerit
538 5033 552 5068 :
579 5017 1034 5084 quemadmodum
1063 5035 1092 5074 c
1117 5025 1358 5076 terrestri
1386 5024 1625 5079 cmlestis
1656 5026 1914 5090 evaserit,

344 5123 374 5162 e
406 5107 634 5162 minimo
669 5109 959 5174 maximus,
1011 5121 1065 5166 et
1096 5128 1159 5167 ex
1202 5115 1436 5184 piscium
1482 5117 1754 5186 piscatore
1815 5118 1913 5171 ho-

347 5199 554 5254 minum
593 5200 831 5270 piscator
862 5201 1042 5258 factus
1079 5204 1171 5260 sit.

419 5289 482 5345 ll.
528 5292 716 5362 itaque
748 5308 870 5348 cum
916 5295 1058 5351 Deus
1094 5299 1210 5366 ipse
1257 5298 1425 5354 homo
1460 5299 1655 5367 factus,
1693 5312 1914 5371 propter

345 5385 732 5440 misericordiae
763 5402 877 5441 suae
905 5388 1111 5444 viscera
1149 5402 1393 5447 nostrum
1418 5409 1619 5464 corpus
1647 5407 1909 5468 gestaret,

343 5489 396 5528 (ιι
428 5475 820 5546 discipulorum
852 5481 1120 5536 delectum
1157 5484 1402 5551 haberet,
1426 5487 1494 5551 is,
1536 5489 1784 5559 inquam,
1818 5490 1909 5559 qui

343 5573 607 5638 praenovit
639 5573 822 5625 omnia
888 5575 1204 5644 priusquam
1235 5589 1584 5646 generentur,
1620 5581 1916 5636 celeberri-

346 5675 493 5713 umm
545 5665 850 5731 apostolum
888 5667 1344 5723 liartholomzeum
1395 5671 1613 5741 delegit,
1649 5675 1910 5728 amicum-

341 5765 448 5819 que
501 5752 603 5806 sibi
654 5770 838 5810 verum
893 5769 945 5812 ct
1002 5761 1211 5814 Iidelem
1270 5765 1566 5832 cooptavit.
1615 5763 1659 5818 Ο
1717 5766 1913 5819 divime

344 5845 646 5902 vocationis
693 5852 1090 5919 praestantiam!
1123 5855 1166 5908 0
1205 5872 1457 5927 magnam
1494 5869 1546 5912 et
1577 5859 1910 5930 singularem

2019 3559 2272 3614 maximis
2334 3557 2608 3629 mysteriis
2658 3570 2782 3609 eum
2853 3552 3113 3615 initiavit,
3178 3560 3231 3604 et
3285 3541 3602 3628 sapientem

2016 3652 2219 3708 cﬂ‘ecit!
2250 3649 2294 3707 Ο
2323 3650 2537 3705 beatam
2576 3648 2720 3703 illam
2763 3647 3025 3707 animam,
3085 3643 3304 3712 dignam
3348 3633 3610 3694 babitam’

2017 3761 2137 3816 quae
2167 3761 2288 3800 cum
2318 3743 2426 3799 Deo
2446 3751 2790 3807 versaretur,
2824 3754 2949 3794 cum
2981 3737 3088 3791 Deo
3127 3745 3181 3790 et
3212 3735 3587 3803 omnipotente
3613 3780 3616 3811 τ

2017 3836 2246 3892 Domino
2287 3835 2467 3890 cibum
2502 3841 2760 3895 sumeret,
2790 3839 2844 3883 et
2876 3842 3032 3884 sacra
3067 3826 3340 3886 doctrina,
3381 3822 3584 3876 oratio-

2017 3943 2139 3982 nem
2170 3936 2223 3980 et
2256 3923 2560 3980 facultatem
2589 3935 2805 3976 omnem
2835 3926 3152 3988 superante,
3186 3913 3581 3969 instrueretur!

2086 4017 2174 4072 ΙΙΙ.
2207 4016 2400 4071 Postea
2436 4028 2565 4068 vero
2599 4027 2758 4080 quam
2793 4011 3111 4080 magistrum
3141 4023 3300 4061 suum
3342 4006 3395 4058 in
3421 4019 3584 4058 cruce

2019 4111 2290 4172 suliixum,
2343 4106 2700 4176 etnndemqne
2743 4103 3036 4171 sepultum,
3078 4111 3132 4156 et
3174 4107 3297 4170 post
3336 4111 3584 4153 resurre-

2015 4203 2250 4258 ctionem
2272 4200 2337 4254 ad
2369 4199 2538 4255 caelos
2573 4196 2956 4253 ascendentem
2987 4193 3142 4254 vidit,
3169 4202 3221 4247 et
3253 4189 3583 4245 sanctissimi

2020 4295 2254 4364 Spiritus
2297 4291 2462 4356 dono,
2501 4305 2655 4360 atque
2706 4304 2770 4343 ac
2818 4287 3015 4354 reliqui
3062 4285 3319 4356 apostoli,
3351 4284 3585 4337 donatus

2016 4399 2117 4454 est,
2158 4397 2414 4456 tanquam
2449 4397 2747 4454 generosus
2777 4379 2976 4450 aliquis
3013 4379 3191 4439 miles,
3234 4375 3586 4431 validissimis

2017 4479 2184 4533 armis
2223 4475 2461 4546 undique
2517 4473 2784 4535 munitus,
2841 4472 3105 4526 adversus
3148 4459 3348 4523 hostile
3383 4467 3582 4521 bellum

2016 4564 2284 4642 prosiluit,
2320 4579 2374 4623 et
2423 4570 2574 4640 ipsos
2600 4566 2822 4638 quidem
2863 4565 3050 4620 hostes
3090 4562 3428 4616 validissime
3462 4575 3585 4629 per-

2025 4664 2214 4729 cussit,
2244 4664 2328 4718 bis
2348 4676 2497 4729 vero,
2531 4661 2624 4732 qui
2659 4659 2724 4714 ad
2769 4659 2936 4712 vitam
2975 4657 3145 4724 ipsam
3185 4656 3369 4710 venire
3401 4652 3588 4708 stude-

2016 4758 2168 4823 bant,
2219 4756 2449 4811 salutem
2486 4751 2820 4808 conciliavit.
2853 4749 3109 4805 Tetendit
3161 4746 3430 4802 orationis
3473 4761 3585 4800 sua:

2022 4854 2180 4911 retia,
2207 4859 2260 4902 ct
2283 4858 2470 4920 gentes
2502 4848 2646 4917 ipsas
2666 4845 3189 4916 profutulocreplas,
3216 4841 3336 4894 illas
3365 4839 3584 4908 quidem

2022 4943 2282 5007 captivas,
2311 4940 2404 4995 sed
2446 4940 2512 4993 ad
2541 4940 2706 4993 vitam
2741 4947 2922 4990 tamen
2953 4936 3166 4993 ductas,
3204 4933 3544 4986 conservavit
3571 4946 3588 4992 ;

2022 5037 2214 5091 evertit
2251 5035 2526 5089 idolorum
2557 5030 2776 5097 templa,
2829 5038 2884 5083 et
2945 5026 3038 5080 Dei
3077 5024 3338 5079 ecclesias
3382 5022 3589 5084 erexit;

2023 5127 2258 5180 humana
2313 5122 2477 5178 corda
2525 5123 2577 5175 in
2628 5120 2969 5175 sterilitatem
3023 5131 3288 5171 conversa
3351 5112 3589 5168 cmlestis

2021 5215 2282 5269 doctrinae
2313 5223 2493 5266 aratro
2531 5211 2810 5265 renovavit
2844 5222 3056 5277 :eaque
3085 5210 3161 5260 ita
3207 5203 3470 5265 excoluit,
3508 5210 3588 5260 ut,

2024 5315 2281 5375 tauquam
2329 5304 2536 5359 feraces
2587 5303 2793 5370 calnpi,
2843 5301 3077 5354 fructmn
3133 5298 3273 5351 ferre
3320 5304 3590 5366 possent:

2022 5398 2269 5450 accendit
2291 5393 2676 5448 miraculorum
2702 5391 2899 5455 facem,
2928 5399 2979 5443 et
2997 5388 3288 5442 alfectuum
3319 5387 3587 5438 bnmanoo

2022 5506 2140 5545 rum
2177 5488 2460 5558 caliginem
2510 5484 2858 5555 profligavit:
2901 5484 2954 5537 in
3015 5494 3374 5551 quascunque
3409 5488 3590 5546 partes

2017 5582 2352 5652 permeabat,
2377 5577 2694 5634 velutstella
2718 5573 3208 5646 qumdamjusritim
3246 5571 3416 5625 solem
3447 5583 3584 5636 pra:-

2017 5677 2228 5736 dicans,
2288 5673 2666 5740 illustremque
2725 5670 2990 5739 fulgorem
3039 5667 3319 5725 emittcns,
3359 5662 3588 5716 fallaciae

2017 5771 2270 5824 tenebras
2305 5767 2622 5823 destruebat
2657 5784 2670 5819 :
2701 5775 2755 5819 et
2802 5763 3052 5818 oratione
3100 5759 3321 5830 quidem
3383 5758 3587 5812 ὀπυιο-

2017 5876 2115 5916 nes
2147 5862 2292 5930 ipsos
2330 5858 2572 5930 lugebat,
2609 5856 2864 5928 precibus
2897 5862 3079 5909 autem
3115 5849 3338 5906 morbos
3369 5849 3608 5942 insana:
