4038 6600
454 418 598 483 11.23

1555 427 1613 484 S.
1656 422 1968 485 JOSEPHI
2010 420 2568 481 liYMNOGliAPHI

3552 421 3695 487 1424

450 540 585 594 biles
604 536 857 599 curabat,
876 536 1123 608 leprosos
1147 536 1378 592 mundos
1399 536 1628 603 faciens,
1655 540 1819 594 caecis
1844 539 2022 593 visum
2054 545 2097 597 Α
2126 546 2229 593 est.
2257 544 2311 590 et
2331 534 2642 589 divinorum
2670 574 2675 581 ι
2700 534 3068 603 apostolorum
3122 535 3325 591 chorus
3377 536 3691 593 exsultavit.

453 631 1005 691 restituens,claudos
1028 632 1094 684 ad
1115 631 1445 686 currendum
1464 633 1747 701 expeditos
1761 632 2018 693 reddens,

450 727 613 777 corda
642 722 877 791 denique
907 732 963 775 et
992 723 1207 777 animos
1240 722 1629 777 imbecilliores
1661 723 2019 777 confirmans.

521 811 608 866 IV.
639 812 769 867 Erat
800 827 903 865 una
936 828 1063 867 eum
1117 812 1517 867 Bartholoumo
1549 824 1605 867 et
1653 812 1715 867 Β.
1755 813 1844 865 ille
1891 826 2021 877 apo-

453 905 629 958 stolus
666 904 966 973 Philippus,
1016 917 1251 971 quocum
1290 904 1459 956 multo
1496 913 1742 972 tempore
1772 902 2019 955 divinum

457 1000 816 1069 Evangelium
848 999 1180 1067 praedicavit.
1216 998 1278 1051 lli
1309 1014 1431 1053 cum
1460 998 1511 1052 in
1541 998 1732 1053 urbem
1762 994 2025 1063 Hierapo-

453 1092 545 1146 lim
580 1093 877 1152 veulsseut,
928 1091 1017 1145 cui
1063 1090 1217 1160 prius
1251 1105 1447 1144 nomen
1502 1100 1622 1142 erat
1669 1087 2023 1157 Ophioryme,

453 1185 654 1240 multas
676 1200 951 1239 aerumnas
988 1193 1043 1237 et
1087 1183 1370 1237 cruciatus
1407 1198 1513 1237 non
1565 1182 1866 1236 medioeres
1898 1195 2022 1233 Sila-

454 1276 755 1338 tinuerunt,
786 1290 910 1330 cum
960 1274 1082 1343 ejus
1117 1272 1354 1326 civitatis
1395 1271 1646 1326 homines
1681 1269 1901 1324 violenti
1937 1282 2025 1322 es-

455 1379 577 1423 sent
603 1377 655 1422 et
680 1366 835 1421 valde
855 1366 1138 1420 inhumani
1176 1384 1187 1419 :
1219 1364 1421 1434 quippe
1450 1366 1544 1434 qui
1572 1364 1812 1434 viperam
1849 1362 2026 1415 colere

453 1471 870 1523 consueverant,
908 1476 1175 1516 venenum
1211 1460 1531 1530 pestiferum
1567 1466 1621 1514 et
1656 1454 1877 1518 lethale,
1908 1461 2025 1506 tan-

455 1570 618 1625 quam
648 1552 885 1609 fructum
922 1553 1155 1621 aliquem
1189 1551 1575 1621 percipientes.
1614 1547 1694 1601 llli
1732 1561 1854 1601 cum
1888 1544 2025 1599 divi-

458 1663 558 1698 nos
599 1645 878 1714 apostolos
910 1643 1194 1706 vidissent,
1226 1639 1477 1695 dicebant
1505 1652 1707 1692 novum
1736 1634 2024 1705 quemdam

458 1738 625 1791 Deum
650 1736 846 1791 abillis
871 1736 1131 1798 nuntiari,
1154 1745 1207 1787 et
1229 1748 1256 1785 a
1280 1743 1464 1787 vetere
1482 1731 1628 1786 cultu
1658 1731 1808 1800 ipsos
1830 1728 2022 1791 averti,

456 1840 619 1898 atque
651 1842 679 1880 a
716 1826 954 1895 paternis
977 1823 1363 1878 traditionibus
1389 1821 1707 1876 abalienari.
1738 1817 2015 1886 Quamob-

2112 649 2117 653 ~
2201 623 2284 677 Vl.
2317 626 2453 680 Cum
2474 640 2601 679 vero
2630 626 2859 680 multum
2882 625 3142 695 temporis
3168 626 3542 696 prieteriisset,
3571 630 3696 699 ejus

2126 718 2366 785 regionis
2401 718 2641 788 tyranni,
2696 719 2818 772 vice
2869 720 3191 785 pravitatem
3246 731 3591 785 exercentes,
3638 733 3697 778 et

2128 804 2422 857 inultormn
2484 808 2710 860 deorum
2767 808 3030 862 ebrietate
3084 809 3510 876 debacchantes,
3568 827 3695 867 cum

2129 896 2372 950 viderent
2398 897 2607 951 loculos
2636 898 2781 962 illos,
2813 900 2865 953 in
2894 900 3095 969 quibus
3124 902 3267 957 beati
3295 904 3527 972 apostoli
3559 902 3695 957 Bar-

2131 988 2399 1042 tholomwi
2455 989 2697 1059 reliquiae
2722 991 2957 1045 condita:
3000 1002 3179 1059 erant,
3232 993 3510 1062 splendida
3542 1010 3696 1062 quaa-

2128 1079 2252 1133 dam
2305 1089 2359 1135 et
2391 1081 2625 1138 illustria
2670 1082 2932 1138 miracula
2963 1084 3145 1147 edere,
3193 1096 3247 1139 et
3291 1100 3387 1141 eos
3423 1101 3452 1139 a
3492 1087 3698 1141 morbis

2130 1171 2360 1227 liberare
2419 1176 2513 1243 qui
2570 1190 2636 1229 eo
2683 1177 3034 1243 accedebant,
3068 1193 3293 1248 pravum
3325 1181 3613 1234 consilium
3645 1190 3699 1235 et

2131 1278 2233 1318 suo
2282 1269 2561 1335 proposito
2589 1268 2811 1338 dignum
2862 1269 3124 1325 inierunt.
3167 1269 3380 1337 Venite,
3417 1272 3694 1341 inquiunt,

2131 1358 2182 1410 iu
2222 1359 2547 1427 profundum
2580 1377 2727 1416 mare
2755 1377 2954 1432 corpus
2983 1366 3082 1418 hoc
3120 1366 3520 1435 demergamus.
3565 1363 3697 1428 Sed,

2130 1451 2395 1517 omiseri,
2433 1453 2626 1523 ejusue
2673 1469 2873 1525 corpus
2920 1457 2973 1511 in
3028 1472 3178 1512 mare
3222 1458 3569 1529 demergetis,
3604 1458 3697 1527 qui

2131 1542 2457 1610 profundum
2494 1545 2642 1600 illum
2672 1547 2967 1602 draconem
3004 1549 3058 1602 in
3091 1550 3258 1603 altum
3289 1550 3572 1617 demersit,
3602 1556 3696 1624 qui

2131 1634 2387 1692 azilutaris
2417 1654 2571 1708 aqua:
2602 1638 2805 1694 fontem
2837 1641 3065 1710 aperuit,
3097 1652 3152 1696 et
3190 1643 3406 1698 abunde
3457 1645 3699 1701 caelestia

2130 1727 2381 1796 dogmata
2416 1730 2731 1786 hominibus
2779 1732 3096 1801 impertivit.
3166 1732 3375 1801 Venite,
3417 1738 3694 1804 inquiunt,

2130 1819 2267 1872 mari
2297 1821 2612 1877 obruamus.
2642 1821 2849 1877 Eamne
2874 1838 2970 1878 vos
2999 1824 3265 1891 obruetis,
3288 1828 3381 1897 qui
3412 1830 3697 1885 veritatem

460 1938 569 1975 rem
596 1935 719 1974 cum
741 1934 936 1973 manus
967 1918 1022 1971 in
1050 1916 1498 1985 eosinjecissent,
1533 1912 1867 1969 admirandae
1902 1928 2028 1966 san-
2062 1907 2102 1962 Β
2133 1924 2286 1967 antea
2334 1917 2583 1970 obrutatn
2649 1918 2873 1981 detexit,
2909 1926 2964 1971 et
3003 1918 3337 1977 infidelitatis
3370 1924 3699 1979 salSediuem

458 2012 660 2065 etitatis
693 2012 867 2063 virum
895 2010 1199 2079 aposmlum
1232 2008 1545 2078 Philippum
1569 2021 1732 2061 cruce
1764 2004 2027 2058 condem-

456 2113 754 2168 naverunt;
773 2103 990 2157 divinus
1002 2112 1181 2156 autem
1204 2100 1655 2165 Bartholomzeus,
1676 2095 2030 2151 instaralicu-

452 2200 543 2265 jus
563 2196 715 2250 bovis
735 2195 990 2257 aratoris,
1006 2209 1036 2248 a
1062 2209 1165 2247 suo
1190 2207 1442 2260 compare
1463 2200 1743 2260 separatus
1778 2187 2033 2258 ingemis-

456 2291 618 2344 cebat
643 2304 707 2343 ac
730 2287 1129 2342 lamentabatur
1146 2286 1386 2356 quidem,
1410 2284 1501 2339 sed
1527 2298 1634 2338 non
1654 2281 1937 2336 desinebat
1952 2288 2033 2333 ta-

460 2396 579 2433 men
619 2394 838 2433 suavem
885 2378 1034 2431 illum
1071 2376 1282 2431 sulcum
1319 2375 1540 2439 ducere,
1584 2373 1678 2442 qui
1722 2372 2028 2426 animarum

457 2470 703 2541 agricola:
723 2469 829 2523 Deo
847 2469 1039 2523 uberes
1053 2468 1267 2522 fructus
1280 2466 1547 2521 allaturos
1566 2474 1743 2520 esset:
1763 2462 2031 2533 quinimo,

457 2564 531 2615 ita
558 2568 617 2614 ut
630 2568 1007 2624 consueverat,
1026 2559 1132 2613 huc
1149 2568 1314 2628 atque
1336 2557 1468 2612 illuc
1485 2556 1669 2611 obibat
1688 2555 1809 2609 ﬁdei
1824 2567 2033 2607 senue-

402 2710 413 2718 ,
459 2669 581 2709 nem
598 2655 983 2717 dissetninans,
1001 2667 1220 2722 pravam
1237 2650 1501 2704 zizaniam
1519 2649 1776 2711 evelleus,
1799 2656 1855 2700 et
1873 2646 2031 2715 quid-

457 2746 585 2815 quid
614 2746 851 2799 salutare
892 2744 958 2799 iis
1003 2753 1169 2806 esset,
1200 2742 1293 2812 qui
1329 2758 1454 2796 eum
1483 2740 1878 2808 suscipiebant,
1906 2737 2031 2792 dili-

459 2850 647 2908 genter
682 2838 990 2892 declarans.
1023 2834 1067 2890 Ο
1100 2838 1287 2890 beatos
1314 2836 1438 2889 illos
1468 2835 1651 2902 pedes,
1687 2831 2030 2901 Evangelicis

459 2933 735 3002 gressibus
760 2932 1039 3000 speciosus
1072 2929 1266 2993 factos,
1297 2939 1351 2981 et
1376 2928 1441 2980 ad
1469 2926 1799 2979 inﬁnitarum
1824 2925 2031 2976 anima-

460 3042 579 3079 rum
603 3025 946 3092 adeptionem
967 3034 1113 3078 recta
1133 3023 1217 3075 via
1247 3020 1687 3091 progredientes!
1720 3019 1764 3072 Ο
1790 3019 2028 3087 linguam

460 3116 607 3169 illam
646 3115 911 3181 divinam,
946 3130 1011 3169 ex
1048 3129 1156 3183 qua
1184 3112 1442 3168 salutaris
1475 3120 1635 3181 potus
1675 3111 1903 3175 efﬂuxit,
1936 3111 2029 3179 qui

460 3212 527 3263 ab
553 3210 845 3278 impietatis
866 3220 999 3263 aestu
1034 3210 1237 3263 multos
1266 3208 1556 3262 liberavit!
1590 3205 1634 3260 Ο
1663 3221 1876 3267 manus,
1908 3219 2030 3275 qua:

459 3303 731 3356 vialentos
768 3303 950 3356 hostes
987 3310 1394 3370 expugnarunt,
1440 3308 1494 3354 et
1551 3298 1763 3353 animas
1814 3298 1959 3366 ipsas
2000 3314 2031 3352 e

458 3394 660 3449 diaboli
704 3394 956 3448 manibus
988 3376 1337 3462 eripuerunt!
1366 3391 1410 3446 Ο
1439 3392 1653 3446 divinos
1684 3401 1739 3444 et
1785 3391 2031 3444 illustres

459 3486 669 3549 oculos,
718 3500 815 3554 per
865 3499 1003 3553 quos
1056 3484 1351 3537 multorum
1400 3484 1543 3538 oculi
1592 3482 1845 3552 patefacti
1881 3493 2029 3546 sunt,

459 3578 549 3647 qui
578 3587 732 3632 erant
758 3577 996 3646 perfidia:
1027 3576 1268 3631 tenebris
1290 3575 1565 3630 obscurati
1592 3576 1605 3629 !

535 3668 596 3724 V.
625 3669 759 3724 Cum
795 3669 960 3736 igitur
987 3670 1237 3739 regiones
1264 3668 1386 3722 illas
1414 3668 1485 3722 ita
1512 3676 1849 3738 peragraret,
1887 3667 2033 3722 venit

458 3764 524 3818 ad
551 3762 741 3817 urbem
769 3761 1097 3833 quamdam,
1128 3761 1287 3830 cujus
1316 3760 1463 3815 cives
1485 3775 1609 3814 cum
1638 3760 1908 3814 idolorum
1937 3774 2032 3813 su-

457 3856 782 3925 perstitione
829 3853 1138 3919 liberasset,
1181 3852 1250 3906 ab
1279 3851 1400 3923 ejus
1436 3851 1542 3907 loci
1581 3852 1812 3921 praeside
1841 3854 2027 3908 crucis

458 3946 723 4018 supplicio
751 3956 805 4001 et
832 3946 947 4016 ipse
977 3946 1373 3999 condemnatus
1420 3952 1523 3998 est.
1560 3943 1640 3998 Ad
1678 3960 1842 4013 quam
1896 3944 2029 3997 dum

458 4041 650 4094 beatus
679 4037 769 4091 ille
792 4037 1095 4101 accederet,
1132 4045 1279 4091 totus
1300 4036 1500 4106 gaudio
1523 4035 1784 4107 perfusus
1811 4054 1823 4088 :
1847 4034 2028 4100 Salve,

458 4131 658 4199 inquit,
707 4144 864 4196 crux,
906 4144 998 4199 per
1041 4144 1205 4198 quam
1245 4129 1545 4182 humanum
1598 4143 1773 4197 genus
1832 4128 2032 4195 gaudio

458 4220 711 4276 allectum
743 4231 843 4276 est.
890 4217 1072 4286 Salve,
1105 4220 1226 4289 ejus
1251 4220 1432 4274 erucis
1458 4218 1712 4283 imitatio,
1749 4234 1842 4290 per
1865 4236 2028 4289 quam

459 4322 690 4367 mortem
724 4311 996 4379 dissolvit,
1030 4322 1086 4367 et
1136 4313 1396 4367 mortales
1440 4311 1587 4381 ipsos
1615 4311 2031 4365 immortalitate

458 4406 702 4461 donavit.
725 4402 906 4469 Salve,
932 4420 1089 4468 crux,
1128 4404 1180 4456 in
1212 4418 1374 4474 quam
1402 4419 1527 4457 cum
1560 4403 1810 4457 Christus
1840 4419 2031 4458 ascen-

457 4499 556 4566 dit,
591 4508 833 4552 terrenos
871 4497 1119 4551 homines
1153 4496 1404 4551 etelestes
1437 4493 1638 4550 elfecit.
1658 4496 1838 4562 Salve,
1870 4511 2027 4561 crux,

2132 2007 2537 2060 exterminavit.
2601 2005 2807 2070 Venite,
2844 2008 3119 2078 inquiunt,
3149 2021 3201 2066 et
3233 2014 3584 2068 temerarium
3616 2015 3703 2069 fu-

2132 2110 2309 2149 rorem
2336 2096 2692 2166 effundentes,
2728 2100 2781 2154 in
2830 2102 3136 2158 maritimas
3166 2105 3342 2160 undas
3369 2107 3471 2162 hoc
3500 2124 3702 2178 corpus

2132 2188 2506 2255 projiciamus,
2540 2205 2608 2245 ne
2631 2206 2695 2245 ex
2741 2206 2828 2253 eo.
2865 2202 3123 2263 tanquam
3152 2210 3183 2250 e
3224 2200 3479 2253 rationali
3516 2202 3703 2271 aliquo

2132 2278 2375 2343 nurnine,
2403 2282 2550 2338 salus
2583 2284 2648 2338 ad
2675 2300 2771 2339 eos
2803 2282 3023 2352 delluat,
3066 2290 3157 2359 qui
3182 2292 3501 2347 morborum
3527 2308 3699 2365 angu-

2132 2373 2252 2427 stiis
2281 2374 2732 2442 comprimuntur.

2204 2463 2317 2519 Vll.
2340 2465 2463 2521 Htec
2502 2482 2626 2522 cum
2652 2468 2938 2536 dixissent,
2955 2472 3105 2542 quod
3132 2476 3432 2545 cogitaram
3456 2479 3698 2548 aggressi

2132 2568 2281 2625 sunt,
2307 2568 2360 2612 et
2392 2576 2497 2613 una
2537 2576 2661 2614 eum
2693 2574 2926 2631 quatuor
2958 2565 3188 2621 aliorum
3229 2579 3527 2640 martyrum
3552 2571 3702 2627 locu-

2134 2650 2221 2712 lis,
2250 2652 2391 2705 beati
2422 2651 2807 2709 Bartholoma‘i
2832 2657 3089 2727 reliquias
3108 2660 3159 2712 in
3192 2675 3342 2715 mare
3367 2662 3701 2731 dejeceruut.

2133 2739 2395 2812 Martyres
2429 2755 2607 2798 autem
2641 2745 2719 2800 illi
2753 2747 3000 2817 gloriosi,
3048 2752 3357 2821 apostolum
3406 2754 3701 2810 Barthnlo-

2134 2848 2329 2887 maeum
2361 2837 2512 2890 valde
2540 2838 2825 2908 inclytum,
2855 2840 2963 2896 duo
2989 2857 3018 2896 a
3052 2843 3300 2908 dextera,
3331 2858 3387 2900 et
3420 2846 3532 2901 duo
3559 2865 3590 2901 a
3622 2851 3702 2903 si-

2134 2929 2302 2979 nistra
2334 2938 2503 2995 parte,
2543 2932 2782 2983 mediutu
2810 2933 3091 2997 habentes,
3124 2936 3359 2991 Pontum
3381 2938 3553 3008 ipsum
3584 2941 3705 2996 sine

2132 3014 2488 3074 fluctuatione
2548 3022 2731 3091 aliqua
2800 3026 3263 3081 transmittebant.
3321 3030 3571 3100 Curaque
3633 3035 3702 3086 ad

2134 3109 2472 3180 BOSphorum
2520 3112 2811 3169 Thracium
2872 3116 2926 3170 in
2978 3116 3361 3187 Propontidem
3400 3124 3701 3191 venissent,

2138 3207 2470 3279 Hellesponti
2525 3213 2806 3281 angustias
2843 3215 3181 3269 transierunt
3211 3233 3225 3269 :
3270 3216 3488 3286 deinde,
3520 3228 3703 3274 trans-

2056 3272 2099 3332 θ
2139 3295 2307 3349 tuisso
2339 3296 2528 3366 1Eng
2572 3310 2627 3352 et
2673 3301 2824 3354 Ionio
2853 3303 3009 3368 mari,
3043 3304 3108 3357 ad
3142 3304 3384 3359 Siciliam
3427 3310 3706 3376 applicue-

2136 3398 2305 3443 runt:
2351 3400 2404 3444 et
2441 3391 2742 3461 Syracusas
2796 3393 2863 3447 ad
2918 3395 3198 3449 sinistram
3247 3397 3706 3467 derelinquentcs,

2134 3492 2294 3550 atque
2322 3482 2654 3537 occidentem
2688 3500 2879 3539 versus
2922 3486 3228 3554 tendentes,
3256 3490 3321 3541 ad
3354 3489 3585 3545 insulam
3612 3490 3706 3546 Li-

2135 3572 2308 3640 parim
2341 3583 2727 3641 pervenerunt.
2778 3571 2966 3643 Itaque
3014 3574 3403 3631 celeberrimus
3448 3577 3537 3632 ille
3575 3593 3706 3645 apo-

2139 3663 2315 3717 stolus
2358 3663 2423 3717 ad
2455 3678 2573 3717 eam
2606 3664 2841 3719 insulam
2871 3666 3134 3721 deductus
3179 3676 3283 3722 est.
3311 3666 3484 3721 Divini
3519 3679 3700 3723 autem

2135 3752 2211 3805 illi
2238 3761 2502 3823 martyres
2526 3769 2650 3807 cum
2678 3754 2730 3807 id
2758 3755 3199 3825 complevisseut,
3233 3756 3381 3826 quod
3434 3758 3575 3814 Deus
3608 3776 3701 3815 voc

2135 3845 2331 3910 luerat,
2361 3861 2524 3916 quam
2567 3848 2852 3902 celerrime
2895 3848 3171 3903 redierunt
3200 3849 3255 3904 in
3297 3865 3415 3905 eam
3453 3852 3614 3915 viam,
3645 3854 3701 3907 in

2133 3952 2299 4005 quam
2351 3952 2797 4008 unumquemque
2844 3938 3029 3992 divina
3084 3940 3424 4010 providentia
3476 3943 3697 3998 direxit.

2135 4028 2329 4081 Statim
2366 4040 2544 4083 autem
2578 4030 2646 4095 is,
2674 4031 2767 4101 qui
2801 4032 3098 4087 Ecclesiam
3131 4031 3344 4103 Liparis
3376 4036 3573 4090 Insula:
3604 4054 3705 4106 gu-

2134 4118 2416 4183 bernabat,
2448 4136 2541 4190 per
2571 4120 2811 4175 divinam
2840 4123 3228 4178 revelationem
3260 4125 3469 4191 didicit,
3497 4128 3702 4183 Christi

2134 4212 2435 4280 apostolum
2470 4214 2534 4266 ad
2567 4214 2734 4269 maris
2759 4214 2909 4270 littus
2935 4216 3229 4286 appulisse.

2209 4302 2340 4358 Vlll.
2376 4304 2500 4359 Erat
2527 4305 2647 4375 ejus
2681 4305 2935 4362 Ecclesia:
2984 4309 3319 4379 gubernator
3348 4310 3562 4379 Agatho
3592 4308 3705 4376 ille,

2134 4397 2292 4466 enjus
2318 4398 2487 4467 gloria
2525 4400 2679 4467 longe
2727 4398 2941 4470 lateque
2970 4403 3114 4471 apud
3164 4418 3356 4458 omnes
3386 4405 3707 4460 celebraba-

2137 4500 2245 4543 tur.
2268 4490 2404 4545 Cum
2438 4491 2530 4545 ille
2561 4492 2726 4561 igitur
2756 4504 3120 4563 properasset,
3147 4504 3202 4549 et
3231 4496 3438 4551 loculos
3466 4499 3532 4553 ad
3566 4515 3706 4554 cono

456 4605 579 4658 quae
603 4588 734 4643 mihi
787 4588 915 4641 hinc
944 4589 1191 4656 migranti
1245 4588 1557 4641 vehiculum
1588 4586 1777 4642 effecta
1806 4603 1885 4652 es,
1919 4603 2028 4657 quo
2061 4609 2105 4663 υ
2138 4584 2395 4637 liuentem
2422 4584 2679 4653 appulsos
2704 4586 2947 4652 vidisset,
2972 4596 3195 4657 stupore
3225 4589 3500 4658 etgaudio
3532 4592 3707 4660 reple-

455 4685 521 4737 ad
555 4684 724 4738 ecelos
769 4682 992 4751 perduci
1026 4681 1230 4750 possim
1263 4699 1274 4733 :
1312 4698 1434 4749 qua:
1480 4681 1719 4750 denique
1753 4681 1857 4734 mei
1892 4697 2027 4750 pra:-

456 4776 692 4845 ccptoris
715 4775 1041 4828 imitatorem
1089 4790 1175 4826 tne
1210 4772 1407 4827 fecisti.
1438 4774 1516 4827 Ad
1552 4783 1604 4827 te
1632 4776 1887 4839 ascendo,
1938 4791 2031 4829 uc-

455 4884 562 4937 que
586 4882 793 4921 moram
819 4868 991 4934 duco;
1017 4866 1130 4937 jam
1164 4865 1308 4919 enim
1341 4875 1555 4935 tempus
1580 4880 1759 4919 meum
1790 4866 2030 4935 comple-

455 4973 570 5015 tum
603 4973 707 5015 est.
761 4958 971 5013 Bonum
1031 4969 1310 5013 certamen
1344 4959 1572 5023 certavi,
1622 4971 1845 5011 cursum
1899 4973 2030 5011 con-

453 5054 743 5119 summavi,
777 5052 935 5107 ﬁdem
966 5052 1179 5106 servavi
1212 5069 1225 5105 :
1258 5066 1397 5120 opus
1423 5050 1567 5120 quod
1612 5050 1746 5104 tuihi
1776 5048 2028 5104 Christus

452 5141 712 5209 magister
740 5156 893 5195 meus
923 5141 1167 5206 tradidit,
1206 5141 1432 5210 perfeci.
1465 5140 1589 5194 llaec
1616 5155 1741 5195 cum
1772 5140 2023 5205 dixisset,

451 5244 505 5286 et
529 5229 699 5284 Deum
733 5239 985 5300 precatus
1014 5240 1181 5295 esset,
1221 5232 1430 5300 rogavit
1473 5233 1758 5285 carnilires
1787 5231 1930 5296 illos,
1970 5240 2028 5285 tit

451 5338 611 5377 versa
638 5324 691 5377 in
714 5320 924 5376 terram
957 5324 1158 5392 capite,
1208 5325 1261 5376 iu
1288 5338 1452 5379 cruce
1491 5322 1835 5394 sulligeretur
1884 5343 1897 5377 :
1930 5339 2028 5378 nec

452 5425 660 5480 rectus,
710 5415 1171 5485 quemadmodum
1224 5416 1345 5484 ejus
1382 5416 1662 5485 magister,
1719 5418 1771 5469 in
1806 5432 2024 5470 crucem

453 5520 741 5579 ageretur;
773 5510 847 5564 ita
872 5521 925 5565 et
958 5511 1009 5564 iu
1044 5510 1176 5579 ipsis
1204 5510 1543 5564 cruciatibus
1584 5524 1738 5563 suam
1774 5509 1824 5562 iu
1858 5510 2027 5578 magi-

454 5613 627 5655 strum
648 5602 1005 5656 reVerentiatu
1031 5601 1567 5667 censervabatﬂuin
1592 5600 1756 5655 etiam
1783 5601 1835 5654 in
1864 5616 2027 5655 cruce

456 5691 703 5758 suﬂixus,
754 5709 877 5747 eum
910 5692 1175 5748 fratribus
1225 5693 1369 5762 loqui
1426 5709 1531 5747 non
1584 5694 1809 5759 destitit,
1846 5692 2024 5763 quoad

456 5785 861 5840 sanctissimam
917 5785 1061 5838 illam
1107 5786 1343 5838 animam
1401 5784 1509 5839 Deo
1566 5786 1812 5839 tradidit.
1855 5786 2026 5856 Cujus

454 5895 739 5933 ascensum
778 5880 953 5949 angeli
984 5880 1243 5949 applausu
1274 5890 1623 5949 exceperunt,
1645 5897 1737 5934 aer
1761 5892 2023 5949 purgatus

2134 4688 2241 4739 tus,
2275 4693 2489 4731 summa
2526 4693 2656 4733 voce
2690 4696 2702 4732 :
2742 4678 2906 4741 Bene,
2942 4680 3136 4749 inquit,
3169 4681 3311 4749 quod
3347 4682 3453 4736 huc
3485 4684 3707 4749 venisti,

2134 4776 2190 4817 ut
2222 4772 2408 4833 portus
2432 4766 2709 4832 salutaris,
2732 4768 2797 4822 ad
2839 4784 2934 4823 eos
2957 4754 3050 4837 qui
3082 4770 3253 4839 pelagi
3280 4770 3536 4826 ﬂuctibus
3562 4778 3711 4841 peri-

2132 4856 2336 4911 culosis
2359 4859 2652 4928 agitamur.
2689 4859 2829 4913 Bene
2863 4862 3008 4930 quod
3050 4861 3267 4926 venisti,
3302 4861 3548 4916 divinum
3582 4864 3713 4932 Spi-

2134 4950 2268 5002 ritus
2302 4947 2565 5004 Paracleti
2593 4949 2813 5017 ﬂumen,
2834 4967 2900 5006 ex
2931 4968 3038 5019 quo
3064 4954 3309 5010 veritatis
3334 4970 3492 5024 aqua:
3522 4968 3714 5011 scatu-

2132 5043 2296 5106 riunt,
2325 5051 2376 5097 et
2402 5046 2573 5113 pietas
2603 5047 2771 5100 multa
2804 5048 3092 5102 redundat.
3122 5047 3180 5101 lu
3207 5048 3343 5102 mari
3375 5050 3472 5103 viae
3502 5060 3629 5110 tuae,
3651 5062 3713 5105 et

2129 5137 2337 5190 semita:
2378 5146 2481 5190 tua:
2531 5138 2583 5191 in
2631 5139 2788 5207 aquis
2839 5140 3046 5203 multis,
3095 5150 3150 5195 et
3188 5142 3413 5211 vestigia
3468 5152 3559 5195 tua
3594 5158 3708 5196 non

2130 5239 2542 5298 cognoscentur.
2574 5230 2727 5295 Veni,
2757 5242 2817 5293 et,
2844 5233 3058 5288 animas
3099 5242 3319 5288 nostras
3355 5234 3541 5301 irriga,
3575 5234 3708 5288 alie-

2128 5329 2312 5374 ('lllllltl
2334 5333 2647 5376 nostrorum
2669 5322 2936 5377 fervorem
2967 5322 3224 5393 reprime,
3248 5324 3492 5377 cordimn
3508 5323 3708 5391 jauuas

2131 5418 2431 5483 patefactus
2472 5417 2774 5484 gratiarum
2831 5427 3050 5470 tuarum
3103 5416 3422 5470 muneribus
3470 5416 3706 5482 repleas.

2130 5508 2242 5563 lioc
2266 5526 2295 5563 a
2329 5520 2376 5563 te
2406 5509 2615 5579 Liparis
2636 5510 2814 5563 insula
2835 5510 3057 5579 supplex
3085 5510 3242 5579 petit,
3268 5525 3431 5579 quam
3456 5508 3713 5562 habitare

2131 5606 2370 5659 voluisti.
2408 5604 2552 5667 llaec,
2583 5605 2831 5673 inquam,
2868 5602 3043 5655 insula
3072 5603 3155 5656 his
3190 5602 3371 5655 verbis
3398 5611 3447 5654 te
3472 5600 3713 5667 alloqui-

2131 5708 2219 5751 tur
2250 5720 2260 5753 :
2296 5697 2401 5758 Tu,
2452 5700 2544 5767 qui
2601 5700 2771 5751 multo
2826 5697 3027 5751 lumine
3086 5694 3317 5750 illustris
3357 5688 3447 5759 es,’
3478 5702 3532 5746 et
3562 5694 3712 5759 illius

2130 5788 2299 5842 divini
2340 5787 2576 5843 Orientis
2611 5805 2733 5843 vere
2768 5789 2997 5849 amicus,
3038 5785 3315 5855 quomodo
3363 5784 3565 5839 factum
3601 5792 3712 5849 est,

2132 5892 2190 5937 ut
2236 5882 2361 5935 talis
2407 5891 2697 5949 tantusque
2735 5883 2873 5949 apud
2911 5895 3040 5934 inca:
3073 5878 3411 5948 paupertatis
3438 5876 3717 5931 Occiden-
