4038 6610
501 446 634 510 14ἓὸ

1336 443 1719 505 LAUDATIO
1759 444 1820 503 S.
1863 443 2424 521 BARTIIOLOHEI
2461 442 2846 503 APOSTOLI.

3280 24 3305 27 κ»
3322 26 3373 27 i7
3412 24 3509 34 ‘,,,.

3577 445 3713 512 1426

495 571 603 614 tem
631 559 935 613 diversatus
960 553 1057 619 sis,
1087 552 1154 607 ab
1182 553 1418 609 Orientis
1447 555 1695 624 partibus
1727 554 2048 619 commotus,
2080 563 2124 617 Α
2154 556 2570 625 myrothecium,
2605 553 2981 626 aegrotanti!!!"
3018 555 3280 621 medicus.
3311 557 3507 614 dm"!!!
3529 564 3717 630 gratiae

492 660 545 703 et
570 665 665 717 per
700 647 1000 699 inaritimos
1039 644 1192 698 sinus
1216 644 1373 698 nobis
1404 646 1695 699 Ostensus?
1723 645 1880 698 Dives
1912 644 2049 697 facta

494 754 639 802 sum,
670 752 792 803 qua:
823 744 979 787 antea
1015 743 1327 802 paupertate
1365 735 1702 798 laborabam,
1730 735 2048 788 thesaurum

496 842 747 897 magnum
781 826 938 879 hodie
983 840 1101 877 smn
1129 839 1430 905 consecuta
1463 844 1476 878 :
1509 839 1686 893 neque
1738 824 1843 877 ulla
1895 822 1947 875 in
2004 834 2052 877 te

494 922 664 975 ltoma
714 918 801 972 illa
852 918 968 986 ipsa
1016 916 1148 969 urbe
1190 917 1491 979 decantata,
1546 915 1732 969 beatos
1778 915 2054 984 apostolos

493 1013 714 1065 Petrum
741 1008 1039 1063 ctPaulnm
1073 1007 1399 1062 habitatores
1432 1016 1663 1070 tenente,
1698 1007 1921 1064 inferior
1950 1022 2051 1071 ego

495 1121 615 1160 sum
654 1102 1150 1157 :Bartholonneum
1181 1102 1325 1153 enim
1372 1099 1732 1153 habitatorem
1777 1098 2050 1167 possideo.

492 1198 693 1251 Omnes
716 1193 925 1256 insulae,
952 1192 1078 1245 mihi
1106 1190 1483 1261 gratulemini;
1506 1205 1695 1245 omnes
1719 1189 1903 1251 urbes,
1931 1202 2052 1254 quae

497 1288 697 1357 ubique
714 1286 868 1348 estis,
901 1297 1111 1335 meeum
1139 1296 1246 1335 una
1278 1280 1565 1335 exsultate.
1586 1281 1643 1333 ln
1672 1279 1827 1332 vobis
1854 1288 2051 1330 mutto-

496 1393 616 1432 rum
647 1383 959 1430 sanctorum
993 1387 1218 1441 corpora
1244 1371 1417 1442 posita
1449 1377 1576 1425 sun:
1603 1388 1617 1424 :
1656 1369 1788 1423 mihi
1820 1367 1951 1422 satis
1971 1374 2056 1420 est

496 1482 636 1521 unus
668 1479 767 1536 pro
803 1462 1081 1518 omnibus.

563 1555 652 1611 IX.
691 1554 817 1617 Sed,
841 1569 873 1609 ο
908 1552 1240 1613 beatissime,
1273 1559 1321 1604 et
1356 1548 1555 1603 divinis
1578 1548 1787 1619 angelis
1827 1564 1924 1619 par
1975 1550 2055 1606 fa-

495 1660 615 1706 ctus
642 1647 908 1717 apostolo,
941 1645 1064 1714 quis
1090 1655 1180 1698 tua
1207 1643 1459 1712 praelata
1492 1640 1631 1695 facta
1662 1657 1759 1710 pro
1794 1642 2056 1712 dignitate

494 1740 770 1796 laudaret?
796 1738 928 1804 Quis
961 1737 1196 1806 pericula
1257 1749 1355 1803 pro
1402 1733 1622 1788 Christo
1648 1748 1678 1787 a
1715 1741 1766 1787 te
1799 1745 2052 1802 suscepta

492 1848 809 1887 enumerare
842 1829 1061 1898 possu?
1116 1827 1246 1892 Quae
1292 1841 1416 1881 cum
1449 1825 1696 1895 quotidie
1733 1825 1970 1891 subires,
2020 1841 2050 1879 a

494 1923 741 1979 tristibus
789 1922 1045 1991 periculis
1086 1917 1343 1973 mortales
1382 1917 1644 1973 liherasti.
1690 1915 1770 1970 Tu
1805 1932 1928 1971 vere
1972 1917 2051 1970 sal

493 2015 621 2068 illud
653 2030 731 2079 es,
764 2012 906 2081 quod
940 2009 1101 2064 corda
1147 2008 1261 2071 illa,
1317 2021 1439 2075 qua:
1485 2014 1837 2068 evanuerunt,
1892 2013 2052 2072 atque

494 2106 722 2176 insipida
764 2111 1064 2163 evaSerant,
1097 2098 1409 2162 eondivisti,
1440 2104 1494 2151 et
1523 2095 1748 2150 inscitia!
1786 2094 2053 2150 salsedine

494 2206 737 2266 purgata,
762 2192 1097 2263 putredinem
1120 2204 1186 2243 ex
1218 2189 1513 2242 multorum
1541 2186 1763 2240 deorum
1784 2184 2053 2253 super-Sti-

493 2291 637 2341 tione
674 2292 1013 2341 contractam
1069 2281 1405 2351 expurgasti.
1434 2276 1515 2331 Tu
1550 2293 1609 2331 cs
1636 2276 1899 2329 rationale
1923 2273 2052 2328 illud

492 2380 717 2442 fiumen,
758 2393 825 2431 ex
856 2375 1038 2429 divina
1090 2374 1216 2427 sede
1265 2369 1589 2442 profectum,
1620 2368 1909 2438 juneorum
1942 2365 2055 2435 ple-

495 2487 623 2525 num
668 2478 960 2524 torrentem
1001 2467 1252 2530 abluens,
1294 2462 1553 2518 Ecclesia:
1586 2476 1713 2514 vero
1746 2460 1929 2515 sulcos
1962 2472 2052 2512 re-

497 2564 668 2631 plens,
730 2561 1009 2630 pravitatis
1057 2559 1206 2613 rivos
1252 2558 1559 2620 exsiccans,
1605 2554 1774 2622 ipsius
1820 2551 2054 2618 denique

498 2668 654 2709 terra:
685 2654 876 2707 faciem
907 2652 1157 2721 irrigans.
1185 2650 1265 2703 Tu
1289 2665 1348 2704 es
1369 2662 1566 2717 sagena
1585 2647 1673 2701 illa
1703 2644 2049 2707 solidissima,

495 2762 619 2817 qua}
636 2745 932 2801 rationales
954 2744 1149 2814 pisces,
1182 2744 1233 2796 in
1257 2742 1460 2796 erroris
1484 2739 1756 2810 profundo
1784 2746 2048 2801 natantes,

494 2837 976 2910 comprehendisti,
1010 2849 1213 2905 eosque
1260 2850 1505 2903 supernae
1550 2834 1621 2886 illi
1664 2847 1861 2885 mense
1887 2825 2090 2885 obso-'

498 2935 646 2987 nium
682 2927 949 2985 obtulisti.
986 2924 1064 2981 Tu
1109 2942 1168 2980 es
1198 2940 1422 2979 aureum
1473 2926 1601 2979 illud
1645 2925 2051 2981 candelabrum,

496 3028 547 3080 in
578 3040 687 3093 quo
720 3021 980 3078 Paracleti
1018 3019 1250 3088 Spiritus
1302 3018 1461 3087 ignis,
1494 3029 1747 3087 tanquam
1786 3017 1869 3069 fax
1906 3030 2050 3083 qua:-

495 3120 642 3182 dam,
667 3116 979 3175 adveniens,
1011 3112 1325 3181 multiplicis
1348 3111 1461 3165 vitii
1489 3111 1695 3164 zizania
1726 3106 2050 3170 combussit,

495 3216 549 3260 et
579 3205 775 3258 divina:
804 3202 1132 3271 cognitionis
1163 3200 1507 3270 splendorem
1538 3199 1739 3253 emisit.
1775 3196 1853 3251 Tu
1887 3213 1946 3251 es
1973 3198 2054 3249 di-

2155 648 2307 713 tuba,
2349 647 2487 715 vitis.
2516 648 2924 709 fecundissima,
2959 645 3076 701 olea
3114 647 3414 713 fructifera,
3449 652 3715 706 fluctuan-

2154 737 2289 789 tium
2346 746 2556 804 portus,
2630 734 2973 804 peccantium
3030 747 3315 804 patronus,
3373 739 3710 795 defessorum

2156 827 2450 890 recreatio,
2509 840 2894 894 Oppressorut‘n
2953 826 3259 896 refugium,
3323 832 3709 885 miraculorum

2154 918 2295 978 fons,
2352 918 2658 971 daemonum
2706 916 3032 985 profugatio,
3086 922 3459 987 apostolorum
3515 924 3706 991 gloria,

2153 1009 2467 1076 angelorum
2494 1007 2650 1070 civis,
2675 1008 2767 1076 qui
2796 1008 3071 1076 prophetis
3097 1010 3404 1075 sublimior,
3430 1021 3483 1066 et
3508 1023 3710 1084 marty-

2155 1115 2273 1153 rum
2305 1113 2532 1153 consors
2563 1097 2737 1159 fuisti,
2765 1098 2882 1165 ejus
2910 1097 3145 1169 denique
3176 1101 3384 1169 gloriae,
3417 1118 3535 1171 quae
3558 1118 3711 1157 reve-

2153 1188 2309 1242 landa
2326 1199 2429 1253 est,
2447 1189 2739 1258 particeps,
2759 1189 3212 1257 sempiternorum
3234 1191 3494 1246 bonorum
3515 1193 3707 1258 haares,

2155 1279 2340 1331 mundi
2376 1278 2582 1341 lumen,
2613 1278 2881 1344 omnium,
2925 1287 2981 1332 ut
3010 1282 3323 1335 summatim
3371 1283 3571 1349 dicam,
3609 1283 3711 1337 bo-

2154 1386 2345 1423 norum
2377 1372 2686 1427 thesaurus.

2224 1460 2291 1514 Χ.
2355 1460 2541 1532 Itaque
2592 1465 2759 1532 salve,
2820 1465 3237 1529 Bartholomaee,
3310 1466 3460 1520 illius
3529 1468 3711 1536 magni

2156 1555 2378 1608 tonitrui
2414 1555 2614 1626 fulgur,
2655 1557 2799 1624 quod
2832 1558 2886 1611 in
2933 1568 3052 1612 rota
3106 1557 3291 1611 mundi
3337 1558 3501 1626 hujus
3547 1573 3712 1628 appa-

2155 1646 2331 1709 ruisti,
2361 1655 2417 1700 et
2446 1647 2708 1702 idolorum
2743 1649 3008 1703 insaniam
3040 1665 3105 1705 ac
3132 1660 3346 1703 noctem
3376 1651 3709 1705 exstinxisti.

2155 1736 2331 1805 Salve,
2361 1738 2772 1804 Bartholomaae,
2825 1742 2917 1797 ille
2950 1742 3188 1812 Spiritus
3239 1742 3415 1796 sancti
3465 1743 3712 1796 calamus

2155 1830 2403 1884 celeriter
2436 1830 2702 1896 scribens,
2728 1832 2824 1901 qui
2862 1832 3033 1902 legem
3065 1833 3118 1885 in
3159 1832 3357 1887 tabulis
3380 1832 3562 1888 cordis
3595 1834 3714 1902 pul-

2153 1921 2419 1976 cherrime
2455 1923 2813 1992 descripsisti,
2872 1924 3067 1993 legem,
3117 1926 3360 1993 inquam,
3408 1925 3556 1977 illam
3602 1941 3708 1977 non

2155 2022 2407 2077 veterem,
2458 2016 2553 2069 sed
2603 2016 2759 2070 valde
2806 2030 3024 2070 novam.
3078 2015 3258 2081 Salve,
3294 2015 3710 2082 Bartholomzee,

2152 2105 2387 2174 potentis
2444 2104 2603 2160 Verbi
2659 2106 2858 2176 sagitta
2910 2106 3251 2170 acutissima,
3302 2122 3424 2176 qua:
3472 2107 3711 2161 hostium

2152 2195 2310 2250 corda
2337 2196 2652 2259 vulnerasti,
2695 2197 3003 2253 daemonum
3040 2214 3136 2268 per
3180 2213 3361 2253 aerem
3399 2199 3708 2267 vagantium

2155 2296 2361 2340 turmas
2399 2288 2737 2356 percussisti,
2760 2297 2813 2341 et
2846 2288 3156 2342 mortalium
3182 2287 3395 2342 animas
3425 2288 3556 2342 vitio
3587 2288 3712 2341 vul-

2153 2386 2389 2445 neratas,
2439 2393 2602 2433 sanas
2636 2378 2887 2433 effecisti.
2948 2378 3127 2445 Salve,
3170 2378 3586 2444 Bartbolomaee,
3616 2376 3710 2447 qui

2152 2469 2418 2524 idolorum
2451 2471 2644 2539 templa
2694 2471 2812 2525 solo
2851 2471 3173 2540 aquuasti,
3206 2478 3261 2524 et
3292 2471 3540 2525 homines
3564 2471 3712 2539 ipsos

2151 2561 2381 2614 viventis
2404 2560 2496 2614 Dei
2517 2562 2713 2630 templa
2741 2561 3042 2616 reddidisti.
3071 2560 3249 2624 Salve,
3278 2559 3515 2631 Spiritus
3534 2562 3709 2616 sancti

2152 2651 2384 2722 gladius,
2415 2652 2509 2722 qui
2537 2652 2968 2722 alienigenarum
3012 2661 3222 2707 turmas
3267 2652 3538 2706 sermonis
3569 2650 3706 2716 acie,

2150 2752 2205 2796 et
2234 2756 2422 2796 omnes
2464 2752 2672 2797 mentes
2710 2742 2775 2795 ad
2817 2742 3017 2796 Christi
3059 2742 3421 2796 obedientiam
3471 2742 3712 2810 captivas

2152 2834 2375 2888 duxisti.
2425 2831 2599 2897 Salve,
2628 2832 2893 2887 concinna
2949 2833 3122 2888 sancti
3179 2833 3414 2902 Spiritus
3450 2831 3713 2887 Paracleti

2154 2924 2382 2987 cithara,
2405 2924 2684 2979 rationalis
2709 2925 2862 2986 tibia,
2880 2923 3082 2978 Christi
3111 2924 3551 2985 instrumentum,
3570 2923 3711 2992 quod

2153 3015 2390 3070 cmlestia
2413 3016 2667 3084 dogmata
2697 3016 2851 3070 nobis
2880 3014 3149 3079 eccinisti,
3168 3023 3224 3069 et
3256 3029 3436 3084 prava:
3462 3015 3715 3082 impieta-

2157 3108 2223 3162 tis
2252 3108 2651 3162 modulationes
2690 3105 3007 3163 confudisti.
3060 3105 3238 3170 Salve,
3267 3106 3462 3161 caelum
3492 3109 3713 3176 perpul-

2154 3196 2367 3261 chrum,
2396 3197 2597 3253 divinis
2627 3196 3007 3267 splendoribus
3029 3197 3257 3262 illustre,
3283 3197 3335 3249 in
3364 3212 3473 3264 quo
3497 3196 3586 3250 ille
3617 3196 3710 3250 Sol

497 3296 606 3349 vini
632 3295 775 3349 Solis
803 3293 1017 3347 lucidus
1043 3291 1248 3355 radius,
1284 3289 1375 3359 qui
1407 3305 1437 3344 a
1471 3305 1685 3343 summo
1712 3289 1851 3343 cudo
1882 3301 2054 3356 usque
2082 3300 2123 3355 ο
2152 3290 2379 3360 justitize
2401 3290 2714 3359 requiescit,
2733 3297 2787 3343 et
2814 3289 3080 3344 orationis
3106 3289 3237 3353 dux,
3259 3303 3366 3356 quo
3386 3299 3438 3341 tu
3468 3288 3711 3349 inuisus,

440 3452 441 3455 η
497 3389 561 3441 ad
590 3397 892 3443 extremum
930 3398 1276 3454 percurrens,
1303 3391 1358 3437 et
1382 3384 1587 3436 erroris
1617 3381 2057 3435 tenebrasimmi-

500 3494 691 3541 ruens,
725 3484 779 3530 et
816 3475 906 3539 iis,
947 3474 1039 3542 qui
1089 3472 1350 3527 sedebant
1394 3473 1446 3526 in
1486 3474 1675 3527 umbra
1709 3472 1919 3533 mortis,
1955 3472 2053 3523 hoc

498 3580 583 3627 est
614 3568 667 3621 in
708 3566 859 3620 malis
895 3563 1208 3628 lethalibus,
1226 3561 1509 3631 effulgens,
1544 3578 1636 3632 per
1662 3562 1936 3616 lavacrum
1968 3578 2055 3614 re-

498 3659 884 3731 generationis,
910 3657 1000 3711 Dei
1031 3658 1195 3718 filios,
1232 3656 1489 3711 mortales
1533 3655 1782 3709 homines
1810 3652 2051 3709 ellecisti.

499 3754 577 3806 'fu
604 3766 662 3805 es
692 3751 968 3822 pretiosus
1012 3749 1099 3803 ille
1146 3749 1302 3819 lapis,
1336 3749 1403 3803 ab
1452 3748 1701 3818 angulari
1737 3746 1915 3816 lapide
1964 3748 2056 3801 illo

499 3843 718 3906 missus,
751 3841 803 3895 in
835 3857 942 3909 quo
986 3838 1285 3893 Ecelesiam
1321 3838 1569 3891 Christus
1602 3837 1716 3905 ipse
1750 3834 2054 3897 ωὰιῦρεινιι,

496 3949 618 4001 qua:
650 3931 798 3983 nullo
840 3943 1081 3998 unquam
1126 3936 1371 3995 tempore
1423 3923 1672 3993 quassari
1714 3931 1807 3976 aut
1839 3922 2054 3975 concuti

500 4024 715 4091 poterit.
751 4019 830 4072 'l‘u
863 4034 922 4073 es
953 4017 1307 4086 purissimmn
1337 4014 1468 4067 illud
1506 4027 1701 4067 aurum
1746 4021 1799 4066 et
1824 4012 2058 4066 caelestis

502 4113 593 4164 Dei
625 4109 1082 4179 pretiosissimum
1121 4122 1345 4170 munus,
1393 4104 1531 4159 lucis
1560 4104 1838 4167 columna,
1868 4101 2057 4157 Eccle-

500 4203 595 4257 siae
638 4201 1086 4262 fundamentum,
1148 4197 1383 4267 Spiritus
1442 4195 1613 4250 sancti
1668 4195 2055 4259 diversorium,

504 4292 977 4365 magniloquentiae
1025 4306 1224 4360 praeco,
1289 4289 1469 4359 aquila
1518 4289 1574 4342 in
1623 4287 1792 4341 altum
1851 4286 2057 4349 volans,

502 4400 669 4440 suave
698 4399 898 4438 canens
928 4382 1179 4445 luscinia,
1207 4381 1445 4435 cmlestis
1469 4379 1677 4444 cicada,
1709 4379 1933 4449 angelus
1962 4379 2057 4432 de-

503 4479 666 4546 nique
701 4476 754 4530 in
790 4477 1029 4528 humano
1059 4489 1288 4542 corpore
1318 4488 1562 4532 versans,
1590 4487 1751 4525 aurea
1784 4473 2057 4536 columna,

503 4570 654 4624 Stella
686 4567 1047 4630 lucidissima,
1070 4566 1267 4620 florens
1298 4565 1606 4634 paradisus,
1628 4562 1861 4633 Spiritus
1886 4562 2059 4617 sancti

576 4747 651 4814 (2)
696 4744 923 4800 Sacrum
964 4760 1161 4814 corpus
1207 4741 1265 4796 S.
1297 4739 1949 4814 Bartholomaeiapostoli
1992 4754 2057 4792 ex

505 4810 811 4886 Lipai'itana
845 4815 1021 4870 insula
1062 4810 1213 4868 circa
1249 4828 1449 4886 annum
1497 4810 1707 4863 Domini
1740 4812 1843 4864 832
1881 4820 2062 4886 trans-

506 4883 672 4940 latum
717 4896 800 4939 est
842 4886 1228 4938 Beneventum.
1284 4883 1455 4950 Capto
1530 4896 1656 4933 vero
1716 4884 2062 4948 postmodum

508 4958 831 5019 llcnevento,
864 4952 1006 5008 Otho
1033 4954 1072 5006 ll
1111 4955 1406 5021 imperator
1438 4951 1498 5002 Β.
1527 4950 1753 5018 apostoli
1788 4965 1913 5004 ossa
1944 4950 2065 5001 inde

505 5028 818 5096 asportavit,
858 5041 921 5079 ac
960 5023 1143 5077 Roma:
1187 5040 1239 5074 ιιι
1273 5021 1542 5091 Lycaonia
1585 5021 1763 5072 insula
1799 5021 1852 5072 in
1884 5021 2068 5073 tumba

2158 3381 2424 3435 fallaciam
2454 3384 2678 3436 omnem‘
2711 3381 2978 3436 evertisti.
3021 3379 3095 3434 Te
3124 3380 3344 3448 quidem
3377 3379 3714 3433 laudationi-

2157 3473 2257 3527 bus
2288 3474 2544 3529 evtollere
2593 3474 2803 3537 vellem,
2854 3471 2948 3526 sed
2983 3487 3163 3525 rerum
3202 3471 3549 3525 multitudine
3583 3487 3715 3525 eon-

2158 3564 2357 3618 l'undor
2387 3574 2443 3619 et
2469 3565 2725 3619 dictionis
2768 3564 3085 3618 inﬁrmitate
3130 3564 3409 3632 Opprimor
3436 3583 3447 3618 :
3478 3577 3600 3615 nam
3633 3563 3715 3615 vel

2159 3656 2236 3720 hi,
2277 3657 2368 3724 qui
2406 3657 2646 3711 oratoria
2699 3654 2955 3711 facultate
2985 3656 3221 3709 maxime
3252 3662 3533 3723 praestant,
3576 3653 3715 3708 infe-

2158 3749 2331 3805 riOres
2377 3759 2524 3810 sunt,
2557 3763 2718 3818 quam
2770 3758 2829 3801 ut
2874 3756 2924 3800 te
2968 3746 3190 3799 laudare
3237 3745 3483 3813 possint;
3542 3759 3719 3813 neque

2157 3842 2446 3911 quisquam
2473 3840 2672 3908 estqui
2721 3855 2818 3907 pro
2857 3838 3120 3907 dignitate
3144 3837 3331 3892 laudes
3355 3846 3474 3891 tuas
3493 3851 3721 3891 narrare

2159 3933 2354 3987 valeat.
2382 3932 2514 3986 Tuis
2541 3930 2705 4001 igitur
2734 3929 2988 3999 precibus
3015 3928 3177 3984 Deum
3208 3930 3382 3998 ipsum
3409 3928 3565 3981 nobis
3587 3942 3718 3995 pro-

2162 4024 2351 4092 pitium
2392 4022 2585 4087 facias,
2621 4032 2675 4076 et
2701 4032 3048 4092 peccatorum
3092 4019 3581 4090 perturbationem,
3612 4035 3717 4089 qua

2161 4128 2437 4174 vexamur.
2473 4112 2664 4168 sedare
2699 4112 2869 4171 velis;
2916 4111 3117 4181 quique
3151 4118 3300 4163 tuum
3345 4109 3486 4163 diem
3517 4108 3719 4163 festum

2161 4203 2472 4266 recolimus,
2517 4203 2674 4257 nobis
2718 4202 2973 4256 omnibus
3020 4200 3339 4255 delictorum
3381 4198 3614 4265 veniam,
3667 4207 3723 4253 et

2161 4293 2399 4348 caelestis
2460 4294 2640 4364 gaudii
2691 4292 3155 4362 participationem
3214 4288 3326 4342 tuis
3377 4288 3721 4343 orationibus

2162 4382 2437 4452 impetres,
2476 4383 2529 4436 in
2552 4383 2768 4438 Christo
2792 4380 2919 4436 Jesu
2969 4380 3198 4434 Domino
3233 4385 3419 4431 nostro
3451 4394 3465 4431 :
3492 4376 3578 4431 cui
3608 4376 3725 4447 glo-

2163 4473 2243 4526 ria
2270 4488 2393 4527 cum
2424 4471 2582 4526 Patre
2613 4481 2666 4526 et
2702 4470 2903 4540 Spiritu
2945 4482 3158 4530 saneto,
3206 4481 3351 4521 nunc
3386 4474 3440 4521 et
3484 4480 3721 4534 semper,

2163 4569 2218 4616 et
2246 4563 2299 4614 in
2325 4561 2519 4615 swcula
2548 4562 2892 4617 szrculorum.
2928 4560 3099 4613 Amen
3134 4556 3232 4626 (9.).

2168 4738 2551 4809 porphyretiea
2584 4736 2866 4809 collocavit
2900 4748 3047 4809 anno
3082 4734 3293 4789 Domini
3327 4736 3449 4795 985,
3483 4743 3727 4805 cogitans

2168 4806 2362 4863 eadem
2384 4826 2477 4878 per
2505 4807 2741 4860 Tiberim
2771 4817 2840 4878 et
2864 4822 3012 4860 mare
3038 4806 3089 4857 in
3122 4818 3317 4859 terrain
3352 4823 3505 4861 suam
3535 4809 3729 4874 depor—

2172 4888 2308 4941 lare,
2346 4877 2438 4933 sed
2463 4894 2525 4931 eo
2555 4877 2698 4929 brevi
2732 4877 2839 4929 vita
2867 4883 3119 4942 exempto
3146 4878 3417 4942 pretiosus
3445 4878 3732 4929 thesaurus

2175 4948 2362 5001 liotme
2392 4948 2673 5008 remansit,
2709 4947 2799 4998 ubi
2826 4946 2913 5013 pia
2962 4945 3200 5013 fidelium
3237 4954 3585 4999 veneratione
3634 4944 3732 4997 ho-

2174 5028 2421 5073 noratur.
2452 5016 2581 5069 Vide
2606 5016 2801 5068 Baron.
2824 5012 2875 5068 in
2900 5025 2993 5069 not
3026 5016 3091 5066 ad
3122 5012 3283 5083 Matt}
3301 5017 3399 5068 rol.
3426 5015 3497 5067 ‘25
3525 5015 3660 5079 Aug.

2483 5138 2509 5152 ο

508 5182 767 5245 (Opttscula
791 5180 1017 5233 nonnulla
1043 5177 1242 5245 incerta;
1268 5177 1436 5245 auritis.
1466 5190 1575 5241 (iure
1600 5174 1848 5245 Δ(Ιθδὶηίθηιί
1892 5174 2068 5226 stmulo
2117 5188 2160 5221 Ix
2198 5173 2379 5243 addere
2409 5172 2824 5241 conslimeramus,
2859 5177 3097 5245 propter.
3124 5168 3488 5245 inexspectatum
3529 5163 3734 5220 volumi-

1074 5244 1149 5292 ms
1167 5232 1525 5305 spissitudincin
1545 5241 1608 5287 ad
1640 5246 1905 5301 srqucnlem
1924 5246 2099 5287 fumum
2125 5234 2361 5286 remittere
2384 5232 2617 5299 cogimur,
2638 5247 2777 5297 quem
2805 5232 3025 5284 adisissi
3048 5233 3197 5295 placet
