3990 6184
483 280 545 336 ﬂ
1838 281 2040 337 LIBER
2083 278 2374 337 DIURNUE
2787 325 2792 332 .
3686 297 3753 349 η

1433 547 1968 628 PB/EFATIO
2029 551 2159 627 AD
2224 551 2782 632 LECTOBEM.

545 846 586 901 ι.
615 845 718 914 Qui
749 846 838 902 diu
865 841 1195 899 latuitLiber
1220 839 1458 894 Diurnus
1484 839 1853 896 Romanorum
1887 842 2060 912 ponti-
2087 843 2138 902 Α
2164 839 2288 894 inde
2341 855 2465 894 cum
2511 838 2879 895 illustrissimo
2925 840 3104 900 Marca
3150 857 3207 902 et
3258 847 3464 903 Joanne
3513 847 3756 907 Lannoio

478 937 661 1000 ﬁcum,
685 934 948 989 in‘lucem
980 932 1163 1003 prodit
1202 948 1215 984 :
1255 946 1354 985 cur
1393 929 1538 983 enim
1590 930 1759 986 latere
1788 938 2059 1002 pergeret,

473 1041 596 1080 eum
611 1023 744 1080 nihil
757 1038 821 1079 eo
835 1023 928 1089 sit,
943 1030 1035 1076 aut
1049 1020 1404 1092 Opportunius
1425 1020 1493 1074 ad
1515 1021 1882 1076 studiosorum
1905 1022 2058 1091 cupi-

473 1119 694 1172 ditatem
744 1114 1098 1188 explendam,
1138 1121 1232 1168 aut
1263 1112 1449 1167 utilius
1486 1113 1553 1166 ad
1603 1121 1840 1168 veterem
1881 1113 2061 1168 Histo-

471 1210 608 1264 riam
639 1207 1099 1270 Ecclesiasticam,
1129 1211 1219 1258 aut
1243 1205 1608 1259 necessarium
1643 1203 1816 1274 magis
1845 1204 1911 1258 ad
1946 1219 2060 1257 ma-

472 1297 769 1353 ledieorum
807 1312 904 1351 ora
951 1293 1278 1350 obstruenda
1303 1334 1318 1358 ,
1365 1302 1457 1348 aut
1496 1292 1943 1348 honoriﬁcentius
1991 1293 2056 1349 ad

472 1389 617 1444 sedis
632 1387 959 1460 Apostolicae
987 1385 1303 1457 dignitatem
1322 1385 1582 1439 adversus
1603 1383 1825 1438 Honorii
1847 1383 2056 1438 calum-

475 1479 754 1536 uiatores?

543 1569 606 1624 ll.
654 1569 885 1626 Romani
938 1567 1126 1622 Diurni
1158 1566 1374 1621 nomine
1419 1566 1721 1636 appellatur
1767 1565 1971 1630 Codex,
2001 1567 2056 1620 in

470 1677 601 1731 quo,
632 1669 827 1731 preter
856 1659 1118 1716 formulas
1156 1658 1451 1723 scribendi,
1483 1659 1680 1728 quibus
1711 1666 1866 1713 sexto
1895 1657 2059 1726 septi-

473 1768 669 1824 moque
695 1763 750 1808 et
775 1762 967 1809 octavo
1000 1751 1220 1819 saeculo,
1265 1760 1428 1821 atque
1471 1752 1635 1808 etiam
1663 1768 1827 1818 nono,
1859 1752 2054 1807 summi

469 1845 753 1918 pontiﬁces
783 1846 861 1918 u_ti
897 1843 1134 1900 solerent
1169 1844 1555 1900 :continentur
1589 1844 1812 1914 insuper
1839 1844 2058 1900 ordina-

471 1914 647 1994 tiones
696 1914 894 1992 sumini
943 1935 1215 2007 pontiﬁcis
1261 1944 1317 1990 et
1373 1937 1609 2006 episcopi
1664 1937 2052 2003 suburbicarii,

470 2044 595 2084 cum
621 2029 736 2084 suis
757 2028 1012 2084 omnibus
1037 2028 1337 2096 adiunctis;
1370 2028 1734 2098 professiones
1764 2027 1918 2093 ﬁdei;
1946 2029 2055 2098 pri-

470 2121 684 2191 vilegia,
712 2128 1001 2191 przecepta,
1021 2119 1420 2184 concessiones,
1446 2118 1661 2188 aliaque
1684 2117 2054 2187 hujuscemodi

472 2229 579 2269 non
616 2228 807 2284 pauca.

544 2304 625 2358 111.
659 2303 879 2373 ignotus
919 2317 1027 2358 non
1066 2299 1167 2356 fuit
1205 2299 1482 2355 veteribus
1533 2297 2054 2366 recentioribusque,

471 2396 587 2450 sive
631 2409 900 2450 canonum
949 2391 1332 2448 collectoribns
1355 2430 1372 2455 ,
1426 2389 1541 2444 sive
1594 2389 1716 2444 aliis
1759 2388 2060 2443 illustribus

472 2485 860 2556 Scriptoribus.
892 2481 1032 2538 Olim
1055 2489 1208 2538 certe
1227 2479 1592 2536 meminerunt
1615 2477 1730 2532 Yvo
1759 2476 2059 2533 Carnoten-

471 2579 547 2633 sis
563 2619 578 2643 ,
597 2575 912 2640 Gratianus,
937 2572 1225 2628 Anselmus
1257 2569 1546 2634 Lucensis,
1574 2567 1865 2623 cardinalis
1887 2566 2060 2621 Deus-

471 2670 620 2726 dedit
649 2683 664 2723 :
694 2669 1058 2724 meminerunt
1099 2664 1262 2721 etiam
1314 2671 1500 2718 nostra
1527 2668 1851 2731 patrumque
1896 2667 2059 2714 aetate

471 2761 738 2817 Antonius
765 2758 1119 2829 Augustinus,
1165 2754 1448 2819 Baronius,
1481 2751 1751 2817 Labbeus,
1783 2758 1839 2805 et
1864 2751 1955 2821 qui
1987 2751 2058 2806 ab

473 2855 590 2926 ipso
619 2859 966 2922 acceperunt.

543 2941 629 2996 IV.
667 2941 782 2996 Υιό
809 2937 1159 2995 Carnotcnsis
1185 2943 1340 3008 parte
1370 2947 1423 2990 tv
1487 2934 1571 2990 sui
1619 2933 1832 2990 Dccreti
1879 2932 2058 3003 capite

473 3048 680 3103 cxxxu,
705 3031 846 3101 quod
876 3029 1194 3084 inscribitur
1239 3027 1303 3080 de
1348 3034 1462 3081 octo
1503 3023 1884 3079 universalibus
1925 3021 2058 3078 Con-

473 3123 628 3188 ciliis,
670 3120 834 3177 refert
868 3136 931 3174 ex
961 3118 1158 3173 Libello
1209 3117 1414 3172 Diuma
1450 3126 1663 3186 partem
1705 3113 2058 3186 professionis

473 3212 597 3268 ﬁdei
646 3209 874 3266 Romani
909 3207 1178 3278 pontiﬁcis
1212 3224 1225 3260 :
1265 3225 1283 3258 ι
1325 3203 1524 3261 Sancta
1554 3211 1677 3258 octo
1729 3202 2055 3257 universalia

469 3302 730 3369 Concilia,
759 3304 814 3358 id
841 3312 945 3368 est,
974 3301 1016 3355 l.
1053 3300 1359 3361 Nicaenum,
1392 3294 1456 3352 ll.
1497 3294 2054 3363 Constantinopolita-

473 3411 633 3462 nnm,
663 3394 746 3450 lll.
781 3393 1135 3463 Ephesinum,
1168 3387 1256 3444 Ν.
1307 3386 1767 3448 Chalcedonense,
1800 3385 1864 3440 γ.
1924 3385 2055 3440 item

470 3486 1154 3556 Constantinopolitanum,
1209 3481 1294 3536 Vl.
1327 3481 1455 3535 item
1511 3477 1818 3541 Nicmnum,
1858 3475 1966 3531 VII.
1999 3485 2056 3530 et

2165 931 2701 996 communicaverat;
2742 941 2967 1001 eratque
3016 935 3222 1002 Marca,
3253 940 3397 1008 quod
3445 951 3752 1010 acceperat,

2163 1020 2467 1075 inserturus
2515 1021 2894 1077 Dissertationi
2937 1040 3099 1093 quam
3133 1027 3199 1080 de
3233 1027 3474 1082 Honorio
3510 1031 3753 1086 scribere

2160 1109 2547 1164 meditabatur.
2575 1110 2850 1168 Launoius
2867 1125 3088 1183 accepto
3113 1130 3245 1170 usus
3271 1126 3355 1172 est
3386 1118 3441 1172 in
3471 1118 3752 1190 Epistolis,

2161 1202 2387 1271 aliisque
2413 1205 2613 1272 passim
2643 1204 2878 1275 scriptis.

2235 1291 2362 1347 Vill.
2391 1293 2712 1349 Jamdudum
2743 1295 3011 1364 expetitus
3035 1307 3120 1351 est
3146 1299 3213 1352 ab
3251 1300 3502 1365 eruditis,
3552 1317 3749 1370 quam-

2161 1383 2242 1438 vis
2269 1399 2336 1438 cx
2359 1384 2583 1438 minima
2612 1392 2764 1455 parte
2799 1393 2958 1441 notus
2990 1405 3003 1440 :
3043 1402 3172 1457 pars
3199 1403 3390 1458 nempe
3414 1390 3746 1445 desiderium

2161 1474 2326 1529 totius
2373 1472 2522 1539 fecit,
2557 1483 2612 1529 et
2640 1474 2768 1529 illud
2809 1475 3026 1545 quidem
3056 1491 3123 1532 eo
3145 1479 3348 1549 majus,
3401 1480 3545 1550 quod
3571 1494 3751 1551 neque

2158 1564 2301 1631 levi,
2342 1581 2515 1636 neque
2554 1567 2846 1622 temeraria
2896 1568 3151 1639 opinione
3199 1570 3465 1625 creditum
3519 1582 3623 1638 est,
3677 1587 3745 1628 ex

2158 1668 2507 1714 monumento
2557 1660 2688 1714 tanti
2750 1661 3052 1726 momenti,
3103 1670 3321 1732 tamque
3366 1663 3639 1719 celebrato
3689 1674 3746 1720 et

2159 1750 2379 1819 antiquo
2400 1791 2412 1815 ,
2452 1749 2570 1804 erui
2597 1765 2758 1820 posse
2787 1751 2967 1820 plura,
2999 1766 3118 1820 quae
3159 1752 3597 1808 Ecclesiasticam
3650 1753 3746 1807 Hi-

2157 1841 2380 1896 storiam
2409 1840 2700 1905 illustrent,
2727 1856 2950 1910 remque
2970 1841 3117 1897 Fidei
3142 1843 3334 1914 juvare
3366 1845 3596 1915 possint.

2224 1930 2316 1984 1x.
2369 1930 2521 1984 Nunc
2555 1931 2791 2000 primum
2823 1931 2877 1984 in
2926 1931 3100 1986 lucem
3141 1942 3324 1988 nostra
3361 1934 3746 2005 qualicumque

2156 2034 2341 2089 opera,
2370 2020 2599 2089 integer,
2617 2035 2738 2075 meo
2767 2019 2981 2089 quidem
3003 2018 3232 2088 judicio,
3263 2023 3600 2091 producitur.
3633 2024 3747 2078 Cur

2157 2110 2250 2165 diu
2280 2125 2608 2180 suppressus
2653 2110 2748 2175 sit,
2794 2109 2925 2166 fecit
2952 2113 3243 2167 vehemens
3271 2112 3487 2168 aliunde
3513 2127 3746 2184 occupa-

2085 2195 2135 2255 B
2163 2201 2259 2265 tio,
2288 2215 2397 2270 qua
2439 2216 2558 2256 sum
2590 2200 2882 2271 impeditus
2910 2219 2922 2256 :
2953 2218 3050 2258 cur
3074 2205 3291 2260 tandem
3337 2205 3584 2274 prodeat,
3617 2206 3748 2262 fecit

2157 2291 2272 2346 hzec
2297 2305 2428 2358 una,
2467 2291 2551 2347 vel
2579 2292 2712 2358 sola,
2760 2293 2847 2348 vel
2873 2294 3155 2362 potissima
3197 2310 3398 2360 causa,
3448 2303 3508 2350 ut
3539 2306 3746 2353 motam

2158 2381 2225 2438 de
2256 2381 2495 2438 Honorio
2517 2383 2871 2454 quaestionem
2891 2424 2906 2450 ,
2952 2399 3254 2456 magnaque
3283 2387 3587 2442 animorum
3615 2403 3747 2442 cou-

2159 2473 2398 2528 tentione
2427 2489 2533 2528 non
2565 2483 2676 2528 tam
2726 2474 3005 2546 agitatam,
3039 2490 3206 2545 quam
3253 2483 3506 2531 vexatam
3559 2486 3745 2533 osten-

2157 2563 2342 2619 derem
2365 2564 2437 2618 ita
2459 2564 2706 2634 componi
2727 2579 2910 2635 posse,
2932 2564 3019 2618 vel
3048 2565 3164 2635 ipso
3193 2573 3412 2620 centum
3446 2564 3560 2621 fere
3591 2582 3744 2622 sum-

2158 2669 2372 2710 morum
2417 2655 2732 2725 pontiﬁcum
2762 2654 2988 2724 judicio,
3029 2664 3092 2710 ut
3121 2669 3295 2726 neque
3324 2657 3469 2712 sedis
3509 2658 3744 2727 Aposto—

2158 2743 2304 2809 licze,
2344 2745 2498 2814 cujus
2538 2759 2717 2799 mcum
2750 2743 2987 2800 colendte
3008 2745 3246 2800 studium
3276 2745 3408 2800 nulli
3434 2746 3592 2801 velim
3621 2761 3747 2806 esse

2157 2835 2353 2904 impar,
2389 2833 2522 2889 ﬁdes
2551 2850 2790 2906 unquam
2812 2835 3001 2890 vitiata
3027 2834 3269 2901 dicatur;
3301 2850 3478 2906 neque
3505 2837 3744 2892 incredi-

2157 2922 2292 2978 biles
2327 2923 2597 2996 ﬁngantur
2643 2933 2888 2980 actorum
2923 2933 3090 2980 sextae
3131 2927 3360 2996 synodi,
3398 2925 3744 2997 aliorumque

2156 3025 2399 3070 veterum
2467 3023 2941 3072 monumentorum
2996 3018 3378 3087 corruptiones
3401 3059 3418 3086 ,
3470 3020 3614 3090 quod
3671 3020 3745 3075 ab

2158 3107 2414 3162 historica
2439 3107 2684 3162 doctrina
2715 3107 2912 3162 mirum
2937 3118 3197 3179 quantum
3244 3111 3530 3178 abhorret;
3566 3126 3747 3181 neque

2157 3207 2309 3252 sexta
2333 3196 2591 3267 synodus,
2607 3197 2692 3251 cui
2711 3197 2870 3269 legati
2897 3199 3042 3255 sedis
3061 3194 3386 3270 Apostolicae
3399 3202 3743 3273 prmfuerint,

2155 3291 2359 3346 erroris
2387 3299 2675 3362 arguatur;
2709 3306 2885 3361 neque
2913 3281 3204 3360 Honorius,
3241 3297 3490 3364 quamvis
3516 3297 3746 3352 omnino

2157 3381 2322 3438 fuerit
2351 3399 2522 3454 purus
2568 3383 3004 3452 Monotbelismi,
3042 3387 3197 3457 culpa
3254 3389 3494 3446 caruisse
3539 3398 3742 3460 putan-

2157 3475 2256 3530 dus
2292 3476 2384 3530 sit.

625 3539 1548 3646 quoqueConstantinOpolitanum,
1581 3567 1649 3620 ad
1681 3539 1846 3620 unum
1879 3579 2052 3633 usque
2079 3539 2123 3603 C
2225 3565 2293 3620 Χ.
2333 3565 2728 3636 Manuscriptus
2775 3581 2937 3637 porro
2990 3568 3205 3634 Codex,
3249 3571 3392 3626 unde
3448 3581 3743 3627 accuratur

469 3665 675 3735 apicem
697 3662 1022 3718 immutilata
1053 3673 1292 3722 servare,
1327 3666 1382 3710 et
1402 3656 1524 3726 pari
1563 3655 1768 3724 honore
1809 3661 1861 3707 et
1890 3666 2052 3707 vene-

470 3754 680 3808 ratione
709 3753 869 3822 digna
913 3750 1137 3813 habere,
1180 3755 1234 3801 et
1273 3759 1392 3816 qua:
1419 3743 1786 3814 praedicarunt
1832 3751 1889 3797 et
1942 3751 2054 3796 sta-

469 3849 724 3905 tuerunt,
772 3837 1100 3895 omnimodis
1154 3835 1308 3906 sequi
1347 3843 1403 3890 et
1447 3832 1774 3903 pradicare;
1826 3847 2052 3903 quaeque

469 3933 994 3996 condemnaverunt,
1043 3943 1140 3985 ore
1188 3936 1245 3984 et
1283 3927 1447 3982 corde
1479 3924 1842 3981 condemnare
1882 3924 2049 3996 proﬁ-

471 4032 606 4168 teoVr:
640 4042 838 4167 liadem
867 4111 1136 4166 habentur
1163 4109 1257 4164 lib.
1290 4123 1351 4162 ιι.
1383 4106 1687 4163 Panormita
1727 4107 1903 4177 capite
1930 4121 2046 4162 cm.

2153 3655 2338 3721 editio,
2371 3664 2731 3726 pneterquam
2754 3659 2897 3727 quod
2921 3659 3138 3729 optima:
3165 3668 3307 3715 nota:
3329 3670 3429 3724 est,
3464 3677 3618 3716 suam
3647 3663 3730 3717 in-

2153 3760 2316 3816 super
2345 3755 2740 3818 nongentarum
2777 3751 2998 3806 circiter
3049 3765 3315 3805 annorum
3344 3762 3562 3807 :etatem
3613 3770 3742 3826 pro-

2150 3839 2272 3908 prio
2309 3837 2484 3894 Latini
2503 3841 2802 3896 caracteris
2825 3840 2986 3896 modo
3022 3839 3293 3910 loquitur;
3320 3851 3377 3896 et
3405 3853 3464 3898 ut
3491 3853 3743 3900 caracter

2152 3928 2358 3995 sileret,
2399 3931 2626 3986 suadent
2661 3939 2845 3988 tamen
2885 3932 3120 4002 reliqua;
3149 3949 3273 3989 nam
3299 3951 3424 3990 cum
3455 3943 3741 3993 recensen-

2153 4027 2242 4074 tur
2268 4020 2463 4074 summi
2496 4019 2806 4087 Pontiﬁces,
2831 4021 3072 4077 Concilia
3096 4033 3150 4078 et
3174 4022 3558 4094 Imperatores,
3587 4029 3641 4082 in
3669 4044 3744 4084 eo

2152 4109 2381 4174 sistitur,
2410 4110 2552 4164 unde
2576 4108 2736 4165 facile
2760 4119 2893 4168 aetas
2920 4112 3242 4168 innotescat.
3274 4113 3422 4169 inter
3447 4115 3742 4174 Pontiﬁces

469 4213 631 4275 atquc
665 4203 828 4258 etiam
869 4201 1012 4272 apud
1056 4200 1374 4256 Gratianum
1409 4199 1654 4254 distinct.
1709 4214 1819 4252 xvr.
1860 4198 1950 4252 ubi
1996 4198 2049 4252 in
2151 4199 2412 4268 postremi
2435 4198 2774 4269 appellantur
2797 4201 3062 4259 Martinus
3099 4203 3142 4257 Ι.
3171 4213 3227 4258 et
3252 4203 3484 4275 Agatho,
3517 4222 3582 4262 ex
3612 4210 3740 4279 qui-

473 4298 617 4352 notis
641 4296 874 4367 legitur:
898 4312 916 4345 ι
945 4293 1212 4365 lutegram
1239 4290 1633 4363 professionem
1661 4289 1806 4357 ﬁdei,
1835 4291 2052 4360 quando
2150 4289 2252 4344 bus
2282 4289 2372 4344 ille
2393 4304 2535 4344 anno
2557 4289 2679 4344 665.
2703 4291 2805 4346 iste
2834 4307 2977 4347 anno
3011 4293 3135 4349 682.
3163 4294 3297 4349 obiit
3333 4312 3350 4347 :
3387 4296 3530 4351 inter
3568 4311 3739 4368 gene~

470 4390 592 4460 quis
641 4389 696 4444 in
734 4386 1035 4443 Romanum
1067 4385 1379 4456 pontiﬁcem
1409 4382 1852 4453 promovebatur,
1883 4381 2052 4436 refert
2151 4379 2282 4434 ralia
2319 4379 2558 4436 Concilia
2604 4381 2854 4437 ultimum
2907 4393 3241 4440 memoratur
3288 4394 3503 4440 sextum
3530 4427 3546 4453 ,
3589 4389 3737 4459 quod

469 4481 764 4539 Deusdedit
798 4478 1093 4535 cardinalis
1131 4478 1187 4532 in
1217 4477 1547 4534 Collectionc
1572 4474 1850 4530 Canouum
1872 4515 1888 4540 ,
1929 4489 2050 4544 quae
2151 4473 2392 4529 habitum
2416 4489 2557 4539 anno
2578 4474 2702 4532 680.
2717 4477 2822 4531 etsi
2844 4477 3073 4532 aliorum
3102 4477 3413 4534 meminisse
3433 4495 3570 4550 opus
3591 4490 3738 4546 erat,

465 4581 718 4629 servatur
744 4573 800 4627 in
825 4570 1156 4626 Bibliotheca
1188 4569 1469 4625 Vaticana.
1508 4584 1527 4618 ι
2152 4565 2238 4621 vel
2281 4568 2538 4633 maxime,
2581 4569 2626 4623 si
2648 4566 2760 4636 iam
2789 4570 3144 4626 exstitissent.
3189 4571 3338 4626 Inter
3376 4573 3738 4643 imperatores

539 4663 624 4719 Vl.
658 4663 811 4720 Hunc
839 4662 1020 4718 locum
1055 4676 1179 4717 cum
1209 4668 1431 4715 vocaret
1451 4656 1519 4712 ad
1547 4668 1776 4711 examen
1800 4654 1926 4710 dial.
1956 4654 2045 4708 20.
2149 4655 2539 4713 Constantinus
2578 4658 2886 4730 Pogonatus
2924 4670 3228 4716 extremum
3259 4661 3438 4717 locum
3479 4673 3736 4733 occupat,

465 4754 732 4809 Antonius
775 4751 1132 4822 Augustinus,
1163 4751 1281 4804 haec
1305 4749 1454 4804 addit
1484 4765 1499 4800 :
1532 4745 1590 4800 Is
1619 4745 1751 4799 liber
1789 4743 2049 4815 (Diurnus
2149 4747 2454 4819 diciturque
2479 4764 2653 4818 nuper
2693 4751 2937 4822 coegisse
2973 4759 3187 4807 sextum
3210 4753 3532 4821 concilium;
3561 4755 3736 4827 Pogo-

466 4842 766 4914 Romanus)
789 4857 893 4895 non
917 4849 1106 4904 exstat,
1130 4838 1270 4909 quod
1310 4837 1494 4898 sciam,
1527 4837 1624 4888 hoc
1645 4833 1821 4900 titulo,
1845 4834 2047 4904 profes-

463 4933 626 4988 tionis
640 4942 814 4985 tamen
842 4929 948 4984 vidi
981 4928 1182 4999 aliquot
1207 4925 1463 4997 exempla.
1481 4924 1620 4992 Quin
1649 4926 1813 4981 etiam
1839 4925 1892 4978 in
1922 4925 2046 4994 Epi-

468 5032 612 5078 tome
637 5019 780 5090 juris
807 5017 1070 5090 pontiﬁcii
1100 5016 1299 5072 veteris
1327 5015 1466 5070 libro
1492 5030 1544 5069 v.
1573 5014 1658 5069 tit.
1685 5030 1738 5069 x.
1781 5029 1903 5084 cap.
1951 5014 2042 5069 54.

468 5115 763 5169 maximam
787 5111 1029 5182 ejusdem
1055 5107 1408 5180 professionis
1452 5116 1664 5178 partem
1691 5106 1928 5162 exhibet.
1959 5107 2047 5162 ln-

466 5213 672 5274 tegram
701 5216 770 5258 ex
799 5198 1039 5269 ejusdem
1091 5198 1379 5268 Augustini
1433 5197 1641 5252 chartis
1686 5196 1951 5251 Baronius
1990 5197 2046 5251 in

463 5293 700 5350 Annales
725 5293 796 5348 ad
834 5306 1036 5346 annum
1075 5290 1199 5347 869.
1231 5289 1478 5354 contulit,
1524 5287 1707 5343 multis
1737 5296 1918 5342 tamen
1955 5288 2044 5342 in-

464 5384 766 5457 terpolatis,
792 5384 989 5454 quibus
1033 5383 1137 5438 etsi
1167 5389 1318 5437 caret
1352 5382 1406 5436 in
1455 5381 1691 5445 Diurno,
1737 5396 1874 5451 opus
1925 5390 2045 5436 erat

463 5478 834 5543 nihilominus,
865 5485 926 5530 ut
948 5476 1016 5530 ad
1049 5475 1172 5529 noni
1198 5473 1378 5529 saeculi
1405 5487 1562 5528 usum
1595 5481 1890 5541 aptaretur.

535 5567 644 5622 Vll.
663 5565 1027 5623 Vetustissimi
1052 5563 1266 5619 Codicis
1292 5561 1702 5632 quaternionem
1733 5575 1922 5626 unum,
1949 5569 2042 5614 aut

2149 4851 2312 4895 natus
2339 4857 2471 4896 vero
2497 4843 2632 4897 obiit
2653 4857 2797 4896 anno
2819 4841 2948 4898 685.

2223 4929 2310 4986 XI.
2344 4932 2611 4989 Collectus
2635 4943 2720 4990 est
2752 4935 2918 5006 igitur
2951 4933 3186 4992 Diurnus
3224 4945 3347 5008 post
3375 4953 3579 4995 annum
3605 4937 3732 4994 685.

2151 5021 2245 5076 sed
2268 5036 2374 5091 quo
2406 5024 2688 5092 tempore?
2735 5038 2860 5078 cum
2888 5024 2952 5079 de
2995 5025 3339 5081 ordinatione
3363 5029 3559 5084 summi
3604 5042 3736 5097 pon-

2150 5113 2314 5169 tiﬁcis
2344 5114 2486 5169 inter
2530 5113 2789 5168 formulas
2819 5126 3176 5171 numerentur
3219 5117 3370 5184 dum,
3420 5121 3620 5188 quibus
3666 5120 3736 5175 ad

2151 5205 2447 5259 exarchum
2498 5204 2858 5260 scribebatur.
2910 5205 3155 5277 Cumque
3209 5208 3433 5263 exarchi
3499 5208 3734 5264 instituti

2148 5291 2259 5345 sint
2294 5305 2435 5347 anno
2473 5290 2596 5346 567.
2628 5291 2766 5362 pulsi
2797 5308 2941 5349 anno
2989 5295 3112 5349 752.
3157 5310 3383 5352 necesse
3420 5304 3506 5350 est
3550 5296 3731 5361 fateri,

2149 5379 2434 5435 collectum
2466 5396 2584 5436 esse
2609 5397 2676 5437 eo
2702 5384 2962 5452 temporis
2993 5385 3297 5451 intervallo,
3323 5384 3464 5455 quod
3495 5386 3564 5441 ab
3590 5403 3732 5443 anno

2147 5469 2270 5524 567.
2305 5470 2370 5524 ad
2405 5485 2606 5525 annum
2632 5471 2754 5526 752.
2785 5473 3010 5527 elﬁuxit.

2217 5558 2328 5614 ΧΠ.
2363 5558 2422 5615 Si
2451 5576 2578 5616 vera
2607 5572 2793 5616 essent
2818 5563 2946 5628 duo,
2972 5578 3092 5631 qua:
3121 5563 3384 5618 Baronius
3411 5578 3480 5618 ex
3504 5563 3732 5618 Anasta-

461 5655 696 5710 alterum
724 5657 933 5712 viderat
963 5653 1211 5711 eruditus
1255 5651 1534 5717 Labbeus,
1571 5648 2040 5720 fragmentumque
2144 5652 2227 5708 sio
2268 5651 2688 5716 .bibliothecario
2736 5653 2946 5720 prodit;
2995 5653 3228 5708 alterum
3291 5670 3322 5708 a
3373 5653 3732 5709 Constantino

3431 5891 3720 6052 Lg}:
