3990 6184
414 307 483 364 15
1299 314 1739 372 ROMANORUM
1785 315 2224 374 PONTIFICUM.
2268 349 2334 359 -
2373 317 2762 380 PREFATIO.
3597 339 3664 392 it

415 435 688 505 Pogonato
714 435 1021 490 restitutam
1052 434 1214 490 fuisse
1255 434 1551 492 Ecclesiam
1579 436 1881 490 Romanam
1927 433 1983 486 in
2013 436 2061 493 Α
2088 433 2280 499 solent,
2309 434 2500 491 doctus
2527 435 2877 508 experientia,
2911 438 3142 509 reiectas
3189 446 3376 514 procul
3420 461 3451 502 a
3489 457 3660 519 textu,

414 527 502 596 jus
551 541 707 579 suum
756 524 982 595 eligendi
1020 542 1082 580 ac
1129 527 1414 581 ordinandi
1467 526 1756 596 pontiﬁcis,
1799 525 1986 580 remis-

417 629 640 685 sumque
676 615 914 670 debitum
958 617 1202 685 petenda:
1243 617 1310 670 ab
1356 617 1682 685 imperatore
1726 621 1782 670 et
1825 629 1984 667 exar-

415 709 516 760 cbo
561 706 891 760 assensionis
936 724 953 759 z
1001 707 1266 772 alterum,
1314 706 1575 760 Joannem
1627 705 1691 759 ν.
1741 704 1986 773 aliosque

415 804 804 866 consequentes
864 811 1204 851 successores
1225 837 1240 860 ,
1308 811 1373 851 ea
1443 795 1692 850 libertate
1746 802 1984 864 postmo-

417 885 538 940 dum
589 887 657 940 ad
693 900 864 954 usque
906 893 1148 954 tempora
1191 885 1368 940 Caroli
1412 884 1586 954 Magni
1615 891 1982 949 consecratos,

415 976 783 1031 aﬁirmandum
823 984 988 1039 esset,
1019 974 1395 1030 collectionem
1436 977 1589 1030 bane
1619 975 1818 1030 factam
1861 988 1984 1030 esse

414 1074 535 1118 ante
557 1080 756 1118 annum
797 1064 921 1120 685.
955 1065 1170 1134 quando
1199 1064 1416 1133 quidem
1463 1062 1699 1119 Joannes
1721 1064 1785 1120 V.
1819 1064 1872 1119 in
1901 1079 1985 1118 se-

412 1156 531 1208 dem
567 1155 928 1224 Apostolicam
958 1155 1200 1209 ascendit
1219 1170 1359 1208 anno
1386 1153 1510 1210 685.
1542 1155 1628 1210 die
1656 1155 1743 1208 22.
1773 1162 1868 1208 aut
1888 1153 1979 1210 2'5.

411 1242 557 1297 Julii.
613 1245 812 1299 Verum
866 1259 985 1313 quae
1035 1244 1301 1300 Baronius
1361 1245 1561 1310 tradit,
1617 1245 1984 1314 explicatione

411 1342 602 1402 egent,
638 1342 693 1389 et
740 1336 942 1405 epocha
972 1336 1095 1390 inde
1122 1335 1348 1390 collecta
1385 1353 1416 1391 a
1461 1337 1691 1392 veritate
1733 1337 1984 1392 Historia:

410 1425 709 1479 abhorret:
743 1441 866 1480 nam
907 1426 1028 1481 ﬁdei
1061 1427 1428 1496 professiones
1476 1428 1595 1482 duae
1638 1426 1982 1483 Constantini

407 1512 514 1579 iam
543 1514 780 1569 defuncti
815 1515 1194 1570 meminerunt.
1227 1515 1520 1571 Defunctus
1547 1531 1675 1572 vero
1713 1525 1797 1572 est
1838 1531 1982 1572 anno

411 1603 533 1658 685.
580 1620 764 1658 mense
799 1603 1123 1675 Septembri,
1153 1605 1362 1662 duobus
1392 1607 1506 1664 fere
1552 1609 1829 1664 mensibus
1861 1616 1984 1680 post

407 1691 628 1747 Joannis
654 1695 1063 1749 ordinationem.

2087 531 2180 576 aut
2207 521 2469 579 laboriose
2498 525 2622 596 legi,
2646 535 2808 596 atque
2833 528 2906 582 ita
2932 529 3210 598 lectorem,
3238 534 3321 589 vel
3353 547 3664 608 exoptatum

2086 609 2322 665 fructum
2349 628 2456 670 non
2489 628 2702 684 capere,
2719 618 2804 672 vel
2831 633 2951 676 cum
2979 621 3207 678 obscura
3238 622 3483 693 oﬁbndit,
3512 629 3664 687 fasti-

2085 701 2237 756 diose
2278 702 2479 758 librum
2517 705 2776 774 abjicere.

2154 790 2338 846 XVIII.
2379 791 2505 847 Visa
2527 804 2656 850 sunt
2699 807 2882 854 autem
2908 801 3012 856 tria
3045 817 3099 858 ra
3141 804 3286 860 notis
3319 806 3661 875 potissimm

2083 881 2432 950 exponenda,
2483 881 2776 951 Historica,
2809 888 3142 961 Dogmatiea,
3169 903 3224 949 et
3261 913 3381 966 qua:
3411 899 3664 955 dicuntur

2082 966 2304 1023 Critica.
2343 969 2614 1026 ﬂistorica
2645 973 2795 1041 dico,
2833 991 3166 1051 quaecunque
3213 987 3281 1040 ad
3333 987 3659 1044 aﬂ'erendam

2084 1056 2332 1114 Historia:
2367 1060 2540 1116 lucem
2586 1065 2926 1132 conducunt;
2978 1070 3318 1142 Dogmatica,
3353 1095 3472 1149 qua:
3502 1081 3659 1136 ﬁdem

2083 1145 2404 1214 Apostolica:
2440 1150 2584 1205 sedis
2612 1155 2890 1224 conceptis
2927 1163 3308 1232 expressisque
3351 1145 3530 1224 verbis
3575 1186 3665 1224 ex-

2083 1247 2317 1304 ponunt;
2371 1237 2603 1305 Critica,
2645 1259 2765 1312 qum
2794 1245 2862 1300 ad
2904 1247 3314 1320 intelligentiam
3357 1273 3548 1313 vocqu
3592 1264 3665 1316 ri-

2083 1335 2344 1397 tuumque
2378 1337 2622 1386 vetcmm
2664 1333 2967 1391 conferunt.

2151 1416 2296 1472 XIX.
2342 1417 2474 1475 Tam
2520 1423 2773 1492 pretiosis
2817 1435 3038 1497 tamque
3076 1431 3299 1487 utilibus
3343 1440 3667 1495 veneranda

2081 1509 2422 1579 antiquitatis
2449 1517 2810 1572 monumentis
2829 1535 2997 1575 ausus
3027 1529 3132 1587 est,
3161 1533 3220 1580 ut
3247 1527 3464 1596 quidem
3487 1533 3662 1602 suspi-

2083 1612 2198 1664 cor,
2228 1598 2586 1671 interpolator
2607 1605 2800 1674 aliquis
2825 1611 3126 1670 recentiora
3162 1618 3405 1685 quaedam
3434 1629 3490 1674 et
3516 1598 3660 1687 vilia,

2083 1696 2179 1742 aut
2229 1689 2491 1758 inserere,
2527 1704 2620 1748 aut
2669 1697 2860 1753 saltem
2904 1701 3120 1758 addere.
3169 1705 3487 1776 Huiusmodi
3538 1726 3662 1768 sunt

478 1781 610 1836 XIII.
640 1782 784 1837 Nihil
807 1784 1135 1852 probabilius
1165 1784 1269 1841 dici
1307 1801 1464 1855 posse
1493 1803 1636 1852 reor,
1686 1787 1819 1842 nihil
1851 1787 1982 1843 deﬁ-
2009 1767 2057 1828 Β
2083 1779 2262 1874 aliqua
2291 1782 2613 1853 Apostolicce
2638 1791 2986 1848 auctoritatis
3023 1767 3325 1868 privilegia,
3363 1816 3470 1856 non
3507 1802 3662 1874 longe

407 1872 508 1925 niri
534 1873 756 1936 certius,
781 1889 940 1943 quam
965 1879 1106 1944 quod
1150 1876 1220 1930 ad
1267 1875 1512 1948 Gregorii
1536 1877 1599 1931 II.
1646 1879 1818 1948 prima
1849 1887 1983 1934 tem-

404 1975 536 2029 pora
575 1962 867 2029 pertineat,
908 1963 1083 2032 sitque
1129 1966 1463 2034 compositus
1504 1966 1664 2035 paulo
1711 1977 1834 2037 post
1879 1984 1982 2023 an-

405 2064 534 2102 num
562 2049 689 2102 7M.
730 2048 794 2102 Id
835 2051 976 2105 enim
1016 2052 1062 2105 si
1091 2063 1324 2121 ponatur
1351 2094 1366 2119 ,
1418 2065 1718 2124 congruent
1760 2059 1939 2113 omnia
1967 2098 1982 2123 ,

398 2137 856 2207 consentientque
898 2147 1008 2193 tum
1057 2141 1198 2195 inter
1245 2155 1325 2206 se,
1364 2151 1480 2196 tum
1535 2143 1806 2210 Historiae,
1842 2153 1901 2200 ut
1931 2147 1986 2200 in

399 2229 879 2283 o':servationibus
895 2233 1259 2299 annotabitur,
1281 2243 1443 2304 prout
1464 2250 1581 2290 sese
1605 2251 1690 2292 res
1711 2245 1766 2292 et
1789 2248 1987 2310 tempo-

401 2319 476 2372 ris
501 2326 648 2371 notae
677 2316 925 2371 oﬁ'erent.

475 2408 609 2462 XIV.
642 2399 735 2462 Est
754 2408 854 2462 iste
881 2423 1043 2477 porro
1071 2411 1233 2466 Liber
1261 2412 1497 2468 Marculﬁ
1527 2414 1794 2471 Formulis
1821 2428 1979 2476 aetate

398 2498 687 2566 posterior,
721 2499 768 2552 si
798 2500 954 2554 modo
997 2515 1120 2556 vere
1167 2501 1462 2559 aﬁirmetur
1497 2505 1787 2564 Marculfus
1833 2527 1975 2566 anno

403 2586 526 2639 660.
585 2587 895 2655 scripsisse;
931 2600 1252 2658 argumento
1302 2602 1480 2648 tamen
1534 2607 1754 2665 praestat
1801 2616 1973 2656 :nam

402 2675 658 2730 formulas
683 2679 924 2733 continet
954 2679 1312 2738 Marculﬁanis
1339 2685 1608 2753 regalibus
1637 2696 1692 2742 et
1729 2692 1973 2759 pagensi-

405 2768 503 2818 bus
527 2781 592 2819 eo
621 2768 1184 2834 commendabiliores,
1229 2773 1373 2840 quod
1427 2775 1810 2832 ecclesiasticae
1839 2779 1968 2844 sint,

401 2854 546 2925 quod
594 2857 916 2926 pontificiis,
964 2861 1106 2929 quod
1159 2863 1225 2916 ad
1270 2862 1547 2919 historiam
1583 2868 1971 2924 conducibiliu-

400 2964 508 3012 res,
546 2949 691 3017 quod
738 2965 846 3004 non
890 2953 1278 3008 contrahantur
1306 2957 1568 3026 angustiis
1597 2961 1754 3014 unius
1792 2963 1966 3031 regni,

395 3040 539 3108 quod
596 3039 902 3093 Latinitatis
951 3057 1197 3111 magnam
1239 3057 1448 3114 partem
1504 3047 1774 3113 melioris,
1824 3051 1966 3119 quod

395 3147 460 3183 ex
517 3130 910 3198 antiquioribus
945 3140 1232 3202 excerptas.
1273 3133 1459 3190 Plures
1491 3137 1632 3190 enim
1673 3114 1968 3207 desumpta:
1994 3114 2039 3176 (ἶ

395 3229 522 3276 sunt
549 3236 619 3276 ex
657 3213 899 3292 epistolis
943 3221 1188 3294 Gregorii
1237 3225 1413 3296 Magni
1458 3227 1794 3298 aliorumque
1835 3245 1970 3300 pon-

371 3293 639 3376 'tiiicum,
701 3311 988 3380 aliquando
1040 3293 1290 3387 integrae,
1330 3293 1430 3372 aut
1480 3321 1664 3388 paucis
1703 3293 1969 3376 immuta-

393 3404 496 3467 tis,
531 3404 822 3474 aliquando
843 3415 1084 3477 exparte
1118 3418 1366 3469 tantum:
1399 3414 1624 3480 quodin
1651 3415 1797 3469 notis
1831 3415 1970 3470 indi-

395 3494 658 3547 cabimus.

463 3584 584 3638 XV.
630 3586 783 3649 Quod
811 3596 990 3642 autem
1019 3587 1131 3642 dixi
1178 3589 1244 3642 de
1283 3587 1550 3656 formulis,
1587 3593 1763 3661 quoad
1793 3594 1970 3650 locum

395 3676 533 3729 unde
556 3676 764 3731 haustae
789 3686 932 3742 sunt,
953 3693 1059 3732 non
1091 3679 1312 3748 perinde
1333 3679 1556 3752 intelligi
1577 3684 1736 3738 debet
1755 3685 1823 3740 de
1847 3700 1969 3754 pro-

392 3763 720 3820 fessionibus
769 3765 931 3832 ﬁdei,
973 3767 1199 3837 aliisque
1246 3771 1313 3823 ad
1365 3771 1797 3839 ordinationem,
1852 3783 1965 3830 tum

297 3843 308 3848 ’
393 3856 587 3909 summi
631 3856 918 3926 pontiﬁcis,
970 3867 1083 3913 tum
1132 3861 1369 3930 episcopi
1420 3866 1813 3932 pertinentibus
1861 3867 1964 3922 :id

390 3945 530 3997 enim
583 3953 677 3998 aut
725 3945 837 4001 fere
886 3954 1087 4012 totum,
1136 3956 1228 4002 aut
1273 3965 1522 4020 magnam
1573 3963 1813 4022 partem,
1864 3956 1959 4010 tle-

390 4042 662 4105 sumptum
705 4037 918 4093 videtur
944 4054 1019 4094 ex
1051 4041 1136 4105 iis,
1183 4056 1303 4110 quae
1351 4042 1405 4096 in
1447 4045 1784 4100 ordinatione
1829 4062 1964 4115 pon-

388 4126 620 4191 tiﬁcum,
668 4128 831 4198 paulo
853 4139 976 4198 post
1005 4139 1212 4185 sextam
1258 4134 1541 4202 synodum,
1572 4137 1912 4207 contigerunt
1943 4156 1957 4191 :

385 4234 509 4272 nam
563 4217 927 4287 professiones
955 4221 1080 4277 ﬁdei
1125 4237 1157 4275 a
1203 4223 1570 4292 superioribus
1615 4227 1960 4296 pontiﬁcibus

2080 1872 2338 1928 distantia
2359 1876 2428 1930 ab
2453 1875 2538 1939 iis,
2571 1893 2691 1946 quae
2730 1881 2955 1937 eruditis
2978 1900 3089 1940 non
3116 1888 3403 1946 admodum
3428 1872 3662 1962 proban-

2083 1971 2172 2017 tur
2201 1981 2216 2016 :
2241 1981 2364 2019 nam
2405 1966 2876 2028 interminationes
2904 1974 3288 2045 damnationis,
3313 1999 3430 2036 cunt
3460 1983 3660 2040 Saturus

2079 2053 2298 2123 ejusque
2328 2055 2560 2126 Pompis,
2604 2070 2653 2112 et
2684 2062 2950 2129 proditore
2974 2065 3143 2133 Iuda,
3170 2068 3323 2127 facta!
3359 2089 3388 2126 a
3433 2077 3660 2132 summis

2081 2143 2447 2211 pontiﬁcibus,
2471 2147 2730 2203 adversus
2753 2150 2901 2219 ipsos
2930 2169 3147 2225 (pioque
3180 2160 3322 2214 sedis
3340 2162 3659 2230 Apostolicae

2081 2247 2447 2299 successores,
2477 2252 2580 2307 pro
2600 2239 2766 2296 rebus
2785 2257 2891 2297 non
2924 2247 3280 2316 gravissimis,
3303 2252 3385 2307 vel
3418 2258 3661 2324 supposi-

2081 2322 2213 2378 titiae
2233 2335 2377 2391 sunt,
2402 2328 2486 2381 vel
2521 2329 2796 2397 sequioris
2827 2335 2947 2388 aavi.
2984 2335 3090 2393 Sed
3120 2339 3187 2395 de
3207 2341 3432 2413 singulis
3460 2322 3659 2417 sigilla-

2075 2414 2173 2469 tim
2204 2415 2259 2470 in
2290 2417 2454 2472 notis.

2147 2504 2264 2558 XX.
2312 2505 2699 2578 Complectitur
2752 2513 2916 2570 Liber
2968 2515 3241 2584 Diurnus,
3302 2536 3462 2592 quem
3516 2528 3656 2586 inte-

2073 2610 2252 2665 grum,
2283 2598 2492 2667 opinor,
2535 2603 2784 2670 edimus,
2827 2607 3010 2664 titulos
3057 2612 3282 2668 omnino
3330 2625 3549 2674 centum
3599 2631 3654 2676 et

2073 2694 2324 2754 quatuor.
2380 2687 2437 2742 In
2489 2689 2686 2747 Codice
2729 2699 3099 2768 manuscripto
3143 2702 3529 2764 describuntur
3575 2712 3650 2768 illi

2073 2775 2328 2830 continua
2360 2779 2517 2845 serie,
2546 2781 2662 2836 sine
2703 2783 2810 2838 ulla
2843 2789 2929 2843 vel
2950 2789 3210 2846 divisione
3240 2797 3422 2864 operis
3449 2797 3503 2853 in
3530 2816 3652 2871 par-

2074 2877 2174 2931 tes,
2209 2869 2293 2922 vel
2328 2870 2709 2931 distributione
2754 2879 2989 2946 partium
3028 2881 3083 2937 in
3117 2887 3313 2955 capita,
3364 2890 3449 2943 vel
3499 2869 3647 2963 capi-

2072 2967 2186 3012 tum
2217 2961 2560 3018 distinctione
2599 2981 2698 3035 pro
2745 2969 2975 3027 diversis
3019 2979 3375 3045 argumentis.
3411 2980 3470 3036 Id
3517 2961 3647 3041 vero

2071 3066 2180 3108 non
2242 3054 2469 3122 mirum,
2519 3059 2784 3128 siquidem
2835 3067 3108 3125 veteribus
3165 3071 3426 3140 ejusmodi
3486 3081 3650 3136 rebus

2073 3155 2179 3196 non
2227 3159 2351 3200 raro
2386 3148 2583 3204 accidit
2621 3169 2633 3203 :
2668 3154 2791 3222 quis
2817 3156 2991 3222 enim,
3040 3168 3099 3214 ut
3138 3162 3326 3220 sileam
3371 3168 3642 3228 conmsis-

2071 3231 2238 3288 s'tmas
2286 3235 2550 3304 plurimas
2595 3257 2862 3301 canonum
2921 3249 3306 3321 collectiones,
3346 3260 3511 3329 quis,
3563 3264 3645 3318 in-

2071 3336 2230 3422 quam
2251 3364 2267 3389 ,
2307 3326 2752 3422 in.Marculﬁanis
2784 3335 3055 3394 Fonnulis
3083 3343 3252 3400 ordo?
3277 3326 3398 3416 qua:
3420 3351 3648 3422 disposi-

2072 3408 2237 3465 tionis
2281 3414 2460 3468 ratio?

2145 3495 2284 3549 XXI.
2313 3497 2697 3559 Verumtamen
2738 3509 2830 3576 qui
2862 3511 3078 3567 videtur
3101 3518 3236 3572 ordo
3273 3521 3540 3591 deﬁcere,
3568 3527 3650 3583 fa-

2071 3587 2174 3641 cile
2197 3595 2374 3658 potest
2394 3591 2716 3662 suppleri,si
2731 3597 2970 3655 Diurnus
2990 3611 3136 3658 totus
3157 3606 3362 3665 divisus
3381 3587 3563 3682 fuerit,
3589 3628 3647 3674 ut

2070 3694 2259 3734 revera
2305 3689 2425 3748 est,
2461 3687 2708 3752 quamvis
2759 3704 2868 3744 non
2916 3691 3202 3761 indicetur,
3242 3699 3296 3755 in
3342 3702 3477 3759 duas
3523 3721 3648 3777 par-

2067 3774 2180 3832 tes;
2219 3784 2454 3840 parsque
2485 3773 2636 3841 prior
2662 3791 2758 3832 sex
2803 3779 2982 3850 capita
3014 3784 3443 3858 complectatur;
3467 3773 3646 3864 poste-

2065 3862 2178 3916 rior
2204 3877 2388 3925 unum,
2414 3865 2509 3918 sed
2537 3867 2840 3936 prolixum,
2870 3883 3035 3942 atque
3071 3873 3148 3931 ita
3185 3886 3391 3950 septem
3417 3862 3640 3941 omnino

2062 3952 2239 4019 capita
2269 3954 2522 4009 existant.

2133 4040 2390 4136 I’rimum.
2421 4045 2498 4100 De
2519 4051 3042 4120 “perscriptionibus
3081 4065 3129 4112 et
3153 4060 3637 4136 subscriptiouibsts,

2061 4131 2164 4186 sub
2190 4147 2297 4202 quo
2327 4135 2610 4192 duodecim
2649 4139 2811 4195 tituli.

2132 4220 2458 4279 Secundum.
2501 4225 2579 4281 De
2617 4229 2950 4285 ordinatione
2987 4238 3182 4292 summi
3208 4242 3491 4312 pontiﬁcis,
3533 4247 3635 4303 sub

383 4309 629 4373 emissae,
683 4325 805 4366 eum
861 4310 1236 4380 pontiﬁcatum
1303 4323 1682 4382 capesserent,
1731 4316 1956 4371 multum
2058 4327 2166 4381 quo
2197 4314 2447 4370 undecim
2483 4317 2644 4373 tituli.

383 4396 639 4470 differunt
671 4398 740 4453 ab
787 4398 890 4464 iis,
930 4413 1064 4468 quas
1089 4400 1327 4466 edimus,
1362 4408 1420 4454 ut
1449 4416 1516 4456 ex
1547 4401 1836 4458 collatione
1861 4419 1956 4473 pa-
1980 4448 2033 4508 Β
2068 4489 2098 4508 Δ
2130 4401 2389 4508 Tertium.
2414 4405 2497 4506 De
2531 4409 2862 4508 ordinatione
2903 4416 3130 4490 episcopi
3169 4436 3204 4475 α
3225 4437 3430 4479 summa
3465 4429 3638 4498 pomi.

384 4489 536 4543 tebit.

450 4577 592 4633 XVI.
607 4577 881 4645 Quantum
911 4579 1109 4636 laboris
1124 4581 1249 4651 poni
1273 4581 1517 4637 debuerit
1541 4583 1595 4636 in
1618 4585 1953 4639 emendando

378 4667 600 4733 Codice,
620 4683 780 4738 quem
811 4670 1060 4738 imperita
1107 4686 1300 4726 manus
1343 4671 1695 4726 describendo
1727 4672 1952 4728 vitiave-

380 4768 482 4826 rat,
509 4762 602 4814 vix
637 4760 872 4829 egoipse
910 4759 1045 4815 mihi
1069 4761 1265 4826 credo;
1303 4760 1562 4831 religiose
1590 4772 1771 4816 tamen
1809 4763 1949 4826 cavi,

378 4865 446 4904 ne
473 4851 606 4918 quid
634 4852 981 4920 corrigerem,
1023 4859 1222 4922 praeter
1253 4851 1611 4917 soloecismos,
1639 4854 1953 4924 ineptasque

376 4953 590 5003 vocum,
627 4938 714 4994 vel
767 4939 1236 5008 transpositiones,
1285 4941 1372 4995 vel
1413 4941 1828 5009 distractiones,
1869 4944 1955 4999 vel

374 5029 810 5098 conjunctiones,
838 5032 926 5087 vel
952 5033 1327 5103 repetitiones,
1373 5032 1459 5088 vel
1499 5033 1666 5088 etiam
1713 5036 1957 5092 omissio-

375 5137 471 5176 nes
514 5140 529 5176 :
571 5123 784 5177 correxi
840 5140 1005 5189 vero,
1061 5127 1273 5196 quoties
1320 5126 1511 5192 licuit,
1568 5142 1677 5182 non
1739 5127 1955 5186 aliunde

374 5230 538 5284 quam
564 5229 636 5271 ex
665 5216 836 5281 libris,
867 5216 1008 5272 unde
1045 5216 1286 5271 formulae
1325 5218 1621 5287 desumpta
1645 5226 1790 5284 sunt,
1819 5235 1954 5288 prae-

376 5310 562 5364 sertim
601 5323 671 5363 ex
697 5307 931 5379 Regesto
950 5307 1199 5378 Gregorii
1227 5307 1406 5379 Magni
1446 5308 1784 5388 aliorumque
1823 5324 1954 5380 pon-

277 5432 284 5438 ο
377 5401 581 5457 tiﬁeum
618 5401 882 5471 epistolis.

443 5490 605 5545 XVII.
635 5490 806 5546 Notas
829 5490 1032 5556 addidi,
1053 5490 1248 5560 quibus
1269 5497 1391 5545 erat
1408 5505 1576 5559 opus;
1615 5491 1761 5560 quod
1791 5506 1952 5550 mmo

372 5583 462 5650 qui
501 5582 693 5654 legerit
737 5599 848 5638 non
895 5593 979 5638 est
1021 5583 1177 5638 facile
1225 5583 1466 5637 ﬁtssurus
1506 5597 1521 5634 :
1562 5597 1656 5637 eas
1681 5599 1810 5640 vero
1844 5601 1951 5641 non

373 5678 534 5746 rrjcci
567 5677 621 5732 in
660 5676 894 5733 alteram
939 5676 1223 5731 voluminis
1265 5682 1494 5746 partem,
1545 5675 1688 5742 quod
1732 5677 1950 5745 quidam

2061 4489 2178 4558 ﬁce,
2204 4489 2304 4544 sub
2327 4507 2434 4561 quo
2461 4494 2601 4550 tituli
2629 4500 3030 4560 novemdecim.

2130 4577 2414 4645 Quartum.
2463 4580 2542 4636 De
2569 4601 2670 4640 usu
2699 4588 2879 4657 pallii,
2917 4592 3019 4646 sub
3057 4609 3167 4664 quo
3211 4598 3350 4654 tituli
3380 4609 3632 4669 quatuor.

2129 4669 2407 4764 Quintum.
2437 4672 2516 4764 De
2533 4681 2768 4744 personis
2788 4690 2841 4735 et
2863 4680 2996 4740 lacis
3027 4687 3228 4755 sacris,
3259 4692 3362 4749 sub
3388 4709 3498 4764 quo
3536 4711 3635 4754 ao-

2060 4760 2358 4816 vemdecim
2390 4763 2597 4832 pariter
2633 4767 2796 4824 tituli.

2130 4848 2375 4908 Sextum.
2411 4852 2491 4908 De
2527 4856 2679 4912 rebus
2718 4859 2970 4918 Ecclesia
3000 4871 3347 4937 procurandis
3401 4882 3452 4930 et
3505 4875 3636 4933 alie-

2061 4943 2266 5010 nandis,
2303 4947 2402 5002 sub
2431 4961 2539 5018 quo
2582 4950 2723 5007 tituli
2749 4969 2892 5010 unus
2919 4964 2976 5012 et
3013 4958 3226 5030 viginti.

2129 5032 2450 5104 Septimum.
2478 5039 2556 5095 De
2577 5041 2792 5099 diversis
2817 5045 3104 5115 privilegiis
3127 5051 3429 5120 apostolicae
3449 5066 3633 5110 attete-

2061 5124 2255 5192 ritatis,
2284 5127 2397 5182 sive
2420 5130 2486 5184 de
2510 5135 2816 5199 eximendis,
2840 5137 3486 5211 dotandis,concedendis,
3509 5163 3632 5201 cott-

2059 5213 2365 5283 ﬁmandis,
2413 5219 2714 5278 aduncus}
2761 5228 3094 5284 monasteriis
3131 5238 3180 5284 et
3221 5229 3350 5286 locis
3386 5233 3522 5303 piis,
3566 5235 3630 5287 de

2057 5307 2398 5374 pm'positattt
2413 5347 2434 5373 ,
2457 5320 2562 5366 etc.

2128 5402 2290 5458 XXII.
2321 5407 2403 5462 Ad
2432 5409 2488 5463 id
2527 5420 2708 5466 autern
2738 5416 2881 5483 quod
2924 5416 3036 5472 dixi
3077 5419 3143 5475 de
3175 5421 3430 5476 continua
3463 5420 3622 5482 serie,

2057 5507 2183 5561 qua,
2215 5495 2332 5549 sine
2367 5497 2556 5554 idonea
2606 5505 2926 5572 partitione,
2977 5507 3220 5564 formulae
3252 5511 3306 5562 in
3358 5505 3470 5562 MS.
3524 5506 3627 5565 Co-

2055 5583 2178 5639 dice
2205 5585 2606 5658 describuntur,
2637 5595 2936 5651 addendum
2963 5605 3067 5661 est,
3094 5610 3287 5666 magna
3309 5597 3472 5654 etiam
3495 5614 3626 5656 con-

2056 5673 2266 5732 fusione
2293 5682 2604 5749 permisceri
2639 5685 2815 5754 plura,
2841 5701 2962 5756 qua:
2988 5685 3128 5755 quod
3161 5685 3360 5743 nullam
3393 5688 3627 5747 habeant
