3990 6184
441 296 512 355 15
1332 350 1335 353 η
1786 287 1987 343 LIBER
2024 288 2323 348 DIURNUS
3632 293 3698 349 Ib

432 411 777 474 afﬁnitatem.
807 407 948 463 ratio
983 406 1136 476 jubet
1163 404 1437 476 separari,
1482 415 1685 471 suoque
1721 399 1900 455 ordini
1930 413 2014 455 νε·
2042 407 2090 463 Α
2186 404 2419 461 Basilica
2456 420 2575 474 quae
2601 413 2726 476 post
2770 404 2981 459 ruinam
3021 403 3177 472 juxta
3220 406 3392 475 ipsam
3434 405 3539 458 alia
3570 422 3698 462 con-

435 505 587 566 stitui
620 522 635 558 :
678 501 731 558 id
765 516 895 556 vero
936 506 1195 570 praestare
1223 504 1450 552 conatus
1497 508 1638 558 sum,
1683 506 1785 546 nec
1831 491 1972 546 ullus
1995 532 2010 555 ,

438 594 649 666 opinor,
684 588 1009 660 improbabit
1029 587 1251 650 factum,
1284 585 1376 654 qui
1415 581 1877 653 perturbationem
1907 579 2016 633 lue-

442 684 515 737 rit
539 680 796 736 intuitus:
814 693 877 733 ea
892 692 1024 733 vero
1050 684 1109 730 ut
1132 681 1334 745 pateat,
1352 672 1487 728 duos
1507 670 1740 726 exhibeo
1770 670 2015 725 diversos

440 778 847 845 pugnantesque
862 765 1203 824 libriDiurni
1226 763 1462 834 syllabos
1482 801 1497 829 ,
1530 761 1762 817 alterum
1788 759 2014 816 Romani

441 862 673 927 Codicis,
703 860 932 915 alterum
972 854 1164 910 nostri.

511 949 697 1006 XXIII.
725 945 1105 1017 Apographum
1132 958 1203 999 ex
1231 941 1380 1000 Urbe
1418 940 1605 999 multis
1633 939 1831 995 abhinc
1859 938 2016 993 annis

441 1041 821 1098 transmissum
861 1036 941 1091 sic
966 1050 1026 1091 se
1050 1034 1233 1089 habet.

540 1208 696 1248 ISDEX
732 1204 1093 1246 εοιιιιυιλιιυὶι
1131 1200 1336 1242 CODICIS
1391 1199 1477 1239 N8.
1531 1193 1910 1244 ANTIQUISSIII.

508 1323 782 1392 Principio
826 1331 1059 1391 quatuor
1094 1317 1224 1373 folia
1269 1330 1497 1371 corrosa
1520 1313 1831 1384 perierunt;
1874 1309 2014 1379 prin-

438 1416 639 1487 cipium
664 1423 849 1468 tamen
878 1413 931 1467 in
959 1409 1203 1479 reliquiis
1238 1405 1419 1461 adhuc
1441 1404 1772 1475 agnoscitur.

506 1505 807 1561 Indiculum
834 1503 1074 1573 epistolas
1105 1500 1385 1554 faciendae.
1404 1536 1418 1551 .
1442 1537 1453 1550 .
1476 1536 1489 1550 .
1510 1536 1524 1549 .

512 1598 907 1669 Superscriptio
941 1595 1009 1649 ad
1039 1594 1271 1665 princip.
1296 1631 1308 1644 .
1330 1630 1343 1643 .
1366 1629 1379 1641 .
1400 1627 1415 1643 .

509 1691 739 1744 Domino
771 1688 1034 1758 piissimo,
1067 1692 1176 1740 etc.

511 1782 719 1837 Victori
748 1796 811 1835 ac
845 1778 1227 1847 triumphat...
1250 1813 1263 1826 .

509 1873 841 1929 Ceterorum
861 1869 1118 1938 capitum,
1137 1873 1230 1919 aut
1254 1861 1608 1918 formularum
1629 1856 1852 1926 vestigia
1872 1851 2019 1908 nulla

439 1970 751 2034 supersunt.

510 2032 703 2121 Incipit
745 2047 938 2105 deinde
984 2046 1173 2101 folium
1213 2042 1462 2112 quintum
1503 2038 1571 2092 ab
1615 2035 1765 2090 hisce
1819 2032 2016 2087 verbis.

513 2143 739 2198 Ordines
754 2139 1131 2212 pra-tendentes
1155 2133 1303 2189 nulla
1330 2132 1534 2186 ratione
1558 2127 1863 2197 suscipiant,
1886 2134 2019 2189 etc.,

439 2251 561 2308 qua:
598 2234 808 2289 videtur
850 2245 974 2285 esse
1022 2228 1193 2282 forma
1246 2222 1332 2278 vel
1385 2218 1679 2277 indiculum
1732 2218 1797 2271 de
1846 2215 2022 2271 oliieio

510 2343 625 2384 ISCO
665 2344 700 2380 ι.

440 2343 827 2486 epSeqiiuntur
854 2412 1047 2468 deinde
1074 2409 1263 2464 ordine
1307 2406 1397 2462 hic
1446 2401 1790 2470 infrascripta
1825 2397 2020 2467 capita.

512 2510 772 2565 Formata
804 2519 966 2575 quam
1006 2501 1205 2571 accipit
1230 2500 1536 2569 episcopus.
1570 2493 1686 2547 Illis
1715 2490 2025 2563 presbyteris

443 2599 774 2663 diaconibus,
800 2605 906 2652 etc.

504 2688 805 2761 .Synodale,
835 2695 898 2739 ut
936 2696 1222 2752 episcopus
1266 2678 1491 2734 alterius
1539 2674 1774 2730 civitatis
1814 2673 1867 2725 in
1922 2671 2025 2724 alia

447 2780 687 2835 Ecclesia
720 2776 894 2847 possit
925 2770 1285 2827 incardinari.

516 2872 853 2938 Praeceptum
880 2865 947 2920 de
972 2861 1272 2918 adunandis
1317 2856 1595 2914 Ecclesiis.
1626 2853 1909 2921 Postquam
1937 2849 2031 2902 lio-

445 2962 581 3017 stilis
598 3002 611 3025 ,
651 2968 757 3015 etc.

441 3100 447 3107 .
522 3035 719 3108 Pelitio
766 3047 1124 3104 dedicationis
1172 3041 1417 3099 oratorii.
1467 3037 1692 3091 Domino
1744 3041 1925 3086 sancto
1982 3039 2029 3082 et

455 3144 775 3206 beatissimo,
798 3150 908 3195 etc.

520 3239 859 3307 Responsum
894 3232 1118 3289 oratorii
1146 3226 1449 3284 dedicandi.
1492 3222 1580 3276 Ill.
1624 3219 1849 3290 petitorii
1888 3218 2032 3271 nobis

446 3332 822 3387 insinuatione.

526 3422 867 3490 Responsum
893 3417 960 3471 de
990 3415 1256 3485 sperando
1283 3410 1613 3468 sanctuaria.
1654 3405 1743 3460 Ill.
1782 3413 2031 3459 sanctua-

452 3514 531 3567 ria
567 3510 703 3565 beati
722 3549 737 3573 ,
768 3519 877 3563 etc.

516 3603 595 3658 De
628 3598 871 3654 levandis
898 3594 1248 3651 sanctuariis.
1281 3591 1374 3645 Ill.
1402 3592 1459 3642 in
1480 3588 1734 3641 oratorio.

518 3693 594 3747 De
636 3689 819 3745 dando
868 3685 1133 3741 beneﬁcia
1197 3681 1257 3735 S.
1310 3677 1520 3749 Angeli.
1581 3675 1671 3728 Ill.
1727 3684 1784 3726 ut
1831 3671 2031 3739 Beneﬁ-

447 3786 553 3841 cia.

525 3875 869 3942 Responsum
898 3868 965 3923 de
990 3862 1293 3920 dedicando
1310 3860 1555 3915 oratorio
1583 3858 1726 3912 intra
1764 3862 2035 3910 monaste-

451 3970 594 4023 rium
629 3961 1043 4018 monachorum.
1080 3952 1353 4024 Religiosis
1380 3948 1676 4004 desideriis.

526 4057 602 4109 De
643 4049 938 4108 condendis
982 4044 1228 4115 reliquiis
1261 4042 1404 4097 intra
1439 4037 1846 4095 monasterium.
1893 4034 2037 4090 Reli-

451 4147 611 4221 giosis
637 4141 935 4204 desideriis,
956 4147 1063 4193 etc.

526 4240 603 4294 De
637 4232 996 4292 recondendis
1037 4226 1284 4297 reliquiis
1328 4226 1469 4279 intra
1511 4221 1863 4292 episcopium.
1893 4218 2035 4284 Quo-

457 4336 600 4387 niam
622 4327 831 4383 dilectio
858 4335 970 4379 tua.
1637 4334 1646 4343 ε

2118 503 2322 551 structa
2353 504 2456 550 est.
2489 495 2753 562 Quoniam
2792 496 2959 559 beati,
2988 504 3095 550 etc.

2187 587 2384 644 Potitio
2414 589 2483 644 de
2516 589 2812 644 dedicando
2841 588 3184 658 Baptistcrio.
3222 586 3408 644 Votiva
3450 587 3700 644 solemni-

2116 688 2218 744 tas,
2257 688 2363 735 etc.

2106 808 2111 813 ι
2187 771 2529 843 Responsum
2551 772 2834 828 dedicandi
2863 771 3270 842 Baptisterium.
3299 768 3399 824 Ille
3427 770 3572 839 [ilius
3598 786 3696 825 no-

2116 872 2222 917 ster
2238 904 2254 927 ,
2280 872 2385 918 etc.

2187 957 2320 1012 Item
2356 970 2694 1026 responsum.
2718 955 2820 1009 Ille
2838 954 3084 1026 petitoria
3121 953 3287 1017 nobis,
3327 929 3436 1008 etc.

2106 1077 2113 1083 ο
2198 1051 2564 1121 Privilegium.
2629 1048 2891 1116 Quoniam
2957 1064 3159 1118 semper
3227 1056 3351 1101 sunt
3408 1044 3700 1099 conceden-

2120 1142 2189 1197 da
2207 1182 2222 1207 ,
2258 1149 2367 1196 etc.

2191 1235 2521 1302 Praeceptum
2562 1231 2629 1285 de
2666 1231 3047 1287 commutando
3078 1230 3217 1285 loco.
3264 1190 3577 1301 Quanquam
3626 1228 3701 1282 m'

2121 1324 2483 1387 commutatio,
2517 1332 2621 1377 etc.

2193 1414 2526 1482 Prreceptum
2588 1410 2930 1465 auctoritatis
2977 1409 3046 1464 de
3098 1408 3362 1465 faciendis
3410 1409 3696 1464 chartulis.

2124 1505 2459 1573 Qumcnnque
2480 1503 2550 1556 ad
2584 1501 2896 1565 Ecclesium,
2928 1509 3034 1556 etc.

2193 1598 2325 1652 Item
2366 1596 2511 1651 aliud
2550 1596 2616 1649 de
2639 1592 2884 1648 facienda
2910 1592 3175 1648 chartula.
3208 1590 3458 1656 Quamvis
3479 1608 3561 1656 ea,
3585 1606 3704 1661 quae

2122 1687 2376 1759 legaliter,
2401 1694 2506 1741 etc.

2046 1755 2096 1815 Β
2173 1755 2529 1850 Ῥτίθορριυηι
2569 1779 2636 1834 de
2667 1778 3050 1834 commutando
3095 1777 3381 1847 mancipio.
3415 1774 3516 1829 Ille
3542 1774 3704 1827 abbas

2122 1874 2449 1935 monasterii,
2482 1879 2587 1926 etc.

2194 1966 2531 2032 Przeceptum
2558 1962 2626 2016 de
2657 1961 2906 2016 donando
2944 1945 3146 2031 puero.
3169 1957 3318 2013 Nihil
3353 1958 3451 2012 sibi
3499 1956 3706 2011 subtra—

2124 2057 2199 2111 hit
2225 2099 2240 2122 ,
2277 2064 2384 2111 etc.

2193 2145 2529 2214 Praeceptum
2562 2141 2850 2197 libertatis.
2883 2139 3108 2193 Domino
3149 2139 3407 2192 credimus
3452 2136 3561 2191 Deo
3614 2153 3708 2189 no-

2125 2249 2234 2295 stro
2252 2278 2266 2302 ,
2299 2246 2404 2291 ctc.

2198 2328 2463 2397 Episcopo
2492 2325 2558 2379 de
2586 2322 2888 2380 ordinando
2930 2323 3264 2394 presbytero.
3298 2319 3577 2390 Presbyter
3618 2319 3708 2389 qui

2126 2417 2373 2474 Basilica:
2394 2457 2410 2483 ,
2445 2424 2549 2471 etc.

2196 2510 2330 2565 Item
2358 2507 2426 2561 de
2467 2503 2767 2560 ordinando
2808 2503 3149 2573 presbytero.
3183 2498 3359 2554 Filius
3396 2498 3486 2553 ille
3533 2508 3711 2552 noster

2127 2599 2407 2673 postulavit
2427 2637 2442 2663 ,
2478 2604 2583 2652 etc.

2199 2687 2569 2744 lnvitatorium
2598 2688 2664 2741 ad
2705 2685 3018 2755 episcopum
3066 2683 3119 2737 in
3168 2680 3350 2735 natale
3390 2694 3565 2749 papa.
3612 2677 3709 2730 Dei

2132 2780 2293 2835 nostri
2324 2776 2682 2832 misericordia
2700 2814 2715 2841 ,
2749 2782 2858 2829 etc.

2202 2869 2574 2924 Excusatoria.
2609 2866 2819 2936 Scripta
2843 2863 3186 2934 fraternitatis
3209 2872 3334 2927 tum,
3366 2869 3471 2916 etc.

2200 2959 2555 3015 Excusatoria
2586 2956 2801 3027 quando
2824 2954 3109 3024 episcopus
3152 2950 3480 3006 inﬁrmatur.
3526 2948 3594 3003 Et
3622 2966 3711 3003 na-

2134 3052 2256 3105 talis
2280 3049 2465 3112 nostri,
2496 3056 2600 3102 etc.

2058 3100 2102 3161 C
2206 3141 2281 3195 De
2301 3154 2401 3194 usu
2426 3138 2593 3207 pallii.
2628 3134 2687 3190 Si
2722 3143 2955 3205 pastores
2990 3134 3184 3196 ovium,
3213 3140 3318 3186 etc.
3364 3149 3371 3156 ·

2203 3232 2335 3287 Item
2365 3229 2530 3284 aliud.
2575 3227 2810 3297 Oﬁieium
2840 3225 3124 3279 sacerdotis
3155 3238 3443 3285 assumere,
3474 3228 3579 3275 etc.
3708 3280 3717 3289 _

2205 3322 2337 3375 Item
2364 3319 2527 3374 aliud.
2558 3315 2722 3370 Pallii
2748 3331 2924 3374 usum,
2953 3331 3100 3384 quem
3129 3314 3197 3367 ad
3223 3310 3709 3374 sacerdotalis,etc.

2204 3411 2338 3466 Item
2367 3408 2512 3462 aliud
2548 3405 2816 3477 episcopis
2851 3403 3067 3458 Siciliae.
3103 3401 3413 3472 Apostolicae
3439 3398 3577 3454 sedis
3618 3397 3710 3451 be-

2140 3503 2448 3565 nevolentia,
2480 3508 2586 3554 etc.

2205 3591 2502 3646 Tractoria.
2545 3586 2932 3641 Ecclesiasttcte
2977 3599 3151 3637 causa:
3196 3599 3297 3636 non
3356 3582 3568 3651 recepit,
3600 3589 3709 3635 etc.

2208 3682 2337 3737 Item
2365 3679 2663 3733 Tractoria.
2698 3675 3045 3731 Prtesentium
3074 3674 3267 3729 latores
3296 3689 3390 3743 pro
3428 3689 3526 3726 sua
3553 3672 3712 3725 dero-

2136 3774 2294 3835 tione,
2326 3778 2431 3823 etc.

2208 3864 2543 3930 Praeceptum
2575 3866 2738 3912 eunte.
2769 3856 3083 3910 ordinatore
3108 3853 3160 3905 in
3182 3849 3525 3921 patrimonio.
3555 3847 3715 3903 Salu-

2137 3956 2215 4011 bri
2248 3952 2593 4025 providentia,
2622 3960 2727 4004 etc.

2208 4048 2338 4103 Item
2365 4046 2509 4100 aliud
2553 4053 2717 4098 eunte
2749 4049 2960 4095 rectore
2988 4039 3043 4093 in
3068 4036 3411 4108 patrimonio.
3445 4033 3713 4100 Quoniam

2136 4144 2191 4195 in
2224 4136 2539 4199 ordinando,
2569 4143 2674 4189 etc.

2207 4227 2422 4283 Colonis
2470 4233 2524 4280 et
2559 4223 2776 4277 familia:
2822 4232 3143 4282 massamm,
3179 4216 3292 4271 sive
3322 4214 3628 4279 fundorum,
3656 4214 3712 4267 in

2134 4319 2413 4392 provincia
2455 4316 2545 4371 illa
2581 4313 2906 4370 constitutas.
2948 4310 3027 4365 Ad
3072 4306 3475 4364 sollicitudinem
3526 4316 3615 4358 vos
3648 4304 3715 4355 il-

530 4418 730 4475 Petitio
749 4412 1006 4485 episcopi.
1033 4409 1115 4463 Ad
1141 4407 1349 4462 laudem
1370 4407 1561 4460 summi
1600 4414 1796 4459 certum
1820 4410 1893 4455 est
1922 4416 2037 4471 per-
2062 4435 2115 4494 Β
2141 4412 2244 4465 (ius
2275 4409 2413 4464 εεάξς
2443 4416 2653 4468 "cum,
2688 4414 2794 4459 εις,

457 4517 641 4570 linere.
665 4520 772 4565 etc.

527 4554 886 4674 Responsum.
912 4593 1198 4650 Basilicam
1219 4632 1233 4657 ,
1271 4603 1429 4659 quam
1454 4584 1661 4639 dilectio
1689 4592 1799 4648 tua,
1821 4589 1928 4635 etc.

527 4673 1028 4760 Itentresponsnm.
1074 4681 1405 4737 ablutionem
1433 4673 1730 4729 dilectionis
1775 4680 1898 4730 tua.
1927 4679 2031 4723 etc.

527 4758 795 4856 EpiscOpo
812 4779 878 4835 de
896 4775 1140 4831 levandis
1182 4766 1527 4826 sanctuariis.
1549 4763 1763 4818 Noverit
1791 4758 2036 4829 fraterni-

460 4889 541 4931 tas
565 4884 675 4936 tua,
708 4879 812 4925 etc.

530 4966 662 5019 Item
692 4969 1027 5039 responsum.
1060 4952 1348 5009 Basilicam
1377 4963 1534 5018 quam
1564 4943 1792 5005 dilectio,
1822 4949 1928 4994 etc.

531 5056 662 5109 Item
705 5031 1043 5120 responsum.
1096 5040 1188 5095 Ill.
1230 5050 1279 5094 et
1318 5036 1409 5091 Ill.
1444 5036 1499 5088 in
1542 5033 1654 5087 solo
1684 5031 1782 5086 sibi
1832 5046 2038 5084 conces-

460 5162 518 5201 so
537 5184 551 5201 .
592 5150 696 5197 etc.

531 5184 666 5291 item
695 5240 1033 5298 responsum.
1071 5222 1382 5277 Petitionem
1408 5215 1702 5270 dilectionis
1745 5222 1852 5266 tute
1872 5250 1887 5277 ,
1927 5220 2029 5266 etc.

532 5327 608 5381 De
634 5321 793 5379 altari
821 5315 1136 5375 dedicanda.
1172 5309 1465 5367 Relationis
1488 5317 1615 5370 tur,
1644 5312 1748 5360 etc.

532 5418 610 5474 De
645 5409 989 5471 recondendo
1020 5418 1245 5474 corpore
1274 5400 1621 5457 Sanctorum.
1652 5395 1754 5451 Ille
1777 5394 1923 5464 ﬁlius
1942 5410 2035 5448 no-

782 5612 903 5668 qnat
925 5599 1047 5664 post
1075 5586 1383 5645 incendium
1410 5589 1711 5653 reparatur.
1746 5577 2033 5633 Basilicam

462 5708 621 5767 quam
640 5731 652 5751 .
684 5702 789 5746 etc.

2210 4501 2545 4567 Praeceptum
2581 4491 3077 4548 commendatitium
3103 4495 3263 4543 eunte
3292 4492 3501 4539 rectore
3531 4481 3586 4536 in
3624 4491 3723 4545 pa-

2145 4587 2418 4649 trimonio,
2445 4585 2513 4639 ad
2536 4583 2769 4652 iudicem
2800 4579 3111 4650 provinciae.
3145 4572 3250 4641 Qui
3277 4576 3333 4628 in
3357 4575 3560 4627 actione
3579 4588 3721 4641 pasto

2145 4690 2250 4743 tus,
2282 4686 2387 4731 etc.

2212 4771 2343 4825 Item
2374 4768 2441 4822 ad
2478 4762 2792 4821 Patricium.
2822 4762 2926 4829 Qui
2956 4762 3074 4815 illos
3098 4758 3339 4830 protegit,
3368 4766 3475 4812 etc.

2216 4862 2348 4914 Item
2379 4859 2444 4913 ad
2470 4858 2778 4926 Episcopos.
2821 4853 2911 4905 Illi
2942 4852 3147 4905 notario
3178 4859 3375 4903 sancta!
3396 4856 3589 4902 nostra
3617 4846 3720 4899 Ec-

2146 4950 2337 5014 clesitc,
2378 4956 2482 5002 etc.

2213 5042 2291 5097 De
2318 5039 2656 5095 ordinatione
2688 5031 2982 5088 Pontiﬁcis.
3019 5029 3259 5084 Psallam
3287 5029 3572 5084 secundum
3600 5044 3725 5081 eon-

2142 5132 2486 5193 suetudinem,
2518 5137 2623 5182 etc.

2213 5221 2291 5275 De
2322 5218 2589 5274 electione
2635 5210 2913 5267 Pontiﬁcis
2959 5210 3027 5265 ad
3069 5208 3394 5277 Principem.
3441 5204 3574 5260 Cum
3616 5220 3724 5259 non

2145 5313 2256 5367 sine
2277 5310 2487 5376 dioincc,
2516 5314 2622 5361 etc.

2216 5397 2448 5452 Nuntius
2475 5395 2540 5449 ad
2561 5392 2866 5448 Exarchum
2905 5390 2971 5445 de
2997 5387 3249 5442 transitu.
3299 5384 3721 5455 Superscriptio.

2148 5487 2369 5543 Domino
2390 5483 2839 5539 excellentissimo.
2876 5479 3034 5533 Nouit
3060 5477 3303 5532 humanis
3333 5476 3507 5538 rebus,
3543 5482 3650 5529 etc.

2212 5576 2491 5633 Judicibus
2502 5575 2787 5628 Ravennae.
2808 5567 3224 5639 Superscriptio.
3254 5566 3475 5619 Domino
3493 5564 3723 5619 eminen—
3748 5628 3769 5643 τ

2142 5670 2359 5725 tissimo.
2403 5667 2459 5721 Si
2495 5665 2764 5732 beneﬁcia,
2804 5674 2910 5716 etc.
