3990 6184
272 361 330 415 'I'I
1149 357 1582 417 ROMANORUM
1624 360 1877 418 PONTIF
1884 361 2158 421 ICUM.——
2199 365 2582 422 PREFATIO.
3447 379 3512 434 η

333 469 412 523 Ad
439 467 855 536 Apocrisiarium
884 466 1169 522 Ravennae.
1219 469 1631 542 Superscriptio.
1679 471 1822 524 Dile-
1854 471 1905 530 Α
2001 473 2130 528 Item
2219 473 2591 573 Privilegium.‘
2672 477 2836 532 Tanto
2915 479 3034 547 plus
3125 483 3512 542 Ecclesitssticc

269 561 484 614 stissimo
507 559 749 627 fratri....
787 557 992 611 Dudum
1018 559 1231 622 obitum,
1260 573 1366 616 etc.

330 648 752 717 Preceptumde
798 648 1139 703 concedendo
1185 649 1527 706 Monasterio.
1577 653 1826 707 Convenit

264 737 570 807 Apostolico,
598 746 705 792 etc.

326 829 454 883 Item
485 827 648 883 aliud.
684 825 897 898 Semper
919 830 974 881 in
1003 828 1277 899 religiosis,
1311 843 1396 887 etc

323 919 656 988 Praeceptum
706 918 771 972 de
823 919 1166 974 concedendo
1219 923 1584 980 Xenodochio.
1642 924 1827 979 Peten-

258 1015 380 1066 tium
410 1013 705 1078 desideriis,
733 1022 838 1068 etc.

318 1107 446 1160 Item
473 1105 636 1160 aliud.
669 1105 773 1171 Qui
797 1108 850 1160 in
883 1109 1168 1162 commissis
1204 1109 1323 1173 sibi,
1357 1118 1460 1163 etc.

319 1199 653 1268 Praeceptum
702 1199 767 1254 de
815 1199 1190 1272 Prtepositatu.
1234 1201 1502 1266 Quantum
1556 1218 1645 1254 nos
1695 1201 1825 1269 fide-

254 1288 394 1355 lium,
427 1299 534 1344 etc.

314 1378 668 1449 Praeceptum,
702 1382 917 1449 quando
944 1381 1036 1436 ﬁet
1065 1383 1262 1437 absens
1291 1381 1745 1452 Subregionarius
1765 1398 1828 1436 ac

249 1469 621 1539 Regionarius.
649 1469 752 1536 Qui
782 1472 837 1525 in
867 1475 1175 1539 commissis,
1205 1482 1309 1529 etc.

306 1559 673 1630 Praeceptum,
711 1563 925 1631 quando
952 1563 1122 1618 laicus
1156 1573 1491 1631 tonsuratur,
1530 1575 1584 1618 et
1624 1567 1682 1619 lit
1717 1565 1826 1619 Re-

244 1650 537 1719 gionarius.
573 1652 716 1718 Quos
754 1653 901 1708 bona:
931 1657 1066 1720 vitae,
1093 1663 1199 1710 etc.

307 1738 646 1810 Pnaceptum
675 1743 739 1797 de
778 1743 1122 1798 concedendo
1164 1759 1332 1814 puero
1379 1746 1432 1798 in
1479 1745 1822 1801 Monasterio.

243 1829 389 1883 Nihil
411 1834 674 1888 credimus
705 1836 889 1900 minui,
924 1845 1029 1890 etc.

303 1924 646 1993 Praeceptum
675 1926 739 1979 de
771 1929 1114 1983 concedendo
1141 1944 1329 1998 puero.
1364 1930 1618 1999 Exemplo
1655 1943 1831 2000 pasto-

237 2013 357 2067 ralis
389 2014 670 2084 benignit.,
702 2024 805 2070 etc.

293 2102 613 2156 Promissio
642 2102 764 2158 ﬁdei
798 2105 1073 2176 Episcopi.
1121 2097 1184 2159 In
1219 2108 1424 2160 nomine
1452 2108 1686 2172 Domini,
1727 2118 1831 2164 etc.

237 2191 532 2256 Promitto,
564 2201 667 2246 etc.
700 2192 833 2264 Ego,
865 2203 972 2250 etc.

297 2283 505 2338 Cautio
545 2283 810 2354 Episcopi.
843 2285 912 2338 In
950 2289 1156 2340 nomine
1182 2287 1394 2341 Domini
1431 2288 1524 2342 Dei
1555 2289 1830 2344 salvatoris

237 2377 420 2439 nostri,
455 2382 565 2428 etc.

300 2466 604 2521 Indiculum
663 2467 931 2536 Episcopi.
1000 2469 1064 2521 In
1119 2472 1326 2523 nomine
1369 2471 1598 2524 Domini.
1657 2471 1827 2541 Impe-

240 2567 400 2623 rante,
433 2567 544 2613 etc.

301 2647 605 2702 Indiculum
656 2649 902 2720 Episcopi
950 2650 1018 2704 de
1062 2651 1450 2722 Langobardia.
1513 2654 1578 2706 In
1621 2660 1824 2711 nomine

239 2735 463 2801 Domini,
497 2746 601 2792 etc.

304 2825 656 2898 Privilegium
675 2827 986 2885 Monasterii
1015 2832 1068 2884 in
1099 2831 1199 2886 alia
1220 2835 1493 2904 provincia
1517 2839 1818 2893 constituti.

243 2913 292 2966 Si
318 2934 526 2988 semper
545 2930 690 2985 sunt,
717 2929 822 2974 etc.

303 3007 614 3076 Decretale,
643 3013 786 3080 quod
814 3013 944 3083 legit
975 3013 1242 3070 Diaconus
1267 3019 1483 3086 quando
1526 3020 1824 3092 EpiscOpus

243 3099 546 3156 discutitur.
581 3101 876 3170 Destitutis,
916 3115 1019 3160 etc.

301 3190 427 3247 Item
498 3188 676 3258 aliud,
736 3197 878 3264 quod
940 3197 1070 3268 legit
1144 3199 1432 3254 Diaconus.
1508 3203 1706 3258 Electio
1769 3208 1822 3259 in

243 3296 350 3348 qua,
380 3292 465 3337 etc
479 3323 498 3334 .

302 3374 424 3430 Item
494 3377 640 3432 aliud
683 3377 943 3448 ejusdem.
994 3381 1270 3438 Desideria
1295 3389 1711 3442 venerandorum
1738 3406 1827 3442 ca-

251 3480 441 3530 nonum,
491 3477 594 3521 etc.

303 3553 643 3625 Praeceptum
674 3558 818 3614 aliud
854 3560 921 3616 de
950 3563 1294 3618 concedendo
1325 3579 1515 3634 puero.
1550 3564 1825 3622 Credimus

249 3645 306 3696 ad
327 3655 691 3716 augmentum,
718 3658 825 3705 etc.

308 3734 596 3794 Decretum
628 3739 924 3798 Pontiﬁcis.
963 3743 1112 3798 Inter
1146 3755 1332 3801 ctetera
1357 3765 1474 3818 qua:
1499 3766 1718 3804 summa:
1744 3752 1828 3804 di-

253 3825 480 3893 vinitatis,
510 3838 622 3883 etc.

305 3915 600 3974 Indiculum
628 3921 926 3978 Pontiﬁcis.
971 3923 1072 3979 Ille
1108 3927 1468 3982 misericordia
1503 3929 1600 3983 Dei
1642 3931 1823 3985 diaco-

255 4021 333 4059 nus
358 4019 403 4063 et
430 4010 652 4075 electus,
685 4020 790 4067 etc.

309 4114 406 4171 Sub
441 4121 542 4174 hoc
581 4123 747 4191 capite
774 4125 1104 4178 continentur
1130 4126 1237 4181 alia
1262 4129 1366 4181 duo
1396 4131 1507 4183 sine
1536 4130 1707 4184 titulo.

310 4206 543 4264 Primum
571 4214 812 4267 continet
837 4215 1224 4284 professionem
1251 4219 1394 4274 ﬁdei.
1433 4220 1532 4275 Ille
1553 4224 1820 4294 cpiscopus

253 4309 426 4354 sancta:
446 4301 762 4370 Catholicw,
789 4312 897 4360 etc.

313 4411 384 4464 Ad
431 4415 530 4468 hoc
570 4417 882 4485 Apostolicce
917 4420 1052 4474 sedis
1101 4422 1344 4491 ofﬁcium,
1389 4424 1713 4480 dilectissimi
1755 4427 1819 4496 ﬁ-

254 4500 319 4565 lii,
347 4513 445 4558 etc.

309 4612 546 4670 Alterum
571 4619 815 4674 continet
843 4611 1197 4690 sermonem:
1213 4629 1326 4682 sive
1355 4629 1667 4699 alloquium.
1720 4633 1822 4687 Ille

257 4698 522 4777 Episcopus
554 4719 753 4765 sancta:
779 4710 1085 4781 Catholicae,
1114 4725 1219 4773 etc.

315 4791 568 4852 Hodierni
601 4799 709 4854 diei
752 4801 937 4870 festiva
955 4803 1269 4873 jucunditas
1299 4810 1482 4863 invitat
1521 4829 1612 4865 nos
1633 4852 1646 4877 ,
1691 4813 1823 4868 dile-

256 4882 470 4950 ctissimi,
499 4897 607 4943 etc.

313 4993 526 5054 Diversa
581 5003 864 5075 privilegia
910 5006 1235 5076 Apostolica)
1293 5017 1648 5072 auctoritatis.
1717 5018 1820 5074 Ille

258 5080 525 5159 Episcopus
555 5109 733 5148 servus
754 5112 1038 5164 servorum,
1071 5109 1176 5156 etc.

318 5196 651 5272 Privilcgium
684 5206 1014 5265 Monasterii.
1057 5210 1283 5269 Credita:
1308 5219 1677 5287 speculationis
1720 5223 1815 5275 im-

259 5285 498 5355 pellimur,
531 5302 634 5349 etc.

317 5375 670 5455 Privilegium.
728 5389 1061 5461 Spiritalium
1125 5400 1458 5468 prtcmiorum
1508 5405 1817 5472 muni/icon-

259 5461 339 5528 εἰσ,
365 5478 465 5524 etc,

236 5628 264 5658 .
322 5555 670 5635 Privilegium.
696 5569 826 5626 Cum
857 5592 1048 5646 magna
1073 5579 1218 5631 nobis
1248 5577 1599 5638 sollicitudine
1626 5586 1815 5641 insistit

263 5660 390 5710 cura,
425 5663 525 5709 etc.

323 5740 668 5819 I’rivilegium.
700 5755 950 5812 Convenit
975 5757 1269 5830 Apostolico
1300 5764 1642 5819 moderamiui
1661 5809 1672 5833 ,
1704 5778 1806 5825 etc.

1849 3148 1896 3210 C

1934 579 2036 626 res,
2075 572 2179 618 etc.

2001 579 2550 725 lelidPrivilegium.
2600 655 2788 712 Diuina
2829 676 2920 713 nos
2945 660 3290 724 saluberrima
3318 684 3510 735 prece-

1930 749 2041 809 pta,
2071 751 2175 797 ctc.

2001 831 2368 902 Privilegium.
2403 835 2538 889 Cum
2579 840 2680 906 pia:
2721 839 3038 897 desiderium
3061 845 3358 912 uoluntatis.
3398 861 3506 906 etc.

2005 921 2287 992 Prologum
2316 922 2618 991 judicatum
2653 927 2948 1002 Privilegli.
2979 933 3115 988 Dum
3143 947 3236 1005 pro
3259 955 3513 1010 exequen-

1931 1014 2012 1068 dis
2025 1014 2270 1083 iustitia,
2302 1023 2408 1069 etc.

2001 1105 2346 1176 Privilegium
2413 1109 2477 1162 de
2524 1109 2813 1164 Diaconiis.
2866 1111 3003 1165 Dum
3071 1133 3165 1184 pro
3220 1118 3514 1187 adipiscen-

1933 1195 2036 1259 dis,
2072 1205 2178 1249 etc.

2001 1287 2371 1358 Privilegium.
2405 1290 2659 1360 Supernae
2678 1292 3029 1350 miserationis
3060 1310 3315 1366 respectu,
3345 1309 3453 1354 etc.

2001 1379 2364 1450 Privilegium.
2397 1381 2668 1437 Summam
2693 1396 2927 1454 gerentes
2952 1387 3380 1454 sollicitudinem,
3407 1402 3511 1447 etc.

2000 1468 2346 1540 Privilegium
2371 1469 2814 1527 conﬁrmationis.
2849 1474 3300 1546 Oquugintuitu
3341 1483 3510 1549 pieta-

1931 1545 1996 1612 tis
2023 1560 2276 1628 gerimus,
2305 1569 2412 1614 etc.

2000 1650 2363 1721 Privilegium.
2395 1651 2524 1705 Cum
2559 1656 2841 1708 exarandis
2867 1656 2963 1710 Dei
2981 1657 3254 1722 laudibus,
3285 1669 3388 1716 etc.
3423 1680 3514 1716 us-

1931 1755 2034 1809 que
2056 1741 2124 1795 ad
2151 1757 2214 1796 ea
2247 1742 2430 1808 verba,
2464 1760 2584 1797 cum
2605 1747 2830 1814 propriis
2862 1751 3352 1820 congregationibus
3390 1772 3509 1823 quae

1859 1810 1905 1869 Β
1936 1829 2243 1900 regulariter
2268 1833 2322 1884 in
2353 1829 2603 1888 Psalmis.

2002 1922 2209 1977 Caetera
2236 1923 2452 1989 desunt,
2506 1927 2638 1980 nihil
2666 1936 2846 1982 autem
2878 1941 3073 1999 praeter
3102 1933 3349 1988 ultimum
3385 1937 3512 1991 illud

1934 2015 2120 2069 folium
2147 2017 2336 2073 deesse
2363 2019 2592 2073 videtur.

2234 2108 2303 2162 In
2339 2111 2514 2164 codice
2550 2123 2723 2166 nostro
2749 2113 2866 2167 MS.
2895 2118 2969 2169 sic
2999 2116 3209 2187 legitur.

2008 2197 2198 2265 Incipit
2227 2200 2614 2268 superscriptio
2665 2203 2731 2256 ad
2783 2202 3108 2276 Principem.
3144 2208 3364 2264 Domino
3393 2213 3514 2280 piis-

1933 2286 2083 2348 simo,
2107 2293 2210 2340 etc.

2001 2375 2402 2450 Superscriptio
2455 2385 2521 2436 ad
2581 2385 2901 2453 Augustam.
2973 2389 3213 2447 Dominae
3265 2397 3512 2462 piissimae

1929 2469 2073 2536 ﬁlim,
2107 2480 2212 2526 etc.

2001 2559 2396 2634 Superscriptio
2439 2568 2505 2622 ad
2540 2567 2845 2625 Patritium.
2921 2573 3142 2630 Domino
3188 2579 3513 2636 excellentis-

1927 2652 2078 2714 simo,
2117 2660 2221 2707 etc.

2001 2740 2340 2813 Subscriptio
2392 2747 2458 2800 ad
2512 2747 2774 2804 Comitem
2821 2752 3118 2821 Imperialis
3169 2757 3411 2827 obsequii
3457 2771 3512 2814 et

1927 2835 2256 2890 Exarcbum.
2288 2836 2617 2893 Incolumem
2645 2842 3023 2910 excellentiam,
3055 2857 3159 2901 etc.

1995 2924 2391 2998 Superscriptio
2417 2930 2484 2984 ad
2505 2929 2812 2986 Consulem.
2845 2934 3070 2992 Domino
3098 2942 3506 2996 eminentissimo

1925 3016 2055 3083 filio,
2085 3027 2190 3073 etc.

1997 3105 2394 3177 Superscriptio
2425 3112 2492 3165 ad
2531 3128 2729 3184 regem.

2001 3194 2397 3268 Superscriptio
2449 3203 2515 3256 ad
2565 3203 2958 3262 Patriarcbam.
3002 3210 3351 3268 Dilectissimo
3401 3218 3510 3284 fra-

1930 3288 2016 3350 tri,
2059 3298 2161 3342 etc.

2000 3375 2399 3447 Superscriptio
2457 3383 2522 3435 ad
2566 3384 2889 3455 Episcopum
2935 3387 3228 3446 forensem.
3269 3393 3510 3449 Dilectis-

1931 3472 2060 3522 simo
2097 3472 2264 3536 nobis,
2293 3483 2398 3527 etc.

2004 3577 2404 3650 Superscriptio
2456 3582 2523 3636 ad
2569 3584 3045 3658 Arcbiepiscopum
3078 3594 3367 3650 Ravennae.
3417 3598 3511 3652 Rc-

1933 3669 2282 3723 verentissimo
2305 3681 2353 3724 et
2387 3675 2717 3730 sanctissimo
2751 3677 2932 3746 fratri,
2964 3689 3051 3736 etc

1999 3759 2395 3831 Superscriptio
2421 3764 2490 3817 ad
2516 3765 2862 3837 Episcopum,
2893 3780 2950 3824 ut
2971 3789 3150 3842 supra,
3183 3783 3286 3830 etc.

1998 3851 2396 3922 Superscriptio
2425 3857 2492 3910 ad
2516 3857 2918 3930 Presbyterum,
2957 3863 3274 3933 Diaconum,
3311 3868 3507 3925 Primi-

1925 3945 2148 4009 cerium,
2177 3954 2232 4000 et
2270 3945 2730 4004 Secundicerium.
2763 3952 3112 4011 Dilectissimo
3134 3957 3267 4026 ﬁlio,
3289 3969 3396 4015 etc.

1999 4033 2336 4106 Subscriptio
2373 4039 2675 4094 constituti.
2727 4040 2818 4094 Ill.
2864 4043 3152 4116 Episcopus
3180 4059 3378 4103 sancta:
3404 4049 3508 4104 Ec-

1924 4124 2116 4192 clesitc,
2146 4135 2252 4183 etc.

1995 4239 2279 4295 Decretum
2305 4244 2371 4297 de
2401 4243 2573 4300 electo
2598 4246 2882 4320 Episcopo,
2914 4253 3056 4319 quod
3087 4253 3224 4322 leget
3250 4254 3499 4312 Notarius

1923 4330 2298 4402 Regionarius.
2331 4334 2558 4418 Domino
2587 4350 2771 4395 sancto
2808 4343 3015 4408 merito,
3053 4355 3158 4400 etc.

1994 4443 2295 4508 Decretale,
2319 4447 2458 4514 quod
2482 4447 2607 4518 legit
2629 4450 2898 4508 Diaconus
2918 4455 3196 4527 designato
3218 4458 3503 4530 Episcopo.-

1922 4535 2148 4591 Domino
2174 4538 2469 4595 beatissimo
2496 4542 2679 4614 Papa,
2708 4554 2814 4602 etc.

1992 4649 2124 4704 Item
2148 4651 2312 4705 aliud.
2343 4652 2615 4708 Desiderio
2648 4657 2804 4724 facile
2833 4660 3113 4725 credimus,
3145 4669 3244 4716 etc.

1991 4742 2126 4796 Item
2155 4743 2318 4800 aliud.
2352 4741 2628 4802 Paschal-is
2656 4747 2929 4816 festivitas,
2957 4758 3064 4806 etc.

1995 4832 2282 4902 Synodale,
2326 4837 2468 4904 quod
2499 4839 2702 4907 accipit
2741 4839 3053 4911 Episcopus.
3106 4841 3506 4909 Clcro,,0rdini

1921 4933 1969 4977 et
1998 4923 2146 4979 Plebi
2167 4927 2487 4994 consistenti,
2515 4937 2620 4985 etc.

1991 5036 2265 5103 Formata,
2312 5054 2474 5108 quam
2503 5041 2697 5112 accipit
2732 5044 3046 5116 Episcopus.
3099 5047 3191 5102 Ill.
3225 5046 3501 5119 Presbyte-

1924 5129 2011 5191 ris,
2040 5127 2380 5193 Diaconibus,
2419 5139 2525 5185 etc.

1992 5218 2280 5290 Synod-ale,
2335 5229 2396 5275 ut
2436 5221 2732 5293 Episcopus
2779 5226 3268 5287 alterius-civitatis
3311 5233 3366 5287 in
3395 5233 3500 5286 alia

1924 5309 2163 5363 Ecclesia
2214 5311 2385 5380 possit
2429 5311 2778 5368 incardinari.
2813 5315 2997 5383 Clero,
3043 5316 3251 5385 Ordini,
3291 5329 3340 5374 et
3376 5319 3500 5372 Ple-

1925 5400 1992 5464 bi,
2025 5408 2129 5455 etc.
3237 5446 3239 5450 -

1991 5493 2323 5563 Praeceptum
2358 5495 2424 5549 de
2451 5497 2750 5554 adunandis
2781 5499 3056 5555 Ecclesiis.
3092 5500 3380 5567 Postquam
3403 5498 3498 5553 lto-

1919 5582 2054 5637 stilis
2081 5583 2342 5652 impietas,
2373 5593 2477 5640 etc.

1989 5676 2184 5731 Petitio
2231 5676 2582 5732 dedicationis
2637 5679 2876 5735 oratorii.
2935 5679 3160 5733 Domino
3214 5691 3392 5738 sancto
3443 5693 3494 5740 et

1932 5769 2226 5822 beatissimo
2263 5765 2410 5820 Patri
2433 5765 2674 5833 Patrum,
2706 5778 2810 5823 etc.
