3990 6184
386 369 458 428 ίῦ
1730 341 1932 398 LIBER
1968 337 2274 398 DlURNUS
3566 318 3637 374 2.0

461 489 795 555 Responsum
819 479 1044 538 oratorii
1065 471 1370 532 dedicandi.
1415 465 1672 522 Petitoria
1696 461 1786 516 Ill.
1818 459 1963 514 nobis
1991 458 2042 518 Α
2137 450 2450 509 luvitatoria
2481 449 2549 503 ad
2576 447 2898 517 Episcopum
2933 441 2986 496 iu
3018 439 3184 494 natali
3216 437 3389 506 Papae.
3424 434 3518 490 Dei
3551 450 3641 491 no-

391 579 742 634 insinuatione
773 572 1049 644 suggessit,
1074 576 1178 624 etc.

464 667 800 736 Responsum
836 639 904 718 de
945 654 1230 730 sperandis
1264 645 1608 706 sanctuariis.
1649 639 1966 726 Sanctuaria

393 758 530 814 beati
549 756 641 811 Ill.
672 753 848 809 oblata
875 749 1137 823 petitione,
1157 752 1264 798 etc.

2068 544 2163 599 stri
2190 539 2547 597 misericordia
2571 536 2792 604 favente,
2815 539 2920 587 etc.

2139 633 2512 688 Excusatoria.
2539 627 2744 696 Scripta
2770 624 3113 693 fraternitatis
3134 627 3261 684 tute,
3283 627 3388 673 etc.

2140 723 2492 783 Exeusatoria
2509 719 2724 790 quando
2759 716 3058 787 Episcopus
3087 710 3411 772 inﬁrmatur.
3445 707 3513 762 Et
3549 722 3647 767 na-

465 849 546 905 De
567 845 762 902 dandis
780 812 1127 899 sanctuariis.
1169 832 1238 888 In
1271 830 1502 886 oratorio
1527 826 1591 883 ab
1614 824 1704 880 Ill.
1730 830 1969 880 constru-
2071 818 2190 873 talis
2214 817 2378 871 nostri
2403 812 2672 884 restituas,
2700 816 2807 864 etc.

399 946 759 1084 “olbeetgaudo
796 1019 1058 1079 beneﬂcio
1098 1013 1308 1086 Angeli.
1363 1007 1626 1077 Beneﬁcia
1662 1001 1832 1061 sancti
1871 999 1974 1054 Ar-

397 1119 651 1192 changelt',
690 1126 795 1174 etc.

470 1187 767 1279 Responsio
807 1207 874 1262 de
918 1199 1214 1259 dedicando
1245 1193 1486 1252 oratorio
1532 1192 1673 1246 intra
1710 1187 1976 1243 Monaste-

398 1302 538 1357 rium
566 1300 975 1356 Monacborum.
1007 1290 1285 1363 Religiosis
1306 1284 1597 1346 desideriis,
1625 1290 1729 1335 etc.

471 1389 550 1444 De
586 1387 942 1444 mandandis
963 1383 1205 1453 reliquiis
1232 1381 1374 1440 intra
1397 1372 1797 1431 Monasterium.
1835 1366 1978 1424 Reli-

400 1481 560 1551 giosis
587 1478 889 1546 desideriis,
913 1483 1018 1530 etc.

471 1572 549 1628 De
571 1568 926 1628 recondendis
966 1566 1207 1637 reliquiis
1247 1561 1391 1619 intra
1425 1555 1790 1629 Episcopium.
1835 1551 1978 1617 Quo-

405 1666 547 1720 niam
573 1663 781 1717 dilectio
804 1669 918 1726 tua,
945 1667 1053 1714 etc.

475 1754 672 1811 Potitio
699 1751 968 1823 Episcopi.
996 1748 1076 1803 Ad
1095 1745 1306 1804 laudem
1325 1741 1512 1798 summi
1537 1747 1735 1794 eertum
1763 1743 1838 1790 est
1863 1747 1979 1803 per-

406 1848 570 1902 tinere
597 1843 893 1913 Pontiﬁcis,
931 1851 1036 1897 etc.

483 1939 616 1995 Item
706 1947 1047 2006 responsum.
1126 1927 1414 1986 Basilicam
1439 1964 1454 1990 ,
1530 1937 1687 1993 quam
1780 1916 1988 1974 dilectio

413 2039 526 2083 tua.
554 2039 660 2083 etc.

481 2047 526 2095 a,
647 2066 660 2080 .

481 2035 642 2173 1|.chth
670 2127 1012 2187 responsum.
1060 2108 1152 2164 Ill.
1220 2109 1277 2162 is
1338 2104 1430 2160 Ill.
1476 2102 1588 2158 solo
1642 2099 1740 2154 sibi
1785 2108 1990 2151 conces-

413 2229 494 2277 so,
521 2219 627 2265 etc.

485 2302 619 2356 Item
646 2311 984 2368 responsum.
1014 2293 1326 2348 Petitionem
1356 2286 1646 2352 dilectionis
1666 2292 1790 2348 tuai,
1816 2287 1920 2334 etc.

485 2393 562 2446 De
590 2388 746 2442 altari
769 2385 1089 2447 dedicanda.
1118 2380 1411 2436 Relatiouis
1441 2386 1562 2437 tute,
1589 2382 1697 2431 etc.

488 2479 564 2533 De
593 2475 931 2532 recoudendo
955 2486 1180 2548 corpore
1215 2470 1559 2532 Sanctorum.
1592 2461 1693 2518 Ille
1725 2459 1866 2530 ﬁlius
1904 2473 1993 2512 no-

418 2581 524 2625 ster
550 2567 644 2622 Ill.
674 2575 786 2623 etc.

490 2658 754 2723 Basilica,
805 2672 924 2728 qum
947 2663 1074 2726 post
1112 2649 1422 2708 incendium
1453 2652 1758 2726 reparatur.
1803 2637 2000 2708 Basili-

427 2770 542 2808 cam
567 2721 1020 2822 quam—iniuster
1050 2744 1144 2800 Ill.
1184 2751 1290 2798 etc.
1528 2721 1532 2726 ’

493 2844 747 2907 Basilica,
775 2855 895 2912 quae
914 2847 1033 2910 post
1066 2837 1281 2899 ruinam
1299 2833 1454 2904 juxta
1495 2830 1668 2903 ipsam
1695 2829 2005 2886 constructa

424 2945 525 2992 est.
553 2933 816 3000 Quoniam
845 2931 980 2991 beati
1003 2928 1095 2984 Ill.
1126 2936 1233 2984 etc.

403 3097 410 3100 _
496 3028 692 3084 Petitio
715 3027 780 3081 de
803 3023 1102 3080 dedicando
1131 3016 1474 3090 Baptisterio.
1536 3011 1723 3066 Votioa
1761 3005 2009 3064 solemni-

427 3129 510 3176 tas
539 3119 832 3180 animorum
861 3115 1039 3185 exigit,
1068 3121 1174 3168 etc.

499 3207 839 3278 Responsum
860 3199 1144 3260 dedicandi
1170 3194 1503 3270 Baptisterii.
1546 3189 1720 3252 Filius
1747 3195 1922 3242 noster
1955 3185 2011 3241 in

434 3299 600 3370 fundo
632 3297 723 3352 Ill.
754 3304 861 3360 etc.

505 3389 638 3452 item
678 3400 1020 3458 responsum.
1065 3379 1321 3444 Pctitoria
1354 3375 1446 3431 Ill.
1479 3370 1625 3428 nobis
1660 3363 1913 3439 suggessit
1937 3362 2018 3418 in-

433 3480 747 3542 sinuatione,
777 3487 886 3532 etc.

506 3567 872 3639 Privilcgium.
901 3563 1162 3635 Quoniam
1191 3572 1394 3628 semper
1424 3559 1567 3617 sunt,
1593 3557 1701 3605 etc.

504 3633 804 3730 Prteceptio
831 3658 900 3718 de
924 3633 1115 3712 sancto
1137 3649 1395 3715 mutando
1419 3647 1556 3700 loco.
1591 3635 1922 3712 Quamquam
1945 3633 2021 3688 rei

437 3750 802 3814 commutatio,
827 3753 935 3803 etc.

514 3861 854 3930 Praeceptum
903 3848 1246 3916 auctoritatis
1280 3847 1348 3902 de
1412 3839 1672 3909 faciendis
1740 3831 2020 3893 chartulis.

445 3923 781 4020 Quweuuduc
859 3948 934 4010 ad
1000 3939 1496 4000 Ecelesiasticarum
1565 3945 1741 3998 rerum
1811 3923 2024 3989 locatio-

446 4057 560 4107 nos,
583 4049 691 4096 etc.

513 4155 648 4210 Item
672 4152 817 4208 aliud
840 4149 907 4205 de
935 4143 1196 4210 faciendis
1219 4138 1499 4206 chartulis.
1531 4131 1782 4210 Quamvis
1805 4144 1888 4198 ea,
1910 4139 2028 4198 aute

449 4240 685 4313 legaliter
707 4245 982 4310 geruntur,
1005 4241 1116 4296 etc.

521 4354 856 4426 Pmccptum
910 4349 978 4404 de
1031 4340 1413 4413 conmutando
1467 4333 1754 4405 mancipio.
1813 4326 2031 4393 Constat

453 4444 810 4501 strenuitatem
837 4451 1006 4506 tuam,
1035 4443 1143 4493 etc.

527 4567 657 4622 [tem
705 4563 849 4618 aliud
877 4561 944 4616 de
969 4552 1352 4622 commutando
1387 4545 1675 4629 mancipio.
1716 4540 1887 4607 Atia.
1917 4537 2035 4592 Ho-
2057 4513 2111 4581 D

458 4659 671 4717 uosterii
699 4655 789 4714 Ill.
817 4661 926 4713 etc.

528 4774 863 4842 Praeceptum
905 4768 976 4823 de
1009 4739 1260 4820 donando
1299 4769 1490 4830 puerei
1523 4747 1674 4807 Nihil
1701 4746 1799 4802 sibi
1825 4743 2035 4799 sublm-

461 4862 558 4925 bit,
584 4867 690 4914 etc.

532 4919 666 5008 Item
701 4954 1031 5020 praeceptum
1057 4955 1124 4999 ue
1160 4932 1507 4996 concedendo
1548 4941 1739 5000 puero.
1785 4919 2041 4993 Empta

465 5044 742 5117 pastoralis
769 5037 1118 5108 benignitatis,
1145 5041 1250 5088 etc.

538 5135 669 5188 item
700 5105 1025 5202 praeceptum
1056 5126 1122 5180 de
1162 5115 1507 5179 concedendo
1545 5124 1735 5184 puero.
1770 5105 2044 5164 Credimus
2093 5148 2117 5165 ,

468 5228 542 5286 sd
560 5233 916 5296 unguentum,
941 5225 1049 5274 etc.

542 5290 880 5399 Princeptarn
911 5306 1196 5380 libertatis.
1227 5300 1454 5360 Domino
1501 5295 1758 5357 credimus
1798 5290 1906 5345 Deo
1955 5303 2038 5342 no-

473 5419 603 5476 stra,
637 5414 743 5464 etc.

545 5465 814 5572 Episcopo
852 5495 921 5566 de
943 5485 1246 5561 ordinando
1266 5476 1611 5553 Presbytero.
1644 5469 1922 5540 Presbyter
1962 5465 2052 5535 qui

477 5592 743 5658 Basilica,
773 5595 878 5646 etc.

548 5652 948 5741 niueum
962 5672 1314 5746 Presbytero.
1357 5662 1530 5726 Filius
1559 5667 1734 5721 mur
1753 5652 1845 5711 ιιι.
1881 5656 2058 5722 posm-

485 5776 630 5842 lat‘it,
656 5781 762 5847 etc,

2145 909 2218 963 De
2249 905 2361 962 Usu
2398 903 2566 975 pallii.
2599 899 2656 956 Si
2683 907 2918 971 pastores
2937 896 3252 961 ocium,etc.

2144 997 2276 1052 Item
2306 992 2470 1049 aliud.
2501 989 2740 1062 Officium
2761 985 3048 1042 sacerdotis
3074 982 3368 1047 adsumere,
3395 988 3504 1035 etc.

2143 1086 2276 1141 Item
2303 1083 2466 1137 aliud.
2499 1078 2658 1133 Pallii
2681 1093 2858 1140 usum,
2883 1090 3056 1145 quem,
3086 1081 3193 1126 etc.

2145 1177 2276 1232 Item
2305 1173 2450 1229 aliud
2476 1169 2757 1242 Episcopis
2786 1166 3006 1226 Siciliae.
3052 1161 3364 1235 Apostolica:
3389 1160 3526 1217 sedis
3570 1158 3656 1213 be.

2080 1269 2387 1332 uevolentia,
2415 1274 2522 1320 etc.

2148 1357 2452 1415 Tractoria.
2477 1351 2858 1408 Ecclesiasticat
2886 1363 3080 1411 causai,
3103 1352 3190 1401 etc

2148 1452 2280 1505 Item
2310 1445 2610 1502 Tractoria.
2641 1440 2988 1496 Prtesentium
3021 1436 3236 1500 latores,
3271 1441 3378 1488 etc.

2147 1543 2481 1610 Praeceptum
2507 1543 2670 1591 eunte
2698 1532 3017 1589 Ordinatore
3047 1529 3099 1583 in
3129 1524 3534 1596 patrimonium.
3564 1521 3663 1577 Sa.

2081 1634 2217 1688 lu’lm
2248 1627 2593 1701 providentia,
2621 1634 2726 1680 etc.

2155 1722 2288 1775 Item
2341 1714 2485 1771 aliud
2530 1713 2680 1768 fundi
2717 1710 2955 1769 Rectori.
3005 1707 3266 1774 Quoniam
3299 1706 3356 1759 in
3409 1705 3664 1759 ordinans

2012 1821 2059 1879 Β
2087 1811 2173 1875 do,
2202 1818 2306 1864 etc.

2159 1897 2376 1959 Colonis
2402 1903 2457 1950 et
2486 1892 2702 1948 familia:
2743 1904 3041 1946 massarum
3070 1928 3085 1954 ,
3120 1887 3235 1942 sive
3272 1883 3578 1946 fundorum,
3614 1884 3668 1937 in

2088 1991 2366 2065 provincia
2395 1993 2725 2044 constitutae.
2756 1981 2837 2034 Ad
2861 1979 3265 2036 sollicitudinem
3295 1993 3379 2030 ros
3403 1975 3494 2027 Ill.
3524 1983 3631 2028 etc.

2160 2086 2492 2152 Praeceptum
2526 2079 2594 2132 ad
2639 2073 3159 2131 commendationem
3203 2069 3383 2123 cuntis
3420 2066 3673 2121 Rectoris

2092 2176 2145 2229 in
2195 2169 2618 2244 patrimonium,
2686 2166 2753 2219 ad
2805 2161 3042 2232 iudicem
3092 2158 3402 2230 provinci-.12.
3466 2154 3567 2220 Qui
3618 2157 3672 2206 in

2092 2268 2294 2321 actione
2321 2262 2541 2334 positus,
2573 2266 2678 2312 etc.

2163 2357 2244 2419 Ad
2273 2351 2560 2424 patricium
2590 2344 2900 2418 provinciae.
2932 2342 3034 2408 Qui
3055 2340 3148 2394 illa
3183 2337 3425 2409 protegit,
3452 2345 3557 2388 etc.

2167 2423 2296 2504 Item
2320 2446 2388 2500 ad
2414 2443 2726 2512 Episcopos.
2758 2435 2984 2490 Notario
3011 2431 3100 2485 Ill.
3129 2438 3324 2486 sanctae
3357 2437 3548 2480 nostra:
3579 2423 3680 2476 Ec-

2097 2540 2290 2603 desim,
2321 2547 2425 2591 etc.

2169 2632 2246 2688 De
2279 2628 2618 2686 ordinatione
2643 2619 2938 2677 Pontiﬁcis.
2971 2614 3215 2673 Psallunt
3243 2609 3527 2666 secundum
3551 2622 3675 2660 con-

2099 2722 2449 2784 suetudinem,
2481 2726 2585 2772 etc.

2173 2813 2248 2867 De
2274 2810 2538 2867 electione
2563 2802 2843 2860 Pontiﬁcis
2861 2799 2929 2854 ad
2949 2795 3274 2866 Principem.
3297 2788 3429 2845 Cum
3451 2802 3554 2841 non
3574 2784 3687 2845 sine

2104 2905 2292 2968 divina:
2320 2897 2693 2956 misericordia:
2721 2901 2870 2956 nutu,
2901 2899 3004 2945 etc.

2175 2991 2406 3048 Nuntius
2439 2989 2506 3042 ad
2532 2984 2840 3040 Exarcbum
2876 2981 2941 3034 de
2975 2975 3206 3040 transitu
3243 2967 3541 3025 Pontiﬁcis.
3577 2961 3684 3017 Su-

2108 3083 2448 3155 perscriptio.
2481 3078 2703 3139 Domino
2741 3067 3189 3128 excellentissimo.
3243 3061 3555 3129 Quanquam
3585 3071 3690 3113 non

2036 3157 2081 3219 Ο
2114 3163 2225 3235 eine
2253 3173 2399 3246 gravi
2421 3171 2636 3241 gemitu,
2666 3176 2772 3221 etc.

2186 3235 2551 3322 De'elect'ione
2581 3254 2856 3322 Pontiﬁcis
2906 3249 2972 3304 ad
3013 3247 3340 3306 Exarchum.
3381 3235 3694 3316 Superscri-

2117 3357 2250 3432 ptio.
2278 3354 2502 3410 Domino
2564 3344 3011 3404 excellentissimo.
3083 3337 3243 3402 Novit
3303 3332 3546 3399 humanis
3606 3344 3692 3382 re-

2117 3456 2774 3609 buztftﬁrchiepiscopum
2819 3531 3112 3586 Ravennae.
3135 3517 3552 3592 Superscriptio.
3592 3513 3703 3566 Do—

2119 3638 2260 3701 mino
2285 3631 2631 3689 sanctissimo.
2657 3606 2819 3678 Inter
2841 3631 3028 3676 cmtera
3053 3631 3169 3687 qua:
3203 3626 3422 3676 summa:
3455 3606 3704 3662 divinita-

2121 3728 2186 3780 tis
2212 3722 2453 3786 consilio,
2475 3727 2582 3785 etc.

2192 3813 2471 3870 Iudicibus
2491 3810 2781 3878 Ravennae.
2814 3798 3236 3878 Superscriptio.
3285 3791 3510 3848 Domino
3536 3785 3702 3843 excels

2124 3906 2428 3970 lentissimo.
2463 3876 2532 3956 Si
2545 3897 2834 3967 benefacta,
2865 3901 2971 3948 etc.
3164 3876 3178 3889 ’

2195 3999 2274 4060 ΑιΙ
2305 3965 2730 4067 Ᾰροοιιίεἱίιιηίιι-ιη
2773 3986 3064 4049 Ravennaa.
3101 3970 3522 4051 Superscriptio.
3559 3965 3707 4020 Dilee

2128 4089 2354 4148 ctissime
2382 4083 2558 4156 fratri.
2587 4078 2799 4134 Dudum
2837 4075 3053 4135 obitum,
3083 4077 3189 4125 etc:

2196 4151 2393 4251 Incipit
2415 4178 2692 4232 decretum
2717 4171 2784 4225 de
2815 4166 3079 4224 electione
3103 4155 3404 4221 Pontiﬁcis.
3437 4151 3584 4206 Inter
3612 4163 3711 4201 ca:-

2130 4284 2262 4337 ter-a,
2307 4286 2422 4342 quas
2451 4281 2667 4331 summa:
2702 4257 3008 4322 divinitatis,
3046 4261 3152 4309 etc.

2201 4327 2498 4421 Indiculum
2536 4327 2829 4422 Pontiﬁcis.
2874 4349 2942 4410 In
2987 4345 3194 4402 nomine
3215 4337 3427 4395 Domini
3462 4332 3560 4388 Dei
3591 4327 3719 4385 Sal-

2131 4455 2326 4514 uatoris
2356 4452 2540 4516 nostri,
2570 4457 2676 4502 etc.
3115 4482 3119 4486 ς

2206 4549 2338 4603 ltcm
2363 4544 2464 4599 alia
2488 4511 2755 4612 professio
2777 4532 2926 4612 fidei.
2959 4527 3050 4583 Ill.
3095 4524 3406 4596 Episcopus.
3440 4513 3554 4568 Hoc
3579 4511 3718 4579 Apo-

2136 4640 2334 4697 stolicce
2354 4600 2506 4689 sedis.
2530 4600 2909 4702 oﬁiciumfelc.

2207 4731 2344 4798 Item
2375 4726 2502 4794 alia.
2557 4692 2645 4775 Ill.
2696 4717 3025 4788 Episcopus»
3056 4705 3338 4761 Hodierna:
3385 4697 3490 4755 diei
3540 4692 3720 4764 festiva

2131 4820 2458 4895 jocunditas,
2487 4824 2590 4871 etc.

2209 4878 2505 4976 Promissio,
2544 4904 2668 4960 ﬁdei
2695 4896 2966 4971 Episcopi.
3011 4891 3077 4946 In
3108 4887 3314 4944 nomine
3340 4878 3575 4943 Domini,
3612 4883 3718 4931 etc.

2144 5006 2392 5080 promitto
2426 5016 2517 5069 ego
2548 4995 2640 5051 Ill.
2675 4992 2986 5062 Episcopus,
3024 4991 3132 5080 etc,

2216 5094 2407 5152 Cautio
2428 5057 2696 5158 Episcopi.
2722 5057 2791 5148 In
2822 5077 3027 5134 nomine
3054 5067 3286 5133 Domini,
3309 5071 3414 5123 etc.
3444 5057 3590 5113 Inter
3625 5070 3727 5109 cie-

2146 5198 2258 5241 tera
2281 5181 2504 5238 salubris
2535 5176 2773 5234 instituta
2801 5166 3073 5227 doctrinis,
3099 5169 3204 5216 etc.

2219 5270 2515 5330 lndiculum
2535 5259 2802 5334 Episcopi.
2838 5256 2905 5322 In
2943 5253 3149 5318 nomine
3180 5243 3416 5308 Domini,
3461 5247 3569 5294 etc.
3607 5248 3730 5301 pro-

2151 5370 2299 5425 mitto
2327 5380 2418 5435 ego
2441 5359 2532 5414 Ill.
2563 5356 2868 5427 Episcopus,
2903 5355 3009 5404 etc.

2225 5417 2524 5512 ludiculum
2563 5417 2811 5523 Episcopi
2861 5417 2929 5494 de
2974 5427 3370 5504 Langobardia.
3414 5421 3483 5478 In
3525 5417 3733 5474 nomine

2159 5538 2392 5608 Domini,
2424 5549 2528 5598 etc.
2560 5521 2805 5610 promitto
2831 5546 2924 5602 ego
2955 5525 3045 5580 Ill.
3071 5523 3380 5610 Episcopus,
3413 5521 3518 5610 etc.

2232 5593 2452 5691 Divensa
2464 5593 2754 5701 privilegia
2786 5593 3108 5692 Apostolica:
3131 5603 3487 5680 auctoritatis.
3535 5598 3595 5672 Si
3621 5593 3736 5678 quis
3755 5624 3779 5648 .

2163 5739 2359 5798 autem,
2388 5722 2525 5805 quod
2561 5735 2662 5791 non
2686 5725 2942 5794 optamus,
2975 5716 3082 5778 etc,
