3990 6184
389 345 456 400 ἳθ
1383 339 1824 396 ROMANORUM
1863 337 2303 394 PONTlFlCUM.
2344 368 2415 379 —
2451 338 2602 392 CAP.
2642 338 2704 392 ll.
3588 346 3656 396 5t)

388 477 417 513 a
447 473 544 527 quo
590 455 834 526 procedit
866 469 1026 510 omne
1074 456 1217 525 quod
1267 455 1470 510 bonum
1522 466 1627 519 est,
1683 455 1960 524 prmdesti-
1989 460 2035 516 Α
2065 454 2171 508 dici
2195 462 2301 518 est,
2325 469 2354 507 a
2376 469 2542 523 parvo
2573 468 2744 524 usque
2772 454 2838 509 ad
2870 470 3146 525 magnum,
3179 457 3231 511 in
3263 473 3548 527 personam
3575 462 3652 515 lli.

388 557 538 606 uante
576 562 641 603 ac
669 545 948 617 largiente,
981 547 1079 616 ιι
1105 547 1424 601 conceditur
1455 565 1468 602 :
1510 547 1767 601 nimirum
1797 560 1822 586 ο
1866 562 1966 600 no—

387 642 459 695 vit
499 639 748 694 humanis
795 637 958 692 rebus
1000 637 1339 708 providentia
1392 637 1573 692 divina
1623 652 1960 702 succurrere,

382 724 436 794 et
465 736 803 792 manentium
833 733 992 789 fletus
1041 749 1106 789 ac
1155 735 1390 803 gemitus
1436 734 1491 789 in
1545 733 1962 789 exsultationem

379 835 720 894 convertere,
773 833 836 899 ut
888 825 981 895 qui
1011 841 1184 895 nuper
1219 825 1710 882 consternabantur
1756 824 1959 888 atilieti,

380 917 718 989 postmodum
760 924 1058 987 appareant
1099 916 1324 972 nimium
1371 917 1656 974 consolati.
1707 915 1965 972 Canentis

379 1009 522 1062 enim
564 1007 728 1077 Regis
776 1014 903 1061 sunt
951 1006 1115 1072 dicta,
1167 1021 1289 1076 quae
1344 1015 1564 1062 sanctus
1616 1006 1851 1075 Spiritus
1897 1007 1965 1061 de

381 1098 578 1168 templo
603 1097 937 1168 prophetalis
967 1097 1148 1152 cordis
1178 1097 1436 1153 insonuit.
1464 1097 1544 1150 Ad
1572 1112 1839 1165 vesperum
1867 1096 1963 1150 de-

379 1189 669 1243 morabitur
688 1189 864 1258 ﬂetus,
890 1198 938 1240 et
974 1188 1042 1242 ad
1061 1190 1381 1243 matutinum
1403 1187 1588 1242 latitia
1615 1184 1786 1257 (Paul.
1810 1201 1962 1251 xxix,

380 1296 427 1333 ιι.
452 1279 529 1349 6).
551 1279 653 1346 Qui
673 1287 729 1332 et
756 1279 952 1332 iterum
979 1279 1182 1349 gratias
1217 1277 1459 1332 referens
1497 1278 1628 1342 Deo,
1675 1277 1966 1332 beneﬁcio-

379 1383 500 1424 rum
527 1368 640 1437 ejus
671 1363 1128 1439 magniﬁcentiam
1157 1369 1304 1424 canit
1348 1376 1404 1423 et
1431 1369 1562 1424 dicit
1603 1387 1614 1422 :
1649 1365 1965 1422 Convertiati

376 1457 644 1527 planctum
682 1474 854 1512 meum
881 1459 933 1512 in
979 1457 1232 1528 gaudium
1264 1458 1415 1522 mihi,
1442 1458 1716 1512 concidisti
1752 1474 1962 1512 saccum

377 1565 570 1614 meum,
598 1558 646 1604 et
674 1551 994 1620 prmeinxisti
1017 1567 1101 1604 me
1129 1550 1334 1614 laetitia,
1362 1558 1419 1602 ut
1461 1559 1632 1604 cantet
1660 1550 1757 1612 tibi
1794 1549 1964 1620 gloria

375 1656 512 1700 mea.
537 1650 582 1695 et
612 1658 714 1695 non
740 1658 1061 1711 compungar
1091 1641 1279 1712 (Ibid.,
1303 1658 1349 1695 v.
1380 1640 1448 1694 12
1468 1649 1515 1694 et
1538 1640 1648 1712 15).
1679 1641 1793 1712 Ipsi
1816 1642 1962 1697 enim

374 1749 508 1786 cura
540 1733 604 1788 de
626 1735 772 1788 nobis
797 1745 872 1788 est
900 1733 953 1806 (Ι
993 1732 1136 1788 Petr.
1189 1749 1241 1798 v,
1287 1751 1332 1789 υ.
1363 1733 1444 1803 7),
1475 1744 1534 1788 ut
1557 1750 1651 1790 vas
1679 1735 1959 1790 electionis

2069 545 2400 599 sanctissimi
2444 543 2601 613 hujus
2643 555 2842 600 sancte
2887 547 3196 615 apostolica:
3223 549 3366 604 sedis
3396 549 3653 605 Romanae

2067 631 2323 687 Ecclesia:
2360 635 2684 704 presbyteri,
2735 635 2846 690 Deo
2893 647 3238 706 cooperante,
3283 645 3337 692 et
3369 640 3654 696 beatorum

2063 723 2434 791 apostolorum
2499 725 2693 779 annisu
2763 727 3077 794 concurrit,
3147 737 3310 799 atque
3376 730 3658 788 consensit

2061 815 2278 870 electio.

2133 904 2300 974 Cujus
2332 906 2442 961 Deo
2471 907 2724 963 amabilis
2751 909 2852 964 viri
2884 917 3090 965 tantum
3117 913 3314 968 meruit
3354 915 3494 984 apud
3537 931 3652 970 om-

2062 999 2212 1055 nium
2266 1001 2630 1056 conscientias
2677 1002 2833 1056 bonas
2863 1011 2919 1057 et
2969 1004 3176 1073 pudicae
3229 1007 3653 1063 conversationis

2062 1089 2350 1159 profectio,
2387 1100 2447 1144 ut
2475 1089 2655 1145 nullus
2683 1091 2737 1145 in
2764 1092 2884 1162 ejus
2918 1092 3180 1149 electione
3204 1095 3506 1163 dissideret,
3537 1098 3653 1153 nul-

2062 1181 2146 1237 lus
2185 1182 2430 1246 abesset,
2482 1181 2727 1236 nullusve
2782 1183 3020 1252 seipsum
3068 1185 3446 1251 subtraheret,
3489 1201 3653 1258 quem

2064 1288 2257 1342 nempe
2285 1273 2354 1326 ad
2395 1273 2499 1326 hoc
2524 1273 2834 1342 apostolica:
2861 1274 2998 1329 vicis
3027 1277 3264 1332 ofﬁcium
3316 1278 3653 1349 incompara-

2062 1363 2185 1418 bilis
2226 1372 2388 1433 atque
2427 1363 2740 1419 indeiicicns
2787 1365 2883 1419 Dei
2924 1368 3096 1421 nostri
3141 1370 3479 1438 providentia
3513 1387 3652 1442 pra:-

2062 1459 2391 1514 destinatum
2456 1458 2742 1513 habuerat.
2793 1455 3075 1525 Quomodo
3133 1477 3239 1518 non
3291 1471 3348 1516 et
3401 1464 3653 1518 humanis

2062 1552 2334 1607 mentibus
2381 1550 2653 1606 unanimis
2711 1552 3062 1605 consonantia
3116 1554 3432 1608 conveniret
3485 1555 3538 1607 in
3600 1555 3652 1608 id

2059 1642 2202 1712 quod
2225 1641 2410 1712 procul
2428 1642 2592 1696 dubio
2607 1648 2659 1695 in
2681 1642 2773 1696 Dei
2790 1644 3074 1712 praesentia
3093 1645 3375 1700 tenebatur
3391 1644 3449 1698 af
3451 1645 3652 1699 ﬁxum?

2129 1731 2293 1801 Cujus
2318 1742 2372 1787 et
2412 1732 2692 1787 decretum
2737 1733 3051 1788 solemniter
3081 1733 3358 1797 facientes,
3414 1744 3470 1789 ct
3511 1736 3652 1788 desi-

371 1829 430 1876 et
458 1838 602 1878 vera:
629 1824 753 1879 ﬁdei
782 1833 964 1879 monet
992 1825 1292 1896 integritas.
1321 1824 1530 1894 Quippe
1557 1839 1677 1894 quae
1705 1835 1828 1880 sunt
1857 1827 1958 1880 tri-
1988 1811 2034 1870 Β
2063 1823 2210 1878 deria
2257 1823 2501 1878 cordium
2547 1823 2693 1879 circa
2721 1824 2838 1894 ejus
2873 1824 3189 1879 electionem
3221 1842 3475 1879 manuum
3526 1827 3652 1880 sub-

369 1911 558 1975 stitia},
583 1913 646 1968 ad
670 1914 922 1983 gaudium
946 1914 1255 1970 miserando
1276 1915 1543 1985 perducit,
1567 1916 1709 1985 quod
1733 1927 1789 1970 et
1807 1916 1962 1971 nobis

366 2003 591 2073 exiguis
619 2011 675 2058 et
696 2005 1070 2072 peccatoribus
1115 2019 1275 2073 opem
1323 2005 1391 2060 de
1437 2006 1555 2075 ejus
1591 2005 1964 2060 misericordia

365 2093 818 2162 praestolantibus
847 2095 1086 2165 dignatio
1111 2096 1342 2151 caelestis
1370 2097 1638 2152 exhibuit.

446 2181 664 2248 Etenim
693 2183 1014 2252 pontificalis
1060 2186 1339 2241 memoriae
1365 2187 1563 2242 domno
1595 2187 1674 2241 lll.
1723 2203 1858 2258 papa
1901 2189 1966 2243 de

365 2275 736 2344 praesentibus
763 2276 908 2330 curis
947 2277 1013 2330 ad
1054 2285 1315 2333 aeternam
1354 2279 1593 2348 requiem
1634 2291 1873 2345 evocato,
1906 2288 1964 2333 ut

363 2349 574 2420 assolet
602 2366 850 2432 humanis
874 2369 1037 2423 rebus
1080 2370 1346 2432 accidere,
1386 2371 1413 2410 δ
1443 2386 1638 2441 magna
1669 2387 1766 2426 nos
1794 2373 1961 2427 tristi—

365 2456 571 2520 tiaram
601 2456 767 2512 moles
803 2457 1171 2518 obstrinxerat
1204 2460 1305 2529 12
1334 2463 1554 2530 proprio
1587 2461 1960 2532 dispensatore

363 2550 686 2616 destitutos;
738 2552 830 2606 sed
874 2562 894 2589 ο
935 2567 1042 2611 non
1091 2554 1184 2608 diu
1236 2554 1290 2607 in
1332 2553 1620 2610 atilictione
1664 2557 1958 2629 persistere

364 2647 628 2693 consueta
657 2640 750 2695 Dei
780 2641 950 2696 nostri
988 2642 1292 2714 benignitas
1319 2653 1601 2714 sperantes
1629 2646 1693 2700 in.
1711 2647 1921 2701 scidere
1941 2679 1954 2688 -

365 2729 544 2800 liquit.
595 2731 787 2787 Divina
827 2735 972 2788 enim
1011 2735 1166 2798 nobis
1210 2735 1264 2790 in
1299 2738 1546 2793 oratione
1591 2737 1953 2804 mahen‘tibtis,

365 2829 423 2874 ut
451 2821 688 2877 celestis
715 2823 957 2894 dignatio
991 2825 1409 2894 demonstraret,
1442 2844 1603 2897 quem
1643 2831 1862 2900 dignum
1887 2831 1953 2884 ad

364 2915 766 2969 successionem
789 2917 1096 2986 apostolicae
1117 2918 1254 2972 vicis
1271 2917 1458 2987 iubeat
1483 2911 1808 2991 eligendum,
1823 2914 1954 2992 eius

364 3003 540 3074 gratia
575 3003 925 3077 sulfragante,
955 3017 1009 3063 et
1037 3009 1278 3065 omnium
1317 3011 1513 3066 animis
1542 2998 1952 3083 irisp'ira'nte'fin

364 3109 528 3149 unum
561 3099 1011 3155 convenientibus
1049 3103 1225 3166 nobis,
1252 3101 1279 3142 ἀ
1311 3112 1369 3158 ιιι
1395 3105 1560 3158 moris
1600 3114 1702 3170 est,
1749 3107 1801 3161 id
1841 3117 1948 3172 est,

2065 1914 2448 1982 scriptionibus
2484 1915 2904 1981 conﬁrmantes,
2953 1916 3271 1985 proﬁtemur
3317 1917 3491 1985 ipsum
3542 1916 3651 1971 Dco

2067 2007 2350 2063 amabilem
2396 2018 2640 2064 nostrum
2683 2010 2936 2074 electum,
2990 2020 3223 2074 castum,
3263 2013 3536 2082 pudicum,
3566 2028 3650 2064 so-

2068 2099 2244 2154 brium
2273 2116 2336 2155 ac
2365 2101 2677 2170 benignum,
2721 2110 2777 2157 et
2819 2119 2871 2156 in
2905 2104 3158 2159 omnibus
3203 2105 3302 2174 13
3344 2106 3447 2174 piis
3475 2107 3649 2174 operi-

2068 2189 2170 2244 bus
2196 2205 2317 2244 esse
2347 2191 2666 2260 perfectum,
2698 2199 2856 2259 atque
2878 2193 3192 2248 orthodoxtc
3223 2195 3343 2247 ﬁdei
3368 2204 3650 2249 ctsancto—

2070 2295 2186 2333 rum
2218 2278 2440 2334 Patrum
2472 2280 2780 2335 traditionis
2827 2280 3166 2336 defensorem
3205 2292 3258 2336 et
3300 2282 3648 2338 fortissimum

2062 2373 2490 2428 observatorem.

2131 2465 2282 2522 Hunc
2311 2482 2522 2533 omnes,
2545 2477 2606 2524 ut
2630 2467 2872 2538 profecto
2897 2480 2920 2508 ο
2941 2469 3288 2525 mitissimum
3318 2471 3517 2536 virum,
3548 2487 3646 2541 pro

2057 2557 2172 2626 ejus
2193 2557 2510 2633 suavissima
2539 2573 2603 2612 ac
2633 2561 2784 2613 boum
2826 2560 3119 2614 voluntatis
3165 2562 3468 2616 constantia
3505 2580 3642 2618 una-

2053 2640 2772 2728 quinuter'nobis'velcgimus
2811 2658 3086 2720 pastorem
3123 2659 3283 2722 atque
3312 2651 3642 2722 pontiﬁcem,

2031 2727 2428 2808 “unde'ob'eju's
2446 2735 2550 2811 piae
2574 2735 3004 2799 conversationis
3027 2744 3393 2815 integritatem
3419 2745 3646 2800 innuen-

2034 2844 2146 2895 ,θεὶς
2190 2828 2537 2900 Redemptori
2587 2841 2773 2887 nostro
2813 2833 2998 2889 laudes
3052 2833 3359 2899 referimus,
3407 2852 3643 2890 consona

2055 2910 2494 2989 iiut'n'Prophdta
2537 2921 2797 2999 intuentes
2835 2921 3009 2978 Vbiae:
3049 2925 3270 2994 Magnus
3300 2943 3377 2990 es,
3423 2925 3645 2980 Domine

2055 3000 2198 3066 Πειῶ
2241 3007 2434 3078 nosler,
2465 3003 2512 3068 et
2537 3031 2727 3085 magna
2764 3016 2925 3071 virtus
2951 3026 3044 3071 tua
3067 3017 3238 3088 (Paul.
3270 3033 3450 3082 CXLVI,
3485 3036 3533 3072 υ.
3565 3018 3639 3088 Ξέ).

2057 3100 2187 3164 Quia
2215 3103 2352 3157 enim
2381 3103 2620 3175 loquetur
2663 3109 2920 3176 potentias
2969 3116 3109 3173 tuas,
3155 3108 3380 3167 Domine
3403 3151 3418 3173 ,
3463 3120 3510 3164 et
3547 3128 3644 3164 au-

366 3187 579 3242 cunctis
612 3189 982 3245 sacerdotibus
1008 3207 1071 3246 ac
1105 3193 1421 3262 proceribus
1461 3195 1725 3262 ecclesim,
1754 3205 1809 3252 et
1833 3197 1952 3268 uni-
1979 3165 2023 3226 Ο
2055 3191 2193 3246 ditas
2246 3193 2401 3260 faciet
2458 3212 2632 3250 omnes
2693 3197 2874 3252 laudes
2932 3198 3218 3256 clementiae
3272 3203 3418 3256 tuo)?
3462 3201 3638 3273 (Ibid.

364 3294 524 3336 verso
553 3280 704 3336 clero
729 3290 892 3353 atque
931 3284 1300 3354 optimatibus,
1353 3295 1409 3341 et
1448 3288 1701 3346 universa
1732 3289 1953 3352 militari

365 3374 677 3448 prasentia,
727 3388 822 3429 seu
863 3375 1071 3432 civibus
1099 3376 1364 3440 honestis,
1389 3384 1444 3430 et
1469 3387 1660 3433 cuncta
1689 3381 1956 3448 generali-

367 3474 476 3520 tate
519 3465 710 3536 populi
741 3466 896 3522 istius
935 3481 966 3520 a
994 3466 1106 3523 Deo
1142 3475 1373 3522 servata:
1418 3467 1675 3524 Romanae
1714 3471 1882 3537 urbis,
1913 3472 1957 3529 si

365 3635 456 3693 pro
482 3637 646 3677 more
670 3629 878 3676 tantum
914 3638 1081 3677 mens.
1109 3620 1188 3675 ill.
1218 3623 1403 3676 indict.
1434 3622 1512 3678 ill.
1549 3631 1879 3693 apponatur;
1910 3626 1954 3680 si

366 3690 438 3757 id,
465 3693 718 3765 inquam,
749 3702 952 3765 temere
997 3709 1105 3747 non
1136 3693 1351 3759 accidit,
1387 3694 1446 3765 in
1479 3690 1751 3765 neminem
1780 3697 1956 3765 aptius

367 3761 678 3833 conjectura
702 3763 992 3818 convenire
1015 3770 1214 3833 potest,
1244 3779 1405 3833 quam
1437 3764 1489 3818 in
1521 3761 1854 3820 Bonifacium
1886 3765 1948 3821 V.

367 3832 450 3901 qui
508 3831 706 3887 sedere
741 3833 906 3901 carpit
961 3831 1086 3886 anu.
1131 3831 1277 3899 617,—
1305 3848 1490 3889 mense
1537 3835 1845 3900 Decembri,
1895 3845 1955 3892 ut

368 3899 526 3956 habet
556 3899 914 3974 Batonius”
943 3901 1251 3968 Anastasio,
1294 3912 1582 3974 postquam
1610 3904 1766 3960 sedes
1809 3920 1950 3974 prae-

368 3971 601 4026 cessoris
644 3971 935 4026 Deusdedit
979 3980 1226 4027 vacasset
1260 3971 1500 4029 mensem
1535 3989 1699 4029 unum
1735 3971 1952 4032 et'dies

366 4039 413 4094 6.
451 4049 552 4095 aut
600 4041 687 4096 16.
737 4041 1000 4096 Bonifacii
1043 4043 1187 4097 enim
1232 4040 1296 4096 Υ.
1328 4044 1655 4099 ordinationi
1700 4045 1952 4101 videntur

366 4123 683 4181 congruere,
719 4126 840 4181 quae
884 4119 1088 4181 septem
1137 4120 1522 4167 memorantur.
1571 4131 1610 4168 ι.
1645 4114 1796 4181 Quod
1840 4115 1949 4171 ele-

368 4180 480 4235 ctus
519 4180 686 4235 fuerit
725 4180 1026 4250 presbyter.
1060 4199 1119 4236 ιι.
1167 4182 1318 4248 Quod
1363 4180 1948 4242 virtutibus’omnibus

367 4258 588 4318 amatus
635 4266 698 4305 ac
737 4250 1072 4306 mitissimus.
1099 4267 1181 4305 ιιι.
1216 4252 1369 4318 Quod
1395 4254 1647 4308 concordi
1679 4257 1947 4312 sententia

366 4317 603 4392 electus:
620 4335 694 4383 tv.
717 4319 870 4392 Quod
905 4329 1026 4390 post
1054 4317 1306 4392 magnum
1331 4322 1570 4378 defuncti
1598 4325 1941 4380 desiderium.

366 4401 415 4460 γε
448 4388 607 4460 Quod
639 4391 809 4460 sedes
839 4388 929 4444 diu
977 4406 1082 4446 non
1129 4388 1419 4447 vacaverit.
1454 4409 1528 4447 vr.
1562 4393 1712 4460 Quod
1761 4410 1945 4452 mense

369 4455 653 4532 Novembri
703 4459 910 4532 electio
942 4471 1164 4532 peracta
1215 4462 1304 4516 sit.
1333 4478 1426 4516 vn.
1459 4455 1608 4529 Quod
1653 4464 1942 4521 indictione

369 4538 576 4606 quarta.
607 4527 762 4606 Nam
783 4527 1090 4606 Bonifacius
1115 4547 1183 4586 ex
1209 4527 1756 4606 Ecclesia—Romana!
1793 4551 1946 4606 pres-

369 4597 552 4670 bytero
580 4601 826 4670 pontifex
849 4599 1022 4656 factus
1049 4609 1153 4667 est,
1180 4601 1266 4655 vir
1291 4602 1608 4658 mitissimus
1634 4597 1944 4661 misericors

370 4678 420 4722 et
466 4668 726 4734 liberalis,
775 4671 922 4745 nulla
972 4671 1303 4726 dissensione
1347 4673 1615 4745 partium,
1651 4681 1773 4743 post
1807 4691 1946 4745 prae-

371 4752 632 4794 cessorem
675 4742 1074 4796 sanctissimum
1101 4749 1156 4795 et
1180 4743 1390 4796 cunctis
1433 4742 1940 4807 carissimumfmox

371 4807 432 4861 ab
458 4810 1046 4882 obituiprazdecessoris
1085 4812 1364 4882 ordinatus
1408 4827 1592 4867 mense
1637 4813 1942 4882 Decembri,

372 4883 524 4946 atque
547 4880 684 4935 adeo
711 4880 912 4936 electus
934 4897 1118 4936 mense
1147 4880 1454 4945 Novembri,
1487 4883 1572 4938 die
1607 4883 1693 4937 14.
1727 4894 1820 4939 aut
1848 4880 1938 4939 24.

373 4945 693 5033 Decembris,
737 4950 1536 5033 indictiope.quidem‘quin‘ta,
1578 4961 1635 5007 ut
1679 4963 1779 5033 est_
1802 4956 1942 5023 apud

371 5015 731 5085 Anastasium,
754 5036 940 5078 verum
963 5015 1118 5077 facile
1140 5021 1240 5076 finit
1263 5015 1396 5077 utin
1417 5015 1735 5078 alterutrum
1766 5015 1942 5082 locum

373 5099 518 5142 error
544 5090 826 5161 irreperet,
863 5093 1260 5161 etgprzesertim
1295 5091 1349 5145 in
1381 5092 1643 5147 Diurnum
1677 5094 1940 5148 inerudita

374 5170 524 5212 manu
547 5159 893 5229 descriptum.
921 5159 1048 5227 Quae
1075 5163 1141 5215 de
1166 5161 1442 5217 Bonifacio
1467 5161 1530 5215 ν.
1549 5163 1783 5218 diximus
1813 5179 1944 5218 con-

375 5233 587 5303 stanie;
611 5231 730 5303 Vita
753 5231 922 5300 ipsius
942 5231 1010 5284 ab
1032 5230 1315 5287 Anastasio
1340 5233 1560 5302 scripta,
1586 5242 1642 5288 et
1668 5235 1942 5303 epitaphio

374 5297 507 5360 quod
532 5295 798 5372 Honorius
825 5317 924 5356 suo
947 5303 1259 5372 praacessori
1288 5295 1468 5372 posuit
1495 5321 1508 5356 :
1541 5295 1622 5360 sic
1648 5295 1792 5360 enim
1817 5295 1942 5368 post

373 5375 460 5418 sex
484 5382 668 5423 versus
695 5369 898 5426 doloris
937 5369 1119 5437 testes,
1157 5369 1439 5442 sequitur:

499 5454 588 5528 ilic
607 5461 681 5528 ῆι·
699 5460 761 5508 ab
785 5467 962 5528 exortu
987 5468 1073 5528 esi
1084 5460 1218 5511 Petri
1238 5463 1500 5528 innutritus
1522 5465 1656 5528 Ovili,

548 5518 846 5585 Sedimeruit
867 5525 1018 5572 sancti
1044 5522 1209 5572 Pastor
1231 5524 1404 5585 adesse
1427 5527 1615 5585 gregis.

491 5575 614 5647 Pura
637 5582 756 5647 [idos
777 5583 992 5647 hominis
1020 5585 1144 5632 votis
1161 5584 1383 5647 mundata
1402 5575 1645 5647 Ιῗὸιιιξιιὶε,

547 5638 747 5708 Exultat
767 5643 945 5695 Christi
968 5647 1189 5694 cantibus
1207 5645 1520 5708 bymnisonis,

489 5699 768 5770 Simplicitas
785 5709 1001 5766 sapiens,
1025 5710 1163 5770 vivax
1185 5699 1404 5768 solertia,
1432 5699 1659 5770 simplex.

551 5763 853 5838 Serpentina
865 5770 953 5829 fuit
975 5768 1286 5833 simplicitate
1311 5763 1498 5832 vigens.

2057 3300 2163 3346 cv,
2232 3301 2277 3338 υ.
2336 3285 2430 3356 2.)
2494 3286 2759 3353 Quoniam
2816 3298 2940 3344 vota
2991 3293 3288 3361 petentium
3335 3302 3387 3348 te
3430 3309 3496 3348 ex
3543 3310 3639 3348 au-

2056 3375 2231 3439 diens,
2289 3377 2436 3444 pium
2487 3379 2642 3432 nobis
2691 3380 2965 3435 contulisti
3016 3393 3316 3450 pastorem,
3371 3384 3462 3452 qui
3516 3397 3643 3440 san-

2059 3471 2202 3528 ctam
2257 3474 2404 3519 tuam
2466 3467 2827 3523 universalem
2895 3471 3223 3539 Ecclesiam,
3290 3481 3346 3528 et
3414 3484 3642 3531 cunctas

2178 3617 2398 3690 Cumque
2416 3618 2765 3690 quaterdenos
2787 3621 3344 3690 compleretl’resbyter
3369 3640 3534 3690 annos,

2243 3681 2362 3730 Sera
2386 3681 2656 3730 senectutis
2681 3694 2818 3730 utens
2841 3681 3002 3732 tamen
3027 3685 3149 3733 alma
3175 3681 3280 3737 fuit.

2184 3741 2385 3811 Culmen
2413 3743 2736 3803 Apostolicum
2761 3745 2912 3794 coluit
2931 3753 3032 3796 trra
3057 3748 3212 3797 ferme
3238 3764 3326 3810 per
3346 3764 3513 3811 annos,

2242 3803 2516 3873 Periectum
2537 3816 2790 3873 numerum
2814 3812 2991 3867 terque
3007 3803 3289 3873 quaterque
3312 3803 3512 3873 gerens:

2176 3865 2281 3937 Hoc
2304 3867 2394 3914 tibi
2419 3879 2504 3927 pro
2521 3868 2710 3937 meritis
2727 3865 2982 3937 succeséor
3006 3865 3249 3937 Honorius
3267 3865 3339 3923 υἷι
3348 3875 3456 3937 plis,

2235 3928 2474 3983 Marmore
2499 3930 2772 3979 construxit
2794 3942 2970 3979 munus
2993 3930 3246 3996 epitaphii.

2121 4019 2147 4047 α
2179 4006 2337 4086 Novit
2366 4008 2609 4086 immanis
2646 4009 2835 4086 rebus,
2864 4021 2969 4086 etc.
3003 4012 3141 4086 llaec
3169 4022 3223 4070 et
3263 4016 3366 4070 alia
3397 4033 3516 4086 quae
3547 4033 3634 4074 se-.
3661 4079 3664 4084 _

2050 4085 2290 4155 quuntur
2322 4079 2712 4155 ad_ea_usque,
2751 4081 3218 4155 subscriptionibns
3243 4079 3633 4155 conﬁrmantur,

2049 4148 2272 4227 totidem
2288 4149 2478 4227 _verbis
2502 4147 2755 4227 ieguntur
2777 4151 2830 4227 in
2859 4147 3119 4227 relatione
3145 4157 3209 4209 de
3225 4147 3486 4227 electione
3508 4147 3637 4227 pun;

2047 4219 2215 4292 tilicis
2239 4217 2305 4292 ad
2336 4217 2651 4292 exarchtim,
2666 4221 2834 4292 titulo
2876 4238 2951 4287 iV,
2995 4223 3096 4278 hoc
3145 4240 3251 4279 uno
3299 4217 3630 4292 discriniiuc,

2045 4289 2288 4360 quodhic
2300 4290 2601 4360 presbyter,
2621 4291 2731 4346 illic
2755 4293 3170 4348 archidiaconus
3191 4295 3392 4350 electus
3417 4289 3629 4351 dicitur;

2117 4359 2146 4398 δ
2171 4356 2367 4428 Magna
2391 4356 2484 4413 nos
2512 4361 2848 4415 tristitiarum
2874 4361 3056 4428 moles,
3084 4372 3188 4418 etc.
3213 4365 3504 4421 Deusdedit
3529 4367 3631 4421 Bo—

2049 4428 2230 4482 nifacii
2264 4444 2559 4507 praecessor
2599 4446 2854 4507 magnum
2902 4431 2986 4486 sui
3015 4434 3338 4507 desiderium
3393 4437 3630 4507 reliquit,

1970 4522 2023 4580 Ι)
2047 4507 2267 4580 propter
2279 4499 2548 4580 gximiam
2596 4499 3151 4580 sanctitatem__etiam_
3187 4506 3464 4580 miraculis
3510 4499 3632 4580 illul

2048 4578 2215 4622 strem
2243 4569 2574 4644 effusamque
2603 4571 2656 4624 in
2686 4570 2913 4644 clericos
2949 4571 3348 4630 liberalitatem.
3391 4575 3484 4629 Fit
3515 4577 3633 4644 ejus

2047 4639 2305 4710 memoria
2351 4639 2406 4692 in
2447 4639 2841 4710 Martyrologioi
2873 4639 3136 4706 Romano,
3181 4644 3266 4697 die
3307 4653 3496 4700 octava
3526 4639 3632 4700 No-

2047 4709 2288 4784 vembris
2313 4726 2325 4762 :
2356 4723 2474 4784 qua
2494 4708 3223 4784 dieprobabilitercreditur
3252 4713 3361 4769 vita
3390 4715 3624 4784 functus.

2120 4790 2142 4817 ο
2180 4777 2303 4832 Νοη
2331 4777 2445 4841 diu,
2484 4777 2841 4834 cteIVacavit
2894 4781 3047 4836 sedes
3086 4783 3347 4839 duntaxat
3385 4781 3626 4843 mensem

2047 4863 2212 4904 unum
2241 4856 2298 4902 et
2317 4849 2432 4903 dies
2460 4848 2494 4902 6
2524 4856 2618 4902 aut
2641 4848 2726 4916 16,
2754 4850 2965 4905 variant
2985 4854 3126 4906 enim
3146 4853 3419 4911 Anastasii
3443 4857 3626 4912 lectio-

2047 4935 2147 4992 nes
2169 4935 2182 4970 :
2213 4919 2354 4992 unde
2383 4927 2598 4974 constat
2624 4922 2958 4992 paucispost
2981 4925 3394 4992 praedecessoris
3419 4929 3622 4982 obitum

2045 4989 2236 5044 diebus
2263 4989 2494 5045 electum
2531 5005 2650 5044 esse
2679 4989 3010 5047 Bonifacium
3036 5008 3050 5046 :
3082 4997 3351 5053 modicum
3377 4999 3518 5053 enim
3544 5008 3627 5053 est

2043 5059 2618 5132 brevequeadmodum
2644 5060 2771 5115 illud
2793 5063 3090 5119 vacationis
3111 5073 3339 5132 tempus,
3370 5079 3429 5122 ut
3454 5068 3622 5121 Roma

2044 5127 2562 5199 Constantinopolim
2592 5131 2862 5186 decretum
2887 5133 3188 5200 electionis,
3221 5127 3448 5192 Romam
3479 5137 3622 5190 Cou-

2044 5200 2385 5272 stantinopoli
2419 5201 2734 5272 approbatio
2759 5202 3021 5272 principis
3047 5205 3373 5262 deferretur.

2113 5269 2140 5309 ἀ
2169 5267 2235 5323 Ut
2257 5267 2417 5324 moris
2442 5267 2536 5325 est.
2562 5267 2808 5325 Nondum
2851 5273 2918 5326 ad
2937 5267 3102 5329 'solos
3147 5276 3451 5331 cardinales
3489 5289 3621 5328 con-

2047 5347 2215 5413 tracta
2245 5338 2422 5395 fuerat
2447 5348 2685 5410 potestas
2709 5340 2939 5411 eligendi
2963 5347 3251 5413 pontiiicis,
3278 5345 3366 5413 qui
3399 5344 3496 5413 toti
3524 5345 3624 5399 Ec~

2046 5409 2230 5484 clesia:_
2247 5409 2514 5484 praeesset
2540 5429 2557 5484 :_
2584 5409 2857 5484 contracta
2891 5409 2978 5467 est
2998 5409 3530 5484 primum’a'Nicolao
3554 5414 3619 5468 ll.

2046 5424 2222 5464 etesiae
2243 5424 2514 5532 tpraeesset
2540 5429 2552 5463 :
2584 5424 2857 5466 contracta
2891 5424 2973 5467 est
2998 5424 3232 5484 primum
3257 5430 3286 5467 a
3314 5424 3530 5491 mcotao
3554 5424 3619 5468 ιι.

2044 5478 2385 5605 ἓῗὲιῶἐηὲἤ
2399 5480 2592 5535 deinde
2623 5481 2691 5536 ab
2719 5479 3024 5539 Alexandro
3054 5485 3140 5538 lli.
3183 5484 3443 5552 Gregorio
3469 5481 3531 5537 Χ.
3565 5495 3622 5540 et

2106 5557 2318 5604 emente
2345 5557 2404 5604 Ὺ.

2116 5631 2140 5659 ο
2188 5617 2544 5674 Mitissimum.
2602 5619 2921 5677 Anastasius
2965 5639 2978 5674 :
3036 5637 3055 5670 ε
3101 5619 3230 5677 Erat
3281 5619 3624 5682 beatissimus

2040 5687 2346 5746 Bonifacius
2369 5690 2683 5747 mitissimus
2707 5707 2869 5762 super
2895 5704 3083 5746 omnes
3104 5689 3368 5756 homines,
3393 5703 3445 5748 et
3468 5696 3622 5753 mise-

2041 5774 2228 5823 l'lCOl'Sg
2266 5777 2286 5814 Ι
