3990 6184
278 373 332 427 δι
637 424 642 445 ,
946 396 953 411 ι
1603 361 1801 415 Linea
1843 361 1858 414 l

1962 356 2145 412 ΒΝΕὸ
3450 351 3518 406 :9,

276 478 571 534 dominicas
612 492 677 531 ac
703 476 990 530 rationales
1027 476 1126 529 sibi
1157 474 1469 528 commissas
1496 487 1625 526 oves
1657 486 1841 541 regere
1870 474 1917 531 Α
1945 466 2427 529 disarchidiaconi,
2458 465 2829 534 lsomnium,
2854 466 2964 520 Deo
2984 466 3214 530 volente,
3236 465 3524 521 declinavit

278 579 437 638 atque
457 569 775 638 gubernare,
812 576 861 621 te
892 566 1113 622 Domino
1141 565 1250 619 Deo
1273 573 1328 618 et
1352 562 1632 618 Salvatore
1662 575 1849 618 nostro

277 668 614 731 protegente,
636 658 832 711 valeat.

347 751 461 806 Hoc
488 765 618 806 vero
639 751 913 804 decretum
937 761 967 799 a
995 745 1147 800 nobis
1166 743 1366 798 factum
1392 745 1601 808 subter,
1632 754 1691 797 ut
1717 758 1853 813 prae-

278 841 446 895 fatum
476 849 579 903 est,
610 840 855 893 manibus
895 835 1127 905 propriis
1156 834 1493 896 roborantes,
1540 834 1593 887 in
1627 835 1852 887 archivo

277 928 547 983 dominico
574 935 769 981 nostra:
815 933 1014 978 sanctre
1044 922 1300 977 Romanze
1338 922 1610 987 Ecclesiae,
1644 924 1851 978 scilicet

278 1018 331 1071 in
367 1032 522 1071 sacro
548 1029 574 1056 ι
602 1013 949 1068 Lateranensi
982 1012 1201 1076 scrinio,
1228 1027 1329 1081 pro
1367 1011 1671 1065 futurorum
1718 1019 1851 1066 tem-

278 1122 467 1177 porum
503 1104 729 1169 cautela,
759 1104 978 1159 recondi
1023 1102 1250 1157 fecimus
1292 1102 1344 1155 in
1394 1118 1578 1156 mense
1623 1102 1848 1157 Novem-

277 1196 410 1255 brio,
438 1193 725 1248 indictione
751 1193 957 1261 quinta.

344 1284 423 1339 Ill.
464 1284 684 1339 humilis
727 1283 1011 1353 presbyter
1053 1291 1252 1338 sanctae
1293 1284 1548 1338 Romana:
1600 1285 1852 1338 Ecclesiae

276 1377 402 1431 huic
430 1377 646 1432 decreto
674 1392 702 1429 a
740 1376 896 1431 nobis
924 1375 1065 1430 facto
1093 1377 1145 1430 in
1174 1375 1255 1429 lll.
1279 1377 1675 1431 sanctissimum
1706 1392 1853 1446 pres-

277 1463 522 1533 byterum
567 1465 817 1520 consensi
861 1461 915 1519 ei
976 1465 1269 1535 subscripsi
1331 1484 1343 1518 :
1413 1466 1661 1519 similiter
1711 1474 1855 1519 totus

276 1557 473 1624 clerus,
497 1558 784 1627 optimates
810 1566 865 1612 et
884 1557 1083 1611 milites
1102 1572 1200 1611 seu
1223 1558 1370 1613 cives
1399 1558 1764 1613 subscribunt.

779 1668 883 1739 14
920 1668 1218 1723 TITULUS
1256 1669 1340 1722 lll.

410 1774 613 1829 Relatio
637 1775 700 1829 de
721 1776 963 1830 electione
994 1776 1254 1845 pontiﬁcis
1283 1777 1311 1817 ιι
1333 1777 1403 1831 ad
1423 1779 1727 1848 principem.

351 1867 485 1922 Cum
538 1883 643 1921 non
691 1868 805 1922 sine
850 1869 1041 1922 divina:
1073 1869 1455 1923 misericordiae
1494 1879 1623 1923 nutu
1655 1871 1745 1934 sit,
1778 1871 1852 1924 ita

282 1967 403 2025 post
438 1965 667 2011 mortem
697 1958 892 2011 summi
927 1958 1215 2026 pontificis,
1263 1960 1317 2013 in
1356 1961 1514 2014 unius
1539 1961 1854 2016 electionem

281 2047 519 2101 omnium
560 2056 685 2101 vota
722 2063 1047 2102 concurrere
1090 2058 1145 2103 et
1184 2052 1469 2103 convenire
1507 2066 1855 2117 consensum,

283 2146 342 2189 ut
366 2136 543 2190 nullus
571 2138 784 2206 penitus
807 2138 1137 2192 inveniretur
1164 2141 1252 2209 qui
1287 2140 1494 2194 discors
1533 2150 1711 2209 posset
1751 2143 1861 2196 exi-

283 2234 442 2280 stere.
479 2223 851 2280 Necessarium
883 2234 964 2282 est
1006 2235 1064 2281 ut
1106 2229 1451 2285 serenissimo
1504 2245 1568 2284 ac
1614 2231 1858 2300 piissimo

283 2316 498 2369 domino
520 2316 791 2384 petitionis
815 2319 977 2371 unita:
1004 2319 1327 2374 lamulantcr
1352 2321 1640 2375 debeamus
1670 2338 1858 2391 preces

281 2405 574 2469 effundere,
602 2422 761 2475 quem
790 2414 997 2461 certum
1028 2419 1131 2474 est,
1161 2418 1216 2462 et
1240 2411 1305 2463 de
1333 2410 1693 2479 subjectorum
1736 2429 1859 2467 suo-

289 2510 406 2548 rum
431 2496 663 2565 gauderc
691 2498 999 2562 concordia,
1038 2507 1092 2553 et
1132 2498 1421 2553 clementer
1463 2502 1653 2555 unitati
1679 2512 1860 2571 postu-

288 2584 396 2639 lata
427 2585 742 2641 concedere.

356 2672 601 2730 Obeunte
621 2676 802 2745 itaque
831 2642 1757 2761 ὺθθῑὶδείπξῖίιςέῷιέῐεῖιξρῃέε.
1768 2647 1895 2763 132:"

285 2773 400 2822 stre
422 2765 499 2820 ιιι.
522 2777 544 2806 °
563 2768 620 2821 in
646 2766 965 2825 electionem
986 2770 1065 2825 Ill.
1090 2773 1411 2829 venerabilis
1441 2775 1745 2845 apostolica:
1776 2791 1861 2832 se-

354 2971 381 3000 ι
418 2958 757 3032 Lateranensi
778 2913 1609 3032 δενὶηἱοέιίιᾶιξαῷἑᾶἐθωίρέἷξ
1654 2920 1869 3027 institui

283 3030 480 3083 mentis
508 3029 906 3102 ecclesiasticis,
946 3029 1275 3102 electionuni
1301 3034 1519 3086 decreta
1561 3034 1855 3102 professio-

282 3114 484 3172 nesque
514 3098 657 3172 fidei,
688 3101 801 3172 sive
831 3115 950 3172 quae
999 3117 1029 3155 a
1077 3101 1299 3156 summis
1338 3098 1705 3172 pontificibus,
1744 3105 1856 3158 sive

284 3166 413 3248 quae
433 3168 499 3221 ab
529 3166 954 3248 aliisJepiscopis
982 3172 1276 3248 edebantur
1303 3166 1362 3248 id
1395 3166 1751 3248 ordinatione,
1780 3174 1855 3227 si-

1961 3166 2139 3248 genus.
2172 3170 2539 3248 apostolicam,
2582 3166 2861 3248 ej'estigio
2887 3171 3087 3237 absque
3109 3166 3363 3248 tarditate
3396 3172 3569 3248 pon-_'

284 3237 500 3312 malque
542 3239 817 3312 cautiones
873 3237 1292 3307 sponsioncsque
1349 3240 1664 3312 inferiorqu
1723 3260 1859 3312 pne-

284 3307 475 3379 ξριιιηιΔ
506 3310 922 3362 asscrvahantur
969 3328 980 3362 :
1035 3312 1174 3363 unde
1220 3311 1357 3379 apud
1406 3307 1749 3365 Anastasimn
1804 3314 1857 3366 in

287 3377 407 3430 Vita
437 3374 774 3433 Constantini
796 3394 951 3499 papa:
977 3380 1043 3434 de
1068 3374 1646 3437 Felice‘Ravennensis
1676 3382 1859 3437 Eccle-

287 3449 376 3499 size
419 3447 681 3499 oriesule:
714 3467 731 3497 ι
796 3449 973 3499 toluit
1000 3489 1014 3499 .
1073 3450 1365 3499 secundum
1411 3452 1857 3499 consuetudinem

284 3449 376 3499 si:c
418 3447 681 3515 priesule:
714 3467 731 3497 ι
796 3447 1014 3513 Noluit,
1073 3450 1365 3504 secundum
1411 3452 1857 3507 consuetudinem

285 3516 520 3587 priorum
547 3531 782 3578 suorum,
827 3518 1011 3572 solitas
1038 3519 1089 3572 in
1117 3520 1314 3573 scrinio
1348 3521 1628 3575 cautiones
1655 3520 1853 3587 facere,

284 3586 376 3659 sed
411 3600 506 3659 per
529 3588 1080 3659 potentiamjudicum
1106 3590 1375 3659 exposuit,
1404 3598 1463 3643 ut
1483 3591 1666 3643 voluit.
1709 3611 1727 3641 ι

352 3654 380 3692 b
415 3653 497 3707 Ad
534 3653 853 3728 principcm.‘
885 3653 1269 3726 liitperatorcin
1312 3658 1859 3728 Constantinopolita-

284 3739 442 3794 num,_
464 3733 522 3776 ut
543 3724 780 3794 diximus
815 3727 867 3794 in
897 3724 1037 3780 notis
1064 3728 1130 3779 ad
1160 3734 1321 3794 caput
1350 3742 1386 3778 ι.

357 3803 379 3830 ο
412 3791 804 3864 lnelectionem
829 3793 921 3864 Ill.
960 3794 1074 3848 Non
1107 3791 1378 3848 aberrabit
1406 3796 1591 3864 procul
1634 3812 1663 3850 a
1710 3812 1857 3863 vero,

285 3869 342 3915 ut
367 3862 745 3933 quidemmihi
788 3863 1020 3927 videtur,
1045 3865 1135 3932 qui
1165 3862 1448 3933 formulam
1493 3866 1630 3920 hanc
1679 3865 1860 3933 conje-

285 3934 422 3985 cerit
447 3945 569 3983 esse
605 3930 841 3985 libellum
867 3947 897 3984 a
926 3930 1181 3986 Romanis
1224 3932 1512 3987 Anastasio
1548 3936 1661 3989 sive
1705 3930 1862 3990 Arte-

286 4000 406 4072 iuio
433 4000 745 4072 imperatori
790 4016 915 4056 ann.
952 4002 1072 4072 ω.
1102 4002 1360 4061 oblatum.
1385 4020 1482 4072 pro
1508 4007 1860 4059 consensione

284 4069 675 4141 inelection‘em
703 4068 1023 4141 Gregoriill.
1040 4072 1326 4127 obtinenda
1351 4068 1521 4136 {nam
1546 4075 1725 4128 omnia
1752 4074 1861 4131 ele-

285 4140 481 4211 ctionis
512 4138 763 4211 adjuncta
799 4138 904 4196 huc
926 4142 1175 4211 apprime
1207 4142 1554 4211 conveniunt.

358 4208 496 4281 Sunt
535 4207 623 4262 illa
652 4223 832 4281 autem
852 4207 1016 4281 sex-:-
1044 4212 1090 4264 l.
1117 4210 1218 4277 Qui
1256 4210 1459 4266 electus
1498 4213 1713 4281 dicitur,
1743 4222 1861 4269 erat

285 4278 717 4333 archidiaconus.
745 4280 799 4333 2.
845 4279 1062 4335 Electus
1092 4281 1179 4335 ille
1208 4290 1290 4335 est
1330 4282 1418 4344 qui
1459 4282 1547 4335 diu
1580 4278 1737 4337 antea
1767 4299 1861 4337 ex-

285 4349 483 4417 petitus
525 4356 686 4402 esset.
717 4351 771 4404 5.
801 4349 1024 4405 Summa
1067 4350 1166 4404 fuit
1216 4351 1458 4405 omnium
1502 4352 1557 4405 in
1599 4350 1860 4407 electione

284 4417 585 4471 coarsensio.
627 4418 680 4471 4.
719 4420 801 4474 Ab
844 4420 1061 4474 ineunte
1102 4429 1258 4474 aetate
1299 4419 1552 4474 Ecclesiae
1604 4421 1861 4477 Rontana:

286 4488 534 4559 omnibus
562 4488 873 4559 ministeriis
901 4490 1234 4559 mancipatus
1262 4498 1363 4544 est.
1478 4489 1718 4545 Αάιιειξείι
1746 4501 1860 4544 stu-

286 4556 436 4629 diose
474 4558 875 4629 prmdecessori.
920 4560 974 4615 6.
1018 4556 1141 4615 Fuit
1172 4560 1428 4615 doctrina:
1458 4560 1669 4615 eximia:
1695 4571 1856 4629 atque

285 4627 446 4697 etiam
483 4627 820 4697 eloquentize.

355 4695 618 4770 Constans
651 4714 781 4755 vero
821 4706 906 4754 est
951 4700 1274 4770 scriptorum
1303 4699 1512 4770 opinio,
1534 4697 1854 4770 Gregorium

286 4766 575 4844 secundum
618 4782 685 4820 ex
720 4766 1097 4823 archidiaconi:
1125 4766 1352 4844 factnm'
1375 4766 1700 4844 pontificem.
1732 4784 1854 4844 Cll!"

287 4835 376 4907 diu
406 4835 454 4907 id
481 4850 669 4889 omnes
706 4847 950 4905 optarent
990 4847 1147 4906 atque
1193 4839 1326 4892 adeo
1355 4835 1771 4907 propensissime
1800 4838 1854 4892 in

285 4902 601 4956 electionem
631 4902 1027 4961 consensissent
1058 4902 1078 4959 Ξ
1115 4907 1216 4961 fuit
1263 4902 1528 4967 etiamfsi
1567 4907 1855 4962 Anastasio

286 4972 571 5044 credimus,
604 4990 622 5023 ι
659 4989 687 5025 a
718 4990 878 5044 parva
918 4984 1076 5030 astate
1124 4977 1176 5028 in
1226 4975 1554 5044 patriarchio
1598 4977 1855 5043 nutritus,

285 5041 386 5095 sub
421 5052 620 5095 sancta:
651 5041 920 5115 memoriae
955 5044 1153 5115 domno
1189 5041 1377 5113 Sergio
1403 5061 1537 5115 papa
1572 5041 1856 5100 subdiacoé

287 5126 390 5185 nus
419 5119 579 5185 atque
606 5112 914 5185 sacellarius
950 5113 1140 5177 factus,
1174 5112 1510 5169 bil.li’otbec{e
1548 5115 1851 5185 prtefectus,

287 5179 479 5236 deinde
499 5179 570 5253 ad
604 5182 915 5238 diaconatus
954 5185 1194 5237 ordinem
1234 5179 1709 5253 provectus-Cum
1744 5186 1858 5240 viro

288 5259 475 5305 sancto
510 5250 864 5325 Constantino
892 5250 1286 5325 prardecessore
1320 5254 1389 5325 ad
1432 5256 1633 5325 regiam
1678 5253 1855 5322 profe-

286 5328 516 5393 ctus_est
545 5321 765 5393 urbem.
788 5322 919 5393 Erat
966 5323 1047 5393 vir
1090 5332 1292 5386 castus,
1336 5321 1528 5378 divinae
1567 5321 1858 5393 Scriptum:

284 5390 551 5456 eruditus,
576 5390 835 5446 facundus
857 5392 1064 5461 loquela
1093 5404 1148 5447 et
1169 5401 1421 5447 constans
1447 5393 1649 5456 animo,
1683 5390 1862 5448 Eccle-

286 5460 622 5516 siasticarum
659 5477 843 5516 rerum
880 5460 1148 5527 defensor,
1177 5472 1229 5516 et
1258 5464 1650 5518 contrariorum
1682 5463 1858 5518 fortis—

286 5528 456 5603 simus
486 5530 847 5603 impugnator.
872 5551 906 5603 γι

356 5597 538 5672 videri
564 5597 795 5672 possunt
831 5602 1045 5672 obstare
1085 5600 1208 5672 duo.
1247 5601 1515 5672 Alterum,
1544 5603 1685 5672 quod
1712 5602 1857 5657 Ana—

287 5667 497 5742 stasius
534 5667 697 5742 tradit
739 5673 792 5742 in
841 5671 958 5742 Yita
1002 5669 1275 5726 Benedicti
1319 5671 1378 5725 ll.
1439 5691 1454 5722 ι
1504 5667 1626 5727 eum
1670 5688 1860 5742 nempe

289 5737 589 5806 suscepisse
620 5739 822 5797 divales
857 5739 1133 5809 jussiones
1172 5743 1573 5799 clementissimi
1606 5737 1863 5799 Caristia-

1952 573 2225 621 assensus,
2257 565 2541 626 propterea
2572 556 2715 624 quod
2750 555 2822 608 ita
2854 556 2924 609 ah
2950 556 3167 610 ineunte
3202 563 3361 610 aetate
3402 570 3525 609 san~

1952 660 2052 703 cia;
2082 650 2222 703 idem
2248 648 2502 702 Ecclesize
2529 646 2803 709 militavit,
2831 652 2990 714 atque
3014 647 3095 700 sic
3117 661 3176 700 se
3200 648 3255 700 in
3276 648 3526 701 omnibus

1951 738 2178 792 solerter
2210 735 2474 798 exhibuit,
2519 743 2581 788 ut
2608 734 2976 790 ecclesiastico
3019 734 3269 803 regimini
3293 750 3401 789 non
3430 736 3529 789 im-

1952 826 2165 889 merito,
2196 825 2376 879 divina
2402 822 2729 893 suffragante
2772 824 2966 893 gratia,
3007 824 3079 878 sit
3101 824 3524 894 praeponendos;

1952 914 2253 982 praesertim
2284 928 2407 968 cum
2450 913 2572 967 talis
2597 913 2726 969 olim
2760 912 2927 967 fuerit
2972 914 3224 978 instituti,
3262 924 3321 968 ut
3360 914 3526 969 etiam

1954 1004 2197 1074 prwdicti
2235 1002 2530 1057 beatissimi
2570 1002 2647 1056 lll.
2686 1002 2956 1072 pontificis
2986 1004 3199 1057 assidua
3242 1018 3541 1058 conversa-

1956 1095 2103 1148 tione
2135 1109 2232 1147 sua
2270 1093 2337 1147 ad
2366 1099 2639 1145 tantorum
2687 1093 3002 1145 meritorum
3053 1091 3301 1160 insignia,
3333 1092 3528 1160 quibus

1957 1183 2123 1236 isdem
2170 1187 2370 1235 sanctae
2418 1180 2810 1235 recordationis
2859 1178 3087 1234 antistes
3127 1178 3290 1234 fuisse
3329 1194 3527 1248 cogno-

1954 1274 2123 1326 scitur
2146 1271 2455 1335 adornatus,
2499 1269 2707 1334 fecerit,
2751 1269 2967 1324 Christo
2993 1268 3299 1337 adjuvante,
3344 1268 3525 1338 profe-

1955 1375 2121 1428 ctum,
2150 1372 2209 1416 ut
2233 1364 2414 1417 verbis
2441 1363 2554 1416 suis
2582 1363 2948 1417 desiderantes
2981 1364 3049 1416 ad
3079 1376 3309 1431 superna
3335 1364 3524 1432 gaudia

1956 1456 2163 1509 animos
2190 1468 2404 1521 semper
2430 1448 2759 1517 accenderit,
2801 1461 2858 1506 ut
2887 1452 3145 1520 quidquid
3174 1452 3301 1505 boni
3347 1452 3400 1506 in
3438 1452 3528 1505 illo

1956 1545 2255 1609 amisimus,
2284 1545 2339 1597 in
2354 1544 2472 1598 ~boc
2496 1558 2595 1598 nos
2619 1542 2863 1598 invenire
2904 1542 3329 1597 indubitabiliter
3354 1543 3527 1597 conti-

1957 1637 2166 1690 damus.

2031 1747 2258 1814 Ideoque
2280 1744 2701 1817 lacrymabiliter
2720 1743 2897 1797 cuncti
2928 1742 3112 1796 famuli
3143 1743 3526 1812 supplicamus,

1881 1817 1926 1873 Β
1957 1846 2014 1890 ut
2041 1836 2380 1891 dominorum
2418 1836 2593 1905 pietas
2628 1849 2909 1889 servorum
2946 1848 3165 1887 suorum
3203 1834 3530 1889 obsecratio-

1958 1945 2055 1984 nes
2108 1930 2395 1997 dignanter
2438 1927 2710 1990 exaudiat,
2759 1934 2816 1980 et
2862 1940 3117 1979 concessa
3161 1926 3379 1994 pietatis
3418 1941 3530 1979 sua:

1949 2020 2211 2089 jussione,
2241 2017 2536 2087 petentium
2567 2015 2857 2079 desideria,
2902 2030 3001 2084 pro
3037 2015 3284 2069 mercede
3322 2015 3530 2083 imperii

1958 2110 2064 2174 sui,
2090 2110 2156 2163 ad
2185 2108 2433 2163 effectum
2464 2107 2530 2161 de
2557 2104 2899 2160 ordinatione
2926 2104 3091 2173 ipsius
3117 2103 3393 2173 praecipiat
3413 2118 3533 2171 per-

1956 2200 2163 2255 venire.
2202 2195 2515 2265 Quatenusd
2535 2211 2632 2267 per
2652 2210 2837 2250 sacros
2862 2195 3161 2250 clementia
3187 2209 3298 2249 sua:
3327 2194 3527 2263 apices.

1959 2292 2058 2345 sub
2112 2297 2329 2359 pastore
2373 2287 2563 2342 eodem
2604 2285 2927 2349 constituti,
2985 2298 3081 2353 pro
3125 2284 3233 2338 vita
3278 2284 3533 2352 imperio-

1958 2396 2063 2451 que
2090 2379 2556 2435 serenissimorum
2589 2377 2930 2432 dominorum
2974 2383 3307 2440 nostrorum,
3357 2376 3532 2430 omni—

1959 2478 2237 2541 potentem
2262 2468 2572 2531 Dominum,
2600 2474 2655 2521 et
2682 2467 2963 2521 beatorum
2994 2465 3357 2535 apostolorum
3387 2466 3535 2534 prin-

1960 2560 2344 2641 cipe-mteujus
2372 2559 2628 2615 Ecclesia:
2669 2560 2889 2630 dignum
2929 2558 3165 2614 ordinari
3205 2557 3530 2627 gubernato-

1961 2638 2377 2736 ᾐξιξῲἱιᾷᾱὶι,
2393 2650 2595 2721 iugiter
2628 2663 2936 2710 exoremus.

1975 2748 1994 2763 ’
2022 2746 2361 2836 ’δἰιιῖεσνῗριὶο
2384 2764 2731 2818 sacerdotum.
2760 2768 2784 2801 θ
2806 2763 2919 2833 Ego
2938 2762 3019 2817 Ill.
3045 2761 3411 2817 misericordia
3429 2760 3534 2830 16

2083 2920 2544 3031 étliag'népcigicipis
2570 2959 2635 3013 ad
2659 2959 3018 3031 venerabilem
3045 2958 3246 3013 clerum
3284 2965 3336 3031 e_t
3362 2972 3531 3031 popu-

1958 3032 2090 3095 lum,
2135 3028 2198 3083 et
2238 3028 2602 3084 felicissimum
2631 3031 2923 3083 exercitum
2974 3028 3228 3081 Romanae
3272 3028 3535 3091 civitatis,

1960 3118 2055 3170 per
2084 3117 2217 3170 quas
2258 3100 2524 3154 concessit
2552 3108 2604 3152 ut
2637 3115 2863 3167 persona
2903 3115 3021 3166 qua:
3062 3098 3246 3170 electa
3274 3096 3436 3150 fuerit.
3479 3097 3531 3151 in

1960 3240 2087 3293 tifex
2138 3235 2499 3292 ordinaretur.
2536 3259 2553 3290 ι
2596 3237 2732 3291 Hinc
2775 3235 2916 3290 enim
2971 3235 3212 3291 concludi
3255 3244 3433 3304 potest
3466 3235 3532 3287 ad

1997 3310 2250 3377 rim-ipem
2278 3310 2343 3363 de
2376 3308 2635 3379 Gregorio
2673 3306 2735 3379 ll.
2772 3323 2874 3359 non
2913 3304 3079 3359 fuisse
3100 3305 3325 3359 relatum
3352 3314 3534 3379 postu-

1997 3326 2250 3377 run-ipem
2278 3326 2343 3363 ue
2376 3326 2635 3379 uregorlo
2675 3326 2735 3360 ll.
2772 3326 2874 3359 non
2913 3326 3079 3359 misse
3100 3326 3325 3359 relatum
3352 3326 3533 3374 posm-

1956 3326 2232 3446 ilatuntque
2260 3380 2426 3448 ipsius
2468 3380 2517 3431 in
2548 3378 2863 3448 electionem
2907 3390 3229 3448 consensum
3267 3393 3278 3427 :
3315 3376 3533 3428 ordina-

1960 3460 2045 3503 tus
2072 3443 2213 3502 enim
2232 3443 2313 3501 est
2334 3447 2622 3517 Gregorius
2646 3454 2765 3515 post
2790 3447 3118 3517 trigesimum
3145 3443 3312 3517 ferme
3332 3459 3531 3517 annum

1958 3519 2027 3572 ab
2049 3518 2195 3571 obitu
2224 3515 2491 3571 Benedicti
2523 3517 2583 3571 ll.
2613 3517 2807 3571 Verum
2828 3515 3162 3570 Constantini
3192 3515 3532 3583 imperatoris

1958 3588 2234 3643 concessio
2268 3588 2435 3639 valuit
2472 3595 2681 3640 tantum
2729 3601 2898 3639 annos
2948 3594 3076 3649 tres,
3125 3600 3230 3653 quo
3278 3583 3533 3653 temporis

1958 3658 2129 3726 spatio
2166 3655 2399 3709 Joannes
2422 3656 2485 3709 V.
2519 3665 2573 3726 et
2600 3655 2782 3709 Conon
2832 3655 3063 3707 ordinati
3115 3651 3275 3716 sunt;
3310 3651 3429 3726 nam
3477 3651 3530 3704 in

1959 3721 2247 3780 schismate
2281 3726 2485 3778 obitum
2516 3724 2749 3778 Cononis
2788 3732 3148 3792 consequente
3171 3763 3186 3787 ,
3240 3721 3532 3776 tmuultua-

1960 3806 2070 3849 tum
2103 3802 2203 3856 est,
2234 3809 2424 3861 resque
2455 3794 2518 3846 ad
2546 3794 2834 3847 exarchum
2877 3794 3071 3858 delata,
3118 3793 3206 3863 qui
3250 3808 3353 3844 non
3385 3792 3533 3860 prius

1959 3864 2262 3935 pontificem
2299 3863 2532 3935 ordinari
2564 3863 2999 3935 permisitquarn
3028 3863 3307 3935 pecuniam
3345 3871 3532 3935 extor-

1960 3930 2137 3995 sisset,
2166 3941 2225 3986 ut
2253 3948 2317 3986 ex
2340 3930 2624 3987 Anastasio
2665 3930 2947 4002 colligitur.
2981 3930 3105 3986 lude
3146 3947 3295 3993 vero,
3326 3932 3387 3982 ad
3420 3930 3534 4002 pul-

1960 4018 2047 4059 sos
2078 4017 2246 4073 usque
2278 4003 2563 4073 exarebos,
2611 4003 2709 4073 hoc
2755 3999 3062 4073 e§t,_usquc
3090 4003 3155 4055 ad
3197 4016 3396 4073 annum
3430 3999 3532 4051 752

1960 4070 2195 4137 vexatio,
2223 4087 2342 4137 qua:
2372 4072 2585 4125 inducta
2614 4072 2788 4126 fuerat
2810 4087 2838 4124 a
2865 4070 3074 4135 Gothis,
3110 4071 3394 4132 remansit;
3434 4084 3533 4122 nec

1960 4144 2172 4196 videtur
2220 4139 2421 4203 liinius,
2466 4156 2585 4195 cum
2615 4149 2757 4194 totus
2787 4149 2930 4195 esset
2969 4142 3022 4195 in
3055 4140 3289 4209 vestigiis
3319 4139 3533 4209 Baronii

1961 4212 2284 4281 premendis,
2314 4211 2379 4264 ad
2405 4211 2684 4264 historiam
2708 4227 2886 4265 rerum
2917 4207 3530 4281 gestarum'attendisse,

1961 4277 2194 4349 alioquin
2244 4297 2348 4335 non
2400 4281 2753 4349 scripsisseta
2787 4277 3115 4350 temporibus
3160 4278 3435 4350 Benedicti
3469 4277 3529 4331 ll.

1963 4352 2255 4473 ‘Eeelesiam
2319 4348 2613 4405 “cumnam
2681 4352 2748 4405 ab
2795 4348 2910 4404 hac'
2963 4348 3243 4421 tyrannide
3304 4348 3531 4402 liberam

1987 4436 2147 4473 illSS".
2578 4441 2593 4456 ο

1987 4436 2147 4473 iilSS".
2578 4441 2593 4456 °

2037 4490 2255 4545 Videtur
2283 4490 2480 4559 pariter
2508 4489 2558 4560 id
2587 4488 2812 4560 alterum
2852 4503 3111 4560 pugnare,
3139 4488 3281 4556 quod
3312 4487 3364 4540 in
3396 4485 3534 4560 rela-

1962 4560 2107 4614 tione
2148 4562 2205 4613 lit
2255 4557 2455 4612 mentio
2509 4558 2738 4629 plurium
2792 4557 3206 4629 imperatorum;
3272 4557 3536 4629 regnabat

1960 4630 2103 4683 enim
2132 4630 2277 4683 solus
2299 4626 2631 4691 Anastasius,
2662 4644 2782 4683 cum
2805 4626 3018 4683 créatus
3041 4636 3125 4682 est
3152 4626 3445 4697 Gregorius
3468 4626 3529 4680 ll.

1963 4700 2067 4752 Sed
2104 4699 2495 4753 ohservanlum
2536 4698 2917 4766 imperatorum
2947 4698 3161 4751 nomine
3197 4697 3341 4764 ipsos
3370 4696 3533 4748 etiam

1962 4768 2103 4822 filios
2131 4768 2398 4821 Anastasii
2430 4766 2739 4836 appellatos.
2773 4768 2910 4834 Quin
2947 4767 3130 4830 etiam,
3154 4775 3276 4835 post
3304 4766 3536 4836 nupera-

1964 4847 2133 4891 torem
2178 4835 2578 4901 Justinianum,
2630 4838 2970 4890 dominorum
3025 4837 3271 4897 nomine,
3328 4835 3437 4887 imo
3480 4843 3533 4886 et

1963 4907 2369 4976 imperatorum,
2406 4906 2533 4975 ipsa:
2574 4917 2787 4976 quoque
2831 4906 3080 4976 Augustae
3117 4903 3535 4974 comprehende—

1960 4978 2174 5030 bantur.

2029 5046 2056 5085 ιι
2082 5045 2187 5101 Per
2209 5052 2536 5126 sacros,_e_ic.
2564 5044 2692 5111 Quae
2725 5045 2897 5126 jussio
2925 5044 3308 5126 concessioque
3327 5042 3432 5126 ‘bic‘
3455 5042 3534 5095 di-

1960 5115 2120 5181 citur,
2166 5133 2196 5171 a
2238 5114 2506 5170 nonnullis
2552 5115 2833 5183 consensio
2875 5122 2930 5169 et
2965 5114 3280 5183 approbatio
3325 5120 3531 5183 tantum

1960 5186 2287 5249 nominatur,
2324 5198 2631 5254 quanquam
2660 5181 2893 5239 Joannes
2927 5181 3195 5239 Diaconus
3232 5183 3371 5254 lib.)
3398 5181 3536 5254 Vitae

1962 5255 2018 5308 S.
2051 5254 2319 5325 Gregorii,
2341 5250 2505 5322 _cap._
2531 5252 2619 5325 ω.
2640 5323 2649 5325 _
2669 5256 3082 5325 prmeeptionem
3105 5260 3296 5325 _vocat_.
3334 5250 3535 5325 Proba:

1960 5326 2066 5378 bile
2107 5319 2191 5381 esi
2233 5319 2527 5379 solemnem
2578 5319 2744 5378 fuisse
2784 5319 2863 5379 ea'
2889 5326 2955 5379 de
2997 5338 3055 5378 re
3097 5320 3405 5383 formulam,
3439 5319 3534 5373 sed

1962 5395 2145 5449 nescio
2183 5410 2250 5448 an
2277 5401 2423 5448 extet
2451 5394 2678 5462 uspiam.

2036 5476 2058 5502 ο
2083 5463 2196 5532 Ego
2219 5463 2298 5516 ill.
2326 5463 2438 5518 Non
2462 5459 2833 5519 su'bscribebat
2853 5465 3078 5526 electus,
3100 5463 3212 5517 imo
3238 5476 3336 5515 nec
3357 5459 3535 5532 priva-

1965 5542 2047 5588 tas
2084 5533 2244 5587 dabat
2276 5533 2504 5597 litteras,
2534 5549 2602 5587 ne
2631 5535 2863 5602 speciem
2892 5533 3199 5587 ambitionis
3231 5533 3528 5600 pratferret.

1960 5604 2250 5676 Gregorius
2276 5602 2497 5676 Magnus
2525 5621 2552 5656 a
2581 5603 2828 5676 Mauritio
2862 5605 3206 5676 imperatore,
3233 5614 3331 5670 pro
3352 5608 3534 5676 vetere

1964 5673 2221 5735 amicitia,
2237 5674 2389 5741 petiit
2411 5674 2569 5728 enixe
2591 5689 2657 5727 ne
2678 5674 2729 5726 in
2752 5674 3064 5731 elecdonem
3092 5686 3242 5727 suam
3266 5673 3533 5725 consents

1967 5752 2043 5797 ret
2074 5761 2083 5795 :
2116 5759 2220 5797 non
2242 5744 2469 5798 obtinuit
2499 5753 2694 5797 tamen.

3980 2004 3983 2039 1

3973 2079 3984 2130 ε

3972 2173 3984 2217 i

3976 2264 3986 2313 ξ
