3990 6184
330 256 387 314 53
1170 264 1175 267 ‘
1278 212 1717 306 FiOMANORLTM
1756 237 2196 299 PONTlFlCliM.
2238 269 2303 276 ——
2341 237 2493 291 CAP.
2534 235 2596 291 ll.
3519 242 3585 295 δι

337 365 416 420 "ei
453 360 731 431 presbyter
766 366 967 412 sanctae
1004 356 1258 411 Ecclesia:
1309 357 1567 411 Romana:
1594 356 1719 410 huic
1744 368 1769 394 ι
1814 352 1906 409 de-
1937 356 1983 413 Α
2012 349 2282 402 mentibus
2310 348 2537 401 celestis
2579 347 2819 418 dignatio
2860 347 3291 414 demonstraret,
3322 366 3482 419 quem
3513 354 3567 407 di

333 465 469 511 creto
524 468 554 506 a
605 452 761 506 nobis
817 452 958 506 facto
994 453 1048 507 in
1096 452 1176 505 111.
1212 455 1578 508 venerandum
1635 451 1903 505 archidia-

334 560 510 601 rouum
548 552 752 597 sancttc
780 542 923 597 sedis
964 541 1271 611 apostolicae
1298 550 1354 596 et
1383 542 1613 597 electum
1656 548 1901 596 nostrum

325 632 663 688 consentiens
694 632 1006 701 subscripsi.

400 725 461 778 Et
506 724 812 794 subscriptio
857 724 1133 777 (uicorum.
1181 723 1294 793 Ego
1333 722 1412 775 111.
1450 722 1667 792 pietatis
1707 729 1903 776 vestra:

330 828 512 867 servus
558 813 686 866 huic
737 812 956 866 decreto
996 828 1026 866 a
1070 811 1225 866 nobis
1263 810 1403 865 facto
1448 812 1500 865 in
1530 811 1607 865 111.
1643 825 1905 865 veneran—

330 901 448 956 dum
474 902 909 955 archidiaconnm
949 909 1149 957 sancta:
1193 901 1338 955 sedis
1383 900 1688 966 apostolica:
1709 909 1764 953 et
1797 900 1905 955 ele-

332 1002 467 1047 ctum
497 1002 739 1047 nostrum
767 993 1114 1046 consentiens
1150 992 1464 1062 subscripsi.

902 1105 1200 1161 TITULUS
1234 1105 1323 1160 Ν.

582 1174 654 1228 De
681 1174 927 1229 electione
954 1178 1214 1246 pontiﬁcis
1244 1176 1314 1230 ad
1336 1177 1638 1230 exercitum.

401 1266 798 1336 Superscriptio.
833 1267 1063 1321 Domino
1101 1266 1554 1322 excellentissimo
1584 1274 1745 1334 atque
1773 1280 1907 1335 pra:-

333 1359 727 1423 cellentissimo,
758 1366 812 1413 et
837 1374 866 1412 a
898 1359 1008 1414 Deo
1035 1360 1192 1414 nobis
1219 1360 1531 1429 longmviter
1560 1359 1612 1412 in
1639 1358 1910 1428 principa-

334 1448 467 1505 libus
494 1451 811 1507 ministeriis
837 1452 1066 1507 feliciter
1087 1454 1473 1515 conservando,
1497 1452 1576 1506 111.
1605 1453 1907 1517 cxconsuli,

333 1540 581 1607 patricio,
607 1549 664 1593 et
701 1543 938 1596 exarcbo
978 1541 1166 1607 Italiaz,
1197 1542 1227 1583 ιδ
1252 1542 1573 1612 presbyteri,
1619 1543 1828 1603 diaconi
1854 1552 1913 1597 et

332 1628 611 1684 familiaris
654 1631 937 1687 universus
978 1632 1177 1697 clerus,
1220 1643 1242 1670 ο
1291 1634 1544 1688 axiomati
1584 1633 1769 1698 etiam,
1809 1647 1905 1687 seu

2008 453 2172 507 gnum
2205 438 2272 490 ad
2311 436 2703 491 successionem
2745 436 3051 506 apostolica:
3090 438 3223 492 vicis
3258 438 3449 507 jubeat
3490 441 3591 496 cli-

2007 533 2262 597 gendum,
2290 533 2408 601 ejus
2446 532 2617 602 gratia
2644 530 2998 601 suffragante.
3028 541 3083 587 et
3123 531 3363 585 omnium
3391 531 3591 587 animis

2008 625 2309 692 inspirante
2328 666 2342 688 ,
2382 624 2398 662 τ
2426 624 2482 677 in
2522 639 2629 678 uno
2650 625 3092 679 convenientibus
3120 626 3275 679 nobis
3295 663 3310 688 ,
3337 634 3398 679 ut
3422 625 3591 680 moris

2004 723 2110 779 est,
2130 714 2528 784 8familiaribus
2555 715 2688 770 cleri
2712 725 2766 769 et
2790 714 2978 784 plebis,
3002 715 3028 755 ιι
3044 731 3328 785 procerum
3354 715 3516 770 etiam
3537 723 3592 770 et

2005 802 2256 858 militaris
2286 805 2610 873 prtesentizc,
2643 805 2691 859 si
2734 806 2836 860 dici
2881 814 2995 870 est,
3035 821 3077 869 (ι,
3113 822 3281 875 parvo
3314 821 3487 875 usque
3523 808 3586 859 ad

2006 909 2286 964 magnum,
2320 893 2373 946 in
2404 908 2696 961 personam
2732 895 2811 949 111.
2851 897 3172 952 sanctissimi
3199 897 3359 968 hujus
3388 907 3588 951 sanctae

2009 981 2315 1051 apostolica:
2342 983 2485 1037 sedis
2514 982 2770 1038 Romana:
2794 985 3050 1039 Ecclesia:
3070 986 3455 1052 archidiaconi,
3480 987 3591 1041 Deo

2006 1082 2363 1143 cooperante,
2412 1081 2468 1126 et
2512 1074 2794 1128 beatorum
2825 1075 3195 1145 apostolorum
3238 1077 3449 1141 annisu,
3487 1077 3592 1147 18

2006 1163 2284 1216 concurrit
2307 1171 2468 1232 atque
2496 1164 2773 1217 consensit
2801 1163 3015 1219 electio.

2076 1252 2241 1322 Cujus
2264 1254 2375 1309 Deo
2400 1255 2649 1309 amabilis
2678 1255 2781 1309 viri
2813 1264 3022 1310 tantum
3067 1258 3266 1312 meruit
3298 1259 3439 1328 apud
3471 1273 3583 1313 om-

2005 1341 2155 1396 nium
2201 1344 2561 1399 conscientias
2608 1345 2766 1400 bona:
2810 1352 2864 1399 et
2912 1346 3121 1414 pudica:
3164 1348 3595 1403 conversationis

2007 1429 2287 1500 perfectio,
2323 1442 2382 1485 ut
2406 1432 2583 1487 nullus
2619 1433 2674 1487 in
2716 1433 2833 1503 ejus
2876 1434 3142 1490 electione
3183 1438 3500 1500 dissideret,
3529 1454 3593 1493 ac

2008 1521 2188 1576 nullus
2218 1520 2453 1588 abesset,
2484 1524 2729 1580 nullusve
2756 1524 2991 1595 scipsum
3018 1528 3399 1583 subtraheret:
3432 1546 3593 1600 quem

2008 1611 2154 1664 enim
2185 1612 2251 1665 ad
2277 1613 2378 1666 hoc
2401 1614 2711 1683 apostolicae
2734 1616 2867 1669 vicis
2892 1615 3123 1671 cilicium
3153 1619 3597 1689 incomparabilis

329 1721 594 1776 “archus
622 1729 676 1775 et
708 1721 933 1791 populus
964 1723 1125 1793 huius
1154 1722 1413 1779 Romamn
1445 1722 1593 1778 urbis
1616 1723 1903 1793 supplices.
1936 1726 1983 1784 Β
2009 1708 2173 1793 atque
2212 1701 2526 1757 indcﬁcicns
2556 1704 2649 1758 Dei
2682 1705 2853 1758 nostri
2884 1707 3222 1775 providentia
3262 1709 3594 1764 destinatum

393 1810 417 1847 ἀ
451 1809 611 1865 Novit
642 1812 893 1866 humanis
921 1812 1080 1868 rebus
1107 1813 1442 1881 providentia
1472 1814 1653 1868 divina
1681 1830 1906 1869 succur-

330 1913 469 1961 rere,
501 1907 554 1952 ct
582 1902 923 1955 mcerentium
951 1900 1111 1957 ﬁctus
1139 1918 1204 1955 ac
1244 1903 1479 1972 gemitus
1529 1904 1583 1957 in
1626 1904 1911 1959 exultatio-

325 2004 455 2044 nem
489 1999 829 2055 convertere,
876 1999 937 2045 ut
979 1993 1070 2061 qui
1110 2008 1283 2061 nuper
1310 1994 1800 2049 consternabantur
1828 1995 1911 2049 af-

320 2076 503 2140 ﬂicti,
576 2080 914 2147 postmodum
975 2089 1270 2150 appareant
1336 2083 1561 2137 nimium
1630 2084 1915 2142 consolati.

319 2170 591 2223 Canentis
612 2171 754 2224 enim
777 2171 939 2242 Regis
965 2183 1092 2227 sunt
1114 2175 1276 2237 dicta,
1300 2191 1421 2245 qua:
1445 2184 1665 2231 sanctus
1688 2178 1921 2247 Spiritus

320 2259 388 2311 de
420 2258 625 2326 templo
659 2262 991 2329 prophetalis
1016 2264 1196 2319 cordis
1218 2264 1489 2319 insonuit:
1520 2267 1622 2335 17
1644 2268 1726 2320 Ad
1752 2285 1919 2339 vespe-

322 2364 440 2399 ram
494 2348 852 2402 demorabitur
891 2352 1077 2418 ﬂetus,
1133 2362 1183 2406 et
1228 2352 1299 2406 ad
1365 2356 1679 2409 matutinum
1730 2356 1915 2411 la’titia

325 2433 501 2503 (Psal.
531 2452 683 2500 xxrx,
706 2454 750 2489 v.
775 2437 849 2509 6).
877 2438 976 2504 Qui
1001 2447 1055 2493 et
1078 2440 1272 2494 iterum
1295 2442 1498 2510 gratias
1521 2441 1759 2497 referens
1782 2442 1909 2508 Deo,

326 2528 711 2583 beneficiorum
758 2529 872 2597 ejus
928 2532 1381 2601 magniﬁcentiam
1420 2534 1585 2596 canit,
1625 2540 1682 2588 et
1739 2534 1906 2588 dicit:

329 2614 640 2670 Convertiin
664 2616 928 2686 planctum
959 2636 1127 2673 meum
1160 2620 1213 2673 in
1253 2621 1503 2690 gaudium
1544 2622 1694 2687 mihi,
1738 2624 1912 2677 conci-

328 2705 449 2756 disti
469 2721 680 2757 saccum
708 2716 965 2770 meum,et
986 2709 1305 2777 prtrcinxisti
1334 2725 1413 2763 me
1439 2709 1641 2775 lmtitia,
1669 2719 1725 2764 ut
1742 2720 1910 2766 cantet

331 2794 418 2847 tibi
439 2793 616 2865 gloria
636 2812 770 2861 mea,
795 2806 841 2849 et
877 2813 976 2850 non
1001 2814 1321 2869 compungar
1358 2799 1543 2869 (lbid.,
1568 2818 1614 2854 υ.
1643 2802 1709 2856 12
1728 2811 1775 2856 et
1800 2802 1907 2872 15).

331 2880 438 2951 Ipsi
490 2884 637 2938 enim
676 2900 803 2938 cura
843 2885 906 2939 de
929 2886 1073 2941 nobis
1102 2897 1174 2941 est
1205 2888 1256 2960 (Ι
1288 2888 1432 2942 Petr.
1463 2905 1518 2951 v,
1550 2906 1598 2943 υ.
1629 2890 1707 2956 7),
1735 2900 1792 2946 ut
1818 2908 1911 2948 vas

330 2972 610 3042 electionis
638 2984 694 3028 et
721 2990 860 3029 vera:
889 2975 1009 3032 ﬁdei
1042 2988 1224 3033 monet
1245 2979 1542 3049 integritas,
1567 2996 1766 3051 quippe
1791 2999 1911 3052 qua:

2009 1790 2291 1857 habuerat,
2319 1794 2588 1862 quomodo
2610 1809 2716 1848 non
2746 1803 2802 1849 et
2829 1795 3077 1850 humanis
3105 1798 3377 1854 mentibus
3402 1814 3594 1854 conso-

2010 1882 2197 1935 nantia
2228 1883 2582 1938 conveniret?
2613 1883 2766 1950 Quod
2814 1886 3003 1956 procul
3031 1886 3195 1943 dubio
3235 1887 3290 1942 in
3330 1888 3425 1944 Dei
3450 1905 3592 1959 prte-

2011 1970 2186 2024 sentia
2209 1972 2491 2027 tenebatur
2517 1974 2775 2028 adﬁxum.

2086 2059 2252 2130 Cujus
2284 2070 2336 2115 et
2364 2062 2645 2117 decretum
2676 2063 2992 2118 solemuiter
3034 2064 3329 2133 facientes,
3367 2078 3423 2124 et
3455 2069 3593 2125 desi-

2017 2148 2169 2203 deria
2193 2152 2453 2215 cordium,
2497 2152 2642 2206 circa
2672 2152 2790 2221 ejus
2816 2154 3157 2221 electionem,
3187 2174 3443 2213 manuum
3472 2162 3597 2215 sub-

2018 2239 2402 2307 scriptionibus
2448 2242 2865 2309 conﬁrmantcs,
2914 2262 3011 2316 per
3056 2248 3247 2303 harum
3289 2250 3488 2307 latores
3514 2251 3594 2307 111.

2014 2328 2417 2384 sanctissimum
2448 2333 2781 2404 episc0pum,
2810 2336 2892 2389 ill.
2920 2339 3280 2397 venerabilem
3310 2344 3596 2415 presbyte-

2014 2433 2154 2485 rum,
2179 2420 2258 2474 lll.
2289 2423 2562 2478 notarium
2590 2426 2975 2496 regionarium,
3015 2429 3095 2483 111.
3126 2433 3349 2501 adaeque
3379 2436 3597 2491 subdia-

2012 2526 2207 2589 conum
2234 2515 2597 2582 regiouarium
2621 2558 2635 2579 ,
2685 2518 2759 2571 ill.
2793 2527 2849 2573 et
2873 2519 2952 2573 111.
2985 2522 3129 2577 viros
3163 2524 3423 2581 honestos
3448 2528 3596 2583 cives

2012 2610 2067 2655 et
2095 2602 2161 2656 de
2199 2601 2583 2663 ﬂorentissimo
2612 2616 2774 2677 atque
2811 2610 3125 2667 felicissimo
3162 2613 3409 2671 Romano
3442 2633 3597 2672 exer-

2012 2691 2144 2756 citu,
2176 2693 2254 2747 lll.
2286 2696 2779 2752 eminentissimum
2827 2702 3125 2769 consulem,
3167 2720 3263 2759 seu
3304 2705 3385 2760 111.
3420 2718 3476 2762 et
3515 2708 3593 2762 111.

2011 2785 2157 2839 viros
2194 2788 2507 2858 magniﬁcos
2530 2791 2774 2867 tribunos
2797 2793 3004 2848 militia:
3025 2794 3361 2854 confamulos
3383 2809 3597 2856 nostros

2014 2875 2328 2941 direximus,
2369 2880 2736 2948 supplicantes
2780 2891 2943 2953 atque
2991 2888 3355 2942 communiter
3393 2890 3597 2959 impen-

2014 2967 2226 3023 sissime
2248 2980 2539 3026 exorantes
2580 2988 2610 3026 a
2656 2973 2763 3028 Deo
2804 2978 3192 3033 conservanda:
3222 2980 3596 3048 praecellentia:

331 3074 450 3118 sum
521 3066 780 3130 ιτίδιίιίω,
839 3067 905 3121 ad
951 3068 1201 3136 gaudium
1253 3070 1561 3125 miserando
1614 3072 1863 3140 perduci;
1892 3091 1903 3125 ;
1936 3065 1979 3125 (1
2013 3067 2207 3113 vestrm
2233 3071 2545 3117 consuetam
2584 3063 2881 3119 bonitatem
2909 3067 3013 3136 piis
3044 3069 3185 3122 votis
3226 3085 3593 3127 concurrere:

330 3154 463 3223 quod
506 3162 559 3209 et
588 3156 741 3209 nobis
780 3155 987 3226 exiguis
1029 3167 1085 3212 et
1110 3158 1485 3227 peccatoribus
1516 3175 1672 3229 opem
1703 3161 1769 3215 de
1795 3161 1912 3217 eius

333 3244 705 3299 misericordia
750 3246 1214 3313 prmstolantibus,
1268 3248 1504 3319 dignatio
1550 3249 1777 3305 celestis
1820 3268 1911 3305 ex-

333 3333 532 3389 hibuit.
1820 3346 1823 3347 ⁷

397 3422 622 3476 Etenim
655 3423 981 3493 pontiﬁcalis
1025 3427 1301 3479 memoria
1342 3425 1420 3478 111.
1460 3426 1526 3480 de
1563 3426 1919 3494 praesentibus

333 3514 471 3566 ruris
521 3512 587 3565 ad
618 3523 878 3568 :eternam
908 3516 1152 3582 requiem
1188 3524 1435 3579 evocato,
1484 3524 1542 3568 ut
1581 3516 1780 3595 assolet
1819 3517 1920 3569 bu-

336 3605 511 3657 manis
542 3605 705 3658 rebus
735 3606 1003 3668 accidere,
1040 3621 1230 3675 magna
1256 3620 1354 3659 nos
1382 3605 1720 3659 tristitiamm
1750 3605 1918 3660 moles

337 3695 728 3756 obstrinxerat,
776 3696 995 3765 proprio
1042 3696 1414 3764 dispensatore
1461 3694 1781 3752 frustratos:
1822 3697 1917 3753 sed

339 3800 437 3838 non
465 3786 559 3840 diu
599 3785 651 3839 in
696 3785 981 3841 afflictione
1006 3786 1298 3855 persistere
1338 3794 1593 3840 consueta
1623 3785 1717 3840 Dei
1744 3788 1915 3842 nostri

340 3876 641 3949 benignitas
671 3885 953 3948 sperantes
978 3878 1032 3931 in
1058 3893 1116 3932 se
1144 3878 1467 3947 dereliquit:
1515 3890 1537 3917 θ
1566 3879 1741 3935 triduo
1770 3880 1913 3933 enim

340 3968 484 4023 nobis
526 3969 743 4039 exiguis
784 3969 837 4021 in
882 3970 1126 4023 oratione
1170 3971 1541 4033 manentibus,
1571 3979 1631 4023 ut
1670 3971 1915 4026 omnium

403 4079 674 4151 llDecreto
703 4097 736 4131 a
769 4079 915 4151 nobis
942 4079 1101 4151 facta.
1131 4079 1409 4149 Eligebant
1435 4081 1600 4151 igitur
1628 4080 1725 4149 ipsi
1750 4081 1913 4135 etiam

340 4145 451 4202 laici
484 4166 497 4201 :
534 4150 668 4217 quid
706 4149 850 4202 enim
892 4145 975 4219 est
1023 4145 1533 4213 facere-decretum,
1566 4145 1666 4204 nisi
1716 4151 1915 4219 eligere

340 4219 447 4271 est?
500 4220 573 4273 Et
604 4233 735 4272 vero
778 4234 884 4272 non
924 4217 1026 4272 alia
1076 4220 1247 4273 forma
1296 4220 1587 4274 subscribit
1620 4217 1915 4275 laicus—ille

343 4301 495 4354 quam
536 4290 844 4357 presbyter.

404 4358 431 4397 δ
460 4358 781 4426 Presbyteri,
806 4365 910 4412 etc.
939 4356 1053 4411 Non
1079 4358 1449 4412 subscribebat
1467 4358 1673 4413 electus
1699 4358 1750 4412 in
1773 4356 1915 4426 ejus-

341 4428 474 4480 modi
499 4428 724 4487 litteris,
748 4443 817 4481 ne
842 4428 1152 4481 ambitionis
1176 4428 1307 4482 vitio
1353 4429 1599 4482 laborare
1616 4429 1910 4482 videretur.

342 4493 631 4566 Gregorius
676 4496 898 4566 Magnus
942 4497 1148 4551 litteras
1192 4497 1332 4551 dedit
1374 4497 1910 4566 Connstantiuop-Jim,

340 4567 530 4638 quibus
570 4567 859 4638 abnamicis
885 4566 1288 4638 (conciliaverat
1330 4568 1429 4621 sibi
1473 4568 1752 4637 plurimos,
1792 4583 1913 4622 cum

342 4636 673 4708 apocrisiarii
720 4634 941 4691 munere
978 4634 1292 4706 fungeretur
1329 4634 1915 4708 apud'iimperatorem)

344 4707 631 4759 instantius
656 4715 864 4775 peteret
896 4707 1306 4761 consensionem
1333 4707 1598 4775 impediri.
1629 4706 1746 4761 Dixi
1774 4706 1917 4775 ejus-

342 4775 489 4847 modi
510 4776 724 4837 litteris,
759 4792 888 4847 nam?
907 4776 975 4830 de
1001 4776 1123 4830 aliis
1161 4775 1229 4828 ad
1256 4790 1344 4829 res
1372 4776 1769 4847 ecclesiasticas
1791 4793 1914 4847 pcr-

344 4841 636 4900 tineutibus
653 4846 988 4902 contrarium
1009 4852 1219 4900 constat
1238 4859 1304 4899 ex
1332 4846 1555 4912 epistola
1577 4841 1804 4902 Joannis
1824 4846 1909 4900 lV.

345 4911 409 4965 de
425 4928 535 4982 qua
563 4916 765 4970 dictum
789 4923 967 4969 antea.
1368 4911 1380 4912 ί
1590 4944 1597 4949 ι

411 4992 433 5020 ε
458 4984 748 5039 Axiomati.
768 4985 831 5055 in
855 4986 1113 5055 dignitate
1133 4985 1432 5049 constituti,
1459 4986 1571 5040 sive
1596 4985 1916 5055 Optimates,

346 5061 402 5104 ut
424 5062 641 5124 constat
658 5071 724 5109 ex
756 5054 983 5108 formula
1027 5055 1228 5110 decreti
1267 5055 1548 5124 electionis
1579 5063 1741 5124 atque
1765 5057 1919 5110 innu-

346 5123 532 5196 meris
561 5123 832 5196 ejusmodi
887 5124 1343 5196 inscriptionibus.
1407 5123 1733 5196 Honoratus
1763 5133 1921 5196 vocat

479 5186 909 5317 Magnushepist.
951 5186 1373 5265 84.'Gregorius
1412 5194 1643 5265 Magnus
1679 5192 1918 5258 Nobiles,

421 5299 436 5312 .
466 5277 543 5315 tv.
574 5279 660 5317 eo.
759 5303 774 5317 .

346 5266 436 5312 tib.
466 5277 543 5315 tv.
574 5279 660 5319 en.
682 5266 774 5317 47.

412 5280 436 5312 ν.
508 5280 543 5315 τ.
644 5302 660 5318 .
721 5280 725 5282 '
759 5303 774 5317 .

412 5328 439 5367 ἀ
466 5280 642 5386 ’ἆοξὶῗ
673 5280 941 5398 zdmanis,
977 5344 1080 5389 etc.
1117 5335 1289 5389 Verba
1330 5336 1446 5389 hinc
1486 5336 1764 5404 desumpta
1794 5342 1920 5388 sunt

348 5413 518 5473 usque
561 5404 626 5457 ad
674 5405 794 5469 ista,
838 5404 1227 5473 con/irruentes,
1251 5420 1315 5458 ex
1353 5405 1581 5459 formula
1611 5406 1813 5459 decreti
1853 5405 1921 5459 de

348 5469 608 5543 electione
632 5475 833 5528 suunni
856 5469 1147 5543 pontiﬁcis.

417 5551 438 5578 ⁶
462 5541 658 5596 Triduo
679 5546 837 5607 enim,
857 5541 968 5597 etc.
996 5542 1300 5597 Bonifacius
1317 5544 1400 5596 Ill.
1433 5559 1572 5598 anno
1598 5544 1721 5598 606.
1750 5555 1810 5597 nt
1839 5559 1923 5598 re-

354 5607 455 5663 fert
503 5611 850 5679 Anastasins,
884 5634 901 5665 (
939 5614 1063 5668 fecit
1107 5614 1454 5677 constitutum
1495 5615 1547 5666 in
1590 5615 1813 5667 ecclesia
1861 5614 1916 5667 S.

2010 3150 2137 3219 quia
2168 3149 2287 3204 talis
2310 3167 2339 3203 a
2371 3159 2559 3206 nostro
2586 3153 2842 3208 famulatu
2880 3158 3218 3212 concorditer
3254 3158 3457 3215 electus
3481 3171 3586 3225 est,

2011 3240 2064 3294 in
2108 3256 2244 3309 quo,
2287 3250 2548 3309 quantum
2598 3242 2665 3296 ad
2697 3244 2977 3298 hominum
3020 3246 3304 3302 scientiam
3350 3251 3594 3319 respicit,

2011 3331 2211 3384 nullius
2238 3332 2447 3386 macula
2476 3334 2914 3402 reprehensionis
2936 3338 3237 3404 apparebit.

2085 3418 2152 3472 Et
2173 3419 2292 3473 ideo
2323 3420 2685 3489 supplicantes
2708 3438 3034 3490 quzcsumus,
3065 3434 3123 3478 ut
3150 3427 3444 3494 inspirante
3476 3430 3587 3482 Deo

2016 3506 2176 3560 celsae
2205 3505 2323 3574 ejus
2354 3508 2729 3571 dominationi,
2778 3525 2875 3564 nos
2914 3509 3145 3566 famulos
3188 3515 3295 3568 voti
3323 3529 3599 3585 compotes

2019 3597 2269 3653 celeriter
2300 3598 2420 3652 ﬁeri
2454 3598 2766 3669 prtecipiat:
2805 3601 3109 3669 praesertim
3136 3618 3258 3657 cum
3291 3605 3445 3673 plura
3488 3608 3596 3662 siut

2015 3688 2272 3758 capitula,
2315 3698 2369 3743 et
2397 3689 2502 3743 alia
2543 3705 2610 3744 ex
2649 3689 2770 3744 aliis
2804 3690 3044 3759 quotidie
3067 3702 3444 3761 procreentur,
3478 3712 3599 3766 qua:

2015 3797 2157 3837 cura:
2199 3781 2611 3838 sollicitudinem
2636 3790 2690 3837 et
2717 3783 3040 3853 pontiﬁcalis
3070 3784 3271 3841 favoris
3307 3796 3597 3858 expectant

2015 3872 2333 3927 remedium.
2365 3871 2733 3928 Provinciales
2759 3888 2890 3928 vero
2927 3889 3072 3929 cura:
3093 3916 3107 3941 ,
3151 3877 3234 3931 vel
3260 3893 3597 3949 quaecunque

2015 3970 2139 4015 sunt
2168 3960 2395 4016 subinde
2437 3976 2723 4016 causarum
2764 3963 3052 4028 utilitates,
3099 3965 3354 4033 perfecta:
3390 3970 3595 4023 autori-

2014 4074 2199 4154 Petri,
2250 4076 2312 4154 in_
2348 4092 2451 4154 qua
2497 4077 2751 4154 sederunt
2784 4079 3020 4149 episcopi
3068 4084 3405 4154 septuaginta
3456 4086 3591 4150 duo,

2014 4147 2314 4218 presbyteri
2351 4147 2575 4200 Romani
2619 4147 2837 4216 triginta
2882 4147 3146 4218 quatuor,
3183 4161 3238 4206 et
3262 4147 3491 4207 'diaconi
3540 4147 3595 4208 et

2015 4217 2192 4291 omnis
2229 4216 2430 4281 clerus,
2476 4218 2577 4291 sub
2620 4216 2984 4291 anathema—te,
3016 4227 3073 4273 ut
3103 4221 3296 4284 nullus,
3341 4224 3598 4291 pontiﬁce

2015 4287 2249 4362 vivente,
2295 4296 2389 4340 aut
2423 4287 2674 4355 episcopo
2698 4288 2935 4362 civitatis
2965 4305 3104 4362 sum,
3134 4287 3419 4362 praesumat
3450 4292 3593 4362 loqui

2017 4356 2083 4409 de
2112 4370 2446 4417 successore,
2488 4366 2580 4409 aut
2615 4365 2795 4424 partes
2823 4359 2923 4411 sibi
2958 4356 3154 4422 facere,
3186 4360 3286 4413 nisi
3319 4363 3477 4416 tertio
3507 4356 3594 4417 die

1940 4404 1993 4462 Ῑ)
2017 4426 2367 4496 depositionis
2392 4404 2538 4496 ejus,
2589 4404 2821 4480 adunato
2849 4427 2996 4482 clero
3032 4437 3085 4482 et
3132 4404 3258 4482 liliis
3304 4404 3592 4496 Ecclesi‘ze‘,

2017 4503 2150 4567 tunc
2177 4494 2511 4567 electiouﬁat,
2530 4504 2599 4567 et
2626 4510 2800 4567 quem
2837 4498 3065 4567 quisque
3090 4499 3349 4561 voluerit,
3377 4494 3595 4555 habebit

2017 4563 2298 4639 licentiam
2334 4563 2561 4639 eligendi
2592 4564 2695 4617 sibi
2724 4563 3094 4639 sacerdotem.
3146 4585 3165 4617 ›
3212 4567 3397 4639 Tridui
3430 4585 3596 4639 porro

1990 4690 1995 4695 ,
2019 4642 2261 4702 tempore
2280 4631 2486 4701 jejunio
2512 4641 2569 4686 et
2590 4634 2845 4701 precibus
2866 4636 3095 4701 publicis
3121 4636 3431 4691 vacabatur.

2097 4702 2115 4743 ί
2152 4702 2219 4777 in
2248 4702 2811 4777 uno‘cortveuientibus,
2856 4711 2962 4777 etc.
3002 4703 3201 4777 Eadem
3232 4704 3364 4771 fere,
3391 4721 3511 4777 qua:
3538 4707 3595 4763 in

2016 4773 2277 4829 relatione
2299 4772 2364 4826 ad
2390 4771 2704 4841 principem,
2737 4782 2796 4825 ut
2821 4772 3041 4828 evidens
3064 4776 3134 4830 sit
3158 4776 3224 4830 de
3251 4791 3359 4831 uno
3376 4771 3595 4833 eodem-

2017 4858 2123 4912 que
2148 4843 2319 4917 electo
2352 4841 2980 4917 utramquerelationem
3019 4860 3140 4901 esse
3168 4846 3592 4917 intelligendam,

2014 4911 2070 4967 et
2088 4914 2319 4983 proinde
2336 4913 2402 4966 de
2427 4911 2691 4983 Gregorio
2716 4911 2779 4983 11.

2091 4981 2116 5023 Β
2142 4981 2521 5035 Familiaribtts
2545 4982 2690 5035 cieri.
2720 4981 2835 5037 Hoc
2872 4982 3182 5041 Bonifacius
3224 4986 3275 5042 in
3301 4989 3597 5043 constituto

2015 5061 2173 5107 vocat
2196 5051 2334 5120 ﬁlios
2369 5050 2634 5105 Ecclesite.

2086 5124 2112 5162 ιι
2146 5121 2428 5175 Procerum
2452 5122 2628 5184 etiam,
2673 5129 2778 5175 etc.
2822 5121 2950 5179 Inde
2980 5132 3209 5191 constat,
3249 5141 3356 5181 non
3384 5140 3447 5180 ea
3479 5132 3607 5179 tano‘

2020 5203 2131 5266 tum
2181 5192 2251 5247 de
2290 5205 2455 5266 causa
2498 5191 3298 5266 convenissedtunchtemporis
3340 5208 3594 5266 proceres

2021 5261 2261 5329 aliosque
2284 5262 2457 5342 laicus
2475 5301 2489 5323 ,
2516 5274 2647 5342 cum
2690 5260 2925 5342 pontifex
2952 5260 3248 5342 eligeretur
3269 5305 3282 5329 ,
3316 5260 3375 5342 ut
3398 5262 3594 5341 velas-

2021 5346 2235 5385 sensum
2263 5331 2456 5383 darent
2483 5329 2809 5385 electoribus
2835 5329 3076 5397 clericis,
3111 5335 3193 5387 vel
3231 5330 3595 5386 testimonium

2023 5400 2227 5454 ferrent
2254 5401 2320 5454 de
2348 5399 2612 5468 probitate
2638 5399 2901 5469 eligendi,
2932 5403 3025 5455 sed
3062 5411 3124 5456 ut
3163 5415 3288 5454 vere
3314 5398 3592 5466 eligerent.

2024 5470 2179 5524 Unde
2199 5469 2308 5523 Leo
2339 5469 2559 5538 Magnus
2584 5470 2741 5589 epist.
2773 5471 2875 5525 89:
2911 5469 3013 5535 Qui
3039 5471 3360 5547 prtrfuturus
3389 5476 3463 5519 est
3490 5482 3591 5548 om-

2024 5539 2192 5589 nibus.
2223 5540 2288 5589 ab
2318 5540 2556 5589 omnibus
2583 5555 2609 5589 ρ
2634 5549 2825 5589 matur.
2863 5539 2979 5589 Oua
3008 5546 3272 5589 sententia
3300 5534 3591 5589 Grecorum

2024 5539 2192 5598 nibus,
2223 5540 2288 5592 ab
2318 5534 2556 5592 omnibus
2583 5534 2825 5607 eligatur.
2863 5534 2979 5606 Qua
3008 5534 3272 5594 sententia
3300 5534 3591 5606 Gregorius

2026 5608 2250 5680 Magnus
2278 5624 2404 5664 usus
2428 5617 2511 5663 est
2536 5623 2641 5661 non
2671 5609 2854 5663 semel.
