3990 6184
341 280 412 336 35
1683 263 1882 320 LIBER
1922 260 2230 321 DIURNUS
3179 324 3185 329 ,
3524 257 3593 316 ss

342 394 471 451 tatis
493 408 777 449 censuram
798 395 1106 460 expectant.
1135 398 1160 426 ι
1185 380 1662 454 Propinquanlium
1703 387 1916 447 quoque
1945 376 1996 437 Α
2090 371 2414 443 Subscriptio
2437 373 2784 427 sacerdotum.
2813 371 2924 443 Ego
2949 368 3028 426 lll.
3059 369 3278 427 humilis
3298 373 3601 443 archipres-

346 486 689 541 inimicorum
717 479 986 545 ferocitas,
1021 491 1181 548 quam
1207 474 1312 529 nisi
1342 472 1455 527 sola
1495 470 1589 525 Dei
1621 479 1783 536 atque
1813 465 1918 535 ιθ

348 575 711 647 apostolorum
737 571 996 644 principis
1024 584 1122 638 per
1152 579 1308 622 suum
1332 563 1591 618 vicarium
1613 601 1627 626 ,
1674 560 1775 614 hoc
1800 566 1883 647 est
1901 597 1914 621 ,

346 646 604 722 Romana:
628 665 778 720 urbis
805 660 1132 732 pontiﬁcem,
1159 657 1331 710 virtus
1365 652 1651 722 aliquando
1677 663 1805 703 vero
1827 646 1919 702 ﬁe-

347 759 464 823 ctit,
498 766 552 812 et
577 755 869 825 morigerat
894 751 1132 812 hortatu,
1161 741 1421 814 singulari
1450 743 1759 797 interventu
1787 737 1919 792 indi-

348 856 457 920 get,
488 861 612 901 cum
656 842 814 910 huius
859 840 1025 895 solius
1058 837 1086 877 ι’
1118 833 1520 906 pontificalibus
1563 829 1785 885 monitis
1807 868 1821 893 ,
1853 828 1922 883 ob

348 919 707 994 reverentiam
738 930 1100 1002 apostolorum
1128 925 1419 997 principis,
1454 922 1757 994 parentiam
1790 919 1923 975 oti'e-

350 1036 474 1082 rant
497 1023 874 1087 voluntariam,
901 1028 957 1074 et
994 1034 1130 1087 quos
1160 1032 1267 1070 non
1308 1016 1481 1068 virtus
1520 1026 1792 1067 armorum
1824 1011 1927 1063 hu-

350 1117 546 1180 miliat,
574 1110 897 1185 pontiﬁcalis
930 1106 1228 1177 increpatio
1261 1119 1383 1160 cum
1423 1102 1802 1158 observatione
1838 1099 1921 1154 in-

352 1207 534 1262 clinat.
1899 1197 1913 1209 ’

419 1295 553 1349 Cum
573 1295 689 1348 lucc
719 1292 793 1345 ita
824 1290 957 1355 sint,
985 1289 1178 1343 iterum
1200 1294 1362 1355 atque
1386 1286 1582 1340 iterum
1609 1282 1923 1353 impensius,

348 1386 605 1457 praecelsa
637 1393 691 1439 et
728 1399 758 1437 a
803 1382 915 1437 Deo
951 1388 1163 1435 servate
1191 1378 1424 1442 domine,
1454 1376 1835 1447 supplicamus,
1869 1383 1927 1428 ut

351 1476 602 1541 celerius,
632 1476 739 1529 Deo
768 1477 1056 1541 operante,
1087 1468 1389 1536 vestrisque
1424 1465 1735 1537 praecordiis
1760 1464 1929 1534 inspi-

352 1575 527 1631 rante,
558 1563 903 1635 apostolicam
928 1559 1110 1615 sedem
1134 1558 1199 1613 de
1228 1556 1461 1627 perfecta
1487 1555 1728 1626 ejusdem
1755 1553 1927 1609 nostri

353 1655 531 1710 Patris
553 1661 714 1724 atque
734 1650 971 1723 pastoris
985 1647 1324 1703 ordinatione
1341 1647 1606 1701 adornare
1619 1656 1640 1683 ε
1656 1644 1932 1715 praecipia-

2020 464 2177 535 hyter
2215 470 2418 519 sanctae
2448 462 2703 517 Romanae
2731 461 2985 516 Ecclesiae
3023 461 3148 515 huic
3172 461 3390 517 decreto
3426 462 3479 517 in
3518 464 3607 517 lll.

2022 553 2421 608 sanctissimum
2468 553 2909 608 archicliaconum
2964 561 3021 607 et
3064 551 3295 608 electum
3352 561 3600 609 nostrum

2020 642 2361 697 consentiens
2382 640 2697 712 subscripsi.

2093 733 2415 805 Subscriptio
2443 732 2722 787 laicorum.
2755 732 2868 803 Ego
2894 732 2974 787 ll].
3008 733 3060 786 in
3094 732 3191 788 Dei
3228 730 3446 787 nomine
3474 746 3611 786 con-

2022 826 2106 881 sul
2144 825 2272 880 huic
2306 825 2576 880 decretoa
2605 824 2761 879 nobis
2799 822 2944 879 facto
2983 824 3037 879 in
3082 823 3164 877 lll.
3198 823 3607 878 sanctissimum

2022 916 2460 971 archidiaconum
2486 924 2542 971 et
2572 914 2800 971 electum
2831 924 3076 971 nostrum
3106 914 3454 970 consentiens
3484 914 3618 970 sul-

2023 1008 2239 1079 scripsi.

2607 1094 2907 1152 TITULUS
2945 1096 2991 1153 V
3008 1132 3023 1150 .

2023 1186 2103 1241 De
2130 1186 2375 1241 electione
2400 1185 2663 1257 pontiﬁcis
2696 1198 2720 1226 ο
2743 1187 2813 1241 ad
2842 1187 3288 1259 archiepiscopum
3316 1184 3613 1239 Ravennae.

2096 1276 2499 1348 Superscriptio.
2534 1277 2763 1333 Domino
2792 1277 3133 1333 sanctissimo
3157 1277 3313 1332 nobis
3339 1268 3607 1346 spirituali

2025 1369 2173 1424 Patri
2207 1369 2285 1424 lll.
2328 1370 2754 1440 archiepiscopo,
2800 1365 2880 1425 lll.
2921 1371 3377 1442 archipresbyter,
3406 1369 3486 1425 lll.
3517 1385 3611 1425 ar-

2027 1461 2398 1527 chidiaconus,
2425 1470 2481 1517 et
2508 1462 2585 1516 ill.
2621 1461 2964 1533 primicerius
2993 1462 3354 1529 notariorum,
3382 1475 3609 1519 servans

2029 1558 2111 1605 tes
2135 1550 2313 1606 locum
2341 1559 2542 1607 sanctze
2567 1552 2712 1607 sedis
2732 1552 3056 1621 apostolicae.

2096 1640 2242 1697 Inter
2269 1650 2487 1708 caetera,
2515 1657 2634 1712 qua
2665 1658 2888 1699 summae
2915 1640 3211 1699 divinitatis
3244 1641 3470 1697 consilio
3498 1643 3611 1699 dis-

354 1748 427 1801 tis
444 1787 459 1810 ,
501 1755 563 1800 ut
597 1752 722 1813 pote
746 1757 845 1812 per
882 1740 1111 1811 gratiam
1140 1737 1341 1794 Christi
1370 1736 1731 1791 ministerium
1765 1737 1928 1805 impe-
1954 1735 2002 1794 B
2026 1740 2318 1801 ponuntur,
2344 1731 2671 1803 pontiﬁcalis
2691 1732 3049 1803 promotionis
3089 1731 3424 1798 sublimitas,
3452 1733 3603 1803 ipso,

357 1836 507 1892 rialis
555 1832 752 1903 fastigii
802 1830 1034 1886 feliciter
1085 1837 1249 1898 atque
1292 1826 1525 1882 ﬁdeliter
1569 1832 1925 1896 peragentes:

355 1934 621 1998 quatenus
658 1931 712 1977 et
752 1936 850 1976 nos
874 1919 1056 1991 exigui
1102 1916 1289 1972 famuli
1318 1916 1647 1971 desuderium
1684 1921 1929 1969 nostrum

353 2014 622 2070 maturius
647 2011 851 2082 expleri
873 2016 1186 2071 cernentes,
1225 2006 1574 2061 incessabiles
1612 2005 1721 2060 Deo
1742 2013 1796 2058 et
1827 2004 1932 2058 im-

353 2105 539 2175 periali
568 2101 868 2159 clementiae
892 2111 1054 2168 atque
1073 2098 1285 2154 eximia:
1314 2112 1377 2151 ac
1397 2098 1506 2152 Deo
1526 2096 1737 2167 placitae
1760 2095 1932 2151 domi-

354 2194 557 2249 nationi
603 2199 796 2246 vestra:
853 2189 1150 2260 gratiarum
1185 2187 1428 2242 actiones
1465 2186 1741 2241 valeamus
1786 2184 1935 2239 exol-

353 2290 504 2347 ve're,
551 2291 607 2336 et
651 2296 773 2335 cum
820 2286 1066 2350 promoto
1110 2275 1419 2344 apostolicae
1464 2275 1610 2330 sedis
1640 2273 1931 2344 pontiﬁce,

354 2370 584 2443 spiritali
625 2376 814 2424 nostro
852 2366 1059 2437 pastori
1085 2364 1243 2434 iuges
1281 2378 1474 2432 preces
1513 2361 1789 2419 eﬂ'undere
1834 2377 1934 2434 pro

355 2464 466 2518 vita
503 2472 666 2531 atque
695 2458 1064 2515 incolumitate
1101 2454 1463 2527 perfectisque
1501 2453 1747 2509 victoriis
1787 2461 1935 2508 tran-

355 2554 797 2626 quillissimorum
814 2558 975 2620 atque
985 2546 1569 2604 Christianissimorum
1590 2545 1943 2616 dominorum

355 2652 666 2700 nostrorum
687 2641 770 2696 lll.
800 2648 854 2696 et
878 2640 957 2694 lll.
986 2651 1304 2709 magnorum
1325 2678 1339 2702 ,
1370 2636 1638 2691 victorum
1657 2677 1673 2703 ,
1703 2636 1935 2706 impera-

357 2744 570 2799 torum,
615 2740 676 2786 ιιι
724 2730 994 2801 regalibus
1046 2742 1236 2783 eorum
1288 2724 1580 2781 virtutibus
1625 2726 1936 2781 misericors

357 2825 500 2880 Deus
522 2822 844 2891 multiplices
863 2819 1124 2875 concedat
1143 2817 1418 2882 victorias,
1441 2825 1497 2872 et
1515 2817 1582 2872 de
1601 2814 1936 2885 subiectione

356 2915 595 2970 omnium
643 2912 880 2984 gentium
923 2908 1290 2965 Christianam
1338 2907 1727 2976 rempublicam
1770 2906 1935 2963 faciat

358 3004 711 3073 triumphare,
740 3003 913 3071 deque
934 3001 1184 3056 restituta
1218 2998 1430 3069 plenius
1456 2998 1688 3053 Romani
1723 3000 1933 3069 imperii

356 3095 532 3163 prisca
557 3092 835 3148 devotione
857 3089 1096 3145 laetitiam
1125 3089 1304 3143 cordis
1338 3088 1631 3157 impertiat.

428 3184 643 3239 Scimus
671 3183 833 3245 enim,
866 3181 1011 3251 quod
1043 3178 1221 3234 oratio
1247 3177 1385 3247 ejus,
1412 3193 1573 3248 quem
1612 3177 1681 3232 ad
1719 3177 1936 3248 pontiﬁ-

357 3276 490 3332 calis
514 3274 788 3346 dignitatis
825 3271 1165 3330 culmenDei
1206 3277 1341 3323 nutu
1383 3269 1660 3340 eligimus,
1702 3270 1935 3325 divinam

358 3363 803 3435 omnipotentiam
828 3362 938 3431 Ἀθ
965 3361 1079 3416 suis
1116 3359 1370 3430 precibus
1394 3356 1576 3415 ﬂectet
1600 3368 1763 3430 atque
1795 3375 1937 3415 com-

355 3454 623 3526 placabit,
659 3460 716 3506 et
758 3459 957 3521 optatae
1002 3448 1278 3504 felicitatis
1318 3447 1654 3504 incrementa
1692 3449 1936 3505 Romano

357 3545 584 3616 imperio
600 3541 945 3614 praeparabit,
969 3549 1312 3610 vestramque
1332 3554 1363 3594 a
1390 3539 1504 3594 Deo
1528 3538 1935 3594 custodiendam

357 3642 703 3709 potestatem,
722 3632 790 3686 ad
810 3629 1268 3702 dispensationem
1290 3628 1489 3697 huius‘t1
1505 3628 1720 3683 servilis
1739 3627 1937 3682 Italica:

358 3726 669 3797 provinciae,
705 3730 1056 3790 nostrumque
1103 3719 1343 3775 omnium
1388 3717 1712 3772 famulorum
1752 3717 1939 3786 praesi-

358 3816 510 3872 dium
552 3822 609 3869 et
651 3814 973 3868 subventum
1016 3807 1274 3880 longaevis
1314 3821 1592 3864 armorum
1625 3807 1762 3863 actis
1802 3818 1933 3862 con-

359 3906 620 3964 servabit.

428 4087 455 4117 ι
486 4072 960 4144 Propinquastim
1003 4086 1239 4144 quoque,
1274 4079 1381 4126 etc.
1423 4069 1809 4144 liongobardos
1852 4070 1938 4125 in-

357 4144 551 4215 telligit
571 4138 1061 4215 urbi'insidiantes,
1076 4138 1325 4215 aquibus
1350 4149 1410 4215 ut
1433 4138 1661 4195 Romam
1684 4148 1935 4215 tueretur

355 4209 671 4286 Gregorius.
722 4211 879 4286 initio
912 4210 1260 4286 pontiﬁcatus
1288 4209 1371 4286 sui
1401 4224 1586 4286 muros
1615 4210 1939 4286 refici_endo_s

355 4278 585 4350 curavit,
620 4282 867 4348 decoctis,
896 4278 957 4335 ut
985 4280 1063 4335 ait
1089 4279 1429 4350 Anastasius,
1456 4278 1723 4334 calcei-iis.
1755 4278 1934 4336 Besti-

357 4363 504 4410 tutus
547 4348 633 4409 est
675 4366 908 4423 porrora
946 4350 1102 4423 nobis
1138 4348 1290 4423 locus
1322 4356 1434 4423 tam
1480 4350 1846 4423 perturbatus,
1874 4358 1937 4405 ut

2034 1837 2065 1876 a
2094 1838 2203 1892 quo
2227 1823 2471 1892 procedit
2495 1838 2656 1878 omne
2675 1823 2873 1879 bonum
2893 1862 2908 1890 ,
2942 1823 3364 1893 prtedcstinante
3398 1838 3465 1879 ac
3503 1824 3609 1878 lar-

2032 1914 2211 1985 giente
2238 1914 2567 1969 conceditur.
2597 1913 2751 1981 Quod
2787 1913 2912 1982 quia
2958 1912 3034 1967 ita
3074 1912 3298 1967 dubium
3337 1928 3445 1967 non
3487 1921 3602 1977 est,

2033 2011 2236 2057 sanctze
2261 2011 2316 2058 et
2339 2010 2578 2072 paternae
2599 2001 2917 2058 beatitudini
2952 2010 3150 2057 vestrae
3181 2001 3422 2057 indicem
3451 2017 3608 2057 cura-

2032 2095 2231 2159 vimus,
2253 2097 2393 2164 quod
2420 2093 2747 2165 pontiﬁcalis
2771 2093 3045 2149 memoriae
3068 2093 3266 2149 domno
3291 2092 3372 2148 ιιι.
3395 2094 3461 2149 de
3478 2108 3610 2163 prae

2034 2185 2276 2238 sentibus
2315 2184 2462 2239 curis
2509 2184 2577 2238 ad
2625 2178 2885 2240 aeternam
2929 2183 3172 2252 requiem
3215 2192 3459 2249 evocato,
3502 2185 3604 2254 21

2036 2282 2293 2329 consueta
2328 2273 2422 2329 Dei
2467 2274 2774 2345 benignitas
2828 2273 3172 2329 tristitiarum
3215 2273 3410 2329 molem
3436 2314 3451 2339 ,
3489 2289 3610 2344 quae

2035 2381 2134 2421 nos
2155 2366 2221 2420 de
2242 2365 2499 2435 praeteriti
2544 2366 2932 2435 dispensatoris
2957 2365 3216 2421 frustratu
3242 2366 3309 2420 ad
3332 2366 3607 2437 paululum

2035 2456 2433 2520 obstrinxerat,
2488 2455 2743 2511 abstersit
2788 2465 2951 2525 atque
2989 2455 3240 2510 inlinivit.
3281 2457 3494 2511 Etenim
3542 2469 3610 2509 ne

2039 2543 2131 2597 diu
2164 2543 2301 2598 ictus
2326 2542 2630 2599 aﬂlictionis
2654 2560 2754 2600 nos
2780 2546 3069 2609 sauciaret,
3096 2545 3378 2615 providum
3408 2560 3473 2599 ac
3502 2543 3612 2597 Deo

2035 2634 2291 2704 placitum
2313 2635 2621 2706 apostolica:
2641 2637 2774 2694 vicis
2802 2652 3167 2694 successorem
3195 2638 3500 2693 condonare
3529 2639 3612 2693 di-

2037 2733 2200 2797 gnata
2228 2735 2332 2780 est.

2107 2817 2166 2872 In
2195 2834 2358 2872 unum
2386 2818 2583 2889 quippe
2603 2818 2625 2858 ί
2642 2826 2765 2891 post
2784 2820 3040 2885 triduum,
3074 2828 3135 2874 ut
3163 2821 3329 2876 moris
3357 2829 3461 2887 est,
3485 2835 3611 2877 cori-

2037 2907 2375 2963 venientibus
2404 2907 2575 2973 nobis,
2627 2909 2683 2965 id
2726 2918 2832 2976 est,
2877 2910 3265 2984 sacerdotibus,
3306 2919 3359 2967 et
3405 2911 3613 2982 reliquo

2036 2997 2181 3051 omni
2226 2997 2399 3063 clero,
2442 2998 2880 3054 eminentissimis
2927 2999 3235 3055 consulibus
3277 3007 3333 3054 et
3362 3000 3613 3072 gloriose

1959 3088 2003 3149 C
2028 3084 2300 3154 iudicibus
2328 3103 2393 3141 ac
2419 3088 2767 3143 universitate
2790 3089 2989 3143 civium
3019 3098 3073 3144 et
3101 3089 3342 3144 florentis
3375 3089 3604 3145 Romani

2037 3179 2328 3245 exercitus,
2367 3175 2422 3233 i’n
2458 3193 2748 3249 personam
2791 3180 3051 3235 amatoris
3075 3181 3242 3236 vestri
3282 3195 3346 3236 ac
3382 3183 3612 3236 oratoris

2036 3268 2239 3324 domini
2269 3269 2443 3324 nostri
2478 3268 2557 3324 lll.
2592 3270 2917 3325 sanctissimi
2954 3269 3111 3339 huius
3136 3271 3441 3341 apostolica:
3470 3272 3617 3327 sedis

2036 3357 2427 3423 archidiaconi,
2466 3357 2748 3415 electionis
2788 3368 2914 3415 vota
2957 3360 3305 3417 contulimus.
3353 3361 3412 3416 In
3458 3361 3615 3432 cuius

2038 3450 2150 3506 Deo
2177 3451 2373 3508 dedita:
2393 3452 2697 3521 electionis,
2720 3453 2933 3521 nullus,
2966 3456 3139 3525 gratia
3165 3457 3340 3510 sancti
3381 3455 3615 3527 Spiritus

2038 3544 2377 3611 illustrante,
2427 3544 2636 3613 defuit,
2689 3546 2784 3601 sed
2831 3547 3072 3601 omnium
3101 3555 3225 3603 vota
3267 3548 3615 3605 concorditer

2037 3644 2408 3691 convenerunt
2432 3653 2446 3691 :
2483 3637 2644 3707 inque
2668 3638 2783 3708 eius
2805 3639 3107 3694 sanctitatis
3130 3653 3362 3709 persona
3391 3639 3611 3694 decreta

2038 3726 2349 3781 solemniter
2394 3726 2690 3791 facientes,
2736 3743 2835 3798 per
2872 3729 3063 3782 harum
3088 3729 3400 3798 portitores,
3436 3729 3463 3768 ⁸
3490 3730 3615 3783 san-

2035 3816 2339 3869 ctissimum
2367 3816 2676 3886 episcopum
2721 3816 2801 3871 lll.
2832 3818 3193 3874 venerabilem
3236 3818 3611 3889 presbyterum

2036 3905 2115 3960 Ill.
2147 3907 2415 3976 notarium
2454 3904 2538 3961 Ill.
2577 3907 2971 3979 regionarium,
3019 3907 3097 3964 lll.
3130 3909 3354 3980 adaeque
3397 3907 3611 3963 subdia-

2036 4077 2445 4148 consensionem
2464 4077 2691 4148 pecunia
2720 4077 3042 4148 vendidisse,
3067 4077 3297 4148 ideoque
3317 4076 3613 4134 humilibus

2034 4146 2287 4216 precibus
2312 4146 2484 4216 quasi
2501 4148 2577 4202 rei
2606 4147 2853 4203 dominos
2876 4156 3130 4203 exaratos
3157 4146 3343 4203 fuisse.

2102 4215 2132 4256 ἀ
2169 4215 2405 4272 Servitia.
2434 4216 2488 4291 id
2518 4225 2621 4282 est,
2660 4224 2718 4271 et
2751 4217 2859 4291 tibi
2907 4218 3286 4291 obsequentis,
3333 4224 3389 4291 e_t
3416 4230 3611 4291 magna

2035 4295 2286 4369 exparte
2331 4287 2642 4369 servitutem
2682 4285 2787 4369 sub
2801 4365 2809 4369 _
2822 4285 3318 4369 Longobz‘irdorum.
3336 4285 3614 4369 dominatu

2035 4355 2310 4437 pati’r‘entis.
2339 4356 2541 4437 Eadem
2558 4371 2695 4437 v‘oce
2713 4357 2884 4437 utitur
2910 4355 3123 4437 Agatho
3142 4355 3359 4437 papariu
3385 4356 3612 4437 epistola

354 4438 516 4500 sensu
546 4417 776 4500 careret_.
806 4420 900 4500 βίᾳ
939 4422 1083 4476 enim
1112 4434 1171 4500 se
1198 4419 1429 4500 habebat
1451 4417 1522 4473 ξι
1558 4417 1935 4500 Propipquan-
1957 4428 2012 4488 D
2036 4417 2103 4500 ad
2134 4423 2548 4500 Constantinum
2575 4425 2927 4500 Pogonatum,
2959 4417 3049 4480 ubi
3074 4417 3351 4500 de'legatis
3378 4417 3471 4487 ait,
3502 4443 3520 4475 α
3550 4437 3610 4500 se

356 4496 490 4570 tium
512 4508 727 4570 quoque
748 4492 1100 4570 inimicorum.
1115 4489 1473 4570 ferocitatem,
1500 4504 1661 4570 quam
1685 4489 1789 4543 nisi
1814 4489 1930 4545 sola

354 4564 447 4641 Dei
474 4559 676 4641 virtus,
708 4570 869 4641 atque
896 4559 1587 4641 apostolorumnpriucipis,
1631 4574 1728 4641 per
1772 4574 1930 4641 suum

353 4635 635 4714 vicarium,
655 4626 766 4690 hoc
781 4626 891 4714 est,
1108 4626 1530 4714 pontiﬁcemniit
1554 4626 1806 4714 omnibus
1833 4629 1933 4683 ali-

353 4705 568 4775 quando
592 4719 721 4760 vero
747 4711 806 4759 et
830 4701 999 4759 ﬂectit
1024 4716 1090 4756 sc
1112 4699 1409 4771 inorigerat
1452 4699 1671 4754 hortatu
1688 4737 1705 4763 ,
1747 4699 1931 4769 singu-

354 4774 453 4829 lari
485 4776 790 4830 interventu
1143 4770 1299 4840 cuius
1320 4769 1511 4841 solius,
1538 4776 1676 4823 εις.»
1732 4838 1761 4841 η

424 4844 450 4881 b
485 4841 884 4910 Pontiﬁcalibus
916 4838 1171 4910 insanitis,
1211 4838 1317 4894 etc.
1336 4839 1625 4910 _Quantum
1652 4838 1766 4910 sedi
1793 4852 1824 4910 a_

351 4913 561 4994 ειοιίρφ
580 4905 781 4994 cuius
803 4905 1526 4994 censentcessent:
1542 4907 1789 4994 avertis
1808 4905 1928 4994 Ba:

349 5122 544 5177 dorum
569 5118 851 5187 exemplis.

423 5202 463 5273 ο.
480 5187 837 5273 Prataque,
856 5195 975 5273 eis:
992 5184 1265 5273 Υἱιίιξξιψι
1280 5186 1735 5273 sese»
1760 5186 1924 5273 ista,

349 5261 574 5328 perinde
600 5257 665 5313 ac
693 5259 737 5312 si
760 5272 850 5312 res
876 5264 986 5312 tota
1013 5271 1079 5311 ex
1104 5257 1273 5336 ipsius
1296 5257 1455 5309 unius
1482 5263 1614 5309 nutu
1645 5257 1926 5326 penderet,

351 5340 569 5413 ιοιείιυςε
594 5328 851 5413 inlusam
878 5325 1715 5413 ineaskam‘iatreue
1740 5334 1922 5413 ,=

348 5416 448 5456 nec
471 5396 616 5456 enim
644 5396 711 5454 ﬁt
728 5396 859 5462 ulla,
894 5396 996 5450 nisi
1024 5396 1277 5459 obscura,
1312 5396 1517 5449 mentio
1540 5396 1643 5450 hoc
1669 5396 1724 5450 in
1747 5396 1927 5452 lihelle

349 5485 589 5552 viscum.
606 5468 700 5552 re!
719 5469 787 5523 σε
808 5462 1661 5552 ίωρετξιφτέξμῖιξιξξςξιξὲφιειιεὶ
1679 5464 1749 5552 de
1767 5481 1929 5552 exer-

347 5538 433 5594 chi
553 5538 627 5594 ud
674 5540 1055 5608 imperatorem
1101 5538 1490 5589 intercessione
1537 5550 1601 5591 ac
1648 5538 1923 5591 instantia.

348 5556 680 5684 tiredﬂerim
707 5607 863 5684 facile
886 5603 1219 5684 temporibus
1245 5602 1490 5684 Gregorii
1519 5605 1741 5684 secundi
1762 5620 1924 5684 exar-

348 5678 481 5735 clios
522 5678 805 5750 tyrannide
845 5674 1079 5746 quadam
1122 5688 1277 5730 suam
1322 5674 1665 5744 imperatoris
1709 5676 1926 5731 nomine

2036 4496 3617 4646 inuemarmaatamaaam

2037 4640 2492 4716 terant-mveniri:
2525 4654 2546 4687 ι
2877 4703 2919 4716 ﬂ
2973 4704 2989 4716 _
3104 4710 3116 4716 Δ
3396 4701 3415 4716 1
3504 4702 3517 4716 .

2111 4717 2134 4743 ο
2159 4702 2726 4775 Adarchiepiscopust,
2748 4712 2851 4760 etc.
2877 4703 3079 4775 Eodem
3101 4710 3362 4775 tempore,
3379 4701 3448 4759 de
3469 4702 3612 4775 eius-

2204 4771 2487 4855 electione.
2510 4771 2796 4855 utramque
2841 4773 3158 4855 epistotun,
3200 4771 3272 4829 ad
3316 4771 3612 4855 enarcliutn

2034 4840 2245 4897 scilicet
2257 4851 2315 4913 et
2851 4840 2961 4898 imo
2980 4852 3041 4899 et
3062 4850 3455 4913 consequentes
3478 4842 3614 4913 deus

2032 4924 2154 4993 esse
2182 4910 2430 4993 scriptas,
2458 4910 2618 4969 neino
2655 4910 2866 4968 inﬁcias
2902 4912 3059 4978 ierit,
3082 4913 3176 4983 qui
3201 4910 3390 4969 oinnes
3416 4910 3503 4968 vel
3530 4911 3612 4968 le-
3647 4958 3664 4986 ,

2032 4981 2175 5037 viter
2200 4980 2414 5051 legerit.
3102 4980 3120 4983 “

2109 5051 2131 5090 τ
2164 5047 2293 5133 Best
2321 5051 2584 5133 triduum,
2611 5057 2669 5103 ut
3014 5059 3119 5106 etc.
3144 5049 3260 5133 Mos
3280 5050 3612 5133 illeAin-i‘tium

2031 5120 2383 5202 accepit,_aut
2408 5127 2556 5176 certe
2598 5118 3090 5202 conﬁrmationem,
3138 5136 3170 5175 ι
3205 5121 3423 5176 decreto
3450 5119 3614 5201 Βςιιιξ-

2026 5187 2157 5244 facit
2183 5181 2269 5244 Ill.
2299 5197 2426 5246 ante
2463 5204 2635 5246 annos
2660 5189 2782 5245 128.
2810 5191 2975 5245 edito.
3014 5189 3149 5245 Cum
3193 5199 3375 5246 autem
3417 5190 3614 5244 obterit

2139 5207 2157 5244 ι
2183 5207 2269 5244 ιιι.
2299 5207 2426 5244 ante
2463 5207 2635 5244 annos
2660 5207 2782 5244 ιῖδ.
2810 5207 2975 5244 cato.

2027 5205 2157 5244 lacn
2183 5205 2269 5244 ul.
2299 5205 2426 5246 ante
2463 5205 2635 5251 annos
2660 5205 2782 5245 uti.
2810 5205 2975 5245 conto.
3014 5205 3149 5245 unm
3193 5205 3375 5246 autem
3417 5205 3611 5244 0Dleﬂl

2027 5258 2416 5331 Constantinus
2443 5274 2582 5331 papa
2611 5259 2697 5313 die
2717 5259 2751 5314 9
2769 5259 2989 5330 Aprilis,
3021 5273 3251 5331 necesse
3269 5268 3374 5325 est,
3398 5267 3457 5331 ut
3474 5256 3611 5331 Gre-

2029 5329 2165 5397 gorii
2196 5328 2336 5384 facta
2360 5327 2671 5399 sitquidem
2698 5327 3080 5398 post—triduum
3100 5329 3313 5396 electio,
3344 5329 3439 5384 sed
3463 5327 3609 5399 ordi-

2032 5399 2182 5470 natio
2225 5400 2281 5470 in
2304 5398 2447 5453 diem
2470 5397 2585 5470 '22.
2603 5397 2725 5470 Maii
2764 5407 3077 5470 protracta,
3122 5399 3294 5470 donec
3323 5397 3610 5470 consensio

2031 5469 2289 5538 principis
2316 5482 2382 5522 ac
2405 5467 2626 5522 exarchi
2664 5466 2988 5525 advenisset.
3032 5467 3169 5525 Nam
3194 5468 3489 5541 Gregorius
3529 5466 3617 5522 di-

2033 5537 2177 5591 citur
2207 5539 2294 5592 die
2312 5536 2404 5593 22.
2436 5537 2556 5592 Maii
2581 5538 2773 5594 sedere
2796 5540 3050 5594 creuisse.

2113 5555 2177 5591 ur
2207 5555 2294 5592 me
2312 5555 2404 5593 zz.
2437 5555 2556 5592 nan
2581 5555 2773 5594 seuere
2796 5555 3050 5594 omnisse.

2107 5554 2177 5591 ,ιιι-
2207 5554 2294 5592 me
2312 5554 2404 5593 zz.
2437 5554 2556 5592 nan
2581 5554 2773 5594 seuere
2796 5554 3050 5609 coepisse.

2107 5609 2133 5646 ⁸
2163 5606 2563 5678 Sanctissimae:
2595 5609 2888 5678 episcopum
2907 5648 2922 5672 ,
2948 5615 3055 5662 etc.
3085 5605 3430 5678 Oliscrvanda
3459 5606 3610 5678 lega-

2032 5676 2196 5731 tionis
2226 5676 2555 5747 amplitudo:
2597 5675 2704 5732 non
2740 5675 2914 5733 solum
2941 5678 3086 5732 enim
3126 5683 3348 5747 propter
3370 5675 3608 5746 dignita-
