3990 6184
395 277 464 331 57
1357 261 1796 321 ROMANORUM
1839 249 2283 311 PONTlFlClTM.
2317 282 2386 292 —-
2423 251 2574 311 CAP.
2614 251 2672 304 ll.
3589 250 3656 303 ἥδ

397 405 600 448 conum
627 384 1012 459 regionarium,
1042 381 1122 436 lli.
1153 389 1207 436 et
1231 379 1311 435 ιιι.
1346 380 1495 433 viros
1533 377 1792 430 honestos
1813 370 1980 429 cives,
2014 367 2056 426 Α
2089 363 2340 459 titoribus
2365 363 2442 416 lii.
2474 369 2528 417 et
2552 362 2631 416 lli.
2668 376 2803 459 quos
2835 363 2860 459 lt
2895 378 3017 417 eum
3054 361 3411 459 decretalibus
3451 361 3658 459 paginis

399 497 460 540 et
479 484 544 538 de
564 477 841 536 exercitaii
865 476 1056 546 gradu,
1073 474 1150 528 lii.
1170 469 1656 528 eminentissimum
1679 463 1981 526 consulem,

399 573 483 628 lli.
513 581 567 627 et
596 569 676 624 lli.
707 567 1026 638 magniﬁcos
1057 564 1331 626 tribunos,
1360 559 1424 614 ad
1456 557 1696 630 praeeeisi
1731 565 1786 610 et
1811 571 1841 608 a
1873 553 1984 608 Deo

401 662 600 718 servati
641 659 736 714 ﬁlii
779 656 945 712 vestri
971 654 1192 712 exarchi
1227 651 1457 720 vestigia
1493 646 1980 704 demandavimus:

404 753 700 823 impensius
741 752 1110 811 obsecrantes,
1154 754 1213 800 ut
1240 743 1488 807 celerius,
1540 742 1650 824 Deo
1680 737 1839 807 hujus
1867 737 1984 790 ani-

405 860 552 899 mum
579 842 898 912 inspirante,
927 840 1069 893 hanc
1100 835 1466 906 apostolorum
1489 829 1750 902 principis
1777 828 1983 892 sedem,

404 933 707 1005 praesertim
736 945 835 1001 pro
865 928 1094 985 diversis
1115 923 1539 986 imminentibus,
1575 928 1630 974 et
1659 918 1724 972 ad
1756 919 1987 972 subven-

407 1035 521 1079 tum
546 1021 837 1092 provincite
877 1017 1249 1089 exigentibus,
1294 1013 1452 1070 simul
1493 1022 1546 1066 et
1593 1014 1659 1067 ad
1707 1011 1988 1082 imperiale

407 1116 688 1171 servitium
737 1111 1189 1183 respicientibus,
1244 1109 1309 1162 de
1359 1106 1598 1177 perfecta
1649 1104 1988 1159 ordinatione

408 1209 566 1264 electi
593 1206 946 1277 apostolicam
982 1204 1162 1258 sedem
1195 1201 1453 1262 adornet,
1479 1206 1748 1268 quatenus
1775 1197 1903 1250 insit
1932 1198 1986 1250 in

410 1295 716 1366 apostolicze
744 1295 886 1349 sedis
916 1292 1134 1362 specula
1155 1333 1169 1356 ,
1199 1291 1290 1358 qui
1319 1298 1375 1344 et
1395 1288 1596 1344 Christi
1623 1297 1775 1358 regat
1803 1288 1989 1342 Eccle-

410 1389 579 1451 siam,
609 1400 934 1459 gregemque
960 1383 1358 1439 rationabilium
1391 1381 1681 1436 salubriter
1719 1381 1992 1450 dispenset

410 1479 519 1547 22
543 1477 748 1541 ovium,
773 1484 828 1530 et
854 1491 953 1544 pro
983 1473 1279 1528 stabilitate
1305 1487 1334 1526 a
1369 1471 1479 1525 Deo
1516 1470 1718 1525 decreti
1760 1469 1990 1526 Romani

412 1570 646 1638 imperii,
662 1569 1008 1641 longaevaque
1029 1568 1288 1636 sospitate
1309 1581 1372 1620 ac
1393 1574 1692 1633 temporum
1721 1564 1992 1634 prosperi-

411 1665 524 1711 tate
543 1657 784 1728 prazdicti
806 1657 990 1711 eximii
1017 1656 1216 1710 domini
1240 1653 1460 1709 exarchi
1485 1654 1807 1709 indesinenti
1826 1667 1987 1724 prece

412 1756 621 1802 exoret.

484 1837 712 1891 Elabora
735 1837 936 1906 itaque,
966 1852 1300 1906 quaesumus,
1331 1837 1674 1892 sanctissime
1699 1852 1764 1892 ac
1791 1837 1991 1892 beatis-

409 1925 550 1980 sime
577 1925 757 1991 Pater,
787 1935 846 1980 ut
866 1942 987 1981 cum
1014 1928 1206 1980 harum
1242 1927 1597 1994 portitoribus
1617 1967 1632 1991 ,
1659 1927 1994 1982 veneratori-

408 2016 518 2071 bus
542 2025 600 2070 et
630 2017 754 2070 ﬁliis
776 2017 992 2076 vestris,
1020 2017 1167 2085 apud
1200 2015 1483 2084 praefatum
1523 2017 1798 2070 dominum
1840 2032 1998 2071 exar-

413 2105 582 2157 chum
629 2105 906 2174 impigrius
945 2107 1305 2170 iutcrvenias,
1349 2106 1524 2159 vicem
1551 2107 1740 2173 gratiae
1767 2107 2000 2176 propriae

414 2196 586 2248 beato
619 2196 778 2248 Petro
803 2195 996 2248 fautori
1023 2203 1113 2248 tuo
1140 2195 1389 2259 reddens,
1416 2195 1648 2263 totisque
1675 2197 1878 2250 nisibus
1902 2197 2002 2250 im-

416 2285 660 2350 minens,
689 2294 747 2338 ut
790 2293 988 2355 optaitB
1017 2285 1392 2350 ordinationis,
1436 2285 1548 2340 Deo
1567 2284 1810 2353 jubente,
1839 2301 1997 2340 acce-

413 2373 624 2428 leretur
652 2375 943 2444 negotium,
968 2383 1238 2442 quatenus
1265 2375 1330 2428 de
1352 2374 1736 2444 pmuiaribus
1759 2384 1998 2443 paternas

416 2470 613 2516 vestra:
639 2462 991 2517 beatitudinis
1031 2462 1408 2528 adminiculis,
1456 2472 1512 2516 et
1560 2464 1674 2517 haec
1703 2463 1995 2531 apostolica

419 2552 632 2606 laetetur
655 2567 720 2606 ac
749 2553 981 2608 exsultet
1003 2553 1262 2618 Ecclesia,
1294 2561 1350 2607 et
1377 2569 1474 2607 nos
1497 2553 1792 2623 gratiarum
1821 2555 1992 2608 actio-

421 2658 516 2697 nes
545 2659 787 2713 agamus,
837 2655 892 2698 et
938 2644 1176 2699 Charitas
1215 2645 1544 2699 denominati
1573 2645 1775 2700 domini
1823 2647 1994 2700 nostri

423 2731 576 2787 electi
616 2731 892 2802 futurique
934 2733 1214 2802 apostolici
1239 2733 1510 2801 pontiﬁcis
1537 2733 1842 2803 opulentius
1865 2749 1994 2805 erga

426 2830 658 2875 vestram
691 2821 1038 2892 prtesularem
1065 2823 1405 2877 sanctitatem
1435 2823 1707 2878 dilatetur.

995 2953 1293 3009 TITULUS
1330 2955 1415 3008 Vl.

545 3062 620 3116 De
651 3063 899 3118 electione
921 3063 1181 3133 pontiﬁcis
1207 3076 1230 3103 ιι
1261 3064 1330 3117 ad
1348 3064 1562 3133 judice:
1592 3064 1872 3120 Ravenna'.

498 3174 896 3244 Supet‘scriptio.
941 3176 1164 3230 Domino
1193 3177 1624 3231 eminentissimo
1653 3185 1706 3231 et
1743 3181 1898 3234 nolis
1943 3180 1996 3234 in

430 3265 638 3321 Christo
661 3266 812 3321 fratri
841 3268 922 3322 ιιι.
957 3269 1184 3332 consuli,
1218 3268 1293 3321 lll.
1326 3269 1761 3339 archipresbyter
1781 3311 1795 3335 ,
1827 3282 1881 3324 et
1919 3272 1998 3325 lli.

433 3353 853 3420 archidiaconus,
875 3359 953 3412 ill.
981 3359 1320 3429 primicerius
1347 3359 2004 3417 notariorumxservantes

431 3451 602 3506 locum
629 3463 829 3507 sanctas
857 3453 1002 3508 sedis
1029 3454 1358 3522 apostolicre.

500 3539 556 3594 Si
583 3539 863 3596 benefacta
901 3542 1253 3596 saecularibus
1297 3542 1538 3610 impensa
1584 3543 1814 3613 negotiis
1847 3543 2007 3614 digna

435 3631 650 3686 minime
688 3633 1062 3688 vicissitudine
1091 3632 1510 3697 defraudantur,
1557 3633 1736 3688 nullus
1766 3633 2009 3703 profecto

434 3729 511 3774 est
532 3721 625 3790 qui
660 3721 887 3787 dubitet,
919 3723 1048 3790 quin
1074 3737 1160 3786 ea,
1187 3736 1304 3790 qua:
1328 3721 1414 3790 pio
1436 3721 1629 3775 intuitu
1652 3730 2004 3792 peraguntur,

435 3819 642 3867 atternae
664 3813 788 3867 vita:
812 3813 1245 3866 remuneratione
1275 3813 1544 3880 rependan
1555 3821 1659 3866 tur.

497 3900 628 3968 Quae
653 3917 778 3956 cum
809 3903 883 3955 ita
913 3903 1042 3966 sint,
1067 3901 1193 3955 licet
1233 3901 1446 3971 inclyta:
1474 3903 1779 3958 eminentia:
1811 3912 2006 3960 vestrae

434 3993 760 4062 propositum
807 3993 1143 4048 documentis
1186 3992 1429 4062 pluribus
1463 4007 1836 4063 agnoscamus,
1879 3995 2006 4050 totis

436 4081 638 4135 nisibus
667 4081 930 4150 spirituaii
961 4082 1120 4135 matri
1159 4082 1283 4136 huic
1312 4091 1672 4136 sacrosancta:
1697 4084 2006 4152 apostolicae

437 4169 526 4224 Dei
543 4171 795 4225 Ecclesiae
815 4173 1140 4227 utilitatibus
1161 4174 1228 4228 ad
1247 4174 1674 4228 concurrendum
1693 4174 2001 4244 suffragari:

437 4261 670 4320 fraterna
695 4273 877 4317 tamen
899 4263 1181 4318 dulcedine
1205 4263 1411 4320 hortari
1435 4274 1592 4334 atque
1615 4279 1864 4334 poscere,
1885 4281 2008 4322 con-

2018 1731 2067 1792 B

2087 464 2143 510 et
2169 470 2292 510 cum
2317 456 2556 524 impensa
2579 453 2986 522 supplicatione,
3015 468 3112 523 pro
3137 452 3298 506 celeri
3325 451 3666 521 promotione

2086 545 2320 600 oratoris
2345 544 2514 598 vestri
2547 558 2609 597 ac
2636 543 2893 597 amatoris
2918 542 3118 597 domini
3148 541 3318 595 nostri
3359 540 3435 594 ill.
3483 540 3653 593 archi-

2087 633 2300 687 diaconi
2325 640 2379 686 et
2403 632 2581 696 electi,
2606 632 2745 701 apud
2774 631 3089 701 praecisum
3116 639 3171 685 et
3197 647 3226 684 a
3253 631 3364 684 Deo
3386 639 3661 685 servatum

2085 722 2342 776 domuum
2363 723 2657 777 exarehum
2683 723 3087 786 destinavimus,
3110 739 3231 778 cum
3253 724 3333 777 eis
3352 723 3659 785 conveniat,

2084 819 2140 868 et
2166 813 2233 866 ad
2261 813 2592 882 precandum
2618 813 2729 867 Deo
2758 814 2956 882 optatis
2977 814 3116 882 apud
3141 813 3540 867 denominatum
3572 814 3671 865 do-

2086 901 2292 955 minum
2321 901 2619 953 exarchum
2659 902 2980 955 subveniat:
3017 910 3077 956 ut
3117 918 3237 956 cum
3278 903 3466 957 effectu
3492 943 3506 967 ,
3555 903 3662 957 Deo

2084 991 2344 1060 propitio,
2371 991 2453 1045 eis
2480 991 2571 1058 qui
2603 989 2753 1044 missi
2797 1001 2943 1056 sunt,
2972 994 3334 1048 remeantibus
3354 1035 3368 1058 ,
3397 1002 3453 1048 et
3478 994 3544 1046 de
3572 1006 3663 1047 ve-

2089 1092 2219 1136 stra:
2267 1097 2296 1134 a
2346 1081 2457 1135 Deo
2501 1090 2730 1136 servatae
2773 1083 3081 1137 eminentiae
3123 1084 3362 1139 bonitate
3405 1099 3662 1154 prospera

2090 1171 2313 1241 praafato
2335 1172 2552 1226 domino
2582 1180 2769 1226 nostro
2807 1172 2979 1226 electo
3006 1175 3413 1239 nuntiantibus,
3445 1192 3551 1230 non
3582 1191 3670 1228 so-

2090 1262 2199 1317 lum
2230 1262 2557 1317 aﬁ‘ectiorem
2596 1262 2712 1331 ejus
2740 1265 3080 1320 sanctitatem
3111 1282 3238 1336 erga
3269 1279 3503 1322 vestram
3531 1269 3667 1322 emi-

2090 1353 2331 1406 nentiam
2353 1352 2624 1419 eillciant;
2663 1370 2847 1408 verum
2877 1365 2931 1409 et
2958 1355 3084 1410 boni
3132 1357 3415 1411 ministerii
3464 1373 3673 1412 merces

2092 1450 2255 1512 atque
2296 1444 2612 1500 vicissitudo
2639 1446 2707 1500 ab
2735 1446 2852 1516 ipso
2893 1447 3258 1518 apostolorum
3290 1450 3553 1520 principe,
3582 1452 3669 1504 cui

2090 1532 2399 1600 specialiter
2427 1535 2772 1599 concurritis,
2815 1545 2870 1590 et
2900 1537 2954 1591 in
2981 1540 3230 1607 praesenti
3261 1540 3370 1593 vita
3409 1541 3670 1610 multipli-

2092 1631 2264 1688 cetur,
2292 1632 2349 1680 et
2381 1625 2438 1678 in
2464 1626 2646 1696 regnis
2669 1627 2972 1681 etelestibus
2996 1629 3344 1698 rependatur.

2663 1757 2961 1815 TITULUS
3005 1759 3108 1814 VII.

2143 1886 2223 1941 De
2245 1887 2492 1942 electione
2517 1890 2780 1958 pontiﬁcis
2805 1889 2876 1942 ad
2903 1892 3303 1960 apocrisiarium
3331 1892 3613 1951 Ravennc.

2170 1997 2569 2070 Superscriptio.
2598 1999 2957 2057 Dilectissimo
2987 2003 3142 2060 fratri
3171 2005 3252 2060 lli.
3281 2011 3597 2080 presbytero
3617 2021 3672 2066 et

2099 2091 2470 2158 apocrisiario,
2496 2092 2577 2144 lli.
2617 2094 3084 2164 archipresbyter,
3125 2098 3202 2150 ill.
3242 2102 3670 2169 archidiaconus,

2099 2188 2156 2234 et
2179 2179 2256 2233 lli.
2285 2180 2627 2249 primicerius
2652 2184 3007 2250 notariorum,
3047 2197 3325 2243 servantes
3353 2190 3524 2246 locum
3553 2209 3676 2248 san-

2098 2279 2199 2324 ctae
2234 2271 2376 2325 sedis
2405 2272 2734 2339 apostolicaz.

2169 2360 2378 2415 Dudum
2410 2361 2814 2418 dilectissimam
2862 2363 3261 2424 fraternitatem
3286 2379 3520 2424 vestram
3556 2373 3674 2427 obi-

2097 2457 2207 2503 tum
2237 2459 2438 2504 sancta:
2465 2452 2740 2505 memoria:
2769 2453 2949 2507 domni
2972 2454 3049 2508 ΙΙΙ.
3073 2457 3356 2525 agnovisse
3382 2461 3674 2529 pontiﬁcis,

2097 2540 2230 2596 satis
2275 2543 2515 2596 scimus:
2556 2544 2642 2597 cui
2678 2554 2800 2613 post
2831 2547 3138 2612 transitum,
3172 2559 3230 2602 ut
3259 2554 3428 2606 moris
3455 2561 3558 2616 est,
3589 2552 3676 2607 die

2096 2633 2252 2686 tertia
2275 2633 2720 2689 convenientibus
2739 2637 2914 2701 nobis,
2939 2637 2992 2691 id
3016 2647 3117 2702 est,
3144 2640 3310 2705 clero,
3339 2644 3679 2698 axiomaticis

2098 2720 2294 2786 etiam,
2347 2731 2402 2776 et
2429 2723 2697 2792 generalis
2723 2725 2927 2780 militite
2962 2743 3027 2782 ac
3067 2729 3264 2784 civium
3303 2733 3678 2796 universitate.

2098 2814 2152 2868 in
2181 2830 2470 2883 personam
2499 2817 2678 2872 domui
2703 2817 2780 2872 ΙΙΙ.
2813 2822 3141 2876 sanctissimi
3171 2823 3557 2891 archidiaconi,
3586 2827 3680 2880 Dei

2098 2908 2270 2976 gratia
2300 2906 2650 2977 suffragante,
2681 2908 2960 2965 electionis
2985 2922 3105 2965 vota
3134 2915 3423 2971 contulisse
3450 2933 3570 2982 nos,
3600 2919 3680 2972 in-

2101 2997 2367 3052 dicamus.
2405 2998 2570 3069 Cujus
2604 3011 2658 3054 et
2701 3001 2940 3058 solemne
2963 3005 3239 3060 decretum
3268 3008 3527 3064 facientes
3556 3011 3681 3064 sub-

2022 3079 2064 3141 C
2099 3089 2392 3156 Sr'riptione
2437 3091 2678 3146 omnium
2722 3094 3034 3150 rohoratum
3082 3100 3222 3166 apud
3259 3101 3515 3155 eximium
3547 3112 3602 3156 et
3651 3120 3681 3157 a

2101 3176 2210 3229 Deo
2238 3187 2513 3232 servatqu
2539 3180 2814 3234 dominum
2841 3185 3156 3249 exarchum,
3182 3202 3276 3256 per
3296 3188 3487 3243 harum
3514 3191 3684 3258 porti-

2101 3277 2248 3324 tores
2264 3270 2343 3324 lli.
2361 3271 2504 3325 etill.
2523 3273 2975 3338 direximus,cum
2997 3276 3193 3346 quibus
3219 3279 3564 3335 dilectissima
3583 3268 3718 3336 fra-'

2103 3359 2332 3411 ternitas
2345 3361 2453 3430 24
2465 3371 2642 3414 vestra
2665 3365 2969 3428 conveniat,
2989 3375 3039 3418 et
3055 3381 3153 3433 pro
3169 3368 3328 3422 celeri
3349 3373 3687 3438 promotione

2106 3448 2432 3515 pontiﬁcalis
2459 3450 2814 3505 ordinationis
2841 3454 3177 3522 deposcenda
3206 3459 3345 3526 apud
3375 3459 3687 3514 denomina-

2111 3544 2220 3590 tum
2263 3537 2538 3592 dominum
2567 3541 2863 3594 exarchum
2903 3544 3256 3610 interveniat,
3279 3556 3339 3600 ut
3375 3549 3588 3603 valeant
3627 3552 3687 3616 ii,

2108 3629 2200 3696 qui
2227 3629 2379 3683 missi
2424 3638 2581 3695 sunt,
2624 3628 2840 3686 Christo
2869 3635 3100 3699 comite,
3130 3649 3250 3690 cum
3276 3637 3466 3692 eﬂ‘ectu
3498 3641 3562 3694 ad
3590 3657 3689 3697 nos

2107 3718 2385 3785 repedare,
2415 3727 2470 3771 et
2492 3719 2558 3774 de
2582 3722 2855 3790 prosperis
2877 3723 3083 3777 nuntiis
3108 3726 3458 3793 apostolicam
3486 3729 3688 3787 Christi

2105 3811 2437 3877 Ecclesium,
2473 3814 2822 3884 omniumque
2866 3824 3112 3871 nostrum
3153 3819 3365 3876 animos
3403 3824 3689 3895 magnani-

2107 3900 2268 3956 miter
2295 3901 2555 3957 relevare.

2661 4010 2959 4070 TITULUS
2994 4012 3124 4071 Vill.

2475 4154 2498 4182 ο
2534 4141 2689 4197 Ritus
2718 4145 3002 4200 ordinandi
3029 4150 3315 4218 pontiﬁcis.

2177 4279 2204 4320 ἀ
2228 4278 2470 4335 Psallunt
2493 4277 2786 4334 secundum
2815 4285 3282 4339 consuetudinem.
3309 4286 3561 4346 Procedit
3579 4292 3701 4351 ele-

436 4370 625 4424 gruum
653 4357 927 4411 duximus.
959 4363 1016 4410 ut
1049 4356 1487 4411 convenientibus
1519 4355 1626 4426 23
1655 4357 1847 4410 harum
1881 4373 1999 4426 por-

2110 4385 2229 4427 cnts
2256 4371 2323 4426 de
2352 4377 2664 4435 secretario,
2683 4382 2706 4409 ο
2730 4385 2854 4426 cum
2883 4375 3202 4432 cereostatis
3221 4386 3446 4446 septem,
3469 4387 3688 4441 etvenit

439 4538 542 4583 tem
566 4529 728 4595 illius,
759 4531 826 4584 ad
866 4545 1028 4599 quem
1067 4531 1393 4597 mitteretur,
1425 4532 1518 4586 sed
1557 4532 1741 4597 etiam,
1773 4534 1857 4588 vel
1890 4550 2004 4588 ma-

437 4599 608 4670 ;ime,
657 4601 725 4654 ad
767 4602 1142 4654 auctoritatem
1180 4601 1445 4670 ﬁdemque
1471 4601 1718 4657 eiectioni
1751 4605 2004 4658 concordi

436 4664 749 4740 faciendam,
774 4671 1122 4740 dirigebatur,
1146 4664 1429 4739 cpiscopus
1449 4685 1658 4738 nempe,
1684 4672 2002 4740 provinciae;

437 4739 747 4808 presbyter,
800 4739 960 4803 cieri;
1013 4741 1221 4794 honesti
1263 4741 1383 4804 viri,
1417 4739 1914 4796 civitatisJConsul
1951 4753 2008 4798 et

441 4807 660 4879 tribuni,
693 4809 898 4864 militiae
929 4810 1196 4879 legatione
1223 4809 1600 4879 fungebantur.

510 4888 535 4916 ει
559 4877 638 4948 Ad
669 4879 896 4948 judices.
924 4877 1032 4933 Aut
1057 4877 1420 4934 emendandus
1448 4879 1655 4943 titulus,
1685 4887 1747 4934 ut
1783 4895 2012 4944 consen-

440 4946 542 5021 tiat
564 4946 918 5021 inscriptioni,
947 4949 1309 5021 singularique
1339 4965 1564 5004 numero
1593 4949 1897 5020 legendum,
1915 4953 2011 5021 ju-

438 5016 573 5090 dici._
609 5018 716 5071 Aut
747 5019 992 5090 pluribus
1029 5016 1072 5090 ἀγ
1091 5018 1207 5089 pari
1226 5016 1506 5090 scriptum
1531 5029 1612 5074 est
1640 5016 1668 5072 ε’
1693 5029 1817 5085 aut,
1865 5016 2010 5089 quod

439 5086 606 5157 magis
637 5103 787 5152 reor,
835 5088 932 5144 toti
962 5086 1202 5156 iudicum
1231 5086 1504 5144 consessui
1528 5090 1729 5144 directa
1757 5086 2003 5157 epistola,
2062 5099 2066 5103 '

439 5155 700 5222 appellato
720 5171 784 5211 eo
807 5155 1032 5221 tantum,
1070 5159 1161 5226 qui
1197 5160 1528 5227 prazsideret,
1552 5175 1743 5228 nempe
1763 5155 2001 5215 consule.

512 5225 538 5263 δ
565 5221 696 5279 Cum
726 5226 1071 5280 decretalibus
1107 5229 1338 5283 caninis.
1370 5239 1476 5283 etc.
1522 5228 1648 5283 inde
1678 5229 1867 5283 coiiice
1910 5230 2001 5283 de-

512 5243 538 5263 υ
565 5243 696 5279 ωιτη
726 5243 1071 5280 aecretanous
1107 5245 1338 5296 paginis,
1370 5243 1476 5283 etc.
1522 5243 1648 5283 tuae
1678 5243 1867 5299 comge
1910 5243 2006 5284 ae—

435 5301 642 5348 crctum
671 5295 952 5352 electionis
987 5298 1220 5351 exarabo
1250 5300 1495 5361 missum,
1521 5304 1680 5365 atque
1708 5299 1874 5352 etiam
1903 5299 2005 5352 im-

436 5365 694 5430 peratori,
722 5375 782 5420 ut
808 5366 1275 5423 subscriberetur:
1314 5371 1433 5437 quae
1468 5366 1570 5421 fuit
1603 5368 2004 5437 approbationis

434 5442 720 5558 nor‘iiitus
756 5505 1058 5559 ordinandi.
1101 5505 1233 5560 Tota
1281 5507 1396 5560 haec
1439 5505 1689 5570 formula,
1733 5507 1779 5561 si
1829 5516 2006 5562 tamen

435 5569 665 5643 formula
691 5583 794 5639 est,
822 5583 876 5629 et
905 5591 1010 5628 non
1026 5576 1204 5643 potius
1228 5575 1458 5639 rubrica,
1489 5569 1793 5630 contine'ur
1818 5577 2008 5631 iisdem

431 5642 617 5697 verbis
646 5643 700 5698 in
734 5642 1095 5700 vetustissimo
1142 5644 1340 5701 Ordine
1385 5645 1624 5699 Romano
1667 5644 2009 5702 Bibliotheca:

2109 4541 2470 4613 Corheiensis,
2500 4549 2638 4597 teste
2681 4541 2743 4596 D.
2777 4541 3000 4613 Hugone
3027 4543 3279 4602 Menardo
3316 4548 3682 4613 Benedictino.

2109 4611 2332 4736 tegitur
2370 4611 2567 4676 etiam,
2615 4613 2799 4680 paucis
2827 4611 3051 4678 additis,
3097 4615 3150 4668 in
3195 4614 3393 4674 Ordine
3443 4611 3688 4682 Romano

2180 4699 2196 4734 ι
2263 4719 2276 4733 .

2180 4692 2276 4734 ηο.

2183 4750 2210 4790 d
2246 4746 2808 4831 Padilnnt‘secnndmn
2835 4751 3279 4831 consuetudinem.
3309 4756 3449 4831 Quae
3471 4777 3686 4831 nempe,

2114 4835 2235 4893 cum
2261 4819 2452 4893 figitur
2479 4819 2546 4874 de
2569 4819 2911 4893 ordinatione
2937 4822 3205 4893 episcopi,
3237 4819 3466 4883 habe-tur
3495 4833 3547 4886 in
3582 4819 3686 4890 6.9:

2112 4889 2237 4960 dine
2260 4887 2537 4960 Romano:
2580 4887 2708 4943 Post
2732 4887 3169 4960 processioncm'a
3194 4887 3474 4954 secretario
3495 4905 3567 4956 ad
3593 4887 3685 4960 ἆ·-

2111 4958 2396 5040 dinationis
2439 4959 2616 5040 Locum
2643 4958 3208 5040 rSg/tolqlntroi‘trun,
3259 4977 3314 5019 ut
3368 4958 3683 5040 loquuntur,

2110 5028 2397 5082 decantat:
2437 5029 2609 5104 Elegit
2637 5031 2974 5104 te_Dominus
3010 5032 3109 5085 sibi
3133 5033 3188 5087 in
3228 5028 3536 5104 pontificem
3565 5028 3682 5097 ma:

2114 5113 2298 5221 suum,
2322 5105 2376 5151 et
2395 5101 2642 5179 aperiens
2664 5100 2976 5182 thesaurum
3008 5117 3162 5156 suum
3199 5100 3479 5187 optimum,
3517 5112 3683 5166 abun-

2151 5182 2245 5221 are
2273 5176 2324 5221 te
2353 5167 2513 5221 faciet
2532 5171 2781 5221 omnibus
2805 5169 2980 5221 bonis.
3014 5169 3162 5221 Psal.
3201 5174 3466 5221 Exandint
3503 5188 3554 5221 In
3582 5180 3683 5221 ηη.

2151 5182 2245 5221 are
2273 5176 2324 5222 te
2353 5167 2513 5222 faciet
2532 5169 2781 5224 omnibus
2805 5169 2980 5224 bonis.
3014 5169 3162 5226 Psal.
3201 5167 3476 5232 Exaudiat'
3503 5188 3554 5232 te
3582 5180 3684 5235 Do-

2113 5239 2294 5360 }nintts
2335 5237 2390 5291 in
2431 5237 2519 5292 die
2545 5239 2934 5306 tribulationis,
2981 5250 3229 5314 protegat
3267 5254 3321 5301 te
3357 5263 3552 5302 nomen
3591 5248 3684 5304 Dei

2145 5323 2243 5360 aco
2285 5348 2298 5360 .

2145 5323 2298 5362 ³001).

2187 5378 2926 5450 eCnm_cereostatis_septem.
2971 5381 3108 5437 Sunt
3135 5383 3226 5450 qui
3270 5383 3586 5450 mysterium
3629 5386 3687 5447 in

2113 5447 2420 5518 septenario
2449 5461 2672 5518 numero
2698 5447 2862 5503 latere
2887 5460 3100 5518 putent,
3141 5447 3262 5503 cum
3295 5447 3471 5504 tamen
3492 5466 3557 5506 ex
3583 5452 3684 5510 0r-

2113 5515 2238 5570 diue
2265 5515 2507 5570 Romano
2548 5517 2847 5596 discamus,
2871 5515 3073 5596 septem
3113 5518 3280 5572 fuisse
3305 5518 3684 5596 eeroferarios,

2113 5601 2210 5654 pro
2236 5601 2461 5642 numero
2494 5587 2771 5656 regionum
2805 5587 2983 5642 Urbis.
