3990 6184
523 268 622 323 45,

566 678 709 749 30‘|
725 675 865 732 Nihil
879 676 944 749 de
959 672 1265 749 traditione.

520 743 662 820 (υἷοιῖ
685 767 712 802 a
738 743 1126 820 probatissimis
1141 757 1270 810 pne

522 814 895 874 dccesso'ribus
922 814 1055 867 meis
1084 828 1268 867 serva-

522 902 631 943 tum
655 887 848 958 reperi.
867 885 1166 958 diminuere
1186 879 1266 936 vel

519 953 750 1020 mutare,
792 963 882 1010 aut
912 953 1145 1022 aliquam
1174 968 1256 1007 no

518 1029 739 1082 vitatem
797 1024 1111 1088 admittere;
1177 1023 1269 1077 sed

519 1097 805 1157 ferventer.
833 1105 891 1149 ut
928 1109 1054 1148 vere
1079 1107 1263 1147 eorum

522 1169 548 1208 ιι
577 1167 871 1238 discrpulus
887 1174 941 1218 et
953 1165 1262 1238 sequipetla,

517 1239 644 1293 totis
670 1234 875 1292 viribus
901 1235 1034 1288 meis
1060 1234 1268 1288 conati-

517 1309 722 1378 busque
737 1307 931 1362 tradita
944 1319 1268 1360 conservare

515 1395 579 1433 ac
608 1379 874 1434 venerari.

591 1517 647 1572 Si
672 1534 774 1588 qua
793 1531 921 1588 vero
941 1515 1266 1570 emerserint

517 1587 705 1643 contra
735 1587 1069 1656 disciplinam
1102 1600 1266 1640 cano-

516 1659 716 1723 nicam,
732 1658 1049 1720 emendare;
1065 1669 1272 1708 sacros-

514 1743 621 1798 que
653 1728 897 1783 Canones
917 1733 971 1780 et
1001 1723 1272 1780 Constitu-

518 1797 571 1852 ta
592 1797 910 1853 Pontificum
940 1805 1267 1858 nostrorum,

520 1882 541 1907 σε
589 1877 649 1923 nt
701 1868 881 1922 divina
923 1873 979 1920 et
1021 1865 1265 1921 coelestia

519 1938 792 2003 mandata,
808 1936 1100 2001 custodire,
1118 1944 1270 2005 utpo-

517 2019 570 2062 te
636 2007 730 2062 tibi
787 2007 1121 2063 redditurum
1178 2021 1265 2060 me

515 2078 770 2133 sciensde
816 2077 1095 2140 omnibus,
1145 2090 1264 2145 quze

513 2145 794 2220 profiteor,
820 2147 1141 2220 districtam
1206 2146 1259 2200 in

515 2217 697 2288 divino
735 2217 939 2288 judicio
967 2218 1257 2288 rationem,

517 2287 669 2355 cujus
682 2286 856 2343 locum
871 2286 1054 2341 divina
1076 2288 1265 2355 digna-

515 2358 892 2428 tioneperago,
921 2357 1160 2428 etvicem
1185 2357 1267 2428 iu-

516 2426 933 2484 terceésiombus
991 2426 1094 2497 31
1162 2427 1268 2480 tuis

515 2497 728 2566 adjutus
759 2497 974 2566 impleo.

586 2565 644 2622 Si
677 2565 874 2638 przcter
912 2569 1028 2622 lucc
1066 2565 1267 2638 aliquid

513 2635 693 2709 agere
713 2652 1126 2709 praesumpsero,
1165 2635 1263 2718 .vel

514 2717 574 2762 ut
595 2718 973 2778 przesumatur.
1008 2717 1264 2779 pe‘rrnise-

516 2777 611 2843 ro,
638 2779 747 2834 eris
766 2779 919 2842 mihi,
953 2777 1120 2833 in'illa
1159 2786 1265 2832 ter-

1885 266 2080 322 LIBER
2122 267 2423 324 DlUllNUS

1344 390 1444 444 sim
1475 389 1621 450 dare,
1673 385 2090 456 quomodolibet,
2123 389 2173 447 Α

1343 475 1408 512 (ις
1443 471 1782 526 quacumque
1807 471 1992 520 causa,
2037 465 2091 510 et

1344 538 1402 582 ut
1431 527 1764 582 indiminuue
1787 528 2093 582 custodian-

1346 609 1450 654 tur.
1475 612 1692 667 operam
1729 597 1793 650 da
1803 613 1879 652 re.

1364 667 1505 721 Nihil
1521 668 1584 720 de
1600 667 1912 731 traditione,
1928 683 2090 736 quam

1342 753 1370 790 a
1386 737 1777 806 probatissimis
1798 737 2093 808 praedeces-

1337 808 1556 862 soribus
1569 808 1704 862 meis
1715 809 1975 862 canonice
1989 816 2094 862 tra-

1338 878 1502 931 ditam
1519 886 1574 932 et
1595 887 1864 948 servatam
1890 880 2088 948 reperi,

1333 948 1639 1001 ediminuere
1651 947 1732 1000 vel
1749 947 1978 1012 mutare,
1995 959 2091 1002 aut

1337 1017 1573 1086 aliquam
1589 1017 1880 1072 novitatem
1897 1019 2091 1072 admit-

1337 1095 1492 1149 tere;
1536 1088 1628 1142 sed
1690 1086 1979 1153 ferventer,
2031 1097 2090 1142 ut

1337 1173 1522 1211 eorum
1540 1158 1833 1228 discipulus
1846 1169 1899 1212 et
1918 1161 2093 1228 sequi-

1339 1228 1489 1297 peda,
1511 1229 2095 1284 totismentismezeco-

1340 1299 1572 1361 natibus,
1615 1313 1734 1366 quce
1761 1300 1954 1353 tradita
1996 1315 2089 1353 ca-

1341 1369 1531 1420 nonice
1544 1369 1773 1450 reperio,
1799 1384 2015 1424 servare
2037 1380 2091 1424 et

1337 1453 1436 1490 ven
1443 1453 1579 1491 erart
1589 1478 1602 1490 .

1410 1506 1465 1561 Si
1492 1524 1596 1578 qua
1618 1525 1749 1564 vero
1770 1511 2090 1564 emerserint

1335 1585 1525 1632 contra
1562 1580 1876 1635 canonicam
1926 1581 2090 1635 disci-

1339 1647 1562 1716 plinam,
1605 1651 2088 1706 communicatione

1343 1718 1369 1757 d
1409 1717 1638 1803 filiorum
1681 1734 1920 1803 meorum
1946 1737 2088 1803 _sap-
2116 1744 2162 1803 Β

1341 1796 1444 1842 ctte
1510 1788 1766 1844 Romana:
1834 1791 2090 1845 Ecclesia)

1341 1857 1570 1930 Cardina
1581 1859 1706 1930 lium
1721 1877 1842 1914 cum
1857 1877 2089 1930 quorum

1341 1927 1583 1992 consilio,
1601 1927 1914 1993 directione,
1931 1941 1985 1984 et
2000 1945 2085 1984 re-

1338 1999 1731 2054 memoratione
1845 2001 2088 2055 ministe-

1337 2067 1474 2122 rium
1492 2083 1668 2122 meum
1689 2085 1871 2139 geram
1891 2079 1946 2125 et
1967 2087 2089 2140 per-

1333 2152 1513 2211 agam,
1540 2140 1848 2206 emendare,
1875 2152 1968 2194 aut
1996 2157 2090 2211 pa—

1335 2209 1551 2279 tienter,
1603 2219 1826 2279 excepta
1870 2209 2009 2265 fidei
2035 2219 2092 2266 et

1339 2277 1650 2351 cltristiatim
1663 2277 1958 2349 Religionis
1972 2298 2090 2351 gra-

1338 2347 1390 2400 vi
1430 2347 1744 2413 offensione,
1790 2347 1877 2404 tua
1899 2347 2091 2406 etbea-

1340 2417 1534 2490 tissimi
1587 2419 1661 2472 tui
1717 2432 1739 2458 ε
1794 2423 2088 2490 coapostoli

1338 2485 1489 2541 Pauli
1538 2501 1864 2557 procurante
1897 2485 2090 2545 'inter-

1339 2557 1602 2621 cessioue,
1620 2559 1866 2621 tolerare,
1883 2577 2090 2615 sacros-

1374 2643 1438 2681 ue
1458 2643 1692 2683 canones
1714 2639 1768 2684 et
1808 2647 2087 2686 sacrorum

1377 2697 1651 2752 ontificum
1667 2701 1903 2766 decreta,
1944 2705 2090 2756 ιιι.άὶ-

1334 2768 1457 2822 vina
1497 2777 1553 2822 et
1589 2770 1830 2825 cmlestia
1864 2773 2089 2825 manda-

2270 384 2395 440 llzec
2413 387 2633 441 conanti
2657 393 2712 439 et
2726 385 2952 455 diligen-

2199 465 2282 509 ter
2298 471 2517 510 servare
2530 456 2763 517 curanti,
2785 456 2838 509 in
2853 456 2954 509 hac

2197 528 2302 580 vita
2334 527 2667 596 corruptibili
2691 526 2953 581 constitu-

2196 607 2272 659 to,
2306 595 2629 663 adjutorium
2653 611 2869 667 quoque
2893 597 2949 648 ut

2193 668 2434 735 praebeas
2488 668 2735 729 obsecro,
2777 676 2838 721 ut
2875 667 2950 720 ir-

2193 737 2633 806 reprehensibilis
2662 752 2949 806 appaream

2193 817 2316 862 ante
2362 816 2708 876 conspectum
2751 809 2948 878 judicis

2193 878 2431 932 omnium
2451 877 2846 932 Domini'noStri
2860 877 2949 930 Je-

2197 964 2259 1000 su
2285 947 2514 1013 Christi,
2540 949 2666 1002 dum
2690 948 2947 1003 terribili-

2193 1026 2276 1071 ter
2301 1020 2368 1072 de
2383 1018 2689 1073 commissis
2717 1020 2950 1073 advene-

2193 1089 2545 1154 ritjudicare,
2575 1097 2635 1142 ut
2661 1087 2824 1144 faciat
2855 1104 2940 1142 me

2194 1160 2396 1213 dextra:
2425 1159 2597 1228 partis
2623 1170 2945 1228 compotem.

2193 1239 2246 1282 et
2277 1230 2419 1283 inter
2447 1228 2631 1283 ﬁdeles
2659 1229 2948 1300 discipulos

2193 1313 2257 1351 ac
2295 1314 2636 1354 successores
2678 1309 2798 1354 tuos
2825 1315 2946 1354 esse

2192 1379 2521 1424 consortem.

2247 1578 2352 1648 32
2375 1579 2546 1646 Quam
2559 1580 2945 1649 professionem

2195 1664 2394 1714 meam,
2427 1659 2484 1702 ut
2511 1665 2670 1719 supra
2703 1652 2948 1704 contine-

2193 1727 2303 1782 tur,
2333 1734 2430 1787 ρει-
2477 1720 2558 1773 Ill.
2593 1720 2868 1774 Notarium
2892 1730 2946 1774 et

2193 1787 2545 1844 Scriniarium
2561 1807 2645 1844 me
2660 1793 2946 1846 mandante

2190 1861 2570 1930 conscriptam,
2606 1862 2820 1930 propria
2837 1877 2947 1916 ma-

2191 1945 2260 1982 nu
2277 1929 2592 2000 subscripsi,
2607 1929 2660 1985 et
2676 1929 2767 1986 tibi
2780 1973 2793 1994 .
2820 1933 2946 1986 bea-

2192 2007 2247 2052 te
2275 1999 2432 2071 Petre
2458 1999 2710 2070 Apostolc
2730 2011 2784 2056 et
2804 2003 2946 2071 Apo-

2191 2069 2452 2125 stolorum
2496 2069 2736 2125 Omnium
2783 2069 2940 2126 Prin-

2191 2155 2336 2207 ceps,
2384 2157 2516 2210 pura
2547 2152 2726 2197 mente
2745 2152 2800 2197 Cl.
2822 2158 2950 2196 con—

2191 2210 2417 2264 scientia
2449 2211 2660 2272 devota,
2685 2227 2942 2281 corpora-

2189 2281 2240 2403 lil
2264 2281 2616 2403 jnf'ejurando
2659 2283 2947 2337 sinceriter

2190 2367 2224 2403 0
2247 2361 2321 2403 »ιιι
2350 2369 2383 2403 ι.

2190 2353 2383 2406 obtuli.

2262 2491 2300 2546 8
2308 2491 2605 2563 ιιρετνὶριὶο.
2622 2493 2731 2563 Ego
2748 2493 2838 2563 qui
2853 2509 2943 2546 su-

2190 2576 2287 2685 Era
2300 2562 2376 2616 ΙΙΙ.
2396 2564 2645 2644 indiguus
2663 2562 2944 2646 preSbyter

2238 2647 2286 2685 et
2330 2643 2504 2685 aratra
2545 2634 2751 2685 electus
2787 2635 2943 2685 huius

2238 2632 2286 2686 ei
2330 2632 2751 2702 gratia'eleetus
2787 2632 2943 2704 hujus

2189 2702 2512 2771 Apostolicze
2532 2704 2674 2758 sedis
2689 2702 2944 2758 Romanae

2190 2772 2443 2843 Ecclesia:
2469 2774 2784 2843 Episcopus,
2804 2776 2944 2829 hanc

3698 268 3760 321 Μ

3101 382 3220 438 Eris
3237 392 3414 436 autem
3445 382 3574 437 mihi
3609 384 3656 438 in
3681 386 3760 440 illa

3027 453 3253 508 terribili
3290 454 3375 507 die
3410 455 3526 508 haec
3562 459 3761 511 conanti

3027 534 3082 578 et
3106 523 3390 595 diligenter
3423 539 3639 579 servare
3679 545 3764 581 (θο-

3027 595 3176 648 nanti
3201 595 3488 663 propitius.

3090 664 3429 733 Adjulorium
3464 681 3672 735 quoque
3710 678 3765 720 ut

3020 736 3260 804 praebeas
3315 737 3544 790 obsecro
3581 737 3630 790 in
3670 738 3764 790 hac

3020 805 3361 875 corruptibili
3380 806 3486 860 vita
3510 810 3761 860 constitu-

3022 883 3098 940 to,
3160 887 3218 930 ut
3280 876 3762 946 irrcprehensibilis

3020 961 3306 1015 appaream
3359 962 3425 1000 an
3435 955 3485 1002 te
3551 963 3760 1017 conspe-

3020 1025 3165 1071 ctum
3184 1017 3386 1086 judicis
3405 1018 3643 1071 omnium
3668 1019 3760 1072 Do-

3022 1087 3152 1140 mini
3181 1087 3350 1140 nostri
3388 1085 3516 1141 Jesu
3547 1088 3758 1152 Christi,

3021 1157 3148 1210 dum
3179 1156 3498 1212 terribiliter
3526 1159 3590 1211 de
3623 1174 3761 1212 com-

3020 1227 3201 1281 missis
3215 1228 3490 1282 advenerit
3503 1227 3761 1296 judicare,

3018 1306 3075 1350 ut
3095 1296 3256 1369 faciat
3275 1313 3360 1352 me
3383 1298 3585 1352 dextrae
3603 1301 3764 1369 partis

3017 1367 3354 1436 participem,
3392 1378 3445 1422 et
3469 1367 3617 1423 inter
3645 1369 3760 1424 lide-

3021 1435 3096 1491 les
3111 1435 3403 1508 discipulos
3417 1447 3472 1492 et
3491 1454 3757 1494 successo-

3021 1523 3108 1562 I‘CS
3138 1517 3256 1564 tuos
3289 1525 3410 1563 CSSC
3441 1520 3756 1563 consortem.

3090 1577 3240 1633 Hanc
3265 1587 3444 1634 autem
3479 1579 3764 1649 professio-

3019 1664 3140 1720 nem
3161 1663 3356 1711 meam,
3390 1649 3764 1720 perNotarium

3017 1729 3072 1772 et
3085 1718 3436 1774 Scriniariuin
3451 1729 3648 1775 sanctae
3663 1721 3764 1775 Ro-

3019 1789 3456 1874 mamn-Ecclesia:
3479 1806 3564 1846 me
3579 1791 3768 1874 juben-

3021 1867 3072 1913 te
3097 1861 3376 1929 scriptam,
3419 1861 3632 1932 propria
3654 1877 3764 1914 ma-

3017 1945 3089 2000 nu
3153 1931 3485 2000 subscripsi,
3544 1941 3599 1986 et
3647 1932 3764 1994 tibi,

3015 1999 3269 2072 Apostole
3285 1999 3467 2065 Petre,
3479 2011 3528 2072 et
3546 2001 3766 2072 Aposto-

3021 2069 3194 2124 lorum
3235 2072 3475 2126 omnium
3508 2069 3764 2140 Pri'ncipi,

3023 2156 3157 2221 pura
3175 2149 3353 2221 mente
3364 2151 3417 2196 et
3443 2144 3631 2197 devota
3645 2159 3768 2197 eon-

3021 2211 3266 2275 scientia,
3319 2227 3482 2282 super
3522 2222 3764 2267 sanctum

3017 2296 3214 2350 corpus
3263 2290 3436 2345 tuum,
3497 2291 3552 2336 et
3599 2282 3768 2337 altare

3021 2362 3168 2404 tuum
3236 2353 3519 2408 sinceriter
3575 2353 3764 2408 obtuli.

3018 2423 3232 2488 Actum,
3265 2432 3367 2478 etc.

1337 2846 1411 2901 ta,
1453 2837 1564 2892 Deo
1578 2841 1891 2906 auxiliante,
1909 2852 2088 2896 custo-

1335 2908 1452 2979 dire
1483 2923 1498 2962 :
1533 2919 1720 2979 utpote
1756 2911 1866 2965 Deo
1912 2923 1966 2966 et
1990 2913 2086 2966 tibi

1334 2978 1511 3033 sciens
1540 2978 1627 3034 me
1662 2981 1998 3036 redditurum
2019 2982 2087 3038 de

1335 3049 1604 3121 omnibus,
1632 3065 1750 3118 qum
1762 3053 2019 3121 profiteor
2031 3063 2085 3108 et

1339 3119 1604 3192 quamdiu
1633 3119 1840 3185 vixero,
1901 3139 2081 3192 egero,

1334 3188 1418 3243 vel
1447 3188 1754 3255 obliviscar,
1777 3188 2087 3249 districtam

1334 3258 1386 3312 in
1403 3259 1789 3338 divinojudicio
1806 3265 2088 3338 rationem,

1336 3331 1487 3397 cujus
1503 3331 1859 3388 sanctissima:
1877 3337 1990 3390 sedi
2003 3337 2086 3389 di-

519 2847 662 2904 ribili
716 2849 804 2920 die
843 2847 1011 2904 divini
1046 2847 1259 2920 iudicii,

515 2919 868 2990 depropitius.

1335 3399 1457 3475 vina
1486 3397 1813 3475 dignatione,
1841 3413 1894 3459 te
1915 3414 2091 3475 patro-

1334 3469 1569 3534 cinante,
1608 3473 1892 3541 pmsideo,
1915 3469 1985 3530 ἐι
2009 3479 2088 3532 vi-

1334 3555 1452 3593 cem
1485 3544 1964 3601 intercessionibus
1979 3549 2088 3603 tuis

1335 3609 1618 3679 adimpleo.

579 3780 799 3856 {Nihil
823 3779 902 3856 {le
928 3777 1230 3856 traditione.
1270 3777 1386 3856 Non
1411 3793 1474 3833 ea
1508 3780 1848 3856 intelligitur,
1898 3801 2019 3856 quae
2052 3805 2084 3842 a

511 3853 729 3926 Christo
754 3849 837 3904 vel
865 3848 1187 3926 _{&postolis,_
1214 3848 1313 3926 sed
1350 3864 1469 3926 qua:
1498 3851 1566 3904 ab
1593 3848 1932 3926 hominibus'
1952 3873 2080 3926 pro-

510 3922 648 3977 fecta
678 3930 781 3986 est,
830 3919 1082 3986 aliudque
1118 3918 1248 3972 nihil
1280 3925 1386 3984 est,
1410 3928 1606 3988 praeter
1638 3922 1933 3982 laudabiles
1952 3918 2081 3984 'mn-

509 3992 825 4047 suctudines
842 3999 897 4044 et
926 3989 1239 4042 constituta.

577 4061 766 4134 Totam
807 4061 945 4134 hanc
991 4073 1152 4134 porro
1178 4065 1452 4134 περικοπὴν
1471 4059 1567 4134 [vo
1601 4061 1948 4134 carnotensis
1996 4084 2080 4124 re-

510 4134 613 4188 fert
635 4132 720 4204 his
744 4129 961 4204 verbis;
990 4128 1055 4182 In
1081 4129 1212 4204 libro
1236 4128 1438 4204 quoque
1464 4129 1801 4204 Pontiﬁcum,
1836 4137 1928 4204 qui
1953 4138 2082 4193 dici-

489 4217 592 4256 tur
642 4202 908 4271 Diurnus,
938 4199 1024 4271 ita;
1052 4200 1346 4271 continetur
1383 4199 1446 4254 de
1485 4199 1805 4271 professione
1849 4199 2080 4263 Romani

507 4272 804 4342 Pontiﬁcis.
830 4269 975 4344 Nihil
997 4269 1061 4323 de
1087 4269 1419 4344 traditione,
1449 4269 1610 4340 quam
1627 4288 1656 4326 a
1678 4276 2078 4344 probatissimis

504 4340 994 4417 pnedecessoribus
1036 4340 1170 4394 meis
1203 4340 1455 4417 traditam
1496 4351 1550 4395 et
1577 4340 1844 4399 servatam
1870 4350 2073 4417 reperi,

503 4411 801 4469 diminucre
835 4411 920 4466 vel
957 4420 1184 4468 mutare.
1225 4419 1320 4464 aut
1365 4411 1598 4480 aliquam
1633 4411 1945 4470 novitatem'
1971 4411 2071 4473 ad;

502 4485 756 4555 mittere;
813 4483 908 4555 sed
947 4483 1236 4555 ferventer,
1281 4490 1340 4534 ut
1380 4497 1564 4555 eorum
1594 4483 1890 4555 discipulus
1913 4498 1968 4543 et
1997 4505 2076 4544 se-

499 4554 748 4624 quipeda,
779 4554 906 4608 totis
927 4553 1122 4607 mentis
1137 4566 1267 4606 meae
1293 4554 1598 4617 conatibus,
1629 4553 1747 4622 quae
1765 4559 1962 4611 tradita
1988 4575 2079 4614 ca-

501 4627 693 4697 nonice
741 4624 1030 4697 comperio,
1076 4624 1366 4697 observare
1408 4639 1470 4678 ac
1499 4626 1744 4679 venerari
1793 4630 2072 4697 profiteor.

500 4694 692 4748 Beatus
714 4691 913 4764 quoque
939 4691 1245 4764 Gregorius,
1268 4701 1373 4764 etc.

573 4761 838 4830 Ejttsdent'
874 4763 974 4817 loci
1019 4761 1264 4816 meminit
1297 4763 1453 4832 epist.
1499 4761 1569 4832 57
1620 4764 1688 4817 ad
1734 4763 2074 4822 Bernardum

500 4831 716 4899 Majoris
747 4831 1051 4906 illonasterii
1095 4831 1376 4885 Abbatcm.
1430 4849 1448 4880 ι
1497 4831 1613 4900 Ipse
1639 4833 1803 4906 enim.
1871 4838 2069 4906 inquit,

498 4918 744 4958 summus
769 4900 1039 4966 Pontifex,
1071 4910 1356 4975 antequam
1387 4903 1812 4975 consecrationis
1835 4900 2072 4975 gratiam

498 4982 882 5044 consequatur,
931 4970 1345 5044 consuetudines
1392 4970 1644 5026 Romana:
1688 4970 1959 5037 Ecclesim,
2016 4986 2073 5030 et

496 5042 796 5098 constituta
831 5042 1286 5112 prmdecessorum
1334 5055 1552 5112 suorum
1583 5057 1641 5096 se
1679 5044 2069 5100 inviolabiliter

494 5109 845 5168 servaturum
863 5110 1163 5185 profitetur.
1209 5111 1285 5185 Es
1317 5113 1402 5164 bis
1425 5109 1630 5185 duobus
1657 5113 1788 5185 locis
1812 5127 2066 5185 apertum

493 5193 593 5247 est,
620 5180 1206 5245 summos'Pontillces,
1256 5182 1366 5250 ipsa
1395 5181 1558 5250 etiam
1588 5180 1765 5238 lvonis
1785 5180 1959 5246 aetate,
2010 5186 2065 5240 id

491 5262 596 5319 est,
650 5255 1058 5325 circiter-anu.
1114 5253 1250 5325 “175
1278 5249 1680 5321 professionem
1737 5253 1882 5318 fidei,
1937 5269 2064 5325 quae

489 5327 666 5396 prima
727 5325 783 5379 in
844 5322 1045 5377 Diurno
1098 5324 1352 5394 ponitur,
1411 5331 1536 5375 ante
1591 5322 2060 5380 consecrationem

489 5397 755 5453 emisisse.

563 5469 589 5507 δ
628 5466 695 5523 Ut
717 5462 1005 5536 discipulus
1027 5473 1074 5517 et
1095 5463 1388 5536 sequipeda.
1426 5460 1622 5536 Eorma
1654 5462 1901 5536 loquendi
1954 5464 2064 5520 illis

489 5539 821 5608 temporibus
850 5530 1067 5591 usitata.
1238 5530 1282 5587 ll
1323 5535 1392 5587 ad
1438 5530 1848 5608 Constantinum
1882 5539 2062 5608 Impe-

489 5602 744 5676 ratorem,
771 5605 838 5661 Ut
861 5621 1041 5661 eorum
1058 5606 1544 5676 pcdisequttnt,__etc.
1583 5602 1796 5674 Agatho
1843 5609 1895 5661 in
1939 5602 2058 5674 epi-

488 5675 625 5732 stola
643 5678 711 5730 ad
734 5673 1145 5732 Constantinum
1176 5673 1366 5745 lm'per.
1393 5673 1651 5739 Quorum’
1672 5673 2055 5743 prmcessomm

482 5746 747 5811 pusillitas
787 5762 898 5800 mea
939 5749 1216 5820 pedisequa
1240 5747 1378 5816 cupit
1407 5745 1643 5799 existere.

2160 5604 2420 5659 concione
2448 5605 2682 5673 primum
2735 5604 2878 5673 edita
2923 5614 3008 5656 est
3055 5603 3122 5673 in,
3159 5603 3401 5657 Romana
3452 5601 3716 5657 Ecclesia

2157 5674 2349 5728 deinde
2402 5670 2603 5743 scripto
2646 5672 2963 5743 transmissa
2989 5673 3058 5743 ad
3089 5672 3360 5743 Ecclesias
3389 5686 3604 5737 omnes,
3633 5670 3776 5726 sal-

2159 5756 2264 5799 tem
2295 5741 2624 5800 ordinationi
2656 5742 2813 5798 Sedis
2839 5741 3162 5812 Apostolica:
3194 5741 3487 5811 subiectas.

2189 2841 2577 2911 professionem
2591 2841 2762 2898 meam
2775 2887 2788 2906 ,
2805 2846 2945 2899 sicut

2189 2927 2348 2982 supra
2405 2915 2681 2979 continet,
2745 2916 2951 2969 faciens

2182 2982 2560 3054 jusjurandum
2589 2987 2942 3054 corporaliter

2192 3053 2311 3119 tibi,
2334 3055 2485 3109 beate
2501 3053 2946 3124 PetreApostolo—

2195 3139 2314 3206 rum
2341 3124 2614 3206 Princeps,
2639 3142 2772 3206 pura
2792 3141 2946 3206 nte-n-

2194 3201 2246 3247 te
2273 3205 2329 3247 et
2353 3197 2686 3250 conscientia
2719 3197 2907 3251 obtuli.

2612 3333 2629 3371 ί
2661 3333 2908 3388 Secunda
2937 3333 3196 3403 professio
3216 3333 3363 3400 ﬁdei.

2265 3450 2290 3486 ε
2330 3446 2419 3500 Ill.
2467 3447 2764 3518 EpiSCOpns
2794 3453 2994 3499 sancta:
3019 3443 3308 3498 Catholica:
3347 3452 3402 3497 et
3438 3443 3768 3515 Apostolicae

2189 3536 2444 3591 Ecclesiae
2509 3537 2658 3592 urbis
2705 3536 2911 3599 itomze,
2975 3533 3428 3588 reverentissimis
3484 3535 3770 3599 fratribus,

2187 3638 2243 3682 et
2279 3629 2642 3684 dilectissimis
2672 3628 2814 3691 filiis,
2859 3643 2952 3682 seu
2976 3627 3239 3682 universm
3278 3626 3440 3696 plebi.

2261 3797 2282 3824 ε
2328 3784 2395 3840 Ut
2443 3787 2619 3840 divina
2649 3797 2696 3840 et
2743 3786 2968 3840 cmlcstia
2993 3786 3266 3839 mandata.
3310 3784 3542 3854 Spiritus
3583 3790 3764 3842 sancti

2185 3855 2483 3912 Eeclesiam
2508 3857 2742 3926 regentis
2778 3856 2955 3910 afflatu
2979 3856 3292 3911 constituta.

2253 3926 2280 3965 ά
2321 3925 2589 3980 Filiorum
2633 3942 2866 3980 meorum
2899 3967 2913 3991 ,
2977 3937 3082 3981 etc.
3133 3926 3487 3980 Scribendum
3540 3926 3771 3981 videtur

2183 3999 2428 4080 fratrum,
2451 3997 2657 4078 partim
2688 3997 2809 4080 quia
2834 3997 2912 4051 sic
2931 3995 3218 4080 Pontifices
3250 3997 3392 4080 loqui
3417 3997 3614 4080 solent,
3635 4013 3775 4080 par:

2183 4066 2276 4122 tim
2300 4068 2554 4136 quoniam
2580 4077 2705 4121 tunc
2737 4068 2990 4136 temporis
3012 4068 3155 4120 inter
3177 4066 3493 4122 Cardinales
3517 4069 3771 4122 nonnulli

2182 4139 2426 4208 Episcopi
2456 4139 2834 4208 censebantur.

2247 4221 2279 4292 ,ο
2318 4205 2615 4292 ςόαροδιοζὶ
2645 4207 2821 4292 Pauli.
2871 4205 3111 4292 S'ap‘it'id
3161 4207 3462 4292 posteriora
3491 4216 3776 4277 tempora,

2179 4279 2448 4350 prioribus
2505 4279 2645 4332 enim
2695 4278 2862 4332 solius
2904 4278 3048 4332 Petri
3072 4278 3274 4331 mentio
3301 4278 3482 4331 fiebat.

2256 4349 2274 4387 τ
2317 4347 2557 4402 Secunda
2588 4348 2872 4416 Professio.
2892 4348 3119 4404 Praefert
3140 4347 3228 4401 illa
3253 4358 3363 4402 tres
3383 4349 3772 4412 characteres,

2099 4452 2154 4512 D
2179 4420 2512 4512 9931,3339?“
2536 4417 3553 4512 ⁵ῙΡ.¹Ἰ¹Ξ¹Ξ³ΡῘΈ⁵¹ΕΓῘἮῈΞἿΞ,Ἥξὲίὶῗῗὲἒυῖι
3580 4417 3771 4512 ".91"

2219 4490 2486 4554 rofitetur,
2540 4486 2744 4543 electus
2774 4499 2856 4542 est
2882 4488 3308 4543 concurrentibus
3337 4489 3482 4540 rotis.
3512 4488 3575 4542 ll.
3625 4486 3772 4543 Pro-

2203 4560 2343 4614 essio
2373 4559 2658 4614 admodum
2685 4560 2894 4613 erudita
2921 4569 3022 4621 cst,
3054 4559 3321 4626 fidemque
3349 4559 3676 4613 catholicam
3707 4559 3770 4612 in

2178 4629 2432 4684 Conciliis
2463 4631 2710 4684 traditam
2742 4629 2814 4682 ita
2843 4629 3077 4684 dilucide
3123 4628 3364 4696 exponit,
3395 4638 3454 4681 ut
3498 4631 3584 4682 vix
3648 4629 3773 4682 ulla

2180 4717 2276 4769 par
2305 4702 2604 4769 reperiatur
2632 4701 2682 4754 in
2725 4700 3000 4755 veteribus
3034 4699 3414 4753 monumentis.
3457 4699 3539 4753 Ill.
3592 4699 3769 4769 Edita

2178 4767 2262 4824 est
2290 4767 2411 4840 post
2438 4773 2644 4826 obitum
2668 4769 3006 4826 Constantini
3036 4769 3296 4840 Pngonati
3326 4779 3379 4823 et
3406 4779 3555 4840 ante
3584 4767 3780 4840 colle-

2180 4849 2326 4894 ctum
2358 4842 2637 4894 Diurnum.
2670 4841 2859 4896 Obitus
2895 4839 3235 4896 Constantini
3269 4839 3495 4909 contigit
3540 4839 3784 4909 sub‘ili-

2178 4926 2301 4964 nem
2326 4912 2452 4965 anni
2481 4911 2606 4974 685,
2634 4911 2878 4965 collectio
2903 4911 3090 4966 Diurui
3123 4925 3250 4963 ann.
3293 4908 3438 4963 7l5.
3465 4911 3546 4964 Ab
3592 4908 3771 4962 obitu

2177 4980 2342 5045 igitur
2385 4979 2722 5035 Constantini
2779 4980 2843 5034 ad
2905 4981 3277 5036 collectionem
3333 4995 3503 5048 usque
3555 4979 3777 5032 Diurui

2175 5049 2499 5104 elliuxerunt
2540 5049 2666 5103 anni
2705 5050 2944 5120 triginta,
2975 5066 3085 5121 quo
3136 5052 3394 5119 temporis
3440 5048 3773 5172 intervallo.

3461 5135 3594 5172 cons
3625 5135 3640 5172 ι
3675 5132 3770 5172 uti

3461 5132 3640 5174 CODSU
3648 5132 3712 5172 tu
3724 5132 3770 5173 ιι

2243 5253 2267 5289 ε
2303 5249 2393 5303 Ill.
2423 5253 2708 5322 episcopus.
2739 5251 2872 5307 Cum
2899 5252 3004 5305 ista
3027 5251 3313 5322 professio
3366 5249 3489 5306 fidei
3538 5248 3776 5322 habent

2166 5319 2514 5385 formam,'et
2549 5319 2858 5385 cencionis,
2898 5319 3055 5390 quod
3098 5322 3310 5376 initium
3357 5320 3630 5383 ostendit;
3701 5330 3776 5372 et

2163 5391 2423 5471 epistolae,
2452 5394 2595 5471 quod
2623 5409 2686 5448 ex
2717 5393 3066 5471 inscriptione
3093 5392 3439 5471 clausulaque
3462 5405 3602 5471 appa
3615 5399 3708 5471 re}
3751 5410 3766 5442 ;

2165 5458 2334 5514 videri
2360 5458 2538 5532 potest
2567 5463 2640 5516 ita
2671 5478 2729 5517 se
2765 5458 3036 5532 habuisse,
3069 5463 3342 5532 quomodo
3357 5458 3613 5516 humilia:
3642 5458 3775 5512 Pa-

2163 5531 2375 5610 scbales
2419 5533 2904 5610 Alexandrinorum
2952 5531 3269 5610 Pontificum
3304 5550 3316 5585 :
3347 5532 3608 5610 nimirum
3647 5545 3777 5610 pro

3754 5641 3788 5662 φ
