3990 6184
91 491 126 1900 ἴ

323 327 384 382 ιδ
1302 326 1739 383 ROMANORUM
1778 323 2214 384 PONTIFICUM.
2236 359 2305 368 —
2331 329 2480 386 CAP.
2509 331 2572 386 11.
3489 340 3558 392 46

385 434 702 506 Apostolicm
730 435 872 489 sedis
912 434 1163 494 oﬂicium,
1224 437 1576 504 dilectissimi,
1621 438 1686 491 ad
1716 438 1880 507 quod,
1912 441 1960 500 Α
1987 438 2284 505 destruere,
2319 450 2374 495 et
2402 443 2678 498 veritatem
2706 455 3074 516 oppugnantes
3109 456 3338 510 mentes.
3369 463 3558 505 eorum

321 540 541 595 superna
586 523 692 595 33
744 524 918 592 gratia
951 525 1023 578 ita
1060 526 1376 595 providente
1422 542 1486 581 ac
1532 526 1880 598 suffragante,

320 616 676 686 pervenimus,
717 629 840 668 cum
871 623 1019 670 tanto
1039 617 1218 670 cordis
1255 626 1472 687 stupore
1493 634 1554 672 ac
1581 618 1884 673 humilitate

322 721 410 760 nos
429 705 699 774 suscipere
722 706 918 760 debere
934 707 1342 776 perpendimus,
1387 717 1648 778 quantum
1669 709 1738 763 ad
1767 709 1884 778 ejus

313 809 590 849 accessum
616 803 852 849 nostram
881 795 1231 864 pusillitatem
1266 799 1764 868 incomparabiliter
1788 801 1885 853 im-

319 901 501 956 parem
528 900 650 940 esse
696 887 1074 956 cognoscimus
1111 905 1123 940 :
1154 887 1281 957 quia
1325 904 1499 958 neque
1543 905 1642 959 pro
1679 891 1886 945 meritis

317 977 738 1048 prmeedentibus
770 978 871 1032 hoc
905 978 1060 1032 nobis
1122 979 1377 1034 collatum
1403 980 1748 1042 advertimus,
1793 997 1886 1036 ne-

314 1083 417 1138 que
447 1075 669 1138 propter
691 1067 963 1122 solertiam
991 1070 1324 1138 gubernandi
1347 1071 1694 1125 commissum
1720 1071 1885 1126 fuisse

318 1161 694 1230 permittimus.
739 1157 843 1213 Sed
885 1159 1292 1215 clementissimi
1323 1162 1414 1215 Dei
1458 1163 1630 1216 nostri
1675 1163 1887 1218 miseri-

313 1251 546 1306 corditer
585 1250 836 1304 inclinata
862 1250 1165 1305 sublimitas
1195 1252 1297 1305 hoc
1333 1250 1447 1305 ﬁeri
1481 1253 1678 1307 vestris
1729 1255 1886 1308 obse-

314 1343 638 1396 crationibus
658 1343 866 1404 annuit,
907 1351 962 1395 et
995 1343 1306 1411 eligentium
1334 1357 1432 1396 nos
1457 1351 1621 1411 atque
1646 1359 1878 1399 concur-

314 1431 543 1485 rentium
575 1431 923 1496 sententiam,
951 1440 1205 1501 tanquam
1227 1431 1419 1502 jugum
1461 1433 1560 1502 piae
1588 1433 1744 1488 nobis
1776 1434 1889 1488 dis-

312 1523 662 1591 pensationis,
691 1523 983 1593 impressit.

379 1613 602 1679 idcirco,
629 1617 916 1681 carissimi,
946 1617 1458 1686 pusillanimitatem,
1489 1635 1653 1690 quam
1700 1622 1755 1676 in
1786 1638 1886 1676 no-

309 1703 392 1758 bis
422 1706 680 1775 aspicitis,
706 1707 912 1762 crebris
937 1710 1272 1763 orationibus
1311 1709 1584 1778 adjuvate,
1607 1727 1707 1781 pro
1729 1715 1885 1770 nobis

1987 537 2042 583 et
2075 531 2328 599 praesidio
2355 541 2410 586 et
2436 533 2726 589 autoritate
2753 545 3110 604 prosternere.

2057 617 2258 671 Horum
2289 621 2672 676 traditionibus
2703 621 2860 691 juxta
2903 626 3254 692 capacitatem
3285 625 3559 691 instructi.

1985 708 2176 762 devota
2209 719 2390 764 mente
2421 711 2450 751 δ
2476 713 2621 766 omni
2651 713 2905 768 Ecclesia:
2929 716 3264 786 profitemur,
3289 726 3344 771 et
3370 733 3556 772 coram

1987 799 2096 853 Deo
2126 801 2584 854 conscientiarum
2614 811 2751 857 teste
2786 804 3180 868 satisfacimus,
3207 820 3559 876 quaecumque

1985 893 2050 946 ad
2080 892 2428 946 stabiiitatem
2451 893 2773 948 Christiana:
2802 896 3077 966 religionis
3103 906 3158 950 et
3182 898 3556 952 rectitudiuem

1985 983 2277 1039 Catholica:
2301 985 2423 1038 ﬁdei
2452 994 2777 1055 congruunt,
2801 988 2945 1056 quod
2977 996 3028 1040 ct
3059 987 3293 1042 fidelium
3318 990 3382 1043 de
3409 989 3563 1044 nobis

1983 1083 2234 1143 expecmt
2271 1084 2506 1144 optatus,
2538 1086 2593 1128 et
2617 1088 2638 1114 ε
2671 1077 2859 1131 audire
2893 1078 3141 1149 designat
3180 1080 3422 1146 intuitus,
3466 1097 3566 1136 nos

1988 1164 2248 1221 facturos.

2057 1256 2358 1327 Cognoscat
2387 1259 2566 1327 itaque
2614 1266 2792 1313 vestra
2835 1257 3074 1320 dilectio,
3099 1268 3156 1312 et
3203 1259 3412 1328 integra
3469 1275 3566 1314 nos

1987 1348 2362 1403 satisfactione
2400 1349 2720 1418 praedicare,
2749 1358 2955 1412 tenere,
2987 1364 3051 1402 ac
3093 1347 3406 1413 defendere,
3434 1366 3569 1420 prte-

1989 1439 2372 1509 dicatnrosqne
2391 1455 2510 1494 esse
2535 1441 2770 1494 confidat
2801 1440 2960 1493 ﬁdem
2987 1439 3208 1503 Christi,
3233 1456 3394 1509 quam
3420 1441 3565 1510 Apo—

1987 1533 2111 1589 stoli
2160 1533 2521 1596 tradiderunt,
2549 1532 2924 1603 Apostolorum
2967 1532 3213 1602 discipuli
3244 1534 3565 1595 docuerunt,

1985 1639 2278 1694 eorumque
2294 1621 2939 1692 successoresApostolici
2967 1621 3071 1692 35
3098 1624 3263 1678 nostri
3286 1639 3349 1677 ac
3370 1625 3568 1692 proba-

1986 1713 2177 1768 tissimi
2216 1713 2641 1782 przedecessores
2679 1711 2707 1751 (ι
2756 1712 3164 1766 immutabiliter
3214 1722 3571 1768 servaverunt

306 1799 448 1868 apud
477 1799 570 1854 Dei
597 1799 934 1854 clementiam
955 1801 1062 1873 35
1091 1817 1213 1856 cum
1238 1803 1450 1857 ﬂetibus
1467 1803 1801 1868 intercedite,
1825 1815 1884 1859 ut
1911 1811 1957 1870 Β
1984 1819 2048 1858 ac
2076 1804 2452 1859 defenderunt.

311 1889 690 1959 impotentiam
707 1907 825 1960 qua:
845 1893 898 1946 in
916 1894 1070 1946 nobis
1083 1902 1185 1954 est.
1207 1893 1296 1947 Dei
1316 1895 1485 1949 nostri
1501 1896 1888 1965 omnipotentia

309 1983 552 2047 roboret,
579 1993 635 2037 et
653 1985 744 2054 qui
766 1999 957 2038 omnes
989 1984 1082 2038 filii
1113 1986 1194 2038 sui
1222 1987 1458 2054 pretioso
1505 1988 1767 2057 sanguine
1811 1989 1892 2042 di-

301 2082 508 2141 gnatus
535 2081 624 2128 est
646 2073 933 2136 redimere,
960 2075 1122 2127 etiam
1177 2084 1377 2130 nostra:
1421 2074 1731 2147 fragilitatis
1775 2078 1891 2130 oili-

301 2165 456 2220 cium
484 2163 731 2234 placatus
763 2163 1014 2234 dignetur
1042 2164 1305 2233 aspicere.

375 2253 586 2309 Verum
616 2253 717 2307 etsi
747 2253 1006 2306 virtutum
1032 2253 1238 2308 indoles
1262 2269 1602 2324 nequaquam
1646 2256 1698 2311 in
1735 2257 1892 2310 nobis

307 2354 421 2408 est,
447 2343 790 2414 Evangelicte
817 2351 996 2398 tamen
1027 2352 1190 2414 atque
1229 2344 1554 2415 Apostolica:
1589 2349 1713 2403 fidei
1747 2350 1891 2402 salu-

307 2438 440 2491 taris
467 2435 752 2506 integritas
776 2434 1000 2488 inlibata
1039 2443 1202 2504 atque
1245 2437 1508 2504 perfecta,
1533 2438 1748 2494 Christo
1793 2455 1890 2492 an-

312 2538 530 2594 nuente,
558 2537 614 2584 et
657 2544 802 2584 nunc
846 2529 904 2582 in
952 2528 1107 2583 nobis
1136 2536 1242 2593 est,
1271 2537 1325 2583 et
1367 2529 1558 2584 eadem
1593 2531 1698 2585 fine
1731 2540 1888 2586 tenus

313 2629 668 2701 permanebit.

381 2726 715 2795 Quamquam
753 2736 882 2792 ergo
920 2719 1115 2775 merita
1153 2718 1475 2774 Pontificum
1527 2721 1886 2789 prmdecesso-

314 2831 450 2878 rum,
480 2829 580 2869 nec
604 2812 800 2868 imitari
832 2825 1141 2882 possumus,
1170 2825 1270 2864 nec
1310 2811 1574 2881 condigne
1617 2826 1883 2880 pensare;

314 2906 494 2959 horum
529 2914 706 2958 tamen
733 2902 1004 2973 spiritales
1026 2901 1241 2972 regulas
1264 2901 1573 2956 medullitus
1595 2918 1888 2958 conserva-

313 3012 448 3059 mus,
471 3004 526 3049 et
556 2994 850 3048 salutiferis
878 3001 1189 3047 sanctorum
1231 2993 1450 3046 Patrum
1494 2992 1754 3047 doctrinis
1799 2993 1885 3047 in-

307 3088 547 3151 nitimur,
581 3086 774 3154 hisque
805 3093 1057 3153 tanquam
1097 3084 1496 3154 inexpugnabili
1546 3100 1700 3137 muro
1742 3099 1883 3154 prm-

299 3178 490 3241 ciucti,
523 3189 550 3216 ιι
606 3175 946 3240 confidimus,
978 3186 1170 3230 cuncta
1217 3176 1554 3229 inimicorum
1597 3175 1720 3230 ﬁdei
1778 3176 1882 3230 tela
1910 3157 1956 3218 (ἶ

303 3371 587 3428 constituti
610 3379 734 3426 sunt
762 3370 816 3424 in
847 3370 972 3425 sede
991 3368 1299 3428 Aucstolica
1331 3366 1624 3423 Pontiﬁces
1663 3369 1884 3422 omnino

301 3454 533 3513 septem,
564 3441 768 3513 Co_non,
796 3440 1019 3512 Sergius
1042 3437 1081 3502 Ι,
1114 3439 1358 3513 {omnes
1391 3439 1478 3513 γε,
1507 3437 1743 3513 {cannea
1771 3437 1883 3513 V_ll,

307 3507 1095 3577 Sisinnius,Constantinus,et
1114 3509 1410 3579 Gregorius
1433 3508 1492 3561 Il.
1522 3507 1740 3579 Primus
1764 3509 1888 3579 cha-

307 3593 488 3640 racter
521 3582 780 3647 ostendit,
806 3582 900 3636 uni
933 3582 999 3636 de
1036 3576 1249 3650 septeni
1285 3577 1640 3650 Pontiﬁcibqs
1678 3576 1886 3650 profes-

303 3657 514 3710 sionem
544 3652 885 3710 tribuendam
911 3666 1032 3706 esse
1069 3646 1241 3704 {eam
1274 3650 1543 3704 secundus
1580 3646 1784 3702 Cononi
1831 3657 1886 3701 et

305 3725 499 3796 Sergio
520 3722 812 3796 abjudicat,
833 3736 1062 3796 quorum
1094 3721 1359 3796 siquidem
1375 3719 1696 3796 electionem
1725 3727 1882 3796 atrox

304 3787 542 3850 schisma
563 3787 888 3861 praecessit}
921 3792 1113 3846 tertius
1140 3787 1246 3844 non
1284 3789 1718 3861 improbabiliter
1745 3787 1882 3861 ϐιξυτ

306 3810 542 3850 sentsma
603 3810 844 3848 necessu
873 3810 888 3846 :
921 3810 1113 3846 tertius
1140 3810 1246 3844 non
1284 3810 1718 3861 inipronannucr
1745 3810 1880 3844 ure-

306 3866 514 3934 gorium
546 3810 597 3920 If
629 3863 757 3918 facit
782 3861 1276 3934 auctorem._Nam,
1308 3868 1363 3914 et
1391 3867 1512 3934 post
1540 3858 1880 3934 Constantini

303 3929 563 4008 Pogonati
595 3941 823 3990 mortem
850 3949 976 4008 ann.
1011 3930 1130 4008 illi,
1165 3930 1878 4008 et_convenieptibusyotis,

307 3999 586 4062 ordinatus
627 4015 732 4069 est,
773 4015 830 4059 et
864 4003 1154 4073 singularis
1201 4001 1461 4073 doctrina:
1494 3999 1879 4073 facuntliaeqne

305 4078 460 4131 laude
498 4093 609 4144 pra:
631 4076 752 4130 aliis
778 4070 1011 4144 quatuor
1031 4074 1353 4144 celebratur.
1368 4071 1542 4144 _Adde
1577 4070 1720 4144 qu_od
1768 4071 1882 4139 epi-

305 4148 458 4202 stolae
482 4139 748 4216 Gregorii,
773 4139 1075 4216 pmsertim
1107 4157 1225 4213 quae
1250 4143 1324 4216 ad
1368 4139 1609 4196 Leonem
1645 4139 1882 4216 Impera-

306 4229 479 4273 torem
519 4211 1042 4288 scﬁpuze,'proprias
1090 4211 1352 4288 quasdam
1399 4226 1581 4288 voces,
1622 4227 1758 4288 quia
1791 4211 1882 4264 hic

306 4281 685 4413 Empta},
709 4281 1065 4355 eumde'mque
1103 4281 1298 4354 stylum
1329 4289 1385 4336 et
1430 4281 1585 4351 quasi
1630 4281 1880 4350 spiritum

377 4428 552 4482 liabet
578 4429 694 4482 htec
732 4440 897 4496 porro
936 4426 1163 4496 formula
1188 4430 1396 4496 partes
1424 4421 1598 4496 duas:
1629 4428 1876 4496 atteram,

305 4515 426 4567 qua:
458 4499 678 4563 concio;
710 4489 955 4560 alteram,
980 4509 1101 4567 qua:
1128 4489 1284 4567 fides.
1323 4492 1379 4546 in
1407 4491 1586 4567 priore
1629 4489 1878 4544 Pontifex
1905 4493 1958 4552 Ι)

306 4562 456 4623 suam
481 4568 684 4622 fatetur
714 4577 877 4621 tanta:
899 4562 1142 4636 dignitati
1174 4564 1434 4631 imparem
1456 4562 1732 4636 virtutem,
1756 4576 1880 4636 gra-

307 4640 408 4694 tias
439 4640 554 4710 agit
577 4639 774 4710 Deoac
797 4630 1140 4710 electo'ribns,
1166 4644 1223 4710 et
1251 4630 1310 4686 Se
1344 4632 1593 4701 precibus
1641 4630 1877 4699 postulat

303 4703 571 4777 adjuvari,
600 4707 668 4762 ad
697 4706 1025 4778 implendum
1054 4703 1308 4758 oliicium.

377 4770 616 4852 Sanctus
639 4778 748 4832 Leo
769 4770 822 4852 in
851 4778 1103 4852 ipsosque
1129 4780 1515 4852 assumptions
1545 4770 1629 4824 die
1669 4784 1876 4852 sermo-

309 4866 429 4904 nem
478 4850 606 4903 huic
646 4839 893 4905 coucioni
938 4845 1168 4900 similem
1217 4839 1361 4901 fecit.
1393 4842 1493 4895 nisi
1544 4839 1687 4910 quod
1719 4839 1877 4894 ﬁdem

305 4919 546 4974 sermoni
573 4933 681 4974 non
717 4917 942 4989 perinde
973 4915 1276 4989 subjunxit;
1317 4912 1545 4989 fortasse
1590 4919 1718 4964 tunc
1745 4925 1882 4989 non-

309 4989 432 5043 dum
459 5005 560 5044 usu
580 4979 856 5052 receptum
884 4995 1000 5042 erat
1032 4979 1256 5040 alteram
1282 4983 1672 5052 professionem
1694 4979 1878 5044 edere,

309 5003 432 5043 cum
459 5005 560 5044 usu
580 5003 640 5044 re
744 5003 856 5042 tum
884 5003 1000 5042 erat
1032 5003 1256 5040 atteram
1282 5003 1672 5052 prmesswneut
1694 5003 1878 5044 cucrc,

307 5074 469 5128 quam
507 5003 941 5128 qumﬂcorpus
966 5058 1023 5112 S.
1058 5055 1199 5128 Petri
1221 5054 1421 5128 fiebat:
1459 5053 1712 5116 fortasse,
1738 5053 1880 5119 quod

311 5125 482 5198 magis
509 5125 658 5194 reor,
685 5130 816 5184 ﬁdes
841 5125 1041 5183 omissa
1069 5125 1168 5198 fuit
1198 5142 1228 5179 a
1259 5125 1546 5198 collectore
1571 5135 1880 5178 sermonum

310 5195 526 5270 Deditis,
565 5209 849 5270 propterea
879 5199 1021 5270 quod
1068 5197 1239 5250 forma
1266 5195 1566 5270 communis
1589 5201 1741 5270 erat,
1766 5199 1821 5244 et
1847 5209 1877 5244 a

311 5261 1207 5340 Symbolo'Apostolica'aiRomano
1252 5283 1375 5340 non
1403 5265 1634 5319 diversa.
1681 5261 1880 5316 Verum

310 5335 376 5393 de
412 5335 754 5414 Sermones.
787 5335 1501 5414 LconisAvideappendicem
1529 5341 1803 5414 actarum;
1839 5400 1850 5411 .

380 5422 409 5451 ι
445 5410 796 5479 Couﬁdimus,
821 5419 928 5464 etc.
959 5400 1292 5479 Confidentia
1321 5403 1584 5479 ejusmodi
1628 5417 1737 5455 non
1777 5400 1882 5454 fuit

311 5472 659 5545 temeritatis,
686 5472 792 5537 sed
813 5480 1020 5534 fiducia:
1051 5479 1102 5533 in
1130 5476 1373 5537 Christo,
1398 5489 1502 5542 qua
1530 5472 1731 5545 factum
1775 5479 1878 5533 est,

312 5558 372 5603 ut
419 5549 602 5607 Leoni-
630 5542 816 5607 lsauro
864 5549 1128 5605 scriberet
1175 5545 1290 5599 zelo
1337 5547 1592 5599 incensus
1621 5542 1885 5596 adversus

312 5618 757 5684 lconomachum,
783 5622 869 5678 cui
897 5635 1018 5675 cum
1049 5627 1264 5672 sanctos
1318 5614 1506 5670 Patres
1555 5626 1883 5684 commemo-

312 5702 486 5747 rasset
529 5682 779 5748 veritatis
823 5689 1098 5745 catholicae
1148 5682 1884 5763 testes,_ex_probrassetque

316 5768 588 5818 tantorum
616 5763 835 5819 testium
863 5767 1262 5828 contemptum,
1294 5775 1310 5807 t
1350 5751 1522 5822 Audi,
1552 5753 1744 5822 inquit,
1781 5751 1883 5805 hu-

2059 1894 2269 1948 Eteuim
2299 1892 2460 1962 hujus
2489 1893 2811 1962 Apostolica:
2846 1893 3152 1947 traditionis
3191 1908 3437 1948 normam
3480 1893 3562 1948 in-

1988 1983 2310 2039 violabiliter
2338 1984 2720 2049 custodiemus,
2747 1998 2910 2052 quam
2939 1982 3304 2038 venerandum
3343 1995 3560 2042 sancto-

1994 2088 2114 2126 rum
2143 2081 2508 2126 trecentorum
2535 2073 2720 2127 decem
2747 2081 2802 2126 et
2822 2081 2948 2126 octo
2976 2071 3197 2126 Patrum
3242 2075 3564 2138 Concilium,

1993 2162 2219 2231 quodin
2260 2161 2460 2226 Nicaea,
2488 2162 2588 2215 sub
2636 2176 2830 2230 magno
2880 2160 3130 2231 Principe
3181 2161 3569 2229 Constantino,

1991 2254 2263 2316 convenit,
2286 2254 2381 2308 Dei
2412 2254 2582 2324 gratia
2607 2254 2902 2317 revelante,
2930 2253 3133 2322 redegit
3159 2253 3211 2307 in
3236 2253 3568 2324 Symbolum,

1989 2355 2042 2400 et
2073 2345 2587 2400 consubstantialem
2614 2345 2762 2400 Patri
2787 2344 2983 2399 Filium
3009 2346 3340 2414 prmdicavit,
3361 2356 3419 2401 et
3443 2346 3570 2402 Ver-

1989 2437 2114 2491 bum
2136 2435 2229 2490 Dei
2253 2437 2420 2491 Deum
2448 2451 2633 2491 verum
2658 2452 2781 2491 esse
2810 2436 3140 2492 confirmans
3168 2437 3450 2493 Dominum
3477 2456 3572 2494 no-

1987 2536 2158 2580 strum
2211 2525 2392 2581 Jesum
2439 2527 2746 2589 Christum,
2779 2527 2968 2582 Arium
3013 2528 3267 2584 deitatem
3319 2529 3570 2600 blasphe-

1988 2628 2248 2682 mantem,
2275 2634 2396 2672 cum
2419 2619 2532 2674 suis
2557 2621 2906 2675 consortibus
2929 2621 3160 2691 expulit,
3191 2631 3245 2675 et
3273 2630 3331 2675 ut
3373 2622 3570 2676 diaboli

1990 2708 2268 2764 ministros
2302 2719 2504 2764 teterno
2533 2712 2880 2766 anathemate
2901 2713 3304 2767 condemnavit.

2058 2797 2264 2852 Dehinc
2311 2799 2603 2853 secundum
2640 2799 3298 2871 Constantinopolitanum
3344 2803 3569 2871 adteqne

1986 2898 2258 2954 sanctum,
2281 2899 2494 2945 centum
2527 2907 2740 2962 quoque
2759 2893 3149 2964 quinquaginta
3174 2894 3417 2961 Patrum,
3435 2913 3563 2952 con-

1988 2986 2192 3047 cilium,
2218 2985 2319 3038 sub
2361 2983 2662 3054 lmperialis
2707 2986 2980 3039 memoriae
3010 2985 3213 3055 majore
3246 2987 3568 3057 Theodosio,

1989 3076 2042 3129 in
2067 3076 2285 3146 Regiam
2312 3076 2496 3130 urbem
2518 3091 2870 3140 concurrens,
2891 3090 2914 3115 ο
2939 3079 3080 3147 quod
3105 3077 3362 3150 Symbolo
3380 3081 3570 3136 deesse

1985 3167 2294 3237 putabatur,
2330 3167 2598 3236 exposuit,
2624 3178 2680 3221 et
2708 3169 2882 3238 gratia
2931 3168 3166 3237 Spiritus
3206 3171 3380 3226 sancti
3425 3173 3565 3228 inlu-

1987 3359 2266 3413 militatem
2315 3369 2550 3412 nostram
2575 3400 2588 3422 ,
2619 3359 2920 3429 Imperator
2939 3401 2953 3425 ,
2983 3370 3038 3416 et
3081 3377 3255 3418 cessa.
3309 3364 3563 3421 Sanctam

1989 3429 2158 3501 ﬁdem
2179 3443 2426 3496 sequere,
2456 3438 2616 3501 prout
2644 3431 2896 3484 invenisti
2929 3441 3090 3501 atque
3131 3434 3408 3501 accepisti.
3445 3435 3561 3490 Non

1989 3507 2114 3574 sunt
2141 3497 2528 3574 [inperatorum
2567 3500 2817 3574 dogmata
2837 3503 2974 3574 ,‘sed
3007 3497 3565 3574 Pontiﬁcnmaquo-

1987 3568 2131 3622 niam
2180 3566 2374 3621 Christi
2407 3582 2614 3620 sensum
2651 3566 2747 3621 nos
2783 3567 3052 3622 habemus.
3097 3571 3218 3624 Alia
3261 3566 3566 3629 estScele-

1987 3639 2329 3694 siasticarum
2357 3637 2806 3693 constitutionum
2833 3638 3121 3707 institutio,
3145 3651 3200 3695 et
3219 3640 3356 3697 alius
3375 3659 3566 3701 sensus

1985 3708 2340 3773 saecularium,
2372 3716 2478 3762 etc.
2511 3727 2530 3760 ι

2057 3781 2080 3820 ὲ
2124 3779 2280 3834 Omni
2307 3777 2590 3851 Ecclesiae.
2647 3777 2896 3851 Pelagius
2940 3779 2980 3844 l,
3030 3797 3152 3838 cum
3206 3798 3357 3839 suam
3405 3784 3563 3841 ﬁdem

1982 3851 2144 3906 vellet
2173 3848 2319 3922 omni
2344 3849 2601 3922 Ecclesiae
2630 3848 2878 3922 probare,
2912 3852 3128 3922 scripsit
3155 3854 3226 3908 ad
3258 3855 3560 3910 universum

1981 3921 2229 3992 populum
2261 3920 2352 3992 Dei
2381 3919 2662 3989 epistolam
2695 3921 2815 3985 isti,
2840 3937 3000 3992 quem
3024 3919 3274 3990 edimus,
3321 3928 3562 3982 sermoni

1984 3991 2090 4045 non
2120 3991 2443 4055 absimilem,
2461 4000 2520 4044 ut
2547 4007 2615 4045 ex
2638 4001 2825 4046 mutua
2857 3991 3088 4048 duorum
3117 3994 3406 4052 collatione
3432 4011 3566 4052 con-

1984 4070 2132 4117 stare
2152 4069 2350 4130 potest.

2059 4142 2081 4173 ε
2122 4131 2317 4204 Audire
2357 4130 2593 4204 designat
2634 4132 2874 4204 intuitus.
2926 4131 3055 4204 lude
3102 4143 3313 4188 constat
3362 4135 3566 4204 profes-

1985 4203 2195 4274 sionem
2224 4203 2364 4274 ha_uc
2380 4200 2535 4274 ﬁdei,
2567 4203 2670 4256 etsi
2701 4205 2950 4257 videatur
2975 4202 3172 4258 habere
3202 4200 3433 4258 formam
3453 4206 3564 4274 epi-

1985 4273 2154 4338 stolae,
2184 4272 2239 4326 in
2270 4271 2512 4324 Ecclesia
2545 4279 2726 4325 tamen
2764 4274 2962 4326 dictum
3004 4289 3016 4324 :
3050 4287 3224 4341 neque
3265 4274 3410 4326 enim
3445 4271 3563 4329 haec

1987 4344 2151 4398 verba
2183 4341 2250 4395 ad
2283 4342 2419 4394 alios
2453 4343 2728 4409 pertinere
2756 4349 3000 4410 possunt,
3033 4358 3195 4410 quam
3246 4343 3520 4400 auditores
3546 4385 3562 4408 ,

1985 4413 2075 4483 qui
2102 4411 2352 4481 praesenti
2376 4426 2531 4464 suum
2556 4419 2820 4465 testentur
2844 4419 2973 4465 nutu
3000 4412 3348 4466 desiderium.

2053 4482 2079 4521 ά
2122 4480 2547 4534 lmmutabiliter.
2566 4490 2672 4534 etc.
2696 4480 3100 4534 Observandum
3123 4492 3228 4534 est.
3253 4481 3306 4534 id
3331 4481 3382 4534 di

2155 4480 2547 4539 mmutabiliter,
2566 4490 2672 4534 etc.
2696 4480 3100 4536 Observandum
3123 4492 3228 4545 est,
3253 4481 3306 4536 id
3331 4481 3556 4549 dictum,

1985 4552 2162 4622 primo
2191 4560 2312 4622 post
2336 4549 2556 4603 Honorii
2589 4551 2820 4622 obitum,
2846 4549 3041 4622 deinde
3071 4550 3124 4605 in
3171 4567 3238 4606 eo
3285 4568 3557 4616 sermone,

1983 4617 2091 4700 quo
2115 4617 2857 4700 recipitur.sextausvnodus,
2885 4619 3116 4700 denique
3143 4637 3266 4700 cum
3285 4627 3562 4692 expressis

1984 4689 2166 4748 verbis
2204 4689 2504 4760 Honorius,
2535 4689 2734 4760 dicitur
2759 4707 2777 4739 ι
2815 4689 2997 4760 pravis
3045 4689 3420 4747 hmreticoru'm
3473 4710 3564 4751 as-

1985 4763 2312 4832 sertionibus
2346 4759 2642 4832 fomentum
2668 4759 3013 4832 impendisse.
3051 4780 3069 4811 ι
3097 4760 3212 4816 Non
3246 4762 3408 4832 igitur
3441 4772 3559 4821 tan-

1987 4842 2072 4888 tus
2102 4830 2348 4887 Pontifex
2365 4829 2527 4905 velut
2550 4828 2898 4905 Monothelita
2914 4869 2928 4893 ,
2949 4832 3098 4905 quod
3113 4828 3364 4905 imperite
3389 4849 3418 4887 a
3443 4838 3558 4905 qui-

1985 4905 2211 4958 busdam
2261 4901 2568 4966 occiuitur,
2623 4900 2716 4955 sed
2775 4900 3026 4970 tanquam
3081 4900 3556 4961 Mon'othelitar'um

1985 4974 2166 5028 fautor
2189 4971 2569 5044 perstringitur
2593 4989 2606 5024 :
2634 4970 2828 5036 fautor,
2859 4973 3101 5044 inquam,
3125 4988 3230 5028 non
3253 4983 3312 5027 ut
3340 4975 3432 5044 qui
3468 4979 3562 5030 ad-

1982 5045 2213 5113 juverit;
2242 5043 2336 5114 sed
2364 5051 2423 5095 ut
2451 5041 2542 5114 qui
2577 5057 2682 5096 non
2716 5041 3056 5114 represserit,
3081 5051 3164 5114 ut
3190 5059 3288 5114 par
3311 5041 3470 5110 erat;
3506 5047 3560 5100 id

1984 5112 2086 5177 est,
2109 5131 2214 5168 non
2239 5113 2331 5182 qui
2363 5113 2770 5182 approbatione.
2800 5114 2892 5168 sed
2918 5112 3009 5182 qui
3038 5112 3470 5170 dissimulatione
3507 5125 3564 5169 et

1985 5183 2649 5254 imprttdenteﬁaconoiuia
2675 5198 2803 5236 usus
2830 5184 2918 5254 sit.

2061 5250 2084 5294 ὃ
2127 5254 2278 5319 Quod
2303 5250 2546 5322 Syntbolo
2569 5253 2742 5306 deesse
2770 5253 3073 5322 putabatur.
3102 5251 3178 5306 De
3200 5251 3404 5322 Spiritu
3429 5267 3559 5306 san-

1983 5333 2072 5380 cto
2101 5321 2356 5379 dixerunt
2381 5321 2582 5375 Nicazm
2608 5321 2796 5376 Patres
2825 5323 2879 5376 id
2906 5339 3088 5384 unum,
3125 5331 3180 5378 et
3199 5321 3255 5377 in
3299 5322 3556 5390 Spiritum

1982 5406 2240 5450 sanctum.
2263 5392 2488 5463 Aliquid
2504 5393 2734 5462 amplius
2763 5394 3136 5463 exponendum
3164 5391 3270 5463 fuit
3297 5393 3562 5444 adversus

1986 5460 2438 5521 Macedonium’et
2465 5460 2973 5531 Apollinarem'cum
2998 5460 3310 5531 Macedonio
3331 5473 3563 5531 consen-
3625 5493 3629 5496 ~

1983 5539 2224 5609 tientem.
2257 5533 2405 5609 lianc
2432 5529 2604 5609 porro
2627 5533 3048 5609 expositionem,
3076 5529 3232 5609 quasi
3268 5529 3558 5609 innovatio

1985 5607 2125 5662 foret
2153 5606 2297 5670 ﬁdei,
2333 5598 2496 5672 atque
2543 5598 2772 5666 additio,
2801 5613 2857 5657 et
2900 5619 3005 5672 non
3049 5598 3360 5672 explicatio,
3385 5615 3558 5672 mera,

1985 5668 2451 5746 exprobraverunt
2500 5674 2685 5746 Ariani
2732 5671 3176 5746 Cat_,holici_s,,.ut
3217 5677 3304 5723 est
3349 5669 3403 5725 in
3445 5668 3557 5729 dia-

1989 5739 2107 5820 logo
2133 5763 2149 5800 ι
2180 5745 2505 5801 Theodoreti
2542 5744 2796 5797 adversus
2823 5739 3282 5794 Macedonianum.
