3904 6186
339 360 443 417 t7-
1701 345 1900 401 manu
1940 340 2243 401 manuus
3519 339 3595 395 43

337 484 565 543 strante,
596 473 763 530 Deum
799 485 919 526 esse
959 468 1219 540 Spiritum
1263 472 1510 521 sanctum
1528 502 1543 527 ,
1568 460 1826 531 Patrique
1851 467 1907 513 et
1932 462 1978 518 Α
2006 472 2130 511 cum
2146 456 2307 510 beato
2320 454 2521 526 Cyr-illo
2537 454 2914 509 Alexandrinae
2935 454 3189 509 Ecclesiae
3201 454 3308 526 37
3331 453 3590 524 Prtesule,

337 571 503 634 Filio,
525 574 710 637 utpote
746 559 1253 618 consubstantialem
1272 596 1287 621 ,
1318 552 1716 610 eoadorandum
1741 564 1906 605 anne-

339 662 417 717 xit
449 680 464 714 :
493 658 636 713 unde
672 651 1036 708 Macedoniam
1074 646 1325 703 rebellem
1356 643 1591 715 Spiritus
1631 640 1826 705 sancti,
1854 649 1909 695 et

339 751 700 823 Apollinarem
731 760 851 800 cum
881 742 993 797 suis
1021 739 1295 808 sacrilegis
1329 735 1698 806 complicibus,
1721 747 1910 803 perpe-

338 844 412 899 tui
444 836 803 896 anathematis
832 845 1058 887 censura
1090 828 1398 898 prostravit.

404 934 510 989 Per
535 931 647 985 haec
667 927 774 980 duo
802 938 955 978 sacra
978 920 1217 975 Concilio
1255 931 1281 959 ι
1313 923 1557 973 sanctam
1600 922 1654 969 et
1695 913 1908 983 insepa-

335 1024 494 1080 bilem
522 1018 861 1078 Trinitatem,
888 1027 1054 1086 unum
1092 1010 1282 1075 Deum,
1312 1024 1580 1078 unamque
1625 1007 1909 1062 Trinitatis

336 1109 691 1167 substantiam
712 1119 833 1160 esse
853 1102 1251 1174 cognoscimus,
1262 1099 1690 1167 Trinitatemque
1711 1097 1764 1151 in
1791 1096 1910 1150 uni-

336 1208 467 1263 tate,
492 1206 547 1253 et
572 1195 833 1250 unitatem
862 1193 915 1247 in
949 1191 1212 1245 Trinitate
1238 1188 1415 1258 palam
1439 1188 1735 1257 praedicare
1771 1185 1912 1239 didi-

337 1292 530 1354 cimus,
556 1296 616 1342 ut
654 1300 817 1341 unum
849 1283 1017 1337 Deum
1036 1321 1051 1346 ,
1081 1287 1305 1351 propter
1334 1279 1597 1333 unitatem
1625 1276 1906 1339 essentize,

338 1382 622 1442 fateamur,
643 1385 700 1431 et
729 1374 1050 1429 Trinitatem
1074 1369 1508 1440 inseparabilem,
1548 1369 1661 1440 33
1692 1376 1911 1438 propter

338 1467 763 1525 substantiarum
780 1470 942 1532 atque
961 1475 1314 1531 personarum
1334 1457 1912 1521 dill‘erentiam,docea-

338 1578 489 1628 mus;
523 1561 648 1616 dum
679 1559 745 1614 de
771 1557 930 1612 Patre
957 1553 1129 1608 Filius
1153 1552 1485 1608 mternaliter
1508 1551 1775 1614 nascitur,
1789 1547 1912 1619 Spi—

337 1673 425 1712 tus
444 1662 663 1711 sanctus
683 1654 750 1707 de
770 1652 930 1706 Patre
951 1647 1244 1718 procedere
1267 1645 1636 1706 conﬁrmatur,
1659 1643 1910 1698 eumdem

337 1750 432 1805 Dei
463 1748 628 1803 Filius
647 1745 713 1799 de
731 1761 827 1798 suo
854 1741 1087 1812 accipere
1112 1738 1380 1810 perhibet,
1406 1747 1460 1793 et
1490 1738 1544 1792 in
1569 1736 1787 1791 nomine
1811 1749 1910 1790 suo

2010 551 2162 617 prius
2190 549 2242 602 in
2274 547 2604 617 Ephesinam
2632 547 2820 600 urbem
2845 547 3133 609 convenit;
3176 546 3229 601 in
3279 563 3386 617 quo
3420 549 3598 603 unitio

2011 640 2064 693 in
2087 638 2303 694 Christo
2327 638 2763 693 convenientium
2791 645 3129 702 naturarum,
3162 637 3216 692 id
3244 647 3347 701 est,
3373 638 3596 694 deitatis

2011 737 2174 798 atque
2224 727 2580 782 humanitatis
2621 727 2677 781 in
2725 726 2943 782 Christo
2987 727 3251 782 connexio
3295 727 3594 782 secundum

2009 821 2439 877 subsistentiam.
2464 818 2756 875 salubriter
2786 820 3073 890 przedicata
3114 829 3221 886 est,
3246 828 3302 875 et
3333 820 3598 891 profanus

2016 910 2037 949 ί
2066 909 2394 966 hominicola
2421 908 2702 965 Nestorius
2729 910 3012 965 dominica:
3045 910 3431 980 dispensationi
3460 910 3598 965 infe-

2011 1013 2160 1069 stus,
2183 1012 2370 1073 utpote
2399 1004 2491 1073 qui
2533 1003 2822 1059 adoranda:
2856 1002 3248 1058 lncarnationis
3294 1018 3599 1069 arcanum,

2012 1097 2181 1152 Deum
2204 1097 2273 1152 ab
2306 1097 2523 1151 homine
2547 1095 2867 1166 separando,
2891 1094 3249 1164 disjunxerat,
3271 1103 3328 1149 et
3350 1103 3598 1150 sanctam

2012 1189 2277 1259 virginem
2306 1189 2533 1244 Mariam
2558 1189 2655 1244 Dei
2684 1190 3003 1261 genitricem
3023 1188 3356 1259 blasphemis
3376 1187 3604 1244 vocibus

2011 1278 2348 1351 objurgabat,
2369 1281 2395 1320 ⁸
2420 1294 2520 1349 per
2546 1278 2827 1333 duodecim
2852 1278 3160 1333 veneranda
3191 1276 3601 1347 capitula,mul-

2013 1367 2183 1437 tiplici
2226 1368 2572 1423 anathemate
2624 1367 2677 1420 in
2726 1374 3041 1438 perpetuam
3095 1366 3602 1422 condemnationem

2012 1477 2136 1517 cum
2160 1460 2323 1516 sociis
2336 1461 2449 1516 suis
2469 1458 2711 1529 deiectus
2728 1468 2832 1523 est,
2847 1458 3092 1515 conﬁteri
3109 1459 3372 1514 veraciter
3387 1458 3601 1523 nolens,

2013 1554 2155 1623 quod
2172 1550 2390 1607 Verbum
2407 1569 2529 1606 caro
2542 1552 2741 1622 factum
2753 1561 2827 1606 est
2836 1592 2850 1616 ,
2861 1560 2908 1605 et
2923 1551 3172 1605 habitavit
3185 1551 3242 1604 in
3254 1551 3402 1604 nobis
3415 1548 3601 1621 (Joan.

2012 1643 2194 1715 1.1%),
2217 1643 2271 1698 id
2292 1652 2395 1707 est,
2417 1642 2564 1697 Deus
2590 1641 2852 1707 Verbum,
2875 1641 3127 1710 idemque
3154 1639 3322 1695 Filius
3343 1640 3438 1695 Dei
3461 1680 3478 1705 ,
3501 1655 3603 1711 pro

2016 1732 2355 1789 nobisfaetus
2368 1741 2452 1787 est
2467 1734 2647 1795 homo,
2664 1730 2690 1770 ιι
2708 1731 2762 1786 id
2775 1731 2916 1801 quod
2929 1739 3048 1786 erat
3064 1746 3312 1794 manens,
3331 1729 3508 1786 factus
3517 1740 3605 1784 est

338 1840 476 1895 mitti
499 1855 528 1892 a
561 1836 719 1891 Patre
741 1832 1001 1904 Spiritum
1030 1839 1273 1885 sanctum
1298 1828 1627 1890 manifestat,
1654 1834 1710 1880 et
1736 1823 1911 1880 insuf-
1938 1829 1987 1888 B
2013 1825 2156 1895 quod
2181 1840 2286 1880 non
2306 1833 2427 1879 erat
2463 1842 2477 1878 :
2510 1834 2567 1880 et
2590 1824 2715 1894 quia
2744 1823 2907 1879 simul
2927 1838 3079 1888 caro,
3102 1822 3261 1878 simul
3292 1823 3449 1878 Verbi
3475 1840 3607 1878 raro

337 1925 824 1997 ﬂando‘discipulis,
842 1923 1072 1994 Accipite
1088 1920 1351 1993 Spiritum
1362 1918 1790 1990 sanctumann.
1803 1932 1913 1980 xvr,

338 2041 387 2076 υ.
416 2020 527 2092 ii),
550 2028 611 2074 ut
631 2027 755 2089 pote
772 2017 800 2057 ι»
829 2015 897 2070 de
920 2029 979 2068 se
999 2013 1399 2084 procedentem,
1434 2010 1755 2065 adnuntiat:
1784 2018 1839 2064 et
1861 2010 1920 2064 in

337 2114 505 2172 celos
528 2111 842 2170 ascendens,
869 2117 922 2161 nt
939 2106 1287 2177 promiserat,
1306 2103 1635 2159 Paraclitum
1665 2103 1733 2158 ad
1755 2102 1921 2158 disci-

340 2203 497 2275 pulos
519 2200 702 2255 mittit.

380 2328 385 2335 ι
410 2293 487 2347 Ex
526 2291 630 2346 hoc
658 2302 787 2359 ergo
811 2286 1071 2342 vivaciter
1091 2285 1411 2347 edocemur,
1438 2289 1495 2337 et
1535 2282 1752 2336 unicam
1781 2280 1919 2335 divi-

337 2385 523 2444 uitatis
546 2382 860 2445 essentiam,
886 2388 941 2433 et
960 2384 1181 2448 propter
1200 2374 1515 2430 inconfusus
1544 2372 1918 2428 subsistentia-

340 2489 459 2530 rum
493 2471 887 2544 proprietates,
924 2466 1244 2521 Trinitatem
1275 2464 1569 2536 prredicare
1596 2464 1912 2533 perfectam.

337 2566 517 2622 Patris
538 2563 702 2635 igitur
719 2569 772 2617 et
797 2560 918 2614 Filii
936 2570 992 2614 et
1017 2557 1257 2630 Spiritus
1276 2557 1472 2622 sancti,
1491 2556 1631 2612 sicut
1659 2572 1765 2610 una
1790 2571 1918 2611 vere

339 2667 423 2716 est
443 2655 731 2719 divinitas;
762 2654 835 2707 ita
860 2667 968 2707 una
993 2658 1078 2706 est
1102 2649 1297 2722 gloria,
1314 2649 1620 2719 imperium,
1639 2645 1914 2716 maiestas,

340 2750 537 2811 virtus,
562 2755 725 2816 atque
751 2742 988 2815 potentia
1008 2782 1023 2807 ,
1053 2756 1161 2796 una
1187 2755 1403 2811 quoque
1437 2752 1624 2794 eorum
1657 2739 1920 2794 naturalis

341 2838 611 2902 voluntas,
638 2842 696 2890 et
720 2850 828 2888 una
855 2841 939 2887 est
962 2830 1228 2900 operatio.

412 2926 616 2995 Quibus
646 2925 860 2981 duobus
885 2921 1285 2977 universalibus
1316 2906 1747 2990 venerandisque
1775 2918 1925 2975 Con-

342 3019 481 3073 ciliis
500 3016 739 3072 Tertium
762 3013 1014 3084 generale
1046 3024 1069 3051 ε
1098 3013 1450 3067 ducentorum
1479 3020 1788 3068 sanctorum
1821 3011 1923 3066 Pa-

2019 1925 2257 1978 animata
2284 1923 2468 1977 anima
2493 1921 2766 1986 rationali,
2783 1922 2838 1976 in
2867 1921 3049 1977 Verbo
3074 1922 3274 1991 quippe
3299 1920 3402 1974 hoc
3426 1919 3605 1990 ipsum

2019 2013 2319 2069 subsistere
2346 2013 2553 2068 habuit.
3400 2068 3403 2071 .

2088 2106 2197 2162 Pro
2239 2106 2549 2177 huiusmodi
2587 2118 2715 2176 ergo
2748 2105 2815 2161 de
2866 2103 3236 2160 incarnatione
3293 2104 3388 2158 Dei
3441 2103 3604 2160 Verbi

2018 2198 2221 2269 regulis
2250 2196 2624 2269 explanandis,
2640 2196 2806 2251 etiam
2829 2195 3089 2263 Quartum
3114 2204 3363 2251 sanctum
3387 2210 3611 2250 sexcen-

2018 2296 2199 2342 tarum
2228 2287 2451 2357 triginta
2494 2287 2718 2342 Patrum
2771 2295 3084 2342 sanctorum
3128 2285 3430 2342 Concilium
3455 2327 3471 2351 ,
3503 2288 3606 2342 sub

2016 2390 2257 2453 augustae
2285 2381 2561 2436 memoria:
2587 2378 2860 2443 Marciano
2885 2378 3239 2450 lmperatore,
3272 2379 3328 2434 in
3367 2378 3602 2435 Chalce-

2017 2476 2155 2530 dona
2180 2473 2477 2536 concurrit,
2492 2472 2580 2527 cui
2601 2471 2946 2541 Apostolieus
2966 2471 3111 2542 Papa
3126 2471 3236 2527 Leo
3258 2486 3355 2542 per
3373 2471 3614 2542 Legatos

2016 2573 2071 2620 et
2103 2564 2347 2620 Vicarios
2365 2562 2600 2635 praefuit,
2627 2563 2803 2635 cujus,
2821 2562 2916 2619 Dei
2939 2564 3115 2635 gratia
3144 2564 3482 2628 reserante,i
3514 2579 3613 2618 ve-

2018 2655 2242 2711 nerabili
2258 2662 2403 2710 tomo
2418 2652 2618 2708 ﬁrmati
2629 2652 2821 2709 Patres
2837 2653 3233 2709 sententialiter
3246 2653 3358 2725 38
3368 2655 3612 2724 promul-

2018 2753 2301 2819 gaverunt,
2327 2760 2396 2799 ex
2423 2742 2633 2799 duabus
2657 2752 2713 2799 et
2742 2743 2797 2798 in
2825 2743 3035 2800 duabus
3070 2743 3303 2809 naturis,
3326 2743 3440 2798 sive
3480 2743 3608 2797 sub-

2019 2835 2255 2898 stantiis,
2274 2833 2329 2888 id
2355 2841 2460 2900 est,
2479 2832 2677 2888 deitate
2705 2840 2868 2902 atque
2889 2833 3432 2896 humanitate,unum
3459 2845 3614 2886 eum-

2018 2927 2252 2997 demque
2281 2923 2477 2979 Filium
2507 2924 2603 2979 Dei
2645 2924 2932 2979 Dominum
2960 2923 3149 2979 Jesum
3192 2923 3499 2989 Christum;
3554 2930 3615 2980 et

2020 3017 2163 3088 quod
2200 3015 2253 3070 in
2291 3014 2439 3070 nullo
2472 3024 2750 3085 perempta
2797 3015 2870 3070 sit
2917 3014 3222 3070 diti‘erentia
3263 3024 3614 3079 naturarum,

343 3120 485 3165 trum
509 3107 741 3163 accessit
762 3105 1080 3169 Concilium,
1096 3104 1241 3175 quod
1261 3105 1361 3159 sub
1376 3104 1690 3174 principalis
1703 3103 1922 3173 quidem
2024 3108 2197 3178 magis
2233 3116 2415 3164 autem
2436 3149 2449 3171 ,
2486 3106 2637 3163 salva
2681 3108 3045 3179 proprietate,
3074 3114 3308 3177 utraque
3334 3117 3528 3162 natura
3556 3108 3613 3162 in

341 3201 616 3258 memoria:
640 3199 670 3241 ά
693 3199 999 3254 Theodosio
1018 3197 1258 3267 Augusto
1287 3194 1487 3250 factum
1513 3203 1626 3259 est,
1661 3207 1684 3235 ε
1710 3211 1775 3249 ex
1821 3212 1923 3249 au-
1948 3180 1994 3241 (ἶ
2025 3215 2188 3254 unam
2228 3212 2516 3269 personam
2570 3208 2735 3270 atque
2783 3198 3190 3255 subsistentiam
3229 3199 3571 3254 concurrerit
3597 3215 3616 3253 :

342 3294 593 3349 etoritate
629 3300 807 3347 tamen
829 3289 1103 3345 Coelestini
1127 3288 1449 3359 Apostolica:
1465 3288 1608 3344 sedis
1630 3288 1922 3354 Antistitis,

422 3417 449 3445 ι
489 3403 743 3461 Sanctam
766 3409 815 3456 et
857 3398 1259 3472 inseparabilem
1286 3398 1638 3472 Trinitatem,
1666 3409 1770 3455 etc.
1819 3399 1933 3454 Nu-

352 3476 525 3546 spiam
544 3473 799 3546 reperire
816 3479 900 3527 est
923 3470 1221 3546 pleniorem
1267 3470 1751 3546 dilucidioremque
1809 3487 1924 3546 my-

349 3540 500 3601 sterii
530 3540 815 3599 Trinitatis
841 3540 1265 3612 expositionem;
1296 3548 1358 3596 ut
1385 3542 1581 3596 merito
1601 3540 1928 3597 Anastasius

346 3615 795 3672 Dibliothecarius
835 3612 1155 3682 Gregorium
1191 3621 1438 3666 nostrum
1490 3612 1709 3682 dixerit,
1737 3612 1928 3666 divina:

347 3686 634 3757 Scriptura!
663 3681 1023 3757 ενυάὶειιηιίεε
1064 3681 1349 3757 facundum
1375 3681 1600 3757 loquela.

417 3757 445 3796 δ
465 3750 561 3809 ’Πε
581 3770 635 3808 se
658 3752 1039 3823 procedentem.
1070 3751 1224 3818 Quod
1250 3752 1301 3804 in
1333 3751 1435 3804 hac
1458 3750 1813 3823 professione
1824 3751 1930 3823 Ami-

347 3842 453 3880 nus
475 3820 730 3893 expresse
748 3821 974 3893 dicitur,
993 3821 1047 3874 in
1077 3827 1451 3893 eortsequenteg
1464 3820 1668 3875 clarius
1694 3820 1930 3893 explica-

347 3903 523 3955 catur,
545 3889 576 3944 ἰ
615 3892 876 3962 Spiritum
890 3897 1156 3962 sanctum
1196 3905 1297 3945 nec
1331 3889 1571 3962 genitum
1593 3905 1695 3962 nec
1718 3889 1932 3961 ingeni-

348 3974 484 4029 tum,
502 3963 598 4018 sed
618 3959 685 4018 de
704 3961 862 4015 Patre
884 3959 1130 4031 Filioque
1151 3960 1550 4031 procedentem.
1578 3980 1596 4013 ι
1617 3960 1747 4027 Quae
1764 3959 1929 4015 verba

348 4034 551 4089 suntin
583 4031 840 4102 Symbolo
865 4030 1116 4100 Gregorii
1156 4030 1493 4102 Magnitnon
1523 4031 1653 4086 item
1699 4032 1751 4102 in
1798 4031 1934 4086 Fide

351 4103 575 4187 Pelagii.
617 4100 997 4187 Porronautem
1017 4102 1072 4156 in
1108 4100 1339 4187 utraque
1368 4100 1938 4187 Diurpiprofessione

272 4196 273 4199 η
351 4171 662 4230 continetur
686 4171 925 4236 traditio,
948 4186 1109 4241 quam
1128 4190 1155 4243 γι
1193 4171 1264 4226 ab
1292 4171 1618 4243 Apostolicis
1650 4181 1705 4227 et
1735 4174 1933 4243 proba-

349 4244 574 4300 tissimis
607 4242 1835 4316 praadecessorihus‘immutabiliterservatam
1867 4260 1932 4301 ac

350 4313 627 4372 defensam
666 4335 683 4368 ο
740 4314 935 4369 summi
964 4313 1257 4368 Pontifices
1286 4328 1361 4366 vti
1395 4313 1593 4368 saeculo
1642 4314 1931 4371 docebant.

353 4388 410 4442 In
442 4385 643 4442 Ordine
664 4385 928 4449 Romano,
956 4385 1047 4456 ubi
1078 4384 1257 4456 agitur
1275 4383 1344 4456 de
1369 4383 1653 4456 ordinandi
1680 4385 1931 4456 Episcopi

352 4458 777 4524 interrogatione
829 4469 844 4509 :
897 4473 916 4505 ι
976 4454 1165 4509 Credis
1215 4454 1379 4509 etiam
1425 4454 1480 4508 in
1511 4454 1773 4524 Spiritum
1803 4454 1934 4511 san-

351 4536 519 4598 ctum,
542 4524 759 4598 plenum
780 4535 836 4598 et
864 4524 1163 4596 perfectum
1183 4540 1479 4598 verumque
1500 4526 1690 4592 Deum,
1716 4542 1747 4580 a
1771 4525 1930 4584 Patre

350 4606 409 4653 et
434 4594 573 4652 Filio
614 4594 1018 4668 procedentem,
1051 4603 1156 4650 etc.
1194 4616 1212 4648 ι
1242 4594 1389 4668 idem
1439 4596 1668 4651 habetur
1714 4598 1767 4651 in
1818 4612 1931 4652 ser-

352 4682 514 4723 mone
546 4667 790 4738 deiide,
818 4669 911 4738 qui
957 4667 1434 4737 interrogationem
1478 4668 1828 4737 consequitur
1871 4669 1929 4722 in

351 4739 541 4793 eodem
568 4737 792 4793 Ordine.

427 4820 449 4847 ο
492 4808 867 4862 Ducentorum.
899 4808 1098 4863 Marius
1119 4807 1390 4862 Mercator
1414 4808 1675 4861 ducentos
1708 4817 1933 4875 septua-

389 4878 500 4932 inta
565 4887 799 4946 quatuor
854 4887 1141 4938 numerat,
1200 4878 1473 4946 habetque
1523 4876 1926 4946 astipulatorent

410 4891 500 4932 nta
605 4891 799 4931 uatuor
854 4891 1141 4938 numerat,
1201 4891 1339 4932 uane
1406 4891 1473 4930 ue
1523 4891 1926 4946 asuputatorem

352 4893 416 5003 ἒ.
448 4891 744 5030 Cyr-iligna,
773 4947 865 5016 qui
906 4948 1133 5030 amplius
1173 4891 1621 5030 quainfc‘i‘ucentos
1655 4948 1929 5006 exstitisse

355 5015 563 5088 scribit.
604 5015 816 5088 Positus
855 5026 939 5088 est
975 5018 1158 5087 igitur,
1192 5015 1251 5072 ut
1274 5017 1434 5088 vulgo
1477 5016 1646 5082 solet,
1677 5033 1934 5077 numerus

354 5087 567 5160 plenu_s_,
595 5086 816 5160 omissis
838 5087 1239 5160 additamentis.

427 5158 477 5229 ἀγ
499 5156 790 5229 Theodosio
812 5156 1070 5228 Augusto.
1103 5159 1400 5228 Augustum
1425 5158 1577 5224 dicit,
1600 5166 1659 5213 ut
1684 5174 1712 5212 a
1743 5158 1934 5229 Magno

358 5228 669 5299 distinguat,
703 5227 756 5282 id
794 5227 909 5294 est,
919 5227 1259 5299 juniorem’a
1304 5229 1543 5293 seniore,
1573 5227 1935 5298 nepotcmab

359 5313 479 5355 εινο.

440 5382 465 5410 ο
505 5369 590 5425 Ea:
617 5369 927 5424 auctoritate
945 5377 1115 5423 tamen
1145 5367 1428 5435 Calatini,
1456 5382 1562 5424 etc.
1588 5368 1704 5423 Non
1742 5370 1937 5425 indixit

360 5442 679 5498 Caelestinus
702 5439 1151 5510 Concilium,ised
1190 5439 1539 5494 indictionem
1572 5441 1928 5510 approbavit:

362 5512 625 5568 indictum
653 5511 798 5568 enim
821 5520 905 5565 est
931 5510 999 5563 ab
1025 5509 1356 5579 lmperatore
1376 5510 1703 5573 Theodosio,
1726 5511 1933 5565 artibus

360 5581 591 5637 Nestnrii
623 5582 898 5638 declinare
921 5580 1064 5635 sedis
1106 5580 1427 5648 Apostolicte
1475 5581 1799 5635 sententiam
1841 5596 1935 5633 vo-

363 5652 527 5707 lentis
561 5652 765 5707 delusa.
797 5649 1113 5707 Carlestinus
1152 5665 1303 5715 vero,
1345 5651 1447 5706 etsi
1487 5651 1742 5706 nescierit
1794 5650 1934 5705 indi-

365 5720 597 5776 ctionem
626 5722 870 5786 Concilii,
906 5730 963 5775 ut
1002 5728 1216 5777 constat
1260 5736 1327 5775 ex
1362 5721 1554 5775 litteris
1584 5720 1817 5775 Nestorii
1868 5721 1936 5775 ad

367 5792 565 5865 ipsum,
609 5793 714 5846 dici
744 5803 920 5847 tamen
952 5801 1130 5861 potest
1157 5792 1499 5862 approbasse,
1524 5793 1719 5862 partim
1743 5791 1938 5847 litteris

2025 3293 2227 3348 etenim
2247 3307 2315 3346 ex
2338 3292 2533 3362 quibus
2554 3306 2679 3348 eum
2702 3292 2975 3348 veraciter
2993 3292 3292 3348 subsistere
3316 3293 3615 3357 credimus,

2027 3407 2094 3460 ad
2116 3405 2479 3476 Theodosium
2501 3412 2558 3459 et
2586 3403 2861 3476 Synodum
2884 3403 3047 3476 datis,
3070 3405 3269 3476 partim
3298 3405 3477 3460 missis
3508 3405 3614 3459 Le-

2028 3475 2167 3600 gatis
2195 3475 2397 3538 tribus,
2422 3471 2659 3531 Arcadio
2692 3484 2747 3530 et
2781 3471 3030 3543 Proiecto
3062 3471 3355 3546 episcopis,
3385 3491 3449 3530 ac
3487 3475 3617 3530 Plii-

2052 3561 2175 3600 moo
2215 3547 2557 3600 nresbvtero.

2052 3547 2723 3739 ιιίῗῗιὶξῐιιῗῗὲᾖὲῗῗίάοηι
2764 3615 2954 3685 objicit
2988 3615 3200 3686 passim-
3241 3614 3476 3687 Cyrillus
3514 3614 3621 3671 Ne-

2052 3704 2061 3739 ι
2122 3700 2222 3739 rio.
3136 3719 3143 3723 ς

2032 3700 2222 3741 ειοτιο.
3136 3719 3143 3723 .

2104 3758 2129 3825 Β
2168 3754 2272 3808 Per
2299 3755 2573 3825 duodecim
2599 3754 2855 3825 capitula,
2880 3764 2985 3811 etc.
3010 3756 3087 3810 De
3117 3756 3205 3812 his
3232 3756 3334 3811 ista
3365 3756 3617 3811 observa.

2027 3825 2070 3879 l.
2109 3824 2359 3879 iussione
2389 3824 2661 3880 Caelestini
2692 3826 2891 3880 summi
2926 3825 3214 3882 Pontiﬁcis
3246 3826 3392 3881 edita
3428 3841 3551 3881 esse
3588 3844 3619 3880 a
3650 3856 3653 3857 ν

2031 3896 2088 3950 S.
2121 3894 2325 3967 Cyrillo
2343 3894 2397 3949 in
2419 3894 2745 3967 [Egyptiaca
2764 3896 3005 3967 Synodo,
3044 3897 3321 3967 missaque
3355 3911 3453 3967 per
3480 3913 3615 3965 qua-

2031 3974 2157 4020 tuor
2170 3965 2464 4035 episcopos
2493 3965 3015 4035 Constantinopolim
3046 3967 3114 4021 ad
3143 3965 3476 4028 Nestorium,
3494 3982 3622 4021 cum

2031 4036 2275 4110 epistolis
2306 4036 2645 4110 Synodorum
2676 4036 2933 4110 Romanae
2958 4045 3013 4092 et
3039 4036 3396 4110 Egyptiacze,
3421 4039 3625 4110 quibus

2026 4096 2317 4175 jubebatur
2341 4096 2686 4163 subscribere
2722 4107 2868 4162 intra
2900 4108 3088 4162 decem
3113 4096 3275 4173 vdi'es,
3304 4096 3408 4163 nisi
3438 4096 3624 4162 .vellet

2033 4177 2249 4249 deponi.
2276 4176 2340 4232 ll.
2369 4177 2603 4249 Nestor-ii
2624 4178 2852 4241 artibus,
2879 4178 2989 4249 imo
3013 4179 3289 4249 precibus,
3308 4180 3624 4249 impugnata

2033 4248 2347 4322 ab_Andrea
2377 4247 2842 4322 Samosateno,__et
2880 4248 3235 4322 Theodoreto
3253 4247 3501 4322 Cyre-nsi.
3530 4249 3618 4303 ιιι.

2033 4316 2636 4390 Belectapostmodum
2660 4321 2713 4373 in
2745 4319 3017 4390 Ephesiae
3054 4316 3311 4376 Concilio'
3336 4327 3392 4374 et
3426 4334 3628 4390 appro-

2035 4390 2185 4461 bata.
2218 4388 2306 4461 [νᾳ
2338 4388 2731 4461 Posthionysii
2759 4388 2951 4458 Exigui
2995 4399 3237 4461 tempora
3280 4406 3379 4461 pro
3420 4388 3627 4461 delini-

2037 4458 2420 4546 iion‘eﬁnodi
2470 4458 2757 4546 Ephesius:
2803 4458 3154 4546 receptaLV:
3208 4458 3343 4543 Cum
3401 4461 3469 4515 de
3516 4460 3624 4542 fide

1954 4537 2008 4597 D
2035 4529 2092 4602 ᾖ.
2125 4529 2311 4602 erilli
2350 4541 2633 4602 ageretur,
2669 4545 2771 4602 nec
2803 4530 2859 4584 in
2913 4529 3380 4602 Chalcedonensi,
3426 4546 3526 4586 nec
3567 4531 3623 4585 in

2040 4599 2084 4655 V
2135 4598 2600 4671 Sviiodo,':tliave
2644 4600 2813 4655 altera
2867 4611 3254 4671 consequente,
3290 4601 3427 4657 lecta
3478 4615 3621 4663 esse,

2036 4671 2131 4726 sed
2161 4670 2297 4724 alias
2319 4672 2600 4725 dumtaxat
2628 4671 2885 4741 epistolas
2935 4670 3093 4736 duas,
3120 4676 3417 4726 secundam
3461 4672 3631 4726 nimi-

2038 4755 2156 4865 ruhgt
2188 4742 2255 4796 ad
2284 4741 2616 4807 Nestorium,
2641 4740 2696 4796 et
2722 4741 3005 4811 pacificam
3028 4742 3097 4795 ad
3122 4740 3390 4796 Joannem
3431 4741 3625 4796 Antio-

2038 4827 2069 4865 c
2142 4826 2289 4865 num.

2037 4826 2289 4865 caenum.

2105 4882 2133 4921 ιι
2175 4880 2242 4934 Id
2268 4882 2407 4952 quod
2429 4889 2540 4952 erat
2574 4897 2811 4945 maneas,
2846 4889 2968 4952 etc.
3019 4881 3171 4938 Hanc
3217 4882 3625 4938 Catholieoruzn

2038 4951 2363 5006 sententiam
2388 4951 2621 5021 maligne
2645 4953 2821 5020 carpit
2841 4951 3132 5010 Eutherius
3158 4953 3249 5009 ille
3271 4952 3627 5008 Nestorianus

2042 5021 2346 5091 Tyauorum
2375 5021 2691 5092 Episcopus,
2715 5024 2804 5089 qui
2834 5037 2957 5077 cum
2986 5039 3019 5079 a
3045 5024 3285 5080 Concilio
3310 5022 3624 5077 Maximiani

2041 5100 2631 5162 exauctoratus‘esset,
2659 5106 2766 5146 non
2809 5094 2985 5162 potuit
3031 5094 3084 5149 in
3134 5095 3315 5150 sedem
3373 5092 3625 5158 restitui,

2042 5162 2289 5237 quamvis
2318 5159 2518 5216 Paulus
2565 5159 2903 5237 Emesenus,
2938 5166 3083 5237 inter
3125 5164 3421 5237 gerendum
3475 5164 3630 5233 pacis

2041 5232 2405 5303 Ecclesiarum
2459 5232 2757 5303 negotium,
2810 5234 2939 5289 totis
2988 5232 3196 5291 viribus
3256 5232 3623 5289 annitcretur.

2042 5302 2179 5357 Huic
2215 5301 2475 5358 Eutherio
2513 5301 2781 5359 tribuendi
2822 5314 2952 5359 sunt
2995 5305 3286 5361 Sermones
3339 5306 3407 5360 de
3454 5303 3629 5357 variis

2041 5372 2789 5456 propositionibus,Aquiinter
2809 5375 2984 5456 Opera
3007 5376 3067 5431 S.
3090 5376 3373 5456 Athanasii
3407 5382 3551 5456 torno
3587 5390 3629 5427 ιι

2037 5443 2168 5517 editi
2197 5450 2343 5517 sunt,
2370 5451 2431 5496 ut
2458 5443 2793 5517 ostendimus
2819 5443 2871 5499 in
2902 5447 3161 5503 Auctario
3185 5446 3431 5517 Operumr
3449 5444 3628 5517 Theo:

2039 5514 2211 5586 doreti
2244 5531 2259 5567 :
2286 5516 2612 5586 communis
2636 5585 2639 5586 ν
2663 5516 2808 5586 enim
2860 5518 3133 5586 opinionis
3183 5514 3471 5571 tribuentis
3493 5555 3509 5580 ,
3540 5515 3631 5570 vel

2037 5583 2357 5647 Athanasio,
2389 5584 2473 5639 vel
2505 5584 2740 5640 Maximo
2766 5583 3048 5653 Monacho,
3074 5588 3368 5643 falsitatem
3397 5587 3626 5641 demon-

2040 5662 2181 5709 strat
2207 5653 2276 5707 M.
2307 5652 2593 5710 Mercator.

2120 5727 2136 5765 ί
2181 5724 2476 5797 Venerabili
2500 5734 2660 5779 torno.
2693 5723 3266 5797 Epistoladogmatica
3298 5727 3367 5783 ad
3406 5727 3625 5784 Flavia-

2044 5808 2173 5850 num
2201 5794 2463 5851 adversus
2486 5809 2702 5851 errores
2725 5794 2883 5851 deliri
2912 5794 3249 5871 Eutychetis.
