3904 6186
309 355 394 415 89

1304 352 1750 411 ROMANORUM
1789 350 2236 413 PONTlFlCUM.
2276 387 2346 397 —
2382 355 2532 412 CAP.
2576 355 2637 411 ll.
3531 358 3605 415 50

312 477 383 532 in
406 476 630 533 eisdem
678 473 955 531 inconfuse
1006 474 1439 545 inseparabiliter
1484 482 1540 529 et
1583 473 1830 539 indivise,
1864 482 1919 530 et
1946 478 1998 537 Α
2054 508 2071 519 .-
2093 472 2151 529 lu
2174 475 2277 530 bbe
2306 473 2543 530 Severus
2584 471 2912 544 Acephalus,
2954 490 3074 530 cum
3111 475 3277 533 Petro
3314 486 3369 533 et
3395 477 3604 546 Zoara,

312 587 476 637 esse,
503 581 563 627 et
591 570 944 641 contemplari
989 571 1338 627 nihilominus
1378 573 1756 642 praedicamus.
1789 567 1920 635 Qui-

315 668 431 720 bus
481 664 841 734 acquiescere
866 663 1113 718 nolentes
1141 664 1487 734 blasphemus
1517 664 1830 726 Dioscorus,
1854 661 1927 715 si-

318 757 441 812 mul
463 765 519 811 et
545 754 753 811 delirus
784 754 1081 825 Eutyches,
1116 754 1631 823 auathematisjusti
1669 767 1923 817 censura,

316 864 457 903 ctum
484 860 510 889 ι
534 846 846 902 fautoribus
871 846 1005 909 suis,
1035 847 1277 914 percussi
1307 854 1451 901 sunt.

398 939 532 993 llzcc
568 938 738 1008 igitur
771 946 959 992 sancta
991 946 1157 1005 atque
1175 933 1500 991 universalia
1527 942 1758 1004 quatuor
1786 932 1926 988 Con-

317 1030 661 1093 cilia,ctiam
683 1036 934 1083 sanctum
957 1027 1217 1094 Quintum
1238 1026 1540 1083 Concilium
1558 1025 1925 1082 venerandum

322 1129 648 1175 assecutum
676 1126 782 1183 est,
804 1126 858 1172 et
891 1117 994 1172 sub
1020 1118 1124 1188 pia:
1147 1117 1424 1171 memoria:
1443 1115 1747 1171 Justiniano
1776 1116 1929 1171 Prin-

320 1215 474 1281 cipc,
503 1209 651 1279 apud
682 1206 1342 1277 ConstantinOpolitanam
1371 1207 1561 1261 urbem
1585 1213 1672 1261 est
1697 1220 1927 1277 congre-

321 1312 538 1369 gatum,
556 1297 716 1366 cujus
742 1298 977 1353 salutari
997 1296 1272 1361 consultu,
1291 1298 1316 1336 δ
1343 1312 1483 1351 unus
1504 1313 1625 1353 esse
1650 1297 1716 1352 de
1739 1303 1928 1350 sancta

321 1392 606 1447 Trinitate
647 1389 914 1444 Dominus
951 1397 1141 1443 noster
1171 1386 1331 1443 Jcsus
1368 1387 1618 1443 Christus
1663 1387 1931 1442 veraciter

322 1484 664 1557 pnedicatus
694 1490 779 1536 est
808 1500 823 1536 ς
852 1490 907 1536 et
929 1480 1323 1537 confundentes
1343 1495 1409 1536 ac
1435 1480 1735 1535 dividentes
1762 1493 1931 1534 sacrze

320 1591 452 1644 ejus
501 1572 903 1629 incarnationis
949 1585 1234 1635 arcanum,
1265 1569 1425 1625 istius
1469 1570 1620 1625 vocis
1660 1569 1930 1641 spirituali

322 1683 602 1724 triuerone
622 1665 887 1737 prostrati
920 1674 1065 1720 sunt.

400 1772 427 1798 ε
459 1761 518 1813 ln
551 1758 657 1812 hoc
686 1756 974 1828 Origenes,
993 1772 1115 1811 cum
1143 1756 1324 1826 impiis
1346 1754 1629 1826 discipulis
1649 1762 1706 1809 et
1727 1768 1927 1824 sequa-

317 1852 506 1915 cibus,
528 1848 763 1920 Didymo
783 1827 840 1903 et
866 1848 1117 1918 Evagrio,
1148 1857 1203 1903 et
1224 1847 1317 1917 qui
1346 1859 1649 1903 creatorem
1676 1848 1923 1902 omnium
1952 1827 1999 1887 Β

321 1943 498 1997 Deum
528 1952 588 1994 et
610 1954 832 1995 omnem
872 1938 1191 1993 rationalem
1220 1936 1341 2008 ejus
1368 1947 1673 1992 creaturam
1713 1936 1926 2008 gentili-

316 2036 423 2088 bus
452 2031 660 2086 fabulis
688 2031 960 2101 prosecuti
1001 2040 1151 2096 sunt,
1181 2038 1399 2085 :eterna:
1443 2038 1570 2084 sunt
1598 2030 1926 2086 condemna-

324 2125 457 2179 tioui
486 2123 776 2179 submissi.

393 2216 451 2270 lo
494 2230 570 2270 eo
611 2214 934 2269 Theodorus
983 2212 1394 2282 Mopsuestenus
1458 2222 1619 2267 autor
1663 2210 1924 2277 Nestorii,

325 2308 651 2379 pariterque
682 2306 967 2369 Diodorus,
991 2313 1046 2358 et
1074 2320 1265 2359 manes
1288 2303 1613 2359 execranda:
1643 2302 1927 2358 divisionis

328 2397 607 2469 discipuli,
658 2397 748 2469 qui
805 2406 858 2452 et
912 2393 1399 2452 SentioNestoriani
1435 2393 1609 2449 vocati
1644 2402 1790 2458 sunt,
1825 2394 1927 2450 sub

327 2491 702 2547 aiuuiematis
727 2499 934 2545 acterna
962 2503 1192 2544 censura
1218 2489 1288 2542 ab
1309 2487 1553 2543 Ecclesia
1577 2487 1671 2541 Dei
1699 2484 1925 2557 projecti

331 2594 477 2639 sunt.
505 2583 645 2639 Cum
679 2583 770 2637 his
800 2595 852 2636 et
873 2580 1121 2652 epistola,
1158 2578 1271 2651 39
1295 2593 1416 2648 qua:
1460 2576 1567 2632 lbte
1611 2576 1813 2631 dicitur
1856 2577 1927 2633 ad

331 2676 523 2730 Marim
560 2673 806 2734 Persam,
838 2680 892 2727 et
913 2673 1113 2742 scripta
1140 2669 1457 2726 Theodoriti
1487 2666 1748 2723 adversus
1793 2667 1927 2722 bea-

332 2765 609 2822 tissimum
659 2762 919 2837 Cyrillum
942 2803 957 2829 ,
1005 2777 1129 2817 cum
1186 2759 1639 2818 condemnatione
1686 2756 1924 2828 projecta

402 3000 428 3025 ι
473 2982 801 3038 Fauroribus
846 2986 975 3039 suis.
1033 2984 1374 3055 Sequebatur
1420 2985 1472 3040 in
1524 2985 1624 3041 Ms.
1668 2986 1856 3041 codice
1907 3006 1921 3042 :

335 3055 528 3126 gCum
566 3055 656 3109 his
696 3064 752 3109 et
795 3054 1191 3126 epistola,qu:u
1219 3054 1325 3110 ibat
1373 3056 1574 3111 dicitur
1620 3058 1686 3111 ad
1733 3055 1923 3112 Marini

330 3124 577 3188 Persam,
596 3135 654 3180 et
678 3124 883 3195 scripta
911 3124 1235 3182 Theodoreti
1259 3127 1518 3182 adversus
1545 3127 1916 3183 beatissimum

2026 566 2345 635 cazterisque
2393 581 2581 621 eorum
2638 566 2817 636 impia:
2871 565 3208 623 confusionis
3265 569 3608 627 consortibus

2026 665 2190 726 atque
2220 657 2562 725 sequacibus,
2588 664 2846 727 perpetua
2878 657 3331 715 condemuatione
3350 658 3609 729 prostrati

2025 753 2170 809 sunt,
2199 754 2253 801 et
2279 762 2471 801 omnes
2510 747 2604 815 qui
2635 761 2701 800 ex
2734 747 2944 802 duabus
2970 756 3026 802 et
3072 748 3126 802 in
3154 747 3365 805 duabus
3401 750 3611 805 naturis

2026 841 2139 896 sive
2192 839 2543 902 substantiis,
2589 854 2711 893 cum
2744 854 2932 893 earum
2973 840 3415 910 proprietatibus,
3444 858 3611 898 unum

2026 932 2386 1000 eumdemque
2436 930 2722 985 Dominum
2783 940 3029 986 nostrum
3092 932 3275 989 Jcsum
3335 934 3610 991 Christum

2025 1025 2222 1080 Filium
2252 1025 2344 1079 Dei
2372 1039 2701 1095 cognoscere
2732 1034 2985 1079 renuunt.
3018 1024 3044 1065 ἀ
3080 1025 3181 1093 Qui
3211 1043 3336 1082 cum
3366 1027 3512 1084 Deus
3541 1030 3612 1084 sit

2028 1115 2507 1171 consulistautialis
2532 1114 2682 1170 Patri
2705 1124 2870 1185 atque
2896 1125 3217 1181 coaeternus,
3248 1128 3469 1188 propter
3514 1136 3613 1177 nos

2028 1219 2380 1278 nostramque
2416 1209 2648 1264 salutem
2687 1210 2967 1265 descendit
2999 1210 3066 1265 de
3096 1212 3248 1277 czelo,
3277 1223 3333 1267 et
3361 1214 3613 1269 incarna-

2028 1307 2114 1353 tus
2136 1307 2220 1353 est
2248 1299 2312 1352 dc
2343 1298 2547 1369 Spiritu
2579 1311 2792 1363 saneto,
2838 1299 2888 1354 id
2936 1309 3039 1362 est,
3081 1302 3400 1370 operatione
3437 1304 3611 1361 sancti

2029 1390 2265 1461 Spiritus
2294 1391 2447 1461 virgo
2494 1391 2590 1446 Dei
2631 1391 2799 1446 ﬁlium
2841 1392 3124 1461 concepit,
3153 1407 3320 1448 carne
3375 1394 3612 1449 animam

2027 1478 2258 1535 habente
2302 1481 2625 1536 rationalem
2681 1491 2845 1552 atque
2888 1482 3311 1538 intellectualem
3349 1502 3362 1538 :
3402 1485 3458 1540 in
3505 1501 3609 1555 qua

2027 1585 2192 1625 carne
2218 1579 2273 1625 et
2307 1571 2599 1628 cruciﬁxus
2628 1581 2732 1636 est,
2756 1583 2813 1628 et
2838 1582 3084 1630 mortuus
3106 1583 3211 1639 est,
3237 1585 3291 1631 et
3319 1576 3478 1630 tertia
3503 1577 3613 1635 die.

2028 1663 2168 1717 sicut
2197 1663 2389 1728 voluit,
2417 1666 2717 1720 resurrexit
2739 1681 2769 1719 a
2794 1668 3040 1731 mortuis,
3065 1669 3255 1722 mortis
3282 1678 3482 1724 nostra!
3507 1670 3616 1725 dis-

2031 1751 2249 1807 solvens
2279 1752 2566 1823 imperium
2598 1773 2612 1807 :
2648 1754 2700 1809 in
2745 1770 2853 1822 qua
2897 1771 3094 1820 carne,
3128 1772 3290 1825 quam
3342 1774 3407 1814 ex
3460 1759 3617 1814 nobis

2027 1844 2321 1913 assumpsit
2357 1844 2565 1913 absque
2623 1845 2738 1918 solo
2763 1854 3006 1915 peccato,
3031 1847 3181 1902 sedet
3223 1849 3292 1903 ad
3336 1849 3615 1904 dexteram

2027 1934 2230 1998 Patris,
2265 1935 2317 1989 in
2348 1950 2409 1989 ea
2457 1945 2715 1991 venturus
2754 1936 2999 2006 judicare
3040 1938 3191 1992 vivos
3231 1946 3287 1992 et
3322 1947 3566 1994 mortuos
3598 1959 3610 1993 :

2028 2027 2182 2098 cujus
2221 2027 2371 2097 regni
2403 2042 2507 2081 non
2544 2028 2650 2082 erit
2677 2027 2818 2082 ﬁnis.

2104 2129 2127 2156 θ
2157 2117 2304 2171 Inter
2326 2118 2441 2173 lucc
2471 2119 2779 2173 veneranda
2817 2118 3143 2174 universalia
3195 2119 3436 2192 quinque
3468 2120 3611 2178 Con-

2030 2207 2154 2263 cilia
2182 2208 2346 2262 etiam
2387 2218 2636 2263 sanctum
2685 2207 2913 2263 Sextum
2957 2208 3261 2265 Concilium
3310 2210 3616 2266 universale

2030 2307 2246 2353 centum
2285 2299 2627 2369 septuaginta
2651 2300 2890 2369 quinque
2904 2300 3290 2356 venerabilium
3317 2299 3615 2355 Prmsulum

2028 2390 2414 2460 praedicamus,
2444 2391 2588 2461 quod
2613 2389 2826 2446 favente
2856 2390 2986 2457 Deo,
3018 2401 3073 2447 et
3102 2400 3284 2447 votum
3319 2390 3337 2430 ί
3372 2392 3474 2462 βίω
3502 2407 3617 2447 me-

2030 2481 2218 2536 moria:
2265 2481 2445 2552 magni
2495 2481 2765 2551 Principis
2810 2482 2983 2538 nostri
3025 2482 3237 2537 Domini
3276 2480 3615 2537 Constantini

2026 2574 2325 2629 clementer
2347 2572 2624 2642 implente,
2657 2573 2711 2628 in
2745 2573 2890 2628 Urbe
2919 2574 3091 2645 regia,
3118 2576 3143 2614 ε
3173 2588 3238 2628 eo
3264 2574 3613 2644 praesidente.

2028 2662 2362 2719 celebratum
2408 2673 2519 2729 est,
2567 2666 2653 2718 cui
2697 2663 3022 2735 Apostolicze
3077 2663 3466 2719 recordationis
3506 2664 3617 2738 40

2028 2755 2241 2827 Agatho
2268 2754 2411 2826 Papa
2434 2757 2461 2796 ιι
2485 2772 2582 2826 per
2606 2755 2840 2827 Legatos
2872 2772 2999 2812 suos
3023 2766 3078 2813 et
3099 2756 3458 2828 Responsales
3476 2775 3615 2830 pra:-

2029 2844 2152 2909 fuit,
2185 2844 2340 2913 cujus
2370 2848 2736 2902 venerabilem
2768 2855 2973 2903 tomum
3000 2848 3290 2904 celebriter
3321 2864 3615 2922 assequen-

2027 2980 2328 3051 lmpcrator
2351 2981 2767 3058 Constantinus.
2812 2985 3009 3058 Verum
3047 2986 3310 3042 refellitur
3342 2988 3560 3058 egregie
3581 3006 3614 3042 ιι

2030 3053 2522 3108 controversiarum
2554 3056 2675 3110 ﬁdei
2706 3055 3118 3122 tractatmibus,
3147 3067 3205 3112 ut
3248 3072 3355 3113 non
3382 3053 3500 3112 'sit'
3521 3074 3614 3114 ne-

2030 3138 2185 3179 cesse
2222 3139 2320 3179 nos
2350 3139 2580 3195 pugnam
2621 3125 2734 3197 jam
2775 3127 2995 3182 dudum,
3022 3127 3325 3184 confectam
3375 3129 3613 3185 redinte-

329 3196 594 3268 Cvrillum
625 3210 752 3251 cum
785 3188 1233 3252 condemnatione
1269 3195 1510 3267 projects
1553 3206 1698 3253 suat.
1743 3218 1763 3251 ι
1808 3199 1914 3254 Sed
1943 3188 1991 3249 C
2018 3209 2206 3268 graue:

330 3267 535 3346 reiecta
567 3269 760 3346 estmin
815 3283 969 3346 suum
1003 3268 1176 3346 locum
1220 3269 1323 3346 ista
1369 3274 1651 3346 περικοπή,
1668 3268 1809 3324 unde
1831 3285 1928 3346 per

331 3338 603 3393 incuriam
643 3336 998 3392 Notariorum
1025 3339 1227 3393 dimota
1264 3336 1448 3393 l‘uerat'
1475 3358 1487 3392 :
1515 3340 1752 3408 pertinet
1780 3336 1925 3395 enim

331 3410 397 3464 ad
429 3409 641 3471 locum,
677 3409 768 3462 ubi
801 3409 860 3462 lit
888 3410 1089 3462 mentio
1117 3410 1183 3463 de
1209 3409 1249 3464 V
1279 3409 1543 3464 Concilio.

400 3481 429 3518 δ
472 3476 629 3531 Unus
656 3479 725 3532 de
754 3490 940 3532 sancta
973 3478 1247 3534 Trinitate.
1284 3479 1557 3550 Spectant
1600 3480 1715 3535 lucc
1760 3482 1926 3536 verba

334 3564 604 3603 eanonem
634 3564 684 3620 iv
716 3549 918 3618 quinta:
940 3550 1141 3620 Synodi
1167 3569 1180 3604 :
1217 3569 1236 3600 ί
1275 3548 1483 3619 Siquis
1510 3565 1617 3604 non
1638 3550 1928 3606 conﬁtetur

335 3620 606 3673 unitatem
635 3619 729 3673 Dei
762 3620 921 3674 Verbi
951 3619 1017 3674 ad
1039 3636 1258 3675 carnem
1289 3621 1586 3675 animatam
1614 3623 1794 3675 anima
1832 3638 1924 3676 ra-

329 3689 587 3745 tionabili
611 3699 671 3744 et
711 3689 1078 3754 intellectuali,
1118 3691 1416 3746 secundum
1456 3692 1922 3761 compositionem,

330 3762 454 3815 sive
500 3761 801 3815 secundum
855 3762 1289 3824 subsistentiam,
1348 3762 1548 3816 factam
1602 3778 1744 3827 esse,
1786 3764 1927 3818 sicut

329 3831 515 3886 sancti
549 3830 741 3885 Patres
767 3831 1098 3897 docuertutt;
1139 3841 1195 3886 et
1234 3832 1356 3887 ideo
1393 3848 1555 3886 unam
1591 3832 1707 3902 ejus
1752 3835 1928 3902 subsi-

329 3903 594 3956 stentiam
616 3903 998 3971 compositura,
1018 3904 1111 3971 qui
1140 3912 1224 3957 cst
1262 3903 1520 3957 Dominus
1556 3901 1743 3959 noster
1770 3901 1929 3959 Jesus

330 3972 620 4036 Christus,
646 3987 787 4027 unus
829 3972 900 4028 de
926 3983 1117 4029 sancta
1146 3973 1411 4028 Trinitate
1431 4013 1447 4039 ,
1479 3972 1601 4028 talis
1635 3974 1927 4029 anathema

335 4046 431 4098 sit.
483 4062 500 4094 ι

409 4125 437 4151 ε
482 4112 553 4167 In
584 4113 682 4166 hoc
720 4111 992 4183 Origenes,
1031 4123 1142 4168 etc.
1192 4113 1326 4169 Vide
1378 4113 1824 4169 Dissertationem
1860 4114 1930 4169 de

332 4184 547 4251 Quinta
600 4183 821 4253 Synodo
875 4183 1216 4252 subjunctam
1274 4184 1513 4241 Liberali
1566 4184 1844 4239 Breviario
1895 4200 1926 4239 a

332 4255 503 4308 nobis
529 4254 698 4308 edito.

332 4255 503 4310 nobis
529 4255 698 4308 edito.

411 4324 442 4363 ιι
479 4322 587 4391 Qui
612 4340 737 4395 eam
767 4324 907 4379 Deus
933 4326 1022 4391 sil,
1049 4332 1155 4381 etc.
1181 4324 1357 4380 Locus
1386 4326 1477 4381 hic
1517 4326 1806 4395 respondet
1838 4341 1929 4381 ca-

337 4395 475 4449 noni
525 4411 566 4448 tt
595 4393 822 4449 Coneilii
855 4395 1239 4451 Lateranensis
1266 4397 1370 4451 sub
1398 4393 1627 4450 Mat-tino
1656 4396 1696 4449 Ι.
1729 4395 1929 4451 Obser-

337 4466 587 4548 vandum
616 4481 771 4548 vero,
794 4466 932 4521 hanc
951 4475 1009 4521 et
1044 4475 1466 4548 cnltsajttenwnt
1488 4466 1924 4548 _conl‘essionem,

340 4535 801 4619 quemadmodum
827 4545 892 4619 et
911 4552 1031 4619 qua:
1055 4537 1125 4619 a'b
1146 4535 1614 4619 Episcopoeditnr
1629 4577 1645 4602 ,
1659 4546 1929 4619 acceptas
1952 4556 2006 4617 D

340 4619 468 4661 esse
493 4622 562 4678 ex
595 4605 831 4678 Synodis
852 4605 1049 4674 Quinta
1078 4605 1429 4663 Lateranensi
1459 4618 1515 4661 et
1544 4607 1709 4662 Sexta
1727 4647 1741 4672 ,
1766 4605 1929 4678 atque

340 4693 415 4730 es
449 4677 677 4746 epistola
704 4678 1025 4746 Agathonis.

424 4757 449 4785 ο
478 4747 628 4801 Inter
656 4748 768 4801 Iut'c
789 4748 1104 4814 veneranda,
1127 4758 1234 4804 etc.
1268 4747 1466 4802 Locum
1497 4749 1643 4804 hunc
1663 4763 1836 4818 usque
1862 4748 1930 4803 ad

348 4818 458 4889 ista
483 4818 682 4889 verba.
706 4834 845 4872 nexu
884 4820 1117 4889 perpetui
1164 4818 1516 4889 anathemalis
1567 4819 1929 4873 deﬂuxerunt.

349 4887 630 4943 [mincius
650 4904 774 4943 cum
813 4887 1115 4959 accepisset
1141 4903 1170 4943 a
1202 4888 1362 4942 Patre
1393 4888 1610 4945 Labbeo
1635 4906 1698 4944 ex
1730 4890 1931 4944 Diurno

350 4967 560 5023 nostro,
580 4959 810 5014 inseruit
835 4958 1075 5030 epistolae
1106 4960 1173 5014 ad
1213 4959 1588 5030 Raymundum
1633 4958 1935 5015 Formenti-

352 5044 515 5091 num,
535 5045 644 5099 qua
670 5028 881 5084 contra
900 5029 1243 5085 Cardinalem
1281 5028 1600 5099 Cajetanum
1635 5032 1703 5086 de
1734 5030 1931 5085 summi

353 5099 634 5172 Pontiﬁcis
659 5101 924 5172 dignitate
942 5100 1201 5172 disputat.

430 5170 449 5209 ι
494 5167 608 5243 Pin;
638 5167 941 5243 memoriae.
972 5167 1102 5226 Post
1127 5171 1336 5243 obitum
1382 5172 1547 5243 igitur
1589 5169 1931 5227 Constantini

353 5238 611 5313 Pogonati
636 5241 903 5313 professio
931 5242 1048 5313 haec
1074 5242 1220 5296 edita
1247 5250 1351 5313 est.

427 5310 453 5352 ε
494 5310 573 5366 Eo
602 5310 932 5382 prwsideute.
974 5312 1029 5366 l.l
1083 5320 1189 5376 est,
1232 5311 1586 5383 principalem
1632 5311 1807 5367 locum
1843 5320 1933 5383 Ate-

358 5391 516 5437 uente
542 5380 610 5437 et
636 5383 984 5453 moderante,
1012 5384 1188 5438 instar
1220 5380 1458 5453 supremi
1506 5382 1781 5450 cujusdam
1829 5380 1933 5436 Co-

354 5454 604 5520 gnitoris,
626 5453 898 5523 quomodo
920 5452 1215 5524 Gregorius
1240 5452 1693 5524 ll’lmperatorem
1738 5454 1930 5524 decere

357 5524 546 5579 scribit
572 5522 851 5580 inlitteris
878 5524 943 5578 ad
965 5522 1201 5579 Leonem
1231 5522 1498 5578 Isaurum.
1526 5523 1583 5578 ln
1612 5524 1778 5579 veteri
1801 5522 1932 5577 Bre-

356 5595 526 5649 viario
556 5595 819 5652 Ecclesia:
844 5594 1101 5666 Romana:
1137 5595 1335 5666 legitur
1362 5594 1636 5658 residente,
1665 5595 1720 5666 in
1771 5608 1929 5666 novo,

354 5675 624 5734 parum.
669 5666 924 5721 Albertus
975 5664 1221 5735 Pighius,
1278 5664 1363 5719 vir
1416 5664 1746 5735 caeteroquin
1794 5664 1932 5735 bene

359 5738 581 5807 meritus
623 5738 694 5793 de
744 5735 1006 5807 Ecclesia,
1051 5735 1273 5791 Sextum
1326 5734 1933 5807 Synodumg’contendit

359 5805 520 5862 tisse
549 5809 839 5878 politicum
859 5806 1139 5864 dumtaxat
1168 5803 1515 5872 conventum,
1540 5805 1625 5862 cui
1656 5803 1932 5875 praefuerit

2100 3266 2125 3305 ιι
2153 3264 2260 3341 Per
2279 3264 2476 3341 legatos
2503 3275 2563 3341 et
2579 3266 2921 3341 Responsales
2939 3284 3084 3323 suos.
3108 3269 3183 3323 De
3198 3269 3284 3324 his
3298 3270 3371 3341 ita
3389 3267 3449 3324 S.
3467 3270 3609 3341 Aga-

2030 3336 2124 3409 tho
2160 3337 2228 3409 ad
2281 3336 2698 3409 Constantinum
2748 3338 3179 3409 Imperatorem:
3231 3359 3250 3392 ι
3302 3336 3610 3395 Secundum

2027 3406 2329 3479 piissimam
2349 3406 2647 3479 jussionem
2673 3406 3098 3464 mansuetudinis
3127 3420 3339 3469 vestrm.
3358 3425 3459 3479 pro
3484 3414 3613 3466 obe-

2028 3477 2230 3530 dientia
2260 3492 2425 3548 quam
2465 3477 2770 3548 debuimus,
2803 3495 2907 3533 non
2945 3495 3045 3548 pro
3071 3477 3395 3534 conﬁdentia
3424 3495 3614 3534 eorum

2029 3547 2297 3617 scientias,
2323 3546 2608 3617 dirigituus
2645 3546 2961 3617 prasentes'
2983 3548 3335 3603 confamulos.
3371 3558 3611 3615 nostros,

2027 3615 2477 3677 Abundantium.
2492 3615 2754 3672 Joannem
2771 3658 2786 3681 ,
2813 3626 2872 3671 et
2896 3616 3154 3673 Joannem
3173 3659 3190 3682 ,
3230 3620 3614 3675 reverendissi-

2031 3702 2151 3759 mos
2172 3686 2371 3759 fratres
2401 3697 2617 3742 nostros
2644 3688 2967 3759 Episcopus;
3002 3688 3340 3759 Theodorum
3366 3698 3424 3745 et
3444 3690 3612 3745 Geor-

2030 3758 2206 3831 gium,
2230 3758 2782 3831 dilectissimoslllios
2830 3758 3046 3831 nostros
3079 3758 3451 3831 Presbyteros,
3488 3777 3610 3816 cum

2030 3827 2382 3884 dilectissimo
2410 3828 2520 3883 ﬁlio
2549 3837 2734 3885 nostro
2754 3828 2961 3885 Joanne
2979 3827 3326 3895 Diacono,'et
3349 3831 3614 3886 Constan-

2032 3900 2149 3972 tino
2173 3898 2518 3972 Subdiacouo
2546 3909 2747 3956 sancta:
2777 3901 3225 3972 hujusspiritalis
3259 3903 3450 3957 matris
3474 3901 3614 3972 Apo-

2031 3969 2236 4043 stolica:
2259 3970 2437 4035 sedis;
2488 3986 2701 4043 necnon
2732 3981 2787 4026 et
2818 3969 3160 4043 Theodorum
3190 3969 3607 4043 Presbyterum,

2029 4039 2291 4115 Legatum
2321 4048 2523 4115 sancta:
2562 4041 2890 4115 itavennatis
2930 4041 3185 4098 Etclesia:
3205 4083 3219 4109 ,
3246 4052 3301 4099 et
3330 4039 3613 4115 religiosos

2032 4124 2219 4166 servos
2250 4111 2342 4165 Dei
2369 4111 2682 4174 Monachus,
2707 4121 2812 4167 etc.
2851 4132 2868 4164 ι

2102 4182 2261 4237 Circa
2286 4182 2430 4254 nunc
2450 4183 2984 4254 locunrobservanda
3009 4184 3267 4254 quinque.
3296 4184 3338 4238 l.
3368 4184 3614 4239 Theodo-

2032 4269 2154 4308 rum
2187 4261 2244 4307 ct
2285 4251 2575 4326 Georgium
2625 4252 3007 4326 Presbyteros,
3030 4251 3401 4326 Joan—nemque
3430 4255 3617 4326 Diaco-

2032 4338 2182 4388 num,
2215 4323 2453 4378 tenuisse
2488 4323 2667 4378 locum
2714 4323 3011 4394 Agathonis
3055 4326 3251 4380 summi
3296 4323 3611 4385 Pontiﬁcis;

2031 4394 2434 4465 Abundantium
2460 4408 2603 4465 vero
2618 4404 2678 4465 et
2704 4404 2993 4464 utrumque
3024 4394 3286 4449 Joannem
3319 4396 3623 4465 Episcopos

2032 4462 2396 4518 Occidentalis
2444 4463 2677 4519 Concilii
2716 4462 2983 4534 legatione
3027 4466 3241 4520 functos
3273 4462 3394 4520 esse
3426 4484 3439 4519 :
3471 4462 3615 4520 unde

2036 4535 2111 4590 illi
2134 4543 2261 4605 ante
2289 4534 2655 4605 Patriarchas,
2672 4536 2759 4590 isti
2781 4544 2904 4605 post
2929 4536 3277 4599 Palriarchas
3299 4545 3611 4590 censentur.

2034 4606 2128 4660 Sic
2153 4604 2298 4659 enim
2327 4604 2528 4659 habent
2556 4615 2677 4660 acta
2701 4621 2714 4660 :
2750 4604 3155 4662 (Conveniente
3177 4615 3360 4661 sancta
3399 4615 3456 4660 et
3492 4606 3615 4659 uni-

2031 4673 2502 4748 versaliHSyngdo,
2526 4683 2657 4748 _etc.,
2673 4676 2727 4730 id
2752 4675 3159 4748 est,_'l‘heodom
3181 4684 3236 4731 et
3261 4675 3491 4748 Georgio
3520 4691 3617 4730 ve-

2033 4744 2367 4802 nerabilihus
2389 4744 2750 4815 Presbyteris,
2772 4756 2828 4801 et
2843 4746 3053 4802 Joanne
3066 4748 3365 4802 venerabili
3385 4744 3617 4801 diacono

2038 4818 2207 4900 vicem
2241 4816 2526 4900 agentibus
2552 4818 2853 4900 agathnnis
2881 4817 3208 4900 sanctissimi
3233 4824 3285 4900 et
3311 4818 3619 4900 beatissimi

2034 4886 2441 4960 Archiepiscopi
2471 4886 2707 4960 antiquae
2736 4888 2939 4954 Romaz,
2972 4897 3027 4942 et
3059 4888 3293 4960 Georgio
3315 4887 3617 4960 venerabili

2037 4958 2477 5030 acgsanctissimo
2510 4958 2928 5030 Archiepiscopo
2982 4974 3191 5029 magna:
3214 4958 3614 5015 Constantino-

2037 5028 2224 5097 poleos
2264 5043 2417 5099 nova:
2454 5029 2655 5093 Romae,
2688 5028 2744 5083 et
2783 5028 2944 5084 Petro
2977 5028 3091 5085 Deo
3117 5029 3614 5099 amabilizllresby-

2039 5107 2157 5153 tero
2184 5107 2239 5152 et
2276 5098 2559 5163 Mouacho,
2587 5100 2765 5155 locum
2797 5109 3046 5154 servante
3068 5100 3213 5155 sedis
3254 5115 3460 5163 magna
3490 5098 3617 5155 civi-

2039 5170 2169 5223 tatis
2203 5169 2577 5235 Alexandrize,
2618 5180 2674 5226 ct
2716 5170 2952 5226 Macario
2993 5171 3296 5225 venerabili
3336 5169 3618 5239 Arehiepi—

2040 5254 2202 5311 scopo
2244 5239 2577 5311 Theopoleos
2615 5242 2949 5305 Antiochiae,
2995 5249 3053 5295 et
3087 5241 3319 5311 Georgio
3361 5240 3614 5311 religioso

2040 5258 2202 5308 scopo
2254 5258 2577 5308 uteopmeos
2615 5258 2949 5305 ammenta},
2995 5258 3053 5295 et
3087 5258 3231 5297 ueor
3267 5258 3319 5296 to
3361 5258 3612 5311 religioso

2040 5309 2691 5393 Presbxter‘o'llonachn,
2716 5323 2788 5393 _et
2818 5313 3184 5393 Apoerisiario
3221 5258 3612 5393 'Jheodorinve-

2039 5379 2298 5435 nerabilis
2325 5381 2521 5435 Vicarii
2548 5382 2692 5437 sedis
2715 5379 3227 5445 Hierosolymorum,
3259 5382 3464 5437 Joanne
3486 5379 3580 5445 Epi

2039 5399 2298 5435 noramus
2332 5399 2521 5435 νιοεὶνιι
2548 5399 2692 5437 SCGIS
2715 5399 2957 5438 11181⁸0501
2994 5399 3227 5445 morum,
3259 5399 3464 5437 Joanne
3486 5399 3528 5433 Ib

2038 5465 2202 5521 scopo
2242 5451 2545 5523 Portuensl,
2577 5451 2924 5509 Abundantio
2962 5399 3489 5523 bpiscopocivitatis

2041 5519 2310 5594 teriteasis
2337 5561 2351 5584 ,
2400 5519 2606 5594 Joanne
2646 5523 2911 5594 Episcopo
2954 5519 3193 5579 civitatis
3239 5520 3613 5594 Bhegithanae,

2037 5592 2214 5663 locum
2241 5592 2934 5663 pngsentantibus’centum
2969 5594 3154 5663 viginti
3180 5592 3418 5663 quinque
3447 5603 3612 5644 vene-

2037 5659 2285 5746 maguum
2303 5662 2686 5746 Episcopal-um
2695 5667 2870 5741 sancti
2883 5659 3105 5746 concilii
3123 5659 3358 5746 antiqua:
3372 5659 3576 5746 Romae.
3590 5679 3608 5711 ι

2108 5731 2171 5787 ll.
2192 5731 2465 5805 Constare
2490 5731 2635 5799 inde,
2658 5735 2890 5805 quarum
2920 5735 3198 5805 civitatum
3229 5731 3475 5803 Episcopi
3490 5733 3615 5786 l’ue-

2042 5804 2151 5860 rint
2176 5803 2555 5860 Abundantius
2570 5815 2629 5860 et
2651 5803 2877 5876 uterque
2913 5803 3147 5859 Joannes
3179 5819 3192 5857 :
3224 5819 3455 5874 quarum
3481 5816 3611 5858 veno
