3990 6184
397 368 460 424 51
1736 343 1939 404 LIBER
1975 346 2187 402 DlURN
2197 345 2284 401 US
3583 339 3661 394 52

401 495 502 548 tes,
529 497 624 539 eos
650 477 743 551 qui
768 491 910 533 novo
936 485 990 530 et
1018 473 1270 528 irxretieo
1293 470 1541 539 dogmate
1569 462 1968 519 immaculatam
1997 465 2046 523 Α
2073 469 2315 530 peccato,
2332 459 2455 529 quia
2486 459 2539 512 in
2570 473 2628 551 se
2655 455 2864 510 salvare
2889 454 3365 551 totum-hominem
3394 463 3653 551 venerat;

405 575 502 630 Dei
531 571 831 630 Eeclesiam
857 566 1096 639 polluere
1123 563 1452 625 nitebantur,
1481 566 1536 614 et
1561 570 1776 612 errasse
1796 554 1971 609 mani-

404 665 595 722 festius
623 661 1010 734 probaverunt,
1033 661 1087 709 et
1112 666 1236 708 cum
1265 651 1348 705 sui
1377 648 1582 704 erroris
1611 658 1638 688 ι
1674 644 1971 706 autoribus,

401 766 565 826 atque
610 751 942 814 fautoribus,
984 753 1247 818 perpetuo
1291 741 1636 798 anathemate
1683 739 1972 794 damnave-

405 853 552 900 runt.

472 933 643 988 Recte
671 941 832 1000 atque
849 927 1120 982 veraciter
1146 930 1468 988 statuentes,
1495 922 1637 976 sicut
1663 919 1797 974 duas
1815 917 1976 972 unius

407 1022 622 1079 Domini
652 1020 821 1076 nostri
850 1017 978 1073 Iesu
1003 1015 1202 1072 Christi
1236 1022 1476 1076 naturas,
1505 1011 1559 1064 id
1583 1017 1686 1073 est,
1716 1008 1974 1062 deitatem

402 1124 458 1169 et
481 1112 890 1170 humanitatem,
920 1106 1073 1176 cujus
1095 1107 1228 1162 duas
1257 1104 1568 1158 nativitates
1614 1116 1734 1158 esse
1778 1114 1976 1170 cogno-

403 1205 629 1267 scimus,
655 1201 724 1257 de
748 1200 912 1255 Patre
939 1197 1208 1262 videlicet,
1237 1212 1302 1250 ex
1331 1203 1565 1259 aeterno;
1593 1193 1658 1248 de
1681 1199 1874 1254 matre,
1911 1191 1976 1244 de

404 1308 512 1364 qua
539 1292 850 1348 humanitas
890 1291 941 1346 ei
970 1289 1220 1352 accessit,
1249 1303 1316 1342 ex
1360 1295 1601 1354 tempore
1651 1298 1665 1337 :
1715 1283 1787 1337 ita
1844 1283 1978 1336 duas

404 1400 626 1457 quoque
649 1382 983 1439 substantias
1013 1380 1171 1434 unius
1193 1376 1542 1446 ejusdemque
1568 1389 1813 1444 personae
1851 1387 1978 1427 cou-

407 1478 646 1538 litemnr,
672 1473 828 1544 juxta
862 1470 1265 1526 subsistentiam
1295 1468 1495 1530 unitas,
1522 1479 1588 1518 ex
1618 1465 1815 1533 quibus
1839 1472 1894 1517 et
1924 1463 1976 1515 in

405 1567 604 1637 quibus
631 1565 770 1620 idem
799 1563 1058 1619 Dominus
1101 1569 1284 1615 noster
1323 1558 1482 1614 Jesus
1525 1556 1774 1611 Christus
1811 1553 1979 1608 Filius

406 1657 514 1730 ιι
543 1656 662 1720 Dei,
679 1663 734 1710 et
763 1653 1130 1716 adnuntiatur,
1154 1659 1208 1706 et
1227 1651 1467 1706 creditur
1493 1664 1506 1702 τ
1529 1647 1655 1717 quia
1677 1654 1820 1700 totus
1839 1645 1979 1698 Deus

409 1755 558 1800 totus
588 1745 765 1800 factus
791 1753 876 1798 est
899 1745 1081 1807 homo,
1103 1751 1158 1796 et
1212 1743 1264 1796 in
1312 1741 1426 1795 suis
1477 1740 1684 1808 integer
1732 1751 1978 1799 manens,

2075 552 2148 603 ita
2191 563 2404 619 quoque
2448 557 2505 602 et
2559 548 2692 602 duas
2749 544 3025 599 naturales
3073 543 3274 597 habere
3326 543 3670 608 voluntates,

2074 641 2314 708 duasque
2345 636 2620 692 naturales
2643 636 3007 706 operationes,
3026 633 3322 690 secundum
3344 643 3664 690 sanctorum.

2073 728 2294 782 Patrum
2323 727 2644 790 doctrinam,
2669 726 3052 780 decreverunt.

2147 818 2174 858 δ
2203 818 2433 872 Autores
2475 831 2604 871 vero
2653 817 2776 870 novi
2811 815 3048 870 haeretici
3079 815 3345 885 dOgmatis
3371 814 3660 887 Sergium,

2073 910 2357 981 Pyrrhum,
2389 907 2635 971 Paulum,
2661 915 2717 961 et
2743 905 2962 961 Petrum
3010 906 3664 976 Constantinopolitanos.

2077 1012 2101 1041 ο
2139 1017 2245 1055 una
2266 1016 2386 1055 cum
2418 999 2680 1063 Honorio,
2707 999 2799 1068 qui
2831 998 3014 1068 pravis
3056 1013 3243 1053 eorum
3273 999 3664 1054 assertionibus

2077 1095 2374 1149 fomentum
2400 1092 2660 1162 impendit
2686 1107 2702 1155 ;
2729 1091 3040 1161 pariterque
3067 1099 3122 1144 et
3150 1091 3492 1145 Theodorum
3520 1091 3667 1146 Pha-

2078 1189 2410 1249 ranitanum,
2460 1195 2514 1239 et
2561 1184 2763 1254 Cyrum
2808 1183 3255 1246 Alexandrinum,
3305 1199 3426 1236 cum
3474 1199 3663 1237 eorum

2079 1277 2462 1340 imitatoribus,
2492 1274 2759 1343 simulque
2783 1282 2838 1328 et
2865 1273 2986 1338 bos,
3010 1273 3101 1342 qui
3130 1272 3384 1328 haeretica
3412 1274 3667 1344 dogmata

2079 1378 2268 1424 contra
2313 1369 2603 1422 veritatem
2655 1366 2777 1421 ﬁdei
2822 1364 3156 1436 synodaliter
3183 1364 3513 1419 declaratam
3556 1363 3669 1436 42

2079 1471 2241 1530 atque
2270 1460 2636 1530 praedicatam,
2674 1457 3026 1528 pertinaciter
3051 1456 3432 1512 defendebant.

2153 1551 2453 1606 Pessimum
2507 1550 2673 1605 etiam
2723 1556 2779 1604 et
2829 1549 2940 1603 Deo
2993 1547 3249 1602 odihilem
3295 1548 3321 1588 ά
3372 1548 3675 1604 Haearium

2083 1647 2230 1713 (cum
2273 1642 2392 1712 ejus
2422 1641 2706 1712 discipulo,
2740 1650 2797 1697 et
2825 1640 3085 1712 magistro
3128 1639 3442 1710 impietatis,
3479 1651 3502 1679 θ
3547 1639 3676 1694 Ste-

2082 1738 2286 1806 phano,
2342 1736 2361 1776 ί
2417 1743 2472 1791 et
2513 1735 2875 1806 Polyehronio
2924 1735 3096 1790 deliro
3145 1749 3296 1800 sene,
3328 1735 3354 1774 ε
3403 1749 3544 1790 novo
3586 1733 3676 1790 Si-

406 1837 576 1893 etiam
609 1835 666 1890 in
713 1834 912 1890 nostris
959 1833 1229 1904 perfectus
1278 1829 1556 1901 apparuit,
1610 1827 1815 1896 absque
1864 1826 1981 1880 solo
2009 1825 2055 1884 B
2084 1825 2265 1894 mone)
2293 1841 2414 1880 cum
2441 1825 2692 1879 omnibus
2728 1824 2998 1878 htereticis
3032 1823 3250 1893 scriptis
3275 1831 3441 1894 atque
3473 1837 3684 1893 sequa-

410 1989 778 2061 Ecclesiarum
806 1984 1122 2061 Cardinales
1145 1982 1474 2061 Presbyteri
1497 1981 1694 2036 fuerint
1734 1979 1982 2061 Theodo—

409 2075 504 2114 rus
535 2067 589 2128 et
621 2058 886 2128 Georgius
919 2076 932 2110 ;
962 2056 1124 2128 cujus,
1145 2051 1420 2128 Diacotiite
1446 2051 1700 2128 Joannes,
1737 2051 1980 2128 ignotum

407 2138 510 2183 est.
538 2119 798 2183 Joannes'
816 2135 995 2181 autem
1024 2119 1272 2195 'quinque
1299 2125 1503 2195 a_bhin_c_
1528 2121 1684 2195 a_nnis
1721 2119 1982 2195 successit

408 2199 697 2254 Benedicto
735 2196 778 2252 ll
803 2213 924 2253 Clllll
954 2189 1291 2266 Agathonem
1317 2193 1428 2249 Leo
1462 2193 1506 2247 ll
1543 2191 1780 2247 Leonem
1807 2189 1982 2244 Bene-

409 2269 588 2325 dictus
607 2268 928 2337 excepisset.

478 2339 564 2394 lll.
601 2331 890 2393 Monaehos
912 2377 928 2401 ,
959 2351 1187 2401 quorum
1219 2333 1423 2388 mentio
1449 2331 1562 2387 ﬁta
1588 2331 1871 2395 Pontiﬁee,
1897 2346 1983 2385 re-

409 2407 622 2464 censeri
661 2409 718 2462 in
766 2407 924 2461 actis.
971 2401 1111 2459 Sunt
1153 2416 1330 2459 autem
1371 2403 1443 2457 illi
1478 2417 1492 2456 :
1531 2420 1549 2453 ί
1603 2401 1986 2470 Theophanius

411 2478 701 2550 Presbyter
727 2486 783 2532 et
818 2477 998 2550 Abbas
1039 2474 1363 2550 vellet-abdis
1407 2472 1717 2550 Monasterii
1751 2470 1983 2550 _Sieilite,

411 2549 557 2620 quod
581 2541 1101 2620 cognominatur‘ad
1119 2545 1294 2620 Bajas,
1325 2542 1588 2620 Georgius
1617 2541 1910 2620 Dresbxter
1930 2549 1986 2596 et

411 2613 1258 2695 [lonachusnMonasteriillenati
1285 2615 1522 2695 positiln
1543 2613 1769 2695 antiquo
1790 2613 1982 2695 Roma,

410 2689 596 2744 Conon
617 2698 671 2742 et
696 2687 1004 2758 Stephanus
1031 2681 1337 2758 Presbyteri
1361 2693 1414 2758 et
1448 2681 1691 2758 Ilion-aelii
1721 2681 1987 2758 Monaste-

413 2759 501 2824 rii,
529 2759 673 2829 quod
710 2751 1119 2829 cognominatur
1143 2751 1344 2810 Domus
1372 2753 1610 2820 Arsicia,
1640 2753 1801 2823 positi
1837 2751 1987 2806 simi-

411 2829 536 2882 liter
548 2827 613 2883 'in
639 2829 853 2883 seniore
881 2827 1070 2880 Roma.
1107 2845 1127 2879 ι

483 2897 573 2953 ιν.
618 2898 830 2953 Nullam
859 2898 975 2951 ﬁeri
1021 2895 1356 2950 Constantini
1390 2893 1714 2950 Subdiaconi
1757 2892 1984 2948 mentio-

413 2983 536 3022 nem
563 2968 618 3023 in
644 2971 801 3026 actis.
833 2967 1090 3037 quoniam
1118 2966 1171 3020 in
1186 2965 1472 3037 Conciliis
1498 2964 1676 3020 nullus
1716 2973 1854 3030 erat,
1883 2963 1988 3018 nisi

411 3037 714 3109 Episcopis,
747 3035 1159 3109 Presbyteriset
1184 3035 1436 3109 Diaco_nis
1461 3036 1631 3109 locus.

486 3055 610 3093 lISCO
649 3055 714 3102 IS,
748 3055 1084 3108 I’I‘ESUYICI'IS
1105 3055 1159 3091 ει
1185 3055 1436 3091 macoms
1462 3055 1631 3090 locus.

486 3107 548 3163 ν.
585 3055 665 3162 ἐκ
697 3110 782 3164 his
825 3108 917 3177 qui
952 3107 1098 3161 missi
1143 3117 1284 3172 sunt,
1335 3105 1714 3177 Pontiﬁcatum
1759 3103 1989 3176 gessisse

2083 1981 2338 2034 cessisset
2365 1978 2663 2044 auctoritas
2715 1997 2732 2029 ι
2765 1977 2856 2030 Sic
2881 1991 2939 2032 se
2968 1976 3130 2031 habet
3156 1976 3430 2031 Anastasii
3462 1976 3678 2042 versio,

2083 2051 2303 2105 Crtecus
2335 2057 2514 2103 textus
2540 2049 2698 2116 paulo
2723 2047 2898 2101 aliter.

2155 2115 2561 2174 Observandum
2591 2117 2917 2171 Hadrianum
2945 2115 2988 2170 ll
3028 2115 3408 2172 Pontiﬁcatum
3441 2118 3675 2173 inivisse

2085 2206 2228 2245 anno
2254 2189 2377 2254 867,
2408 2198 2568 2256 atque
2589 2189 2723 2242 adeo
2753 2187 2893 2242 hanc
2922 2187 3091 2256 ipsam
3114 2188 3504 2256 professionem
3531 2189 3662 2244 ﬁdei

2085 2261 2340 2323 edidisse,
2369 2275 2493 2314 cum
2519 2259 2753 2327 primum
2783 2258 2972 2312 sedere
2999 2259 3186 2326 etrapit.

2073 2340 2076 2344 ’
2158 2329 2565 2412 Observandum
2595 2329 2819 2409 .pariter
2860 2344 2926 2381 ex
2975 2327 3233 2412 Hadriani
3285 2329 3466 2384 verbis
3498 2346 3681 2412 posse

2089 2400 2338 2470 componi
2363 2399 2744 2470 alterca_tiones
2769 2413 2959 2453 omnes
2999 2399 3101 2452 hac
3126 2400 3192 2452 de
3220 2415 3277 2454 re
3310 2399 3676 2455 nioveri’soli-

2090 2480 2172 2525 tas
2197 2468 2360 2542 {quis
2387 2470 2530 2523 enim
2555 2468 2750 2539 Papam
2769 2477 3001 2533 asserat,
3023 2477 3117 2542 aut
3139 2477 3300 2542 tanta:
3322 2486 3498 2542 causa:
3519 2471 3677 2542 igna-

2090 2557 2208 2595 rum
2251 2539 2438 2602 fuisse,
2467 2548 2560 2592 aut
2585 2547 2787 2593 temere
2816 2539 3142 2594 sententiam
3173 2540 3420 2594 dixisse?

2160 2610 2186 2649 ἀ
2215 2611 2529 2665 Macarium.
2577 2609 2971 2679 Antiochenum
3015 2609 3361 2679 Episcopum,
3409 2611 3678 2665 adversus

2092 2697 2254 2760 quem
2304 2689 2410 2734 act.
2461 2681 2524 2760 8._
2552 2679 2716 2734 Sexta
2740 2678 3042 2760 _Synodusﬂ
3067 2678 3430 2760 exclamavit:
3470 2699 3489 2732 ί
3524 2679 3681 2735 Novo

2093 2753 2352 2806 Dioscoro
2381 2750 2690 2813 anathema,
2740 2750 3045 2818 hujusmodi
3075 2751 3413 2818 deponatur:
3469 2767 3675 2806 novum

2093 2822 2412 2876 Dioscorum
2439 2821 2585 2876 foras
2611 2823 2764 2874 mitte
2789 2835 2803 2873 :
2840 2836 2979 2874 novo
3024 2820 3357 2889 Apollinario
3384 2823 3556 2876 malos
3578 2841 3681 2876 an-

2093 2908 2192 2946 nos
2217 2911 2230 2946 :
2264 2891 2463 2962 merito
2484 2892 2552 2944 ab
2578 2891 2840 2962 Episcopo
2866 2890 3149 2956 alienetur,
3182 2891 3416 2947 nudetur
3441 2892 3678 2947 cireum-

2092 2963 2269 3034 posito
2293 2962 2341 3015 ei
2357 2961 2612 3034 pallio.)

2166 3046 2187 3072 ο
2221 3031 2503 3102 Stephano.
2550 3031 2673 3086 Fuit
2719 3031 2809 3086 ille
2857 3030 3153 3086 Monachus
3199 3040 3253 3086 et
3303 3031 3682 3087 Antiocbemts

2095 3101 2398 3173 Presbyter,
2437 3101 2654 3173 Macarii
2678 3102 2971 3171 discipulus
3009 3113 3063 3156 et
3090 3101 3390 3173 Syncellus,
3421 3104 3676 3173 pertinax

412 3187 546 3243 tres,
581 3172 868 3239 Joannem,
900 3178 1194 3242 Cononem,
1225 3188 1282 3231 et
1320 3172 1990 3244 Constantinuquuam—
2017 3180 2061 3241 (ζ
2093 3175 2147 3228 in
2178 3172 2381 3244 errore,
2411 3172 2674 3244 adversus
2697 3188 2858 3244 quem
2896 3173 3252 3244 conclamavit
3293 3172 3540 3244 Synodus
3565 3181 3679 3244 a_ct.

411 3263 577 3318 quam
613 3249 681 3302 de
719 3249 936 3304 Conone
978 3247 1238 3302 Monacho
1287 3246 1595 3318 subdubito.
1645 3245 1990 3318 Theodorum

413 3315 500 3373 his
544 3318 712 3374 fuisse
761 3319 1070 3374 schismatis
1119 3333 1362 3382 causam,
1408 3316 1574 3371 semel
1621 3330 1744 3370 cum
1788 3315 1995 3370 electus

412 3387 623 3454 Conon,
652 3389 847 3443 iterum
873 3403 995 3444 cum
1022 3386 1263 3458 Sergius.

486 3470 529 3529 OA
543 3459 855 3513 Auctoribus
883 3468 1038 3529 atque
1063 3455 1375 3528 fautoribus.
1409 3457 1552 3529 ipsis
1581 3457 1766 3520 etiam,
1793 3456 1839 3529 si
1870 3455 1996 3510 licet

416 3529 494 3584 ita
516 3527 686 3599 loqui,
717 3525 1001 3600 negativis,
1032 3525 1121 3596 qui
1153 3544 1343 3598 nempe
1375 3525 1534 3600 silent
1578 3529 1666 3581 ubi
1694 3525 1995 3581 vociferan-

412 3601 562 3663 dum,
593 3598 666 3654 et
709 3598 923 3669 se‘prae
960 3598 1151 3669 ignava
1199 3599 1481 3669 prudentia
1527 3600 1827 3669 continent.
1869 3612 1994 3650 cum

411 3666 938 3741 perrumpenda—est,
966 3666 1082 3741 Deo
1109 3666 1350 3737 jubente,
1400 3668 1676 3741 iniquitas.
1725 3666 1990 3741 innocen-

413 3736 523 3795 tius
551 3739 590 3795 ι.
620 3736 646 3789 ἰ
669 3738 786 3793 Non
816 3739 1042 3792 multum
1073 3736 1332 3791 interesse
1375 3737 1611 3790 arbitror
1639 3737 1781 3791 inter
1804 3736 1994 3789 conni-

417 3810 596 3864 ventis
649 3810 888 3862 animum
915 3817 970 3862 et
998 3806 1385 3861 consentientis
1428 3805 1686 3860 favorem.
1721 3825 1739 3858 ι
1780 3805 1848 3859 Ει
1873 3813 1997 3874 post

415 3895 522 3934 ea:
551 3896 570 3928 ι
628 3876 1068 3946 Perspiciendum
1115 3887 1242 3942 est,
1290 3891 1359 3930 ne
1405 3875 1764 3947 permittendo
1819 3875 1991 3944 lupos,

419 3948 753 4018 mercenarii
771 3947 1281 4018 magishvideamnr
1297 3961 1418 4018 esse
1469 3961 1628 4018 quam
1673 3954 1938 4018 pastores.
1969 3966 1988 3998 ι

418 4018 593 4087 Epist.
631 4018 699 4074 ad
728 4015 894 4074 Cone.
927 4015 1148 4072 Milevit.
1179 4015 1497 4071 Caelestinus
1537 4017 1555 4070 l
1591 4017 1658 4071 ad
1701 4017 1996 4086 Episcopos

415 4088 643 4144 Galliae:
680 4105 698 4139 ι
729 4087 787 4143 in
819 4087 1016 4142 talibus
1042 4087 1223 4142 causis
1260 4101 1366 4140 non
1401 4095 1552 4142 caret
1575 4087 1880 4156 suspicione
1915 4097 1996 4140 ta-

417 4158 724 4221 citurnitas,
755 4158 846 4213 cui
865 4166 1177 4213 occurreret
1202 4157 1423 4222 veritas,
1467 4157 1514 4212 si
1564 4157 1769 4228 falsitas
1812 4158 1996 4228 diSpli-

412 4238 600 4285 ceret:
630 4230 828 4286 merito
855 4243 1088 4298 namque
1121 4243 1284 4282 causa
1315 4244 1415 4284 nos
1441 4229 1678 4297 respicit,
1706 4227 1752 4282 si
1777 4226 1996 4283 silentio

417 4300 696 4354 faveamus
722 4299 919 4355 errori.
951 4317 971 4350 ι

489 4371 518 4411 δ
547 4371 770 4426 Antores
817 4370 935 4440 novi
963 4369 1247 4440 dogmatis,
1277 4377 1381 4424 etc.
1412 4368 1614 4436 Dogma
1642 4367 1998 4440 intelligitﬂde

416 4439 580 4496 unica
609 4442 884 4496 voluntate
903 4438 1126 4503 Christi,
1149 4441 1292 4510 quod
1329 4440 1454 4495 licet
1479 4441 1653 4510 reipsa
1685 4455 1792 4494 non
1819 4438 1997 4494 diﬂ'er-

2094 3247 2145 3296 ξ).
2175 3262 2193 3294 ι
2224 3242 2549 3314 Ἠςιει-ειίευω
2580 3242 2726 3314 foras
2776 3243 2930 3298 tnitte
2954 3260 2966 3296 :
2990 3258 3140 3314 novo
3175 3242 3457 3314 Eutycheti
3499 3242 3681 3298 malos

2095 3329 2302 3368 annos:
2333 3328 2472 3368 novo
2517 3313 2851 3384 Apollinario
2900 3313 3069 3384 malos
3112 3313 3314 3384 annos:
3353 3313 3676 3368 haeretieunt

2095 3385 2241 3466 foras
2271 3385 2470 3466 mittet.
2498 3392 2554 3438 et
2589 3383 2850 3466 impulsus
2897 3383 3329 3466 est_Stephanus
3377 3384 3680 3466 discipulus

2094 3455 2335 3519 Macarii,
2359 3461 2414 3509 et
2445 3453 2589 3509 foras
2615 3453 2830 3509 missus.
2867 3473 2885 3506 ι
2918 3453 3131 3509 Habuit
3159 3469 3322 3522 porro
3347 3462 3402 3508 et
3445 3455 3557 3522 ipse
3591 3455 3682 3507 (ii—

2093 3526 2359 3608 scipulum
2387 3525 2695 3608 Tlrannum
2719 3526 3042 3590 Bardanem,
3071 3534 3130 3579 ut
3149 3533 3233 3579 est
3252 3525 3308 3580 in
3333 3525 3684 3595 peroratione

2093 3596 2392 3666 Agathonis
2421 3596 2659 3650 Diaeoni.

2173 3666 2192 3704 ί
2227 3666 2292 3719 Et
2333 3664 2682 3734 Polychronio
2719 3664 2886 3719 delira
2911 3682 3048 3720 sene.
3079 3665 3291 3719 Deliras
3321 3665 3536 3729 dicitur,
3565 3681 3681 3720 non

2095 3745 2304 3789 tantum
2338 3743 2558 3805 propter
2579 3752 2796 3799 nomen,
2819 3737 2961 3806 quod
2991 3735 3170 3790 multae
3192 3736 3369 3790 aetatis
3397 3736 3674 3790 hominem

2095 3805 2405 3875 signiﬁcat;
2455 3807 2547 3860 sed
2594 3807 2777 3876 etiam,
2803 3805 3022 3876 propter
3061 3814 3321 3860 aetatem:
3365 3815 3485 3876 erat
3527 3807 3677 3860 enim

2097 3885 2225 3931 tune
2277 3877 2627 3947 octogenario
2678 3875 2870 3943 major.
2907 3875 3105 3931 ’Senex
3151 3891 3315 3947 porro
3367 3875 3580 3947 dicitur,
3620 3886 3683 3930 et

2097 3892 2225 3931 tunc
2277 3892 2627 3998 octogenario
2678 3892 2870 3943 major.
2931 3892 3105 3931 bene:
3151 3892 3315 3947 porro
3367 3892 3580 3938 dicitur,
3620 3892 3680 3930 et

2096 3947 2313 4014 quidem
2337 3947 2400 4000 de
2425 3947 2534 4017 irus
2558 3961 2572 4000 :
2605 3962 2726 4000 nam
2753 3947 2804 4000 in
2835 3962 2931 4001 sua
2958 3947 3024 4000 ad
3046 3948 3427 4016 Imperatorem
3447 3946 3680 4017 epistola

2097 4029 2283 4071 narrat
2312 4018 2420 4070 visa
2447 4016 2650 4072 deliriis
2678 4026 2732 4070 et
2762 4017 2986 4072 somniis
3012 4017 3230 4072 similia.

2171 4089 2194 4126 8
2230 4087 2376 4140 Novo
2422 4087 2654 4158 Simone.
2701 4087 2829 4141 Inde
2871 4088 3111 4158 corrigas
3142 4097 3293 4142 vetus
3328 4086 3670 4158 Breviarium

2097 4157 2422 4229 Romanum,
2448 4158 2518 4229 iu_
2523 4155 2663 4212 festo
2693 4158 2750 4212 S.
2790 4155 3050 4229 Leontii,
3082 4160 3135 4213 in
3163 4167 3353 4229 quarta
3397 4157 3677 4221 Lectione,

2097 4228 2187 4310 ubi
2217 4228 2430 4310 legitur,
2458 4225 2887 4310 ‘Polychronius,
2940 4225 3472 4310 Νουαεηὲι-εἱηιοη,
3519 4230 3687 4310 quasi

2100 4307 2210 4352 tres
2233 4297 2430 4352 fuerint
2458 4297 2726 4363 homines,
2751 4308 2807 4352 et
2849 4315 2954 4352 non
3000 4309 3110 4354 tres
3151 4308 3358 4354 tantum
3390 4313 3549 4354 voces
3577 4300 3677 4354 uni

2098 4369 2503 4440 convenientes.
2553 4368 2725 4423 Porro
2772 4369 2947 4440 dictus
2976 4378 3061 4424 est
3087 4387 3117 4425 a
3158 4369 3354 4440 populo
3382 4384 3552 4424 novus
3588 4368 3685 4424 Si-

2097 4456 2246 4500 mon,
2276 4439 2460 4508 Magos
2483 4440 2708 4503 scilicet,
2735 4447 2858 4508 post
2881 4439 3145 4510 delectam
3160 4439 3544 4509 ’imposluram,
3566 4455 3684 4510 qua

416 4513 596 4590 πει-ιζ)
619 4511 980 4585 Eutychiano,
1009 4525 1066 4566 se
1090 4508 1268 4564 tamen
1295 4511 1471 4565 aliena
1501 4514 1602 4566 sub
1627 4509 1800 4565 forma
1830 4511 1994 4566 dissiv
2019 4529 2073 4590 Β
2101 4510 2340 4590 tentavit,
2369 4510 2512 4565 velut
2537 4509 2625 4590 ille
2661 4509 2931 4590 antiquus;
2959 4508 3143 4565 Simon
3192 4508 3396 4582 Magos,
3431 4508 3685 4590 prodigio

415 4580 680 4638 malebat.

487 4663 511 4690 ε
545 4649 664 4707 Utta
701 4669 820 4708 eum
849 4649 1108 4707 Honorio.
1161 4651 1234 4708 De
1281 4651 1518 4708 Honorio
1563 4651 1636 4704 ita
1687 4649 1995 4706 Hadrianus

415 4722 461 4794 ll
504 4722 558 4777 in
588 4721 821 4794 Synodo
849 4722 1114 4794 Romana,
1145 4739 1264 4794 qua:
1294 4723 1530 4778 refertur
1582 4722 1635 4775 in
1681 4719 1791 4775 Vlll
1823 4720 1988 4794 Cone.

415 4791 760 4858 Cener.,act.
793 4792 844 4844 7.
874 4810 892 4842 ι
930 4792 1286 4847 lntolerabilis
1309 4802 1393 4848 est
1421 4794 1519 4846 ista
1547 4791 1915 4860 praasumptio.
1938 4802 1994 4847 et

420 4867 560 4918 hanc
587 4863 1009 4931 pmeordiorum
1049 4879 1209 4917 aures
1257 4863 1399 4916 ferre
1429 4878 1535 4916 non
1583 4869 1827 4931 possunt.
1859 4862 1991 4927 Quis

416 4930 656 5001 unquam
680 4941 923 5002 vestrum
970 4931 1075 4986 tale
1119 4933 1246 5002 quid
1277 4930 1640 5002 audivitivel
1670 4932 1792 4998 quis
1829 4931 1988 5000 hujus

416 5000 753 5060 temeritatis.
791 5000 981 5055 saltem
1011 5000 1262 5065 lectione,
1301 5000 1716 5055 Immensitatem
1746 5002 1990 5058 invenit?

418 5071 696 5144 Siquidem
731 5073 1045 5144 Romanum
1073 5072 1390 5144 Pontilieem
1433 5073 1500 5144 de
1541 5073 1778 5126 omnium
1798 5072 1992 5128 Eccle-

416 5141 621 5199 siarum
664 5141 990 5212 Praesulibus
1026 5143 1298 5212 judieasse
1344 5141 1609 5212 legimus;
1655 5144 1721 5196 de
1766 5158 1831 5196 eo
1857 5157 1986 5198 vero

415 5227 745 5285 quemquam
782 5211 1057 5281 judicasse
1087 5230 1193 5268 non
1241 5213 1490 5285 legimus.
1522 5211 1674 5266 Licet
1710 5213 1852 5285 enim
1884 5212 1991 5268 Ho-

415 5283 572 5340 norio
597 5291 719 5354 post
748 5293 975 5338 mortem
1005 5283 1315 5339 anathema
1335 5283 1420 5354 sit,
1439 5283 1639 5336 dictum
1681 5285 1750 5338 ab
1791 5283 1986 5339 Orien-

415 5353 634 5421 talibus,
677 5355 957 5410 sciendum
984 5363 1162 5410 tamen
1203 5364 1301 5417 est,
1334 5353 1462 5422 quia
1492 5354 1667 5424 fuerat
1695 5370 1857 5424 super
1883 5357 1990 5409 hae-

415 5427 523 5482 resi
553 5435 861 5496 accusatus,
890 5435 1111 5496 propter
1137 5441 1296 5494 quam
1341 5421 1510 5496 solam
1540 5421 1742 5496 licitum
1761 5421 1857 5496 est
1881 5425 1986 5496 mi-f

416 5497 640 5552 nuribus
681 5494 945 5565 majorum
991 5494 1212 5551 suorum
1258 5495 1498 5565 moribus
1545 5494 1850 5556 resistendi,
1906 5494 1988 5549 vel

456 5583 615 5623 ravos
641 5563 833 5624 sensus
858 5565 1027 5622 libere
1073 5567 1376 5636 respuendi.
1407 5563 1664 5636 Quamvis
1692 5574 1746 5618 et
1787 5565 1860 5636 ibi
1887 5578 1990 5636 nec

445 5639 876 5703 ’atriarcharum,
920 5653 1021 5693 nee
1064 5635 1384 5693 ceterorum
1430 5635 1722 5690 Prtesulum
1756 5635 1986 5704 cuipiam

417 5707 486 5778 de
509 5721 596 5778 eo,
635 5709 930 5777 quamlibet
959 5708 1039 5764 fas
1081 5707 1245 5763 fuerit
1288 5705 1592 5778 proferendi
1643 5706 1982 5766 sententiam,

421 5775 524 5831 nisi
552 5775 790 5846 ejusdem
828 5781 1017 5850 prima:
1051 5780 1194 5838 sedis
1222 5775 1499 5839 Pontiﬁcis
1522 5792 1812 5834 consensus
1850 5791 1986 5847 pra:-

2103 4581 2263 4652 ﬁdem
2290 4596 2442 4652 suam
2466 4580 2698 4652 probare
2725 4597 2737 4633 :
2767 4580 2861 4652 sed
2880 4588 3167 4652 utrumque
3191 4579 3298 4636 sua'
3315 4596 3437 4652 spes
3465 4579 3680 4652 fefellit.

2099 4649 2670 4721 Nequerenim’Simon
2721 4649 2918 4704 volavit
2956 4649 3176 4714 illazstts,
3224 4649 3367 4721 quod
3411 4651 3681 4720 promise-

2100 4731 2202 4794 rat,
2233 4720 2298 4794 ad
2327 4737 2479 4776 suam
2504 4721 2838 4794 divinitatem
2858 4720 3265 4794 contestandam
3287 4737 3504 4794 {neque
3527 4721 3685 4794 Poly-

2097 4792 2352 4846 chronius
2380 4800 2650 4846 mortuum
2674 4790 2977 4855 suscitavit,
3003 4792 3146 4860 quod
3167 4808 3276 4846 suae
3303 4792 3422 4846 ﬁdei
3453 4790 3687 4860 spopon-

2095 4862 2250 4932 derat
2276 4863 2660 4916 testimonium.
2691 4861 2798 4916 Res
2827 4861 2900 4915 ita
2945 4861 3178 4916 refertur
3200 4871 3304 4916 aet.
3352 4863 3419 4932 lii
3471 4861 3682 4932 Synodi

2099 4931 2315 4986 Sexta:
2350 4951 2368 4982 ι
2399 4931 2810 5003 ligredientibus
2835 4941 2944 4986 tam
2984 4933 3387 5003 gloriosissimis
3403 4929 3684 5003 judicibus

2097 5012 2152 5056 et
2175 5012 2360 5073 sancto
2379 5001 2644 5073 Concilio,
2675 5011 2730 5055 et
2757 5001 3007 5071 plurimo'
3031 5005 3229 5073 populo
3253 5011 3576 5072 congregato
3621 5002 3682 5056 in

2097 5074 2238 5126 atrio
2264 5072 2462 5141 publici
2507 5071 2725 5134 lavacri,
2753 5073 2895 5140 quod
2938 5071 3137 5128 dicitur
3162 5071 3482 5142 Zeuxippus,
3509 5087 3686 5142 appo-

2097 5145 2235 5197 situs
2264 5153 2348 5197 est
2371 5143 2422 5196 ei
2467 5143 2520 5196 in
2563 5152 2820 5210 argenteo
2861 5145 3125 5212 exequiali
3173 5144 3373 5198 feretro
3407 5153 3680 5204 mortuus,

2096 5213 2345 5267 similiter
2387 5228 2567 5266 coram
2608 5213 3010 5283 gloriosissimis
3047 5213 3342 5281 judicibus,
3383 5222 3437 5267 et
3473 5213 3555 5266 his
3578 5213 3683 5280 qui

2095 5292 2252 5337 erant
2286 5292 2576 5354 exsancto
2620 5283 2880 5345 Concilio,
2927 5284 3268 5354 plurimoque
3297 5284 3686 5354 Christoama-

2095 5354 2186 5408 bili
2223 5353 2416 5424 populo
2434 5354 2628 5425 ibidem
2654 5354 2891 5418 invento,
2916 5351 3337 5425 superassistens
3361 5355 3498 5409 idem
3522 5351 3686 5422 Poly-

2090 5426 2344 5479 chronius
2389 5424 2570 5492 posuit
2617 5439 2778 5494 supra
2833 5424 3008 5494 ipsum
3055 5437 3328 5480 mortuum
3361 5426 3676 5493 hujusmedi

2092 5494 2214 5547 ﬁdei
2241 5510 2355 5567 sua;
2387 5494 2712 5559 chartulam,
2755 5510 2982 5567 perque
3014 5497 3198 5567 plures
3236 5497 3688 5567 horasperseve-

2093 5579 2240 5629 rans,
2265 5574 2321 5618 et
2345 5565 2695 5620 insusurrans
2717 5566 2788 5627 ei,
2819 5565 2949 5620 nihil
2977 5565 3190 5631 horum,
3224 5583 3344 5631 qua:
3374 5566 3442 5620 ab
3460 5579 3524 5619 eo
3561 5572 3686 5618 sto-

2089 5633 2195 5707 lide
2213 5635 2614 5707 acghlaspheme
2633 5637 2896 5707 promissa
2917 5635 3154 5699 fuerunt,
3179 5633 3361 5691 valens
3385 5648 3682 5706 peragere,

2091 5706 2231 5761 idem
2280 5705 2669 5777 Polychronius
2709 5707 2845 5777 dixit
2887 5707 3192 5762 nullatenus
3239 5723 3298 5762 se
3327 5705 3483 5776 pnsse
3513 5720 3696 5777 Amor-

2093 5787 2240 5833 tuum
2267 5775 2550 5834 suscitare.
2597 5776 2830 5846 Populus
2875 5777 3056 5847 itaque
3095 5779 3186 5848 qui
3233 5779 3430 5834 ibidem
3460 5775 3682 5842 aderat,
