3990 6184
227 314 305 369 εδ
1235 313 1675 373 ROMANORUM
1713 312 2154 377 PONTlFlCUM.
2195 352 2264 363 --
2302 317 2453 375 CAP.
2494 316 2558 373 ll.
3435 325 3507 380 Si

229 424 389 481 cibus
436 438 585 481 nexu
628 425 872 496 perpetui
922 429 1276 486 anathematis
1312 430 1690 498 devinxerunt,
1721 431 1814 501 qui
1845 434 1894 493 A
1919 431 2045 488 liter
2066 441 2396 501 statuerunt,
2417 450 2541 491 cum
2570 443 2683 492 toto
2719 436 2920 492 mentis
2964 438 3147 494 studio
3191 446 3245 495 et
3268 441 3508 510 puritate

232 533 412 572 unani-
426 516 816 573 execrabiliter
850 521 1164 576 asserebant
1194 520 1547 590 voluntatem,
1572 531 1627 579 et
1653 538 1818 579 unam

176 588 195 661 ἶ
232 610 611 680 operationem
642 607 696 662 in
725 606 984 676 Christo;
1016 627 1177 681 quam
1223 628 1399 683 neque
1423 588 1685 680 divinam,
1725 630 1820 670 ne-

232 718 339 773 que
368 702 693 764 humanam,
739 713 914 770 neque
959 700 1311 768 inconditam,
1336 718 1512 773 neque
1548 705 1817 760 conditam

229 802 487 866 poterant
531 793 929 859 demonstrare,
979 795 1074 851 sed
1124 796 1271 850 velut
1319 796 1602 852 confusam
1656 808 1819 868 atque

227 897 637 959 congregatam.
671 886 827 942 Sicut
850 889 916 943 de
944 889 1152 944 naturis
1199 889 1397 959 impius
1425 890 1713 962 Eutychos.
1744 892 1819 946 ita

228 981 296 1034 de
355 978 704 1033 naturalibus
765 978 1135 1036 voluntatibus
1193 990 1358 1051 atque
1416 984 1820 1052 operationibus

222 1073 457 1138 Christi,
502 1074 662 1144 juxta
709 1071 1088 1128 haereticorum
1135 1075 1459 1146 prmstigias,
1510 1076 1820 1132 nitebantur

226 1168 547 1223 defendere.

292 1258 405 1331 53
427 1257 540 1313 Sed
564 1265 623 1312 et
647 1272 763 1323 eos,
787 1258 878 1327 qui
902 1273 1062 1313 unam
1092 1258 1256 1313 simul
1275 1266 1333 1312 ct
1352 1259 1486 1314 duas
1514 1259 1819 1316 voluntates

222 1361 281 1405 et
318 1350 676 1420 operationes
704 1349 758 1404 in
788 1349 1000 1405 Christo
1040 1350 1225 1407 dicere
1264 1352 1682 1421 praesumebant,
1705 1353 1818 1407 sive

226 1455 327 1495 nec
348 1455 534 1503 unam,
565 1455 668 1494 nec
688 1438 821 1495 duas
847 1455 861 1505 ;
887 1440 969 1495 vel
988 1441 1079 1510 qui
1102 1442 1465 1512 proprietates
1495 1451 1816 1498 naturarum

216 1530 429 1585 Christi
455 1528 793 1586 confundere
819 1531 903 1587 vel
931 1533 1251 1605 extinguere
1296 1536 1400 1591 nisi
1430 1547 1578 1603 sunt,
1618 1537 1704 1592 vel
1734 1539 1817 1592 ni-

218 1631 434 1686 tantur,
462 1623 584 1691 pari
609 1636 734 1678 cum
762 1623 844 1678 eis
870 1626 1218 1682 anathemate
1245 1628 1633 1684 mnitaverunt.

287 1716 599 1785 Propterea
625 1731 924 1787 quosquos,
970 1717 1053 1773 vel
1098 1735 1325 1790 quzeque
1358 1731 1544 1777 sancta
1574 1738 1668 1777 sex
1694 1723 1815 1777 uni-

1920 541 2022 580 nos
2057 542 2179 583 esse
2221 535 2680 594 conservaturos;
2712 537 2768 584 et
2800 529 2867 586 ad
2913 527 3306 587 defendendam
3341 542 3503 588 recta)

1918 617 2045 673 ﬁdei
2074 619 2390 689 puritatem,
2436 620 2750 676 earumdem
2796 621 3067 690 praesidio,
3116 637 3300 680 coram
3340 623 3513 682 homi-

1919 708 2079 764 nibus
2107 723 2227 764 esse
2251 711 2623 780 sequipedam.

1993 801 2146 859 Unde
2173 812 2230 859 et
2263 804 2497 860 districti
2547 806 2918 863 anathematis
2957 807 3325 866 interdictioni
3373 807 3505 866 sub-

1913 892 2152 962 jicimus,
2202 896 2248 950 si
2285 896 2411 966 quis
2457 912 2718 967 unquam,
2772 913 2866 953 seu
2899 914 3021 964 nos,
3071 899 3186 956 sive
3212 910 3296 956 est
3339 900 3502 966 alius,

1919 984 2012 1052 qui
2037 1000 2236 1039 novum
2256 985 2460 1056 aliquid
2487 996 2777 1056 prazsumat
2802 998 2991 1044 contra
3019 987 3323 1059 huiusmodi
3342 1004 3505 1047 evan-

1919 1073 2145 1142 gelicum
2182 1075 2549 1141 traditionem,
2582 1084 2637 1130 et
2664 1077 2982 1133 orthodoxa:
3010 1077 3135 1135 ﬁdei
3161 1078 3506 1136 Christiana:-

1919 1179 2023 1231 que
2068 1164 2342 1236 religionis
2387 1164 2774 1237 integritatem,
2809 1168 2894 1221 vel
2941 1169 3238 1240 quidquam
3284 1180 3507 1227 eontra-

1920 1256 2061 1311 rium
2091 1257 2386 1313 annitendo
2416 1257 2724 1322 immutare,
2767 1259 2883 1314 sive
2913 1260 3239 1318 subtrahere
3282 1260 3396 1336 α
3440 1263 3508 1319 de

1919 1347 2229 1419 integritate
2250 1347 2373 1404 ﬁdei
2410 1359 2612 1406 nostra:
2631 1350 2947 1417 tentaverit,
2974 1350 3061 1407 vel
3081 1366 3215 1408 ausu
3236 1353 3507 1427 sacrilego

1920 1440 2023 1495 hoc
2044 1443 2495 1512 praesumentibus
2528 1445 2859 1500 consentire.

1990 1534 2060 1590 Ut
2100 1534 2384 1591 sinceritas
2423 1533 2678 1607 perfectae
2726 1544 2927 1592 nostra:
2958 1536 3080 1594 ﬁdei
3115 1546 3314 1595 vestra:
3362 1541 3506 1596 cari-

1916 1627 2013 1681 tati
2044 1625 2381 1683 manifestius
2420 1626 2643 1690 clareat.
2689 1636 3013 1698 praesentem
3058 1637 3258 1685 nostrae
3292 1630 3505 1701 profes-

1915 1720 2086 1775 sionis
2134 1720 2387 1791 paginam
2432 1735 2532 1790 per
2575 1719 2655 1775 lli.
2712 1720 2989 1776 Notarium
3042 1721 3327 1795 scriptam,
3375 1739 3498 1780 eum

216 1806 454 1861 rersalia
500 1804 747 1862 Concilia
778 1806 1117 1876 alzjecerunt,
1150 1806 1313 1864 simili
1362 1810 1528 1867 etiam
1557 1827 1656 1868 nos
1683 1827 1814 1868 eon-
1840 1803 1888 1863 B
1915 1818 2115 1866 nostrae
2141 1825 2337 1865 manus
2383 1809 2798 1881 subscriptione,
2844 1825 3030 1867 coram
3071 1812 3326 1871 omnibus
3356 1813 3497 1870 rele-

215 1900 573 1955 demnatione
606 1901 952 1970 percellimus
974 1903 1355 1970 anathematis,

281 1988 423 2045 Cum
481 2005 649 2061 supra
706 1991 833 2047 fatis
878 1993 1169 2054 hazreticis.
1218 1993 1534 2061 Sabellium,
1586 1995 1812 2051 Paulum

227 2082 669 2148 Samosatenum,
701 2096 725 2123 ι
757 2082 946 2137 Marim
975 2085 1221 2146 Persam.
1254 2085 1591 2152 Montanum,
1633 2088 1812 2144 Dona-

230 2180 346 2235 tum,
397 2172 756 2238 Ennomium,
808 2174 1100 2240 Novatum,
1149 2175 1487 2243 Sabhatium,
1529 2177 1812 2245 Acacium,

221 2262 560 2327 Anthitnum,
626 2264 656 2303 δ
703 2263 980 2320 Julianum
1026 2266 1518 2335 Halicarnasseum,
1567 2269 1815 2327 Theodo-

222 2356 371 2416 sium,
396 2353 704 2421 Gaianum,
723 2354 1142 2424 Priscillianum,
1168 2356 1464 2429 Pelagium,
1479 2358 1810 2426 Caelestium,

214 2454 269 2496 et
292 2441 578 2498 lulianum
605 2458 794 2500 eorum
816 2446 1157 2517 discipulum,
1185 2456 1242 2504 et
1264 2464 1388 2505 cum
1408 2450 1487 2505 eis
1514 2449 1675 2505 simul
1701 2465 1814 2506 om-

216 2550 311 2589 nes
342 2534 642 2591 haereticos
668 2549 964 2607 eorumque
1013 2538 1175 2594 simul
1203 2554 1464 2610 sequaces
1488 2556 1812 2597 execramur

215 2641 281 2680 ac
304 2626 762 2682 condemnamus.

285 2714 547 2785 Quosque
579 2730 731 2780 vero,
755 2717 839 2772 vel
865 2733 1090 2789 qumque
1115 2721 1306 2776 eadem
1332 2737 1425 2776 sex
1458 2731 1645 2777 sancta
1669 2724 1813 2780 Con-

214 2807 334 2860 cilia
357 2815 751 2878 susceperunt,
783 2818 844 2864 ut
874 2819 1036 2865 recta:
1078 2811 1203 2867 ﬁdei
1251 2823 1531 2869 consortes
1580 2817 1811 2887 suscipi-

213 2916 349 2964 mus,
378 2909 438 2954 et
465 2914 597 2955 cum
651 2899 840 2955 eadem
893 2903 1192 2959 reverentia
1221 2918 1317 2959 ore
1346 2913 1401 2959 et
1444 2906 1608 2962 corde
1644 2923 1801 2962 vene-

212 3011 239 3046 ι’
240 3009 414 3048 amur.

279 3084 386 3141 Sed
413 3094 472 3141 et
495 3087 611 3143 hoc
633 3094 830 3142 vestra:
859 3086 1099 3153 caritati,
1121 3086 1341 3143 Christo
1367 3100 1660 3155 annuente,
1695 3092 1810 3162 pol-

1913 1912 2087 1969 ctam,
2114 1903 2170 1957 in
2198 1901 2541 1958 confessione
2574 1902 2719 1959 beati
2747 1902 2894 1958 Petri
2936 1904 3316 1976 Apostolorum
3345 1904 3501 1963 Prin-

1914 1992 2070 2063 cipis,
2123 1994 2469 2063 deposuimus
2498 2034 2514 2060 ,
2574 2002 2834 2065 tanquam
2887 1995 3007 2067 ipso
3052 1996 3379 2054 testiﬁcante
3428 1999 3500 2056 de

1913 2085 2146 2155 puritate
2169 2086 2514 2142 conscientia:
2543 2094 2761 2150 nostra},
2794 2087 2879 2142 cui
2903 2087 3082 2144 claves
3104 2089 3307 2161 ligandi
3333 2099 3497 2162 atque

1914 2175 2154 2231 solvendi
2204 2177 2258 2231 in
2306 2185 2452 2232 terra
2496 2187 2553 2233 et
2601 2178 2656 2232 in
2703 2178 2835 2233 caelo
2863 2179 3106 2235 omnium
3159 2177 3416 2239 Salvator
3442 2192 3500 2238 et

1914 2263 2176 2321 Dominus
2205 2266 2446 2321 tradidit.

1982 2355 2062 2410 lll.
2088 2357 2262 2428 gratia
2291 2355 2387 2413 Dei
2418 2357 2718 2429 Episcopus
2743 2368 2950 2417 sancta
2973 2361 3255 2418 catholica
3272 2369 3331 2421 et
3350 2361 3497 2436 Apo-

1910 2450 2115 2505 stolieaa
2139 2450 2396 2507 Ecclesia:
2416 2451 2571 2507 urbis
2595 2452 2782 2508 Romae
2823 2455 2949 2511 huic
2977 2454 3301 2527 professioni
3333 2470 3494 2516 recta:

1910 2547 1966 2594 et
1988 2540 2300 2597 orthodoxae
2334 2541 2482 2608 fidei,
2531 2541 2674 2597 sicut
2716 2544 2970 2614 superius
3009 2546 3226 2617 legitur,
3257 2546 3496 2606 subscri-

1909 2632 2015 2701 psi.
2040 2648 2269 2704 eamque
2296 2635 2363 2690 ad
2391 2650 2592 2705 corpus
2624 2644 2797 2702 tuum,
2844 2637 3001 2693 beate
3023 2636 3186 2695 Petro
3211 2637 3494 2711 Apostole.

1911 2722 2080 2778 obtuli
2116 2723 2576 2780 eonsolidandam.

2088 2811 2264 2867 Tertia
2288 2809 2556 2884 Professio
2581 2814 2732 2884 fidei,
2762 2825 2875 2885 post
2914 2816 3321 2875 ordinationem.

1981 2916 2005 2944 ε
2038 2904 2131 2959 Ill.
2160 2905 2459 2977 Episcopus
2501 2917 2704 2963 sancta:
2750 2909 3036 2964 catholicas
3077 2917 3242 2981 atque
3263 2910 3489 2984 Apostoo

1908 2997 2023 3053 lica:
2048 2997 2303 3054 Ecclesia:
2326 2999 2478 3055 urbis
2519 2998 2723 3064 Romus,
2756 2998 2783 3040 δ
2816 3000 3185 3057 dilectissimis
3211 3009 3270 3059 et
3289 3003 3492 3060 dulcis-

1907 3089 2061 3145 siznis
2085 3088 2209 3144 ﬁliis
2237 3089 2290 3144 in
2317 3088 2545 3145 Domino
2575 3089 2821 3146 salutem.

213 3179 458 3243 liremur,
487 3188 713 3239 cuncta.
745 3194 865 3249 quae
890 3180 1049 3250 hujus
1076 3180 1400 3251 Apostolicm
1426 3182 1569 3237 sedis
1592 3184 1802 3253 praefati
1829 3192 1875 3252 (ζ
1973 3183 2082 3257 45
2110 3196 2133 3224 ο
2159 3184 2442 3240 Hodierna:
2463 3184 2567 3240 diei
2597 3183 2786 3239 festiva
2809 3183 3120 3253 jocunditas
3144 3185 3339 3242 invitat
3364 3202 3485 3246 nos.

213 3271 504 3327 l’vmtiﬁccs
544 3269 843 3341 Apostolici
881 3272 1309 3341 prndecessores
1354 3280 1526 3327 nostri
1570 3275 1804 3345 synoda-

214 3385 558 3457 exclamaviti
579 3383 808 3457 dicens:
857 3384 1006 3457 Novo
1051 3385 1260 3457 Simoni
1301 3387 1610 3457 anathema,
1643 3386 1804 3457 Poly-

216 3456 437 3511 rhronio
458 3455 743 3511 seductori
770 3455 947 3525 populi
970 3456 1281 3510 anathema.
1310 3475 1328 3502 ι
1358 3454 1505 3525 Missi
1549 3471 1713 3524 porro
1740 3454 1809 3511 ab

216 3527 547 3596 Imperatore
571 3524 859 3596 Macarius,
904 3525 1235 3596 Stephanus,
1276 3524 1666 3595 Polychrouius
1696 3527 1806 3580 Ro-

216 3595 348 3652 mam
370 3598 443 3651 ad
473 3596 717 3650 Leonem
744 3595 807 3658 ll.
856 3611 979 3651 cum
1010 3595 1249 3651 errorem
1293 3596 1647 3666 pertinaciter
1674 3598 1808 3652 reti-
1850 3658 1854 3665 ,

216 3677 425 3732 nerent,
456 3666 673 3721 detrusi
696 3676 821 3721 sunt
856 3666 911 3720 in
939 3666 1290 3733 Monasteria,
1320 3674 1376 3721 et
1398 3666 1802 3737 impwnitentes

216 3740 563 3793 interierunt.

279 3821 305 3847 ι
342 3806 550 3880 Harim
604 3805 850 3880 Persam.
893 3806 961 3880 in
1012 3807 1247 3880 Syfnodo
1285 3807 1641 3880 Lateranensi
1703 3810 1803 3865 sub

218 3877 446 3934 Bartino
472 3879 517 3942 1,
551 3893 674 3933 can.
708 3879 773 3933 18
801 3878 1017 3943 dicitur,
1054 3877 1377 3933 'Theodulus
1424 3877 1609 3945 Persa,
1640 3895 1802 3949 quem

212 3951 406 4018 opinor
442 3948 704 4004 eumdem
742 3963 862 4004 esse
889 3964 1010 4003 cum
1053 3949 1324 4005 Theodolo
1352 3950 1620 4005 Theodori
1657 3948 1804 4006 com-

222 4021 573 4091 mentatoris,
598 4018 655 4091 i_d
682 4029 788 4083 est,
814 4018 1175 4091 Mopsuesteni
1200 4020 1487 4091 discipulo,
1514 4020 1665 4091 cujus
1692 4038 1805 4078 me-

216 4090 377 4161 minit
394 4089 582 4161 Hebed
602 4085 733 4146 Jesu
759 4091 816 4144 in
843 4085 1117 4161 Catalogo.

280 4159 652 4233 libitinam,
696 4159 1209 4233 etcsEclanensem
1259 4159 1605 4232 Episcopum,
1654 4162 1802 4233 quia

215 4230 491 4294 Celestio,
539 4246 703 4301 quem
742 4230 988 4300 Pelagius
1014 4230 1350 4299 corruperat,
1380 4230 1629 4287 lize'resim
1669 4230 1805 4288 didi-

212 4302 299 4372 cit.
334 4301 898 4372 factusipostmodum
928 4317 994 4356 ex
1041 4301 1302 4371 discipulo
1344 4302 1600 4372 magister
1642 4304 1806 4358 totius

213 4370 728 4444 factionislfarius
754 4370 1022 4444 bfercator
1065 4373 1131 4428 de
1157 4370 1274 4444 ipso
1311 4370 1499 4444 tradit,
1523 4389 1645 4444 qua:
1688 4374 1806 4428 nul-

214 4442 294 4514 lus
312 4442 461 4514 alius
484 4441 762 4514 distincte.
777 4440 928 4514 ‘Vide
955 4440 1189 4498 nostras
1208 4442 1276 4498 ad
1320 4440 1557 4514 primani
1592 4454 1804 4513 partem

214 4512 369 4569 Marii
410 4512 732 4567 Mercatoris
765 4510 999 4583 Operum
1049 4524 1243 4583 notas,
1268 4510 1338 4569 etw
1368 4510 1802 4569 disserta'tionem

212 4585 277 4639 de
316 4583 518 4655 primis
542 4570 855 4640 auctoribus
879 4593 935 4638 et
964 4570 1338 4639 defensoribus
1383 4583 1605 4639 haeresis
1652 4583 1805 4640 Pela-
1832 4570 1884 4629 Π

212 4671 440 4779 Euenit.
468 4722 785 4797 Episcopus,
828 4732 936 4780 etc.
958 4794 967 4797 _
993 4723 1119 4797 ipsa
1151 4739 1249 4794 per
1292 4740 1350 4779 se
1393 4723 1660 4794 professio
1685 4723 1807 4780 ﬁdei

211 4796 429 4851 videtur
469 4794 672 4859 dicere,
714 4812 745 4851 a
791 4811 899 4865 quo
926 4794 997 4849 sit
1038 4795 1294 4864 primum,
1325 4803 1382 4849 et
1408 4811 1516 4866 quo
1565 4804 1807 4866 tempore

212 4867 393 4949 edita:
424 4866 593 4921 habet
614 4866 759 4949 enim
786 4873 1020 4949 quatuor
1062 4874 1232 4949 notas,
1279 4866 1476 4949 quibus
1517 4875 1808 4949 utrumque

214 4937 589 5008 dignoscatur.
612 4935 654 4990 l.
684 4936 772 4991 Fit
794 4935 847 5008 in
875 4951 936 5008 ea
967 4937 1171 5008 mentio
1196 4936 1373 4991 Sexta:
1399 4935 1625 5008 Synodi,
1650 4935 1806 5005 cujus

214 5007 463 5077 deﬁnitio
488 5007 765 5077 recipitur.
796 5006 857 5060 ll.
885 5006 1197 5076 Appellatur
1224 5023 1421 5062 nomen
1444 5006 1631 5064 Const
1666 5008 1805 5063 ntini

212 5075 734 5150 imperatoris,'qu_i
783 5075 1055 5148 Synoiium
1086 5077 1280 5150 coegit.
1328 5077 1413 5132 lll.
1454 5078 1804 5150 Imperatoris

212 5147 422 5203 nomini
453 5164 561 5203 non
601 5147 841 5210 additur,
865 5150 1007 5216 quod
1040 5147 1174 5201 solet
1200 5157 1319 5218 post
1346 5147 1596 5211 mortem,
1635 5149 1807 5218 quod-

212 5234 318 5287 que
337 5221 394 5274 in
424 5218 548 5273 aliis
569 5218 782 5288 duabus
807 5233 913 5288 non
948 5218 1232 5283 omittitur,
1263 5220 1364 5288 piw
1386 5221 1671 5283 meruerim,
1710 5219 1803 5272 sed

216 5288 345 5343 illud
392 5287 850 5360 potius.quod_a
890 5287 1000 5341 Deo
1028 5287 1327 5360 coronatus.
1377 5287 1462 5343 IV.
1509 5289 1806 5344 Exordium

215 5358 432 5415 ducitur
457 5359 528 5414 ab
547 5358 927 5414 exhortatione
969 5360 1037 5413 ad
1081 5358 1425 5414 concordiam
1457 5367 1806 5428 mutuamque

216 5428 541 5498 iniuriarum
566 5429 1040 5486 condonationem.
1064 5428 1377 5493 lnnotescit,
1399 5444 1467 5484 ex
1492 5429 1666 5499 prima
1687 5431 1807 5499 qni—

216 5502 336 5556 dem
364 5510 423 5555 et
447 5501 690 5556 secunda
730 5506 880 5563 nota,
914 5499 1073 5553 ﬁdem
1116 5514 1238 5553 esse
1263 5500 1487 5568 editam
1512 5507 1635 5568 post
1661 5500 1803 5553 solu-

216 5580 325 5627 tam
357 5570 427 5627 Ἦ
454 5571 740 5643 Synodum
765 5585 884 5643 :_ex
927 5571 1279 5643 tornavere,
1329 5584 1439 5643 non
1462 5567 1638 5643 fuisse
1684 5569 1799 5643 edi-

219 5650 323 5714 tam
357 5638 747 5714 post'mortem
767 5639 1129 5705 Constantini,
1152 5638 1391 5714 alioquin
1420 5640 1521 5714 pio;
1541 5640 1804 5694 memoria:

220 5710 391 5769 dictus
432 5714 669 5770 fuisset:
718 5726 789 5767 ex
830 5722 1101 5782 postrema
1145 5710 1638 5782 deniquc.‘ed_itam
1685 5719 1805 5778 post

223 5783 589 5840 dissensiones
618 5784 671 5838 in
704 5778 971 5839 electione
1004 5778 1226 5850 alicujus
1266 5778 1540 5835 Pontiﬁcis
1566 5786 1800 5835 exortas.

1903 3276 2264 3340 dilectissimi,
2315 3286 2551 3331 vestram
2600 3276 2654 3331 in
2698 3276 2918 3332 Christo
2962 3276 3261 3333 fraternam
3298 3278 3489 3334 humili

1903 3389 2065 3460 Atqui
2099 3387 2265 3460 Sexta
2294 3390 2546 3460 Synodus
2574 3390 2821 3444 absoluta
2850 3399 2933 3446 est
2960 3407 3106 3446 anno
3131 3392 3228 3447 68l
3261 3392 3351 3447 die
3396 3393 3483 3449 l6.

1906 3459 2263 3527 Septembris.
2307 3458 2452 3512 Obiit
2497 3458 2885 3515 Constantinus
2939 3475 3084 3515 anno
3130 3461 3236 3517 685
3301 3476 3488 3519 mense

1908 3528 2234 3598 Septembri.
2281 3535 2510 3598 quatuor
2555 3530 2711 3584 annis
2737 3539 2863 3597 post
2912 3529 3186 3598 Synodum
3230 3530 3484 3587 solutam.

1908 3543 2234 3598 neptemnrn
2281 3543 2510 3652 q‘uatuor
2555 3544 2711 3584 amns
2737 3543 2863 3597 post
2912 3543 3186 3598 synodum
3230 3543 3484 3587 sotutam.

1906 3597 2023 3654 Hoc
2070 3599 2358 3668 intervalo
2409 3598 2668 3668 temporis
2721 3599 2892 3654 creati
2944 3608 3068 3654 sunt
3112 3611 3223 3655 tres
3274 3601 3496 3658 omnino

1905 3669 2106 3724 summi
2139 3666 2455 3733 Pontifices,
2488 3666 2596 3724 Leo
2620 3668 2684 3734 ll,
2716 3668 3037 3725 Benedictus
3057 3670 3122 3739 ll,
3164 3668 3403 3728 Joannes
3422 3669 3486 3726 ν.

1904 3740 1947 3795 Ε
1971 3741 2142 3794 tribus
2167 3739 2271 3795 illis
2286 3740 2409 3804 duo,
2437 3739 2754 3795 Benedictus
2774 3746 2830 3795 et
2850 3739 3108 3806 Joannes,
3131 3741 3313 3798 statim
3333 3741 3490 3798 electi

1902 3819 2220 3876 narrantur,
2265 3810 2377 3866 Leo
2416 3826 2541 3883 non“
2570 3810 2723 3883 item,
2755 3810 2870 3883 sed
2895 3810 3162 3883 Agathoni
3205 3814 3487 3878 successit,

1902 3893 2192 3956 postquam
2220 3890 2468 3956 vacasset
2496 3882 2587 3937 diu
2623 3880 3184 3956 sedes._Nec'dubin_m
3223 3884 3356 3954 quin
3390 3899 3488 3956 po-

1903 3952 2114 4008 tissima
2160 3952 2461 4008 vacationis
2503 3968 2663 4007 causa
2710 3953 2957 4009 extiterit
3001 3952 3406 4009 dissidentium
3432 3956 3486 4011 in

1902 4024 2149 4098 eligendo
2165 4023 2758 4098 Pontificeanimorum
2797 4039 2995 4098 pugna.
3027 4024 3259 4098 Necesse
3285 4025 3488 4098 estigi-

1904 4092 2010 4176 tu}:
2024 4092 2180 4150 fateri
2212 4093 2605 4176 professionem
2622 4092 2851 4176 Jhanc'a
2878 4092 3068 4176 Leone
3092 4095 3169 4176 ll,
3188 4112 3333 4176 anno
3358 4092 3485 4157 682.

1903 4164 2128 4233 editam,
2182 4163 2711 4235 siquidemiAgatbo
2754 4163 3042 4221 defunctus
3093 4174 3180 4221 est
3211 4166 3345 4229 vita,
3393 4179 3491 4222 aut

1905 4246 2055 4291 certe
2081 4234 2324 4306 sepultus
2345 4234 2438 4306 die
2461 4234 2528 4306 lt)
2554 4234 2798 4290 Januarii
2822 4250 2965 4290 anno
2993 4235 3121 4300 68!,
3161 4235 3484 4305 vacavitque

1906 4306 2062 4361 sedes
2089 4348 2103 4374 ,
2143 4303 2218 4362 ‘ut
2269 4305 2433 4360 habet
2484 4303 2750 4361 Baronius
2797 4321 2866 4361 ex
2920 4305 3232 4370 Anastasio,
3282 4303 3488 4362 annum

1905 4390 2093 4442 unum,
2131 4391 2347 4442 menses
2370 4376 2427 4440 7,
2450 4375 2567 4430 dies
2590 4375 2644 4429 7.

1976 4445 2002 4485 ἀ
2034 4446 2399 4500 Dilectissimis
2427 4453 2476 4498 et
2514 4444 2831 4500 dulcissimis
2877 4444 3025 4514 ﬁliis.
3071 4444 3227 4512 Quod
3262 4443 3493 4502 fratrum

1908 4531 2015 4571 non
2051 4516 2318 4578 meminit,
2349 4515 2444 4570 sed
2480 4515 2712 4569 ﬁliorum
2744 4515 3048 4585 dumtaxat,
3073 4515 3288 4585 signum
3314 4525 3401 4572 est
3423 4518 3493 4573 ad

1911 4589 2224 4642 universum
2251 4585 2347 4640 Dei
2371 4585 2626 4657 populum
2649 4586 2907 4657 directam
2940 4583 3108 4657 fuisse
3130 4583 3255 4640 itdei
3283 4586 3495 4657 profes-

1907 4658 2136 4723 sionem,
2164 4672 2288 4711 eum
2316 4654 2476 4725 antea
2509 4655 2703 4725 Romze
2721 4654 2860 4723 apud
2883 4654 3141 4725 pupulum
3164 4654 3307 4711 esset
3331 4656 3493 4712 emis.

1908 4742 1988 4782 sa.
2019 4726 2112 4783 Sic
2136 4726 2387 4797 Pelagius
2413 4724 2454 4787 Ι,
2486 4741 2609 4780 cum
2636 4724 2797 4797 fidem
2823 4724 2976 4779 suam
3004 4725 3274 4797 universae
3300 4726 3488 4783 Eccle-

1908 4799 2001 4853 sia;
2026 4798 2223 4870 popqu
2258 4793 2520 4870 mitteret.
2545 4793 2935 4870 nonufratrum,
2963 4796 3058 4850 sed
3099 4796 3332 4853 filiorum
3361 4808 3487 4854 tan-

1908 4864 2044 4922 tum'
2072 4864 2358 4923 meminit:
2414 4881 2589 4940 neque
2631 4864 3015 4940 difﬁcultatem
3049 4882 3236 4940 creare
3290 4880 3487 4940 potest,

1908 4940 2051 5008 quod
2083 4956 2203 5010 quae
2243 4940 2309 4993 de
2351 4939 2588 5010 caritate
2624 4937 2900 5010 dicuntur,
2936 4937 3262 5010 ofi‘ensisque
3290 4937 3494 4995 condn-

1909 5007 2125 5075 nandis',
2156 5009 2398 5064 Romano
2431 5007 2628 5080 populo
2655 5009 3019 5080 conveniant:
3056 5008 3157 5064 fuit
3180 5007 3324 5065 enim
3354 5014 3407 5066 id
3434 5013 3490 5067 in

1907 5095 2059 5152 more
2091 5081 2359 5152 positum,
2379 5079 2447 5134 ut
2468 5079 2592 5136 cum
2619 5087 2764 5152 totus
2792 5079 3237 5152 orbisdocendus
3258 5090 3405 5137 esset
3425 5085 3493 5137 de

1907 5166 1967 5206 re
1982 5149 2159 5220 aliqua
2185 5149 2362 5221 magni
2386 5150 2664 5214 momenti,
2681 5163 2862 5221 sermo
2880 5149 3097 5205 habitus
3117 5164 3217 5221 pro
3232 5153 3492 5208 concione

1907 5222 1962 5276 in
1990 5220 2227 5277 Ecclesia
2273 5221 2581 5276 mitteretur
2624 5220 2749 5274 inde
2774 5220 2842 5274 ad
2884 5220 3187 5277 universos.
3238 5221 3491 5277 Videndan

1908 5308 2073 5417 siuper
2098 5307 2163 5347 ea
2197 5306 2256 5345 re
2275 5290 2511 5346 homilixe
2536 5290 2822 5361 paschales
2846 5292 3021 5347 sancti
3043 5291 3228 5364 Cyrilli
3252 5291 3488 5346 Alexan—

1947 5379 2070 5416 run.

1947 5379 2070 5416 l'llll.

1985 5444 2007 5471 α
2054 5431 2337 5508 (fodiemus
2381 5431 2507 5508 diei.
2546 5429 2885 5508 Sermonem
2930 5431 3075 5487 hunc
3121 5430 3334 5491 habuit,
3370 5426 3485 5508 jam

1909 5517 2016 5557 non
2045 5503 2111 5557 ad
2134 5502 2352 5558 Clerum
2380 5510 2436 5557 et
2462 5501 2756 5573 Episcopos
2794 5510 3028 5567 tantum,
3068 5513 3337 5573 cum_suz_e
3367 5496 3489 5573 fidei

1909 5575 2181 5644 specimen
2207 5572 2364 5644 daret
2382 5565 2927 5644 ante'ordinationem
2952 5587 2968 5636 ;
2987 5565 3083 5625 sed
3097 5568 3165 5620 ad
3190 5565 3486 5644 Ecclesiam

1907 5637 2040 5721 orbe
2070 5641 2455 5721 toto_difi;usam
2478 5650 2625 5721 _post
2650 5642 3069 5721 ordinationem,
3116 5649 3240 5691 cum
3269 5637 3487 5700 sederet

1910 5716 1964 5769 in
1993 5713 2261 5770 Cathedra
2282 5713 2428 5770 Petri
2458 5710 2714 5769 docturus
2743 5710 3060 5772 Ecclesium.
