3990 6184
583 311 651 370 5’5
1888 312 2091 371 LIBER
2130 314 2339 370 DHIRN
2349 316 2437 373 US
3238 358 3241 369 ›
3762 322 3841 374 53

583 442 714 483 voce
753 425 1033 483 exhortari
1071 425 1431 480 concordiam.
1482 424 1759 491 Quatenus
1807 432 1916 479 tam
1967 423 2148 479 alacer
2172 425 2224 486 Λ
2251 441 2372 489 non,
2400 426 2544 497 quod
2590 427 2753 492 absit,
2776 426 3014 497 quolibet
3059 437 3397 499 argumento,
3433 446 3465 482 a
3490 439 3704 496 satana,
3733 432 3847 486 iri-

580 527 775 574 vestre
795 516 1094 572 devotionis
1123 531 1437 577 concursus,
1475 530 1580 569 non
1607 515 1674 569 ad
1700 513 1941 570 favorem
1971 514 2118 569 hami

540 635 549 643 ~
580 623 732 674 num,
763 608 860 664 sed
879 607 947 662 ad
969 606 1179 661 laudem
1201 605 1560 675 potentissimi
1584 605 1832 675 proﬁciat
1852 604 2148 669 Creatoris,

580 698 673 769 qui
702 698 830 753 dum
855 697 995 752 votis
1031 704 1154 751 vota
1197 694 1429 748 ubertim
1458 696 1786 761 accumulat,
1814 697 2023 767 gaudiis
2050 711 2152 751 ca:-

580 791 804 848 lestibus
833 798 1033 846 nostra:
1053 788 1371 844 humilitatis
1394 788 1586 860 gaudia
1613 787 1942 857 ampliﬁcare
1966 787 2152 858 digna-

580 881 744 936 bitur.
1122 926 1127 931 .
1528 882 1533 885 “

649 975 779 1041 Quis
805 988 1058 1043 namque,
1083 981 1144 1026 ut
1171 972 1247 1026 ait
1276 972 1565 1041 Propheta,
1614 970 1854 1042 loquetur
1892 970 2149 1039 potentias

578 1067 805 1131 Domini,
842 1075 939 1120 aut
958 1067 1076 1137 quis
1120 1081 1299 1119 omnes
1329 1064 1445 1133 ejus
1487 1063 1694 1117 auditas
1739 1061 1931 1116 valebit
1978 1061 2149 1130 facere

572 1157 755 1212 laudes
783 1153 956 1227 (Psal.
981 1171 1074 1221 cv,
1092 1172 1141 1208 υ.
1168 1154 1224 1223 2)
1248 1155 1272 1207 ?
1293 1154 1375 1208 vel
1402 1153 1523 1222 quis
1548 1153 1706 1223 digne
1747 1153 1933 1219 poterit
1959 1168 2149 1221 magna

571 1255 622 1299 et
646 1244 911 1300 mirabilia
957 1244 1071 1314 ejus
1116 1259 1274 1314 opera
1315 1259 1564 1296 enarrare
1594 1240 1767 1312 (Eccl.
1795 1258 1930 1305 xvu,
1963 1258 2010 1295 ι’.
2049 1241 2149 1312 8)?

573 1338 758 1405 Neque
791 1337 936 1405 enim
966 1336 1070 1391 hoc
1097 1350 1214 1390 mea
1258 1335 1472 1399 merita,
1518 1332 1807 1396 carissimi,
1856 1347 1975 1400 qum
2006 1331 2148 1385 nulla

572 1437 719 1489 sunt,
743 1426 839 1481 sed
859 1433 1053 1480 vestra:
1073 1421 1493 1479 christianitatis
1504 1430 1626 1475 vota
1651 1420 1793 1492 apud
1811 1420 2148 1475 Altissimum

570 1524 1006 1588 promeruernnt,
1050 1514 1194 1584 quod
1226 1513 1282 1568 in
1329 1526 1414 1566 me
1454 1511 1729 1580 indignum
1780 1513 2010 1578 desuper
2035 1524 2150 1563 cer-

573 1609 704 1663 nitis
743 1607 1066 1671 exultantes,
1113 1613 1174 1659 ut
1199 1603 1458 1659 nimirum
1508 1600 1862 1670 Omnipotens
1907 1598 1970 1653 de
2008 1608 2149 1652 terra

571 1700 775 1769 inopem
795 1708 842 1752 et
866 1697 930 1751 de
947 1706 1172 1751 stercore
1190 1709 1471 1765 pauperem
1494 1690 1796 1747 sublimaret
1820 1687 1991 1761 (Psal.
2014 1705 2146 1753 exn,

2260 515 2401 570 mico
2453 517 2605 585 pacis
2633 517 3093 589 dissensionisque
3124 528 3336 582 autorc,
3369 520 3849 577 circumradamw

2251 603 2334 675 (II
2363 604 2486 659 Cor.
2513 621 2645 670 u,v.
2664 607 2774 679 ll).
2807 606 3091 662 Finiantur
3107 623 3293 678 quaeso
3314 607 3622 665 simultates
3651 620 3709 665 et
3726 611 3848 667 dis-

2249 697 2463 758 cordias,
2498 706 2557 751 ut
2592 712 2698 752 non
2728 706 2915 768 regnet
2945 698 2997 752 in
3044 707 3225 753 vestro
3255 707 3408 753 casto
3457 713 3687 770 corpore
3726 701 3847 757 odii

2250 785 2439 851 fomes,
2472 789 2565 842 sed
2585 803 2691 859 pax
2711 798 2765 843 et
2791 790 3195 860 caritas,quam
3223 790 3401 859 diligit
3429 789 3608 846 Deus:
3640 802 3699 846 ut
3721 794 3849 848 sitis

2249 878 2539 932 obedientes
2571 878 2671 948 ﬁlii
2715 877 2898 934 Patris
2923 881 3098 944 uestri,
3127 881 3217 951 qui
3240 880 3294 934 in
3320 880 3463 934 ca'lis
3498 891 3574 935 est
3619 881 3847 951 (Matth.

2250 983 2298 1021 γ.
2349 985 2394 1022 ιν.
2427 968 2539 1035 45).
2574 968 2848 1038 Scriptum
2878 971 3075 1041 quippe
3104 978 3227 1026 est:
3259 970 3411 1024 Beati
3448 972 3681 1043 pacifici,
3711 973 3851 1042 quia

2247 1056 2346 1125 ﬁlii
2374 1057 2468 1111 Dei
2494 1059 2813 1113 vocabuntur
2838 1059 3086 1131 (Ibidem,
3105 1079 3149 1115 ιι.
3172 1061 3248 1131 9).
3282 1062 3347 1115 Et
3373 1062 3569 1116 iterum
3597 1080 3609 1115 :
3640 1060 3848 1115 Pacem

2246 1149 2521 1218 sequimini
2581 1157 2628 1202 et
2672 1152 3074 1204 sanctimoniam
3122 1152 3235 1206 sine
3292 1170 3397 1222 qua
3439 1169 3588 1206 nemo
3646 1153 3847 1208 ridebit

2248 1236 2416 1291 Deum
2457 1237 2645 1308 (Hebr.
2685 1257 2781 1305 xu,
2810 1258 2856 1295 υ.
2884 1241 2999 1312 24).
3040 1241 3319 1309 Dimittite,
3353 1244 3528 1313 inquit
3572 1244 3848 1300 Dominus

2250 1331 2305 1384 in
2348 1331 2640 1402 Evangelia
2666 1372 2680 1396 ,
2710 1344 2759 1387 et
2807 1334 3100 1389 dimittetur
3127 1335 3267 1389 vobis
3326 1334 3476 1406 (Luc.
3520 1352 3595 1401 γι,
3638 1353 3686 1391 υ.
3720 1336 3845 1407 57),

2249 1418 2318 1474 In
2365 1421 2481 1483 hoc,
2522 1423 2619 1487 ait,
2657 1428 2967 1494 cognoscent
3018 1442 3219 1490 omnes,
3247 1425 3354 1498 47
3385 1428 3507 1497 quia
3545 1428 3646 1481 mei
3707 1429 3841 1482 estis

2249 1510 2514 1580 discipuli,
2532 1512 2577 1567 si
2598 1512 2923 1568 dilectionem
2945 1516 3160 1570 invicem
3181 1518 3486 1570 conservetis
3502 1515 3685 1588 (Joan.
3712 1534 3843 1582 xm,

2249 1616 2298 1653 υ.
2333 1600 2440 1671 55),
2474 1611 2531 1655 ut
2553 1620 2659 1673 pax
2679 1603 2799 1668 Dei,
2822 1621 2938 1675 quae
2982 1616 3229 1676 exuperat
3254 1623 3458 1661 omnem
3484 1625 3715 1671 sensum,
3742 1626 3842 1663 cu-

2250 1692 2443 1746 stodiat
2475 1695 2635 1748 corda
2661 1705 2709 1749 et
2730 1695 3101 1768 intelligentias
3133 1709 3350 1764 vestras,
3379 1701 3435 1754 in
3459 1699 3665 1754 Christo
3689 1700 3832 1756 Iesu

572 1787 726 1858 v.7),
765 1784 1177 1856 praarogativam
1207 1781 1494 1837 sacerdotii
1543 1780 1880 1842 concederet,
1930 1778 2466 1848 dispen-BDomiuo
2518 1795 2694 1839 nostra
2745 1784 2965 1858 (Philip.
3017 1804 3089 1854 iv,
3118 1806 3164 1843 ιν.
3215 1789 3291 1858 7).
3344 1790 3640 1857 Quatenus,
3688 1792 3841 1847 sicut

571 1886 915 1948 satoremque
939 1891 1051 1932 suae
1075 1875 1433 1930 constitueret
1460 1872 1698 1928 familiae.

639 1967 996 2037 Quapropter,
1024 1964 1316 2029 carissimi,
1346 1962 1505 2031 hujus
1533 1963 1638 2017 diei
1669 1962 1924 2033 praeclara
1962 1961 2152 2016 solem-

570 2059 710 2112 nitas
752 2057 1027 2128 geminam
1050 2054 1193 2126 apud
1241 2063 1476 2109 vestram
1508 2053 1620 2108 Deo
1661 2052 1914 2123 placitam
1958 2051 2153 2105 carita-

566 2159 697 2212 tem,
724 2163 821 2218 per
844 2148 985 2203 banc
1029 2161 1163 2202 mea:
1209 2145 1600 2201 mediocritatis
1630 2155 1653 2183 ο
1705 2143 1954 2214 paginam
2002 2156 2150 2196 com-

567 2238 705 2311 pulit
733 2239 760 2278 b
790 2237 1103 2308 persolvere
1132 2235 1488 2292 iunctionem.

633 2330 748 2404 ω
765 2344 787 2370 ε
806 2331 875 2385 Et
901 2329 1138 2401 primum
1158 2330 1400 2385 omnium
1423 2329 1664 2399 quidem,
1685 2328 1946 2382 condecet
1966 2336 2144 2396 pater-

565 2440 636 2478 no
659 2423 860 2479 adiectu
884 2439 1036 2479 meos
1060 2422 1250 2478 dulces
1273 2422 1564 2491 deposcere
1591 2430 1769 2485 natos,
1795 2430 1855 2473 ut
1882 2435 1980 2490 pro
2015 2434 2148 2473 mere

564 2515 877 2586 fragilitatis
918 2514 1102 2584 inopia
1130 2513 1404 2569 Christum
1436 2512 1723 2567 Dominum
1763 2510 2148 2566 convenienter

563 2607 950 2678 deprecemiui,
972 2616 1033 2661 ut
1061 2606 1166 2661 hoc
1192 2603 1426 2660 oﬂicium
1456 2603 1695 2674 pietatis,
1721 2602 1863 2673 quod
1886 2601 2147 2672 largiente

569 2700 818 2763 Domino,
864 2698 1065 2753 vestris
1106 2696 1379 2768 precibus,
1430 2694 1680 2764 indeptus
1733 2709 1873 2758 sum,
1923 2708 2144 2747 suorum

565 2788 1043 2844 intercessionibus
1086 2786 1493 2858 Apostolorum,
1535 2785 1796 2840 concedat
1844 2782 2144 2853 inculpabi-

563 2880 690 2937 liter
713 2880 1029 2951 adimplere,
1057 2888 1326 2950 quatenus
1348 2892 1456 2932 non
1483 2876 1549 2932 de
1571 2876 1804 2932 culmine
1826 2874 2146 2945 prmsulatus

565 2970 890 3026 temeritatis
910 2985 1067 3040 poena
1098 2969 1466 3034 condemner;
1495 2966 1590 3023 sed
1613 2966 1679 3021 de
1706 2966 1847 3022 ﬁdeli
1876 2964 2051 3020 ollicio
2079 2981 2144 3020 ac

565 3060 752 3116 sedulo
782 3061 998 3130 pietatis
1038 3060 1360 3121 ministerio,
1391 3058 1445 3113 in
1491 3058 1578 3113 die
1615 3057 1876 3111 adventus
1905 3055 2141 3118 Domini,

2253 1889 2385 1929 mea:
2405 1875 2717 1947 exiguitatis
2738 1878 3077 1948 promotione
3099 1879 3297 1947 laetitia:
3314 1892 3338 1919 θ
3362 1881 3556 1952 gaudia
3572 1881 3726 1937 vobis
3744 1882 3841 1937 ho-

2251 1967 2337 2020 die
2360 1967 2657 2027 cumulavit
2699 1969 3048 2035 Altissimus;
3082 1971 3155 2026 ita
3196 1970 3462 2042 profecto,
3506 1981 3560 2028 et
3607 1972 3741 2027 mihi
3767 1973 3840 2027 de

2247 2066 2441 2111 vestrae
2477 2059 2853 2114 unanimitatis
2893 2068 2948 2115 et
2984 2066 3133 2130 pacis
3178 2062 3468 2118 concordia
3500 2063 3699 2118 mentis
3731 2062 3830 2132 jo-

2248 2149 2496 2204 cunditas
2525 2150 2747 2206 uberius
2789 2150 3193 2221 multiplicetur,
3220 2162 3281 2207 ut
3322 2155 3681 2208 condecenter
3706 2156 3828 2224 pari

2250 2254 2473 2295 assensu
2509 2238 2523 2277 ί
2563 2241 2818 2311 hymnum
2847 2242 3032 2312 gloria:
3069 2258 3191 2297 cum
3216 2244 3420 2297 sanctis
3446 2244 3672 2314 angelis,
3702 2253 3833 2300 ante

2248 2331 2557 2387 venerabile
2584 2331 2967 2402 Apostolorum
3013 2333 3281 2404 Principis
3303 2350 3518 2405 corpus,
3555 2336 3833 2406 possimus

2248 2423 2502 2478 concordi
2544 2424 2930 2489 modulamine,
2981 2426 3144 2480 etiam
3195 2441 3317 2481 cum
3367 2428 3577 2483 interno
3629 2429 3835 2485 mentis

2248 2514 2504 2577 adsensu,
2538 2513 2788 2567 alacriter
2811 2514 3133 2579 exclamare,
3167 2513 3347 2570 Gloria
3373 2518 3429 2571 in
3456 2516 3673 2572 excelsis
3694 2517 3829 2585 Deo,

2245 2612 2294 2656 et
2328 2603 2382 2656 in
2410 2610 2550 2656 terra
2585 2619 2689 2673 pan:
2714 2603 3007 2657 hominibus
3055 2604 3202 2658 bona:
3243 2604 3525 2660 roluntatis
3575 2605 3728 2677 (Luc.
3760 2624 3825 2673 ιι,

2246 2708 2293 2745 υ.
2330 2690 2433 2763 ιι).

2318 2782 2525 2849 Quibus
2562 2783 2881 2853 prmmissis,
2928 2783 3218 2850 carissimi,
3263 2784 3330 2838 ad
3370 2784 3500 2840 illud
3548 2785 3825 2858 singulare

2247 2874 2362 2943 spei
2387 2883 2588 2929 nostrae
2614 2874 2933 2940 remedium,
2958 2890 3090 2929 meae
3125 2874 3445 2930 humilitatis
3470 2886 3494 2924 ι
3527 2877 3826 2948 alloquium

2246 2979 2587 3033 summopere
2621 2978 2803 3028 curro,
2839 2973 2901 3020 ut
2924 2966 2993 3020 ad
3036 2965 3179 3036 quod
3203 2973 3442 3021 vestrum
3467 2966 3823 3035 desiderium,

2246 3068 2343 3124 per
2384 3052 2621 3107 amatum
2652 3051 2886 3123 Spiritus
2935 3054 3126 3119 sancti,
3172 3053 3538 3111 indesinenter
3563 3072 3685 3112 esse
3714 3059 3828 3113 sol-

566 3166 801 3216 merear,
825 3166 931 3205 una
960 3166 1083 3205 cum
1108 3148 1393 3204 animabus
1419 3148 1487 3201 ab
1509 3162 1574 3202 eo
1602 3145 1736 3200 mihi
1764 3143 2005 3209 creditis,
2048 3144 2147 3198 im-
2170 3144 2216 3207 C
2248 3144 2452 3199 licitum
2481 3150 2644 3213 atque
2686 3144 2965 3198 adtentum
3015 3143 3068 3197 in
3107 3145 3241 3198 meis
3285 3145 3459 3200 oculis
3499 3146 3676 3203 habeo
3699 3164 3830 3203 cou-

564 3241 995 3299 marcescibilem
1023 3240 1206 3312 glorizc
1230 3240 1509 3309 percipere
1539 3254 1797 3295 coronam

634 3334 837 3389 Deinde
868 3333 975 3387 alia
1006 3332 1140 3387 mihi
1167 3332 1234 3386 ad
1260 3346 1376 3397 vos,
1406 3346 1439 3386 ο
1463 3329 1821 3394 dilectissimi,
1865 3345 1963 3401 pro
1988 3328 2142 3382 vobis

563 3438 649 3486 est
691 3427 716 3467 ε¹
742 3425 1074 3499 amplissima
1121 3424 1370 3482 caritatis
1413 3423 1741 3488 adhortatio,
1786 3433 2052 3493 quatenus
2094 3421 2138 3475 si

560 3523 683 3593 quis
704 3530 944 3577 vestrum
972 3520 1231 3575 adversus
1252 3519 1484 3589 aliquem
1513 3517 1703 3573 habuit
1726 3517 1811 3572 vel
1842 3517 2006 3571 habet
2034 3516 2142 3570 huc

563 3627 735 3682 usque
763 3610 1062 3682 querelam,
1091 3625 1224 3665 mea:
1248 3609 1640 3665 obsecrationis
1666 3609 1995 3671 interventu,
2024 3623 2142 3677 pro-

560 3714 683 3775 pter
719 3720 840 3759 eum
872 3703 1099 3767 scilicet,
1126 3702 1220 3772 qui
1262 3710 1419 3755 autor
1460 3701 1611 3769 pacis
1657 3709 1711 3755 et
1754 3700 1997 3755 caritatis
2033 3710 2136 3763 est,

563 3795 793 3850 invicem
841 3809 909 3849 ex
948 3793 1205 3848 cordibus
1233 3790 1512 3845 relaxetis.
1567 3788 1828 3843 Donantes
1870 3789 2139 3844 vobismet-

564 3888 689 3959 ipsis
736 3883 961 3953 (Coloss.
993 3900 1079 3950 ιιι,
1102 3900 1150 3938 υ.
1185 3882 1299 3955 l3),
1337 3881 1634 3938 secundum
1678 3879 2027 3957 apostolicam
2056 3896 2142 3935 ex-

566 3979 949 4043 hortationem,
994 3978 1131 4031 sicut
1173 3975 1313 4031 Deus
1344 3976 1398 4030 in
1425 3972 1631 4029 Christo
1662 3972 1873 4027 donarit
1897 3972 2059 4031 nobis.
2086 3983 2140 4026 ut

637 4148 661 4177 ι
717 4133 997 4204 Paginam.
1039 4132 1168 4189 lude
1194 4131 1515 4204 liquetnnon
1560 4126 1726 4182 fuisse
1754 4126 1895 4204 hanc
1929 4125 2143 4204 concio-

565 4223 688 4264 nem
721 4195 954 4270 tantum,
1002 4219 1122 4273 qua:
1169 4195 1302 4257 voce
1349 4199 1662 4273 diceretur;
1715 4196 1811 4252 sed
1858 4195 2138 4267 epistolam

566 4292 801 4350 quoque,
831 4269 952 4350 qum
979 4269 1186 4350 scripto
1207 4280 1389 4343 postea
1395 4269 1737 4350 lnittenretur;

639 4350 666 4390 δ
694 4336 995 4401 'Perso'lrere
1023 4336 1358 4414 {unctionem
1377 4339 1683 4414 Pontiﬁces
1713 4336 2001 4414 Romanos,
2033 4344 2142 4391 sta-

569 4421 664 4475 tim
692 4417 929 4487 atquein
958 4407 1139 4471 sedem
1171 4410 1534 4483 Apostolicam
1566 4407 2014 4487 conscenderant,
2056 4424 2142 4487 sg—

564 4490 690 4568 litos
724 4478 846 4544 esse
891 4500 1110 4568 monere
1154 4478 1321 4540 totam
1359 4489 1523 4568 tota-ni
1565 4480 1863 4568 ‘Echlesiam‘
1893 4478 2141 4568 de-lordi-
2166 4510 2218 4568 υ

565 4546 784 4616 natione
837 4567 893 4614 et
945 4556 1050 4612 ﬁde
1083 4570 1179 4613 sua
1204 4595 1219 4619 ,
1273 4560 1495 4621 constat
1528 4550 1785 4621 pluribus
1821 4546 2138 4621 Pontiﬁcum

562 4627 1155 4701 ipsorumitestimoniis
1196 4617 1254 4701 et
1294 4617 1570 4701 exemplis.
1611 4618 2054 4701 Gelasiusnepist.
2083 4617 2138 4678 2.

564 4687 693 4757 έιιιι.
729 4700 854 4763 492,
882 4699 949 4754 ad
976 4697 1323 4765 Laurentium
1360 4687 1775 4765 Lig'nidensem:
1813 4707 1830 4739 ι
1864 4687 1997 4765 Quia
2025 4704 2144 4743 mus

562 4780 648 4826 est
675 4758 931 4826 Romana:
975 4767 1232 4823 Ecclesia:
1266 4758 1544 4820 Sacerdoti
1589 4762 1800 4816 noviter
1827 4758 2137 4819 constituto,

565 4840 792 4895 formam
842 4836 966 4893 ﬁdei
996 4852 1106 4891 sum
1151 4837 1219 4890 ad
1263 4842 1479 4890 sanctas
1513 4831 1784 4887 Ecelesias
1829 4843 2140 4898 prorogare,

564 4909 682 4965 hac
703 4908 891 4965 eadem
918 4906 1295 4976 compendiosa
1326 4903 1487 4976 nimis
1510 4901 1773 4976 brevitate
1797 4899 1974 4976 studui
1999 4914 2145 4952 revo-

563 4995 712 5043 care,
737 4986 799 5033 ut
820 4978 921 5032 sub
944 4968 1058 5045 qua'
1089 4975 1191 5030 tide
1220 4973 1505 5045 vivendum
1560 4971 1651 5045 sit,
1703 4968 1993 5045 secundum:
2025 4978 2136 5023 sta-

565 5059 678 5104 tuta
699 5039 939 5105 Patrum.
964 5039 1025 5101 in
1055 5047 1158 5101 hac
1187 5054 1372 5100 nostra
1400 5042 1649 5109 cpistola,
1678 5058 1774 5111 per
1793 5039 2131 5101 brevitatem,

564 5120 681 5177 sine
707 5117 926 5173 fastidio
944 5116 1115 5172 lector
1143 5118 1405 5169 advertat.
1434 5111 1764 5167 Conﬁtemur
1795 5125 1945 5179 ergo,
1976 5119 2079 5163 etc.
2111 5130 2128 5162 ι

637 5202 659 5230 ε
688 5188 755 5244 Et
795 5188 1020 5260 primum
1061 5186 1291 5256 quidem,
1334 5194 1440 5238 etc.
1488 5181 1632 5237 More
1677 5182 2133 5305 Ermdecessorum

637 5261 815 5305 minus
858 5274 918 5305 se
966 5255 1205 5305 adiuvari
1261 5253 1511 5305 nostulat.
1549 5251 1624 5305 Ita
1719 5268 1787 5305 eo
1815 5250 2035 5305 Magnus
2080 5249 2133 5303 in

563 5249 919 5333 precibusse
946 5249 1205 5333 adjuvari
1261 5249 1511 5325 postulat.
1549 5251 1624 5306 Ita
1677 5249 2133 5333 Irm.bla£n'|ls.ill

563 5319 810 5389 sermone
835 5319 1132 5383 habito'die
1156 5319 1276 5397 ipso'
1303 5342 1412 5397 sua;
1452 5319 2138 5397 assumptionisLPelagius

564 5405 580 5460 Ι
629 5400 863 5473 Epistula
917 5399 984 5473 ad
1030 5389 1346 5473 universum
1385 5394 1475 5449 Dei
1509 5389 2136 5473 _pqpulum,‘Gre£orius

564 5459 787 5547 Magnus
818 5472 870 5547 i_n
890 5466 1421 5547 epistolansynodica.
1457 5459 1539 5519 azl'
1573 5459 1915 5547 Patriarchas
1947 5459 2135 5547 Orien-

565 5530 690 5601 talis
714 5530 990 5609 Ecclesit'e,
1016 5547 1073 5595 et
1094 5530 1211 5601 alii;
1239 5552 1270 5592 a
1314 5534 1506 5604 quibus
1526 5535 1804 5609 scriptum
1843 5530 2045 5609 aliquid
2071 5530 2137 5583 de

564 5601 1041 5688 suagpromotione
1077 5609 1145 5666 ad
1191 5601 1587 5688 nos‘pervenit.
1627 5601 1782 5688 Quin.
1820 5612 1874 5656 et
1919 5601 2136 5688 Hilarus

565 5668 811 5740 scribens
852 5668 1077 5741 desum
1109 5668 1466 5737 ordinationis
1507 5668 1839 5745 primordiis,
1887 5672 2047 5745 epist.
2075 5668 2131 5733 5,

567 5753 632 5807 ad
660 5753 941 5812 Leontium
982 5755 1368 5819 Arelatensem,
1398 5741 1677 5819 postquam
1705 5743 1861 5815 petiit
1886 5741 2133 5798 omnibus

2243 3244 2524 3305 spectum;
2557 3234 2755 3304 illaque
2806 3250 2939 3290 mea:
2983 3234 3301 3290 humilitatis
3348 3235 3701 3306 professione,
3760 3242 3828 3294 ad

2242 3335 2476 3378 vestram
2500 3323 2933 3388 aediﬁcationem,
2977 3322 3209 3378 libenter
3249 3324 3448 3380 invitor
3477 3327 3824 3397 depromere,

2243 3432 2361 3486 qua:
2385 3433 2415 3469 a
2447 3431 2533 3472 me
2561 3414 2851 3480 inhianter,
2895 3416 3173 3484 suspensis
3205 3416 3447 3482 auribus,
3488 3416 3699 3473 fervore
3732 3436 3827 3476 ca—

2245 3510 2455 3565 tholica:
2479 3517 2642 3580 atque
2680 3508 2992 3564 orthodoxae
3037 3506 3182 3572 ﬁdei,
3224 3508 3535 3566 christiana:
3578 3511 3805 3583 religion

2242 3601 2419 3655 dedita
2448 3610 2629 3654 vestra
2656 3599 2890 3664 devotio,
2922 3613 3021 3667 per
3061 3611 3195 3653 mea:
3240 3599 3601 3655 ministerium
3628 3600 3831 3673 linguae

2242 3690 2627 3745 convenienter
2651 3689 2798 3758 cupit
2836 3689 3043 3745 audire.

2312 3780 2602 3849 Propterea
2630 3778 2943 3835 christiana:
2968 3780 3125 3834 simul
3147 3788 3202 3835 et
3222 3780 3544 3853 evangelica:
3564 3782 3832 3841 doctrina:

2241 3869 2507 3939 discipuli,
2555 3876 2899 3938 paternteque
2936 3869 3266 3935 traditionis,
3306 3886 3405 3941 per
3440 3871 3535 3926 Dei
3561 3872 3821 3942 gratiam,

2240 3960 2603 4026 a-mulatores,
2625 3967 2680 4015 et
2698 3957 3013 4014 orthodoxae
3033 3958 3156 4014 ﬁdei
3181 3969 3478 4018 sectatores
3498 3962 3829 4032 existentes,

2240 4137 2335 4192 per
2356 4121 2663 4176 universam
2709 4118 3040 4192 provinciam
3084 4119 3363 4192 Episcopis
3406 4120 3472 4192 de
3502 4119 3628 4175 sedc
3679 4120 3833 4191 Apo-

2240 4190 2426 4247 stolica
2467 4192 2570 4263 sibi
2626 4190 2912 4263 commissa
2956 4190 3485 4263 renuntiari,’addit,
3524 4209 3541 4241 ι
3585 4200 3655 4263 ut
3690 4190 3829 4263 sup-

2240 4262 2501 4333 plicaturi
2520 4262 2744 4333 Domino
2772 4269 2955 4333 nostro
2970 4259 3096 4333 Jesu
3119 4259 3516 4333 ChristoLsicut
3532 4259 3831 4333 exultatio—

2240 4329 2324 4388 nis
2350 4332 2563 4404 gaudia,
2594 4331 2669 4385 ita
2694 4329 2979 4411 profutura
3008 4330 3295 4411 universali
3339 4331 3591 4387 Ecclesia:
3615 4333 3829 4390 oratio-

2241 4420 2369 4458 num
2396 4418 2614 4457 suarum
2640 4408 2762 4456 vota
2785 4408 3127 4471 conjungant.
3152 4419 3171 4453 ι

2314 4472 2338 4511 ἀ
2370 4471 2701 4543 Αντηριίεδὶηια
2726 4470 2961 4543 caritatis
2987 4468 3305 4543 adhortatio.
3352 4468 3611 4543 Hortatur
3632 4471 3832 4529 Ponti-

2245 4543 2331 4597 fex
2361 4540 2964 4625 Clerumyopulumque
2987 4541 3054 4625 ad
3096 4540 3438 4625 deponendas
3480 4541 3828 4611 inimicitias,

2243 4629 2377 4683 quas
2404 4613 2544 4668 inter
2569 4610 2933 4667 dissidemlum
2970 4611 3036 4683 de
3079 4610 3343 4683 electione
3382 4619 3594 4668 atroces
3623 4610 3830 4670 conce-

2264 4680 2455 4748 ierant,
2484 4683 2836 4751 foverantque
2863 4695 2959 4751 per
2986 4680 3171 4751 viginti
3199 4680 3313 4735 fere
3342 4694 3575 4751 menses,
3590 4698 3699 4751 nec
3726 4685 3828 4738 ad—

2264 4703 2455 4748 ierant,
2484 4703 2836 4751 toverantque
2864 4703 2959 4751 per
2988 4703 3036 4733 v1
3057 4703 3171 4734 ἰιιιι
3199 4703 3313 4735 tere
3342 4703 3575 4746 nienses,
3599 4703 3699 4739 nec
3726 4703 3825 4738 atl-

2243 4703 2347 4810 lmc
2378 4763 2556 4809 tamen
2583 4752 2728 4807 omni
2758 4767 2823 4806 ex
2856 4758 3008 4821 parte
3033 4703 3409 4820 deposuerant,
3439 4750 3562 4807 licet
3587 4750 3639 4807 in
3675 4752 3825 4810 Leo-

2245 4826 2327 4880 nis
2346 4824 2659 4879 electionem
2687 4821 3106 4876 consensissent.

2318 4906 2341 4933 ο
2375 4893 2565 4948 Hodie.
2593 4893 2713 4962 lpso
2743 4892 2906 4962 igitur
2942 4890 3029 4944 die
3053 4889 3435 4961 assumptionis
3477 4892 3694 4948 habitus
3733 4906 3830 4949 est

2244 4967 2431 5020 Romae
2454 4960 2652 5026 sermo,
2682 4960 2787 5032 qui
2802 4960 3004 5032 scripto
3030 4969 3213 5030 postea
3240 4960 3303 5015 in
3349 4963 3674 5032 provincias,
3707 4966 3826 5018 sal-

2240 5047 2348 5091 tem
2373 5032 2725 5088 ordinationis
2752 5029 3066 5092 Pontiﬁciaé,
3101 5032 3353 5086 directus.

2318 5106 2358 5184 f_
2381 5101 2874 5184 Hymnum‘gloriaf.
2902 5099 3187 5184 .Nondum
3212 5102 3462 5184 hymnus,
3495 5102 3585 5184 qui
3616 5101 3826 5184 dicitur

2239 5170 2510 5231 Ambrosii
2539 5180 2594 5227 et
2635 5170 2937 5242 Augustini,
2970 5170 3262 5225 cauebatur
3296 5170 3482 5226 Romae
3515 5170 3568 5242 in
3616 5172 3826 5242 solem.-

2241 5261 2365 5301 nem
2393 5242 2683 5317 gratiarum
2708 5241 2996 5317 actionem.
3023 5242 3207 5317 Roma}
3235 5242 3364 5305 divi,
3395 5258 3518 5317 nam
3549 5241 3601 5317 in
3625 5241 3828 5300 Galliis

2244 5310 2771 5372 antea'decantatum
2802 5310 2986 5374 fuisse,
3019 5327 3123 5365 non
3148 5312 3375 5366 obscure
3400 5312 3686 5381 colligitur.

2317 5390 2341 5427 8
2364 5383 2681 5454 Alloquium.
2698 5381 2899 5454 Locum
2922 5381 3300 5454 miserabiliter
3314 5390 3622 5451 corruptum
3636 5396 3828 5437 cmen-

2244 5457 2386 5512 davi.
2420 5451 2511 5510 Sic
2540 5453 2681 5509 enim
2713 5467 2771 5507 se
2799 5451 3065 5507 habebat:
3098 5468 3117 5501 ι
3147 5451 3226 5522 Ad
3271 5452 3445 5506 locum
3471 5465 3826 5522 sumnmpere

2242 5526 2446 5591 curavi,
2484 5522 2719 5592 adquod
2764 5530 3004 5577 vestrum
3051 5521 3376 5592 desiderium
3426 5537 3524 5592 per
3558 5520 3823 5579 allectum

2242 5598 2414 5653 sancti
2461 5591 2717 5665 Spiritus,
2766 5592 3132 5665 indesinenter
3174 5591 3458 5665 sollicitum
3503 5606 3623 5665 esse
3649 5601 3823 5659 atque

2242 5661 2541 5728 adtentum,
2582 5661 2941 5726 immaculatis
2976 5661 3043 5715 ab
3081 5676 3147 5716 eo
3187 5661 3510 5727 confertum,
3557 5661 3645 5715 illa
3691 5678 3823 5732 qum

2242 5753 2373 5796 mete
2396 5734 2728 5794 humilitatis.
2757 5741 2863 5785 etc.
2884 5750 2902 5780 ι
