3990 6184
407 341 477 396 57
1401 346 1836 394 ltUMAiVUhL’M
1878 347 1964 395 νυ

2084 348 2313 398 ιείιωι.
2379 373 2448 384 --
2482 351 2633 398 (.Al’.
2671 354 2732 399 ll.
3519 374 3524 380 ·
3585 355 3653 407 53

400 472 493 512 ra.
523 471 640 524 qua:
659 469 756 524 per
783 462 1000 508 sanctos
1025 451 1330 522 Apostolus,
1375 452 1638 521 huiusque
1667 451 1988 521 Apostolicre
2014 455 2064 512 Α
2092 455 2300 524 pullum
2337 471 2522 519 carne,
2572 458 2930 511 rcsurrrxisse
2960 468 3013 511 et
3055 458 3364 517 ascendisse
3389 462 3441 515 in
3487 465 3656 519 celos

405 544 568 599 Sedis
612 543 892 605 Pracsules,
947 543 1279 613 prtedicanda
1323 543 1675 612 suscepimus,
1723 542 1982 612 quemad-

403 635 626 690 modum
656 635 809 688 corde
831 636 1086 689 credimus
1109 635 1178 688 ad
1196 635 1460 704 justitiam
1489 633 1667 705 (Rom.
1699 651 1755 696 ι,
1787 651 1836 687 υ.
1865 632 1977 700 10),

403 729 478 782 ita
506 743 604 782 nos
651 727 927 789 condecet,
971 727 1036 780 ad
1079 735 1271 781 vestra:
1317 725 1506 780 salutis
1547 724 1975 787 aediﬁcationem,

403 827 582 872 mente
613 817 806 871 devota
851 817 1064 886 proprie
1106 833 1169 870 ac
1207 817 1492 881 veraciter,
1525 827 1549 855 ι
1584 816 1638 870 in
1683 823 1975 884 conspectu

399 911 568 964 totius
589 909 864 972 Ecclesiae,
893 909 1059 962 libera
1088 908 1327 978 proﬁteri
1357 923 1508 962 voce.

474 1001 584 1074 5,8
612 1003 638 1041 ι)
665 1001 950 1055 Credimus
979 1002 1032 1055 in
1065 1017 1226 1054 unum
1251 999 1436 1062 Deum,
1461 999 1678 1054 Patrem
1705 1006 1758 1051 rt
1781 999 1975 1053 Filium

395 1105 456 1148 et
474 1095 734 1164 Spiritum
756 1106 1022 1157 sanctum,
1047 1094 1366 1147 Trinitatem
1390 1091 1802 1163 inseparabilem
1833 1109 1845 1144 :
1875 1091 1977 1144 Pa-

397 1201 538 1245 trem
565 1189 791 1253 scilicet,
817 1204 880 1242 ex
909 1203 1015 1258 quo
1057 1188 1235 1242 omnia
1262 1205 1276 1240 :
1329 1186 1521 1240 Filium
1548 1202 1643 1255 per
1666 1201 1822 1255 quem
1854 1201 1974 1238 om-

393 1283 528 1337 nia:
563 1281 826 1352 Spiritum
851 1291 1115 1342 sanctum,
1147 1280 1198 1333 in
1230 1294 1336 1348 quo
1363 1279 1564 1333 omnia.
1612 1278 1822 1332 Patrem
1857 1279 1975 1347 qui-

395 1374 522 1427 dem
554 1373 874 1442 ingeuitum,
905 1371 1092 1424 Filium
1122 1379 1299 1424 autem
1322 1385 1389 1425 ex
1431 1369 1588 1423 Patre
1617 1370 1970 1438 unigenitum,

397 1476 420 1501 ε
459 1463 717 1532 Spiritum
742 1477 872 1516 vero
913 1470 1156 1516 sanctum
1199 1478 1298 1516 nec
1339 1461 1598 1533 genitum,
1631 1476 1729 1515 nec
1769 1461 1974 1531 ingeni-

389 1569 532 1619 tum,
567 1555 659 1610 sed
685 1556 750 1609 de
775 1555 938 1609 Patre
960 1553 1200 1623 Filioque
1228 1553 1626 1624 procedentem.
1659 1553 1828 1608 Unam
1858 1569 1975 1606 san-

389 1658 497 1704 cta:
518 1647 800 1702 Trinitatis
827 1647 1135 1707 essentiam,
1184 1661 1344 1699 unam
1373 1641 1646 1709 virtutem,
1690 1661 1851 1699 unam
1879 1645 1974 1697 do-

391 1739 792 1804 minationem,
855 1755 1017 1793 unam
1073 1738 1372 1792 naturalem
1429 1739 1758 1793 voluntatem
1811 1747 1970 1807 atque

2081 563 2264 608 carne,
2297 550 2439 602 unde
2465 563 2733 619 nunquam
2767 551 3044 606 divinitate
3072 553 3337 613 discessit.
3375 555 3654 611 sedentmn

2080 637 2146 689 ad
2176 638 2456 692 dexteram
2483 639 2658 694 Patris
2685 642 2736 694 in
2760 641 2944 696 eadem
2969 658 3151 704 carne.
3181 653 3236 698 et
3266 645 3338 697 ita
3368 655 3654 702 venturum

2069 725 2314 795 judicare
2351 730 2500 785 vivos
2537 740 2593 784 et
2633 739 2894 796 mortuos,
2931 741 2985 786 et
3028 733 3106 789 sic
3135 749 3347 805 semper
3378 736 3430 790 in
3465 737 3654 790 eadem

2077 836 2244 875 carne
2271 837 2610 877 mansurum.

2146 912 2172 951 ⁶¹
2213 913 2504 984 Propterea
2527 916 2864 970 detestamur
2891 932 2985 972 eos
3015 926 3176 985 atque
3200 918 3619 972 condcmnamus
3641 960 3656 980 .

2075 1006 2400 1074 quicumque
2449 1015 2574 1060 ante
2609 1008 2990 1062 adunationem
3029 1008 3162 1064 duas
3200 1021 3420 1065 naturas
3448 1021 3500 1065 et
3534 1021 3657 1081 post

2077 1095 2454 1149 adunationem
2476 1111 2635 1149 unam
2660 1096 2858 1150 Christi
2890 1107 3137 1152 naturam
3162 1110 3406 1155 errantes
3430 1102 3652 1155 adseve—

2077 1196 2230 1249 rant;
2267 1202 2476 1241 necnon
2509 1195 2564 1241 et
2587 1187 2726 1252 illos,
2754 1189 2844 1257 qui
2877 1189 2929 1242 in
2955 1189 3093 1245 duas
3111 1206 3390 1259 personas,
3416 1192 3499 1246 vel
3523 1194 3656 1247 duos

2077 1279 2236 1341 ﬁlios,
2292 1294 2456 1332 unum
2486 1277 2791 1333 Dominum
2837 1289 3084 1335 nostrum
3136 1281 3320 1338 Jesum
3380 1283 3651 1340 Christum

2075 1369 2375 1423 dividentes
2399 1368 2792 1437 blasphemant.

2147 1459 2255 1514 Nos
2286 1461 2447 1530 igitur
2471 1461 2526 1514 in
2551 1460 2799 1515 omnibus
2828 1471 3114 1532 sequentes
3147 1472 3457 1519 sanctarum
3500 1467 3657 1536 quin-

2075 1567 2182 1621 que
2231 1550 2567 1621 Synodorum
2616 1551 2882 1615 instituta,
2931 1567 3139 1607 necnon
3196 1563 3250 1608 et
3295 1557 3657 1624 probabilium

2073 1640 2354 1694 catholica:
2387 1639 2639 1694 Ecclesize
2688 1640 2907 1694 Patrum
2954 1652 3117 1712 atque
3160 1643 3447 1700 Doctorum
3492 1663 3655 1703 vene-

2077 1733 2273 1787 rabiles
2313 1734 2649 1799 traditiones,
2699 1735 3037 1799 conﬁtemur,
3088 1747 3249 1806 atque
3295 1739 3655 1808 pnedicamus

386 1831 762 1902 "perationem
830 1846 1012 1884 unam.
1067 1829 1351 1883 Trinitatis
1419 1831 1635 1884 nomine
1690 1829 1972 1884 credentes
2001 1803 2046 1861 Β
2077 1825 2254 1878 unitas
2283 1824 2508 1878 duarum
2553 1823 2754 1880 Christi
2806 1835 3121 1881 naturarum
3161 1830 3542 1898 praprietatcs,
3581 1833 3652 1885 ita

384 1922 650 1992 baptizati
679 1938 887 1986 sumus,
911 1930 966 1976 et
989 1922 1319 1976 credendum
1343 1920 1572 1976 ﬁdeliter
1593 1921 1968 1990 pnedicamus.

469 2015 646 2070 Unum
693 2014 858 2085 igitur
910 2022 1110 2068 sanctm
1156 2013 1463 2078 Trinitatis,
1511 2013 1611 2067 hoc
1653 2023 1754 2078 est,
1804 2012 1971 2067 Deum

392 2107 652 2172 Verbum,
675 2108 764 2176 qui
801 2115 961 2160 natus
998 2116 1079 2159 est
1106 2106 1172 2159 de
1209 2105 1368 2158 Patre
1395 2112 1519 2157 ante
1551 2104 1732 2159 omnia
1758 2104 1972 2166 smcula,

383 2201 637 2257 eumdem
665 2201 716 2254 in
745 2199 948 2254 ultimis
973 2199 1303 2268 temporibus
1322 2197 1665 2252 descendisse
1683 2197 1972 2260 credimus,

383 2297 730 2350 incarnatum
756 2308 874 2346 esse
897 2291 963 2344 de
991 2289 1192 2360 Spiritu
1221 2298 1427 2353 sancto,
1459 2299 1513 2344 et
1536 2289 1602 2344 de
1631 2303 1843 2359 semper
1869 2290 1975 2342 vir-

387 2386 519 2458 gine
554 2385 712 2439 beata
743 2383 835 2437 Dei
877 2381 1137 2452 genitrice
1185 2379 1376 2446 Maria,
1425 2389 1479 2436 et
1521 2381 1968 2435 inhumanatnm:

381 2476 902 2535 consubstantialem
941 2474 1090 2529 Patri
1136 2475 1430 2530 secundum
1457 2473 1734 2538 deitatem,
1764 2483 1819 2528 et
1851 2490 1973 2528 con-

385 2567 803 2624 substantialem
855 2567 1084 2621 eundem
1127 2566 1283 2620 nobis
1321 2566 1616 2620 secundum
1665 2566 1964 2620 humanita-

383 2672 494 2715 tem
521 2679 534 2713 :
567 2660 634 2714 de
658 2658 816 2712 Patre
842 2657 1057 2727 quidem
1098 2666 1284 2712 natum
1309 2657 1423 2712 sine
1462 2665 1702 2726 tempore
1724 2665 1780 2710 et
1815 2665 1972 2711 aeter-

383 2771 452 2809 ne
482 2796 497 2818 ,
537 2754 606 2808 de
654 2760 826 2807 matre
881 2759 1060 2804 autem
1110 2751 1310 2820 absque
1353 2749 1558 2804 semine
1583 2750 1637 2804 in
1688 2757 1966 2818 tempore:

378 2847 529 2899 unde
568 2855 623 2899 et
661 2843 796 2897 duas
825 2840 942 2911 ejus
968 2842 1275 2896 nativitates
1304 2842 1680 2912 prtedicamus,
1721 2851 1771 2895 et
1804 2858 1968 2896 unum

375 2937 743 3006 eamdemque
767 2934 864 2988 Dei
901 2934 1116 2999 Filium,
1151 2935 1507 3005 eamdemque
1535 2934 1768 2988 hominis
1800 2934 1968 2989 ﬁlium

374 3047 450 3083 ex
478 3030 711 3092 duabus,
739 3035 795 3082 et
835 3028 890 3082 in
919 3028 1125 3082 duabus
1155 3027 1384 3092 naturis,
1427 3027 1529 3082 hoc
1557 3035 1660 3089 est.
1705 3027 1883 3083 divina
1912 3036 1967 3081 et

2079 1915 2446 1980 nihilominus,
2469 1925 2530 1971 ut
2554 1917 2688 1972 duas
2717 1919 2990 1974 naturales
3014 1921 3318 1977 voluntates
3346 1934 3506 1993 atque
3529 1940 3657 1994 ope-

2078 2007 2318 2061 ratioucs
2335 2009 2495 2064 unius
2514 2007 2860 2080 ejusdemque
2884 2013 3093 2066 Domini
3120 2013 3425 2070 nostrilesu
3451 2014 3654 2071 Christi

2079 2095 2361 2150 fateamur.

2149 2186 2226 2240 Ad
2257 2188 2371 2242 haec
2399 2204 2614 2259 quoque
2653 2189 2971 2259 proﬁtemur
3013 2195 3176 2248 ctiam
3208 2204 3402 2250 cuncta
3439 2197 3655 2252 decreta

2077 2277 2395 2333 Pontiﬁcum
2415 2280 2735 2350 Apostolicar
2755 2283 2896 2337 sedis
2911 2285 3365 2354 pnndecessorum
3390 2304 3652 2344 meorum.

2073 2373 2373 2442 przesertim
2419 2389 2540 2443 quae
2571 2390 2601 2428 a
2634 2384 2833 2430 sancta:
2886 2378 3158 2433 memoria:
3201 2392 3225 2418 ε
3263 2380 3491 2435 Martino
3541 2384 3652 2436 nui-

2072 2463 2268 2518 versali
2297 2478 2452 2534 papa,
2493 2465 2559 2519 ad
2590 2466 3051 2523 conﬁrmationem
3091 2471 3465 2538 przedictaruin
3499 2474 3655 2543 quin—

2074 2569 2176 2624 qne
2199 2553 2561 2624 Synodorum,
2591 2557 2809 2612 deﬁnita
2848 2558 2955 2630 50
2989 2572 3113 2615 sunt
3137 2573 3299 2633 atque
3328 2566 3564 2628 decreta,
3600 2567 3651 2620 in

2073 2646 2320 2700 omnibus
2377 2648 2672 2712 custodire,
2722 2651 2960 2704 maxime
2996 2668 3116 2720 qum
3166 2657 3426 2708 adversus
3486 2673 3652 2712 novas

2072 2739 2406 2809 promulgata
2422 2750 2546 2795 sunt
2560 2743 2902 2810 quzestiones,
2921 2746 3117 2815 quibus
3139 2747 3473 2802 zizaniorum
3495 2766 3650 2804 scau—

2071 2832 2190 2887 dala
2220 2834 2324 2888 huc
2350 2843 2510 2903 atque
2540 2835 2664 2890 illuc
2701 2836 3051 2892 disseminata
3079 2848 3221 2894 sunt.

2140 2943 2379 3010 Quorum
2423 2952 2730 2999 sanctorum
2780 2947 2998 3002 Patrum
3045 2958 3100 3002 et
3143 2949 3466 3020 Apostolicm
3507 2953 3654 3008 sedis

2070 3033 2391 3088 Pontiﬁcum
2442 3038 2734 3092 autoritate
2774 3040 2962 3093 muniti
3016 3057 3079 3094 ac
3117 3041 3262 3105 freti,
3295 3058 3413 3111 qum
3441 3044 3522 3097 vel
3554 3060 3646 3114 sy-

377 3124 643 3182 humana.
692 3117 965 3172 ίυοοηάίιὶι
1000 3126 1054 3171 ει
1079 3118 1313 3180 condita.
1357 3117 1677 3188 ίιηρθδδίδίιί
1703 3127 1757 3172 ει
1790 3120 1965 3188 Ρεὶδεί·
1994 3153 2038 3215 C
2071 3131 2260 3185 nodice
2282 3141 2658 3201 susceperunt,
2710 3131 2793 3187 vel
2840 3134 3286 3202 prmdicavernnt,
3317 3137 3433 3190 sine
3475 3136 3653 3206 aliqua

375 3211 502 3276 bili,
543 3216 595 3264 ιη
625 3224 787 3262 unam
819 3223 1103 3277 personam
1145 3217 1307 3278 atque
1343 3209 1697 3264 substantiam
1737 3225 1966 3265 concur-

379 3305 653 3369 rentibus,
688 3311 745 3358 et
772 3303 825 3357 in
852 3319 947 3357 sua
976 3304 1326 3374 proprietate,
1370 3302 1667 3358 inconfusis
1693 3314 1747 3358 et
1773 3305 1968 3359 innua-

373 3397 628 3453 tabiliter
647 3395 848 3452 eisdem
891 3397 1102 3450 naturis
1127 3395 1490 3458 manentibus,
1519 3411 1583 3448 ex
1615 3396 1812 3465 quibus
1835 3395 1970 3450 inef-

377 3489 567 3546 fabilis
598 3488 853 3544 adunatio
882 3486 1025 3542 facta
1067 3495 1170 3550 est,
1209 3497 1264 3541 et
1307 3487 1449 3540 Deus
1479 3487 1686 3548 unitas.
1713 3485 1822 3558 49
1859 3503 1971 3540 me-

376 3584 573 3636 diante
612 3579 858 3634 rationali
915 3577 1116 3641 anima,
1165 3577 1338 3641 carni,
1381 3591 1546 3646 quam
1589 3576 1657 3632 de
1701 3584 1887 3631 sancta
1916 3584 1972 3631 et

377 3668 735 3725 immaculata
764 3667 974 3738 virgine
1003 3666 1312 3737 assumpsit.

449 3784 637 3851 Quare
662 3797 786 3836 vere
831 3796 894 3835 ac
920 3780 1138 3851 proprie
1179 3781 1439 3843 Θεοτόκον,
1473 3779 1527 3834 id
1550 3789 1658 3845 est,
1683 3780 1776 3835 Dei
1809 3780 1966 3851 geni-

378 3879 576 3932 tricem
604 3882 847 3929 sanctam
871 3887 1190 3943 semperque
1213 3872 1475 3944 virginem
1499 3873 1876 3943 prtedicamus,
1900 3889 1966 3928 eo

378 3966 531 4037 quod
557 3980 722 4020 unum
759 3964 1113 4032 eumdemque
1137 3963 1305 4017 Deum
1326 3969 1382 4016 et
1408 3961 1693 4015 Dominum
1722 3971 1962 4017 nostrum

379 4060 569 4115 Jesum
603 4057 878 4114 Christum
909 4057 1110 4128 genuit,
1137 4071 1241 4110 non
1274 4056 1328 4109 in
1358 4055 1492 4110 duas
1519 4071 1778 4125 personas
1801 4057 1965 4111 duos-

380 4169 451 4208 ve
484 4152 627 4207 ﬁlios
652 4150 933 4220 partitum,
970 4149 1064 4203 sed
1094 4148 1367 4212 eumdem,
1391 4146 1592 4202 deitate
1623 4147 1837 4217 quidem
1869 4149 1967 4202 im-

383 4243 732 4316 passibilem,
762 4257 980 4313 passum
1014 4249 1193 4294 autem
1229 4253 1414 4304 carne,
1451 4239 1764 4293 cruciﬁxum
1801 4247 1854 4294 et
1883 4256 1968 4294 se-

459 4393 486 4419 ι
518 4376 586 4432 1η
607 4375 1066 4446 σοηερεσιιιμιοιὶιιε
1099 4371 1361 4446 Ecclesia.
1407 4371 1811 4446 Non‘Romame
1851 4380 1969 4446 tan-

391 4461 528 4513 tum,
555 4449 648 4502 sed
679 4442 842 4502 totius
865 4443 1306 4514 Metropolitanus,
1327 4451 1423 4514 aut
1447 4442 1736 4505 Universm,
1763 4451 1817 4497 et
1837 4444 1968 4497 orbe

2069 3225 2421 3280 diminutione
2445 3227 2768 3294 suscipimus
2798 3237 2852 3281 et
2880 3227 3258 3296 prmdicamus.
3289 3229 3463 3282 Simili
3492 3231 3652 3283 modo

2067 3324 2123 3369 et
2147 3330 2480 3385 qumcnnque
2525 3316 2918 3370 damnaverunt
2958 3333 3080 3369 cum
3114 3318 3227 3370 suis
3272 3319 3552 3371 antoritius
3594 3328 3650 3371 et

2069 3407 2444 3472 sectatoribus,
2471 3408 2570 3461 sub
2604 3409 2948 3463 anathemate
2973 3410 3314 3463 damnamus.

2140 3496 2462 3549 Proﬁtemur
2485 3496 2652 3550 etiam
2689 3513 2810 3560 nos,
2848 3499 3144 3552 secundum
3176 3499 3286 3562 illa,
3314 3516 3433 3568 quae
3464 3517 3493 3554 a
3521 3516 3653 3570 pnis

2071 3584 2445 3640 decessorihus
2470 3585 2602 3640 meis
2626 3594 2825 3640 statuta
2843 3597 2991 3651 sunt,
3015 3604 3288 3659 nunquam
3307 3590 3506 3659 aliquid
3527 3593 3650 3646 novi

2069 3685 2256 3730 contra
2295 3675 2616 3730 catholicam
2652 3685 2816 3746 atque
2865 3678 3220 3732 Orthoxloxam
3269 3679 3426 3734 ﬁdem
3471 3697 3654 3737 susce-

2066 3781 2275 3842 pturos,
2307 3786 2405 3826 nec
2430 3770 2556 3824 talia
2581 3771 2869 3826 temerarie
2892 3773 3360 3842 pncsumentibus,
3386 3774 3429 3830 si
3457 3791 3650 3846 oppor-

2066 3875 2254 3920 tunum
2286 3865 2448 3920 fuerit
2484 3866 2648 3920 etiam
2698 3866 2867 3931 mori,
2900 3865 2994 3920 Dei
3031 3867 3202 3936 gratia
3251 3883 3353 3922 nos
3395 3870 3650 3924 corrobo-

2066 3966 2240 4020 rante,
2271 3957 2290 3996 τ
2321 3973 2537 4027 quoquo
2569 3959 2728 4013 modo
2754 3974 3075 4013 consensum
3106 3959 3446 4029 pnebituros.

2134 4059 2216 4113 Ad
2269 4059 2385 4114 hmc
2433 4075 2560 4114 vero
2621 4061 2855 4131 suscipio
2902 4072 2956 4114 et
2992 4060 3282 4130 amplector
3319 4072 3373 4116 et
3425 4077 3649 4117 veneror

2067 4151 2656 4221 deﬁnitionem,qnam,
2681 4152 2790 4207 Deo
2819 4155 3059 4223 auspice,
3086 4153 3210 4207 fecit
3237 4165 3421 4207 sancta
3449 4164 3504 4209 et
3528 4156 3644 4209 nui-

2067 4243 2290 4296 versalis
2311 4259 2372 4296 ac
2390 4260 2581 4311 magna
2606 4243 2769 4299 Sexta
2795 4244 3062 4316 Synodus,
3087 4260 3206 4313 qua:
3231 4259 3400 4314 nuper
3424 4244 3476 4298 in
3500 4246 3644 4316 regia

2068 4376 2258 4448 Deum,
2283 4393 2313 4429 a
2339 4376 2498 4431 Patre
2522 4386 2577 4448 et
2604 4377 2738 4432 Filio
2761 4377 3160 4448 procedentem,
3189 4387 3294 4431 etc.
3319 4397 3336 4427 ι

2138 4445 2164 4484 ἀ
2207 4445 2850 4518 Ριξορεενεανάεεεειαηήιν,
2881 4457 2983 4518 etc.
3013 4447 3376 4518 Eutychianos
3402 4446 3560 4500 simul
3592 4459 3645 4504 et

391 4512 770 4574 totodiﬂ'usm:
812 4526 994 4587 atque,
1017 4512 1144 4587 hinc
1188 4512 1479 4587 concludo,
1519 4527 1967 4587 sermonemnon
1995 4517 2047 4575 D
2074 4512 2423 4570 Nestoria'nos
2451 4517 2710 4587 adversus
2756 4517 3066 4587 popularem
3106 4512 3241 4570 sexti
3278 4517 3460 4571 saeculi
3489 4535 3642 4572 erro-

391 4591 566 4646 solum
594 4590 660 4643 ad
688 4587 958 4642 Romanos
984 4585 1248 4648 habitum,
1296 4584 1389 4638 sed
1415 4584 1481 4637 ad
1513 4598 1701 4637 omnes
1729 4584 1876 4637 orbis
1909 4585 1969 4637 ﬁ-

391 4664 564 4723 deles,
597 4669 694 4714 aut
719 4659 907 4713 saltem
939 4656 1002 4710 ad
1034 4655 1342 4710 Occidentis
1367 4655 1530 4708 totius
1560 4653 1846 4718 Ecclesias,
1877 4663 1970 4708 aut

391 4734 458 4787 ad
486 4731 812 4788 ordinationi
840 4726 1162 4796 Apostolicre
1186 4723 1730 4796 subjectos,‘missum
1756 4739 1894 4779 esse.

465 4805 494 4844 ιι
523 4802 818 4864 Credimus,
844 4793 948 4852 etc.
983 4796 1038 4851 Si
1089 4793 1398 4850 conieratur
1436 4793 1567 4849 ﬁdes
1594 4794 1710 4864 lucc
1749 4811 1868 4848 cum
1904 4810 1966 4848 ca

393 4883 551 4945 parte
574 4863 811 4945 epistulae
853 4868 1102 4923 secundre
1148 4865 1444 4945 Agathonis
1471 4865 1538 4945 ad
1564 4863 1966 4945 "Imperatorem

395 4935 833 5007 Constantinum,
882 4956 986 5009 qua
1040 4935 1346 4992 continetur
1389 4935 1650 5009 catholici
1703 4935 1968 5009 dogmatis

394 5013 684 5086 expositio,
737 5005 993 5086 continuo
1044 5006 1576 5086 videliitur__alterius
1627 5005 1969 5086 cum_alter_a

395 5075 546 5140 tanta
571 5075 946 5144 consonantia,
971 5088 1030 5135 ut
1056 5079 1169 5134 hinc
1193 5079 1260 5133 ab
1292 5078 1401 5142 illa,
1433 5079 1476 5132 si
1503 5093 1608 5131 non
1639 5077 1837 5140 verbis,
1872 5075 1975 5130 sal-

398 5168 510 5211 tem
539 5170 698 5211 sensu
725 5155 1002 5220 desumpta
1055 5149 1316 5204 videatur.
1363 5148 1470 5204 Nec
1509 5158 1560 5203 te
1595 5156 1813 5220 moveat
1830 5148 1971 5220 quod

397 5229 454 5283 in
485 5226 787 5297 Agathonis
808 5215 1049 5297 epistola.
1065 5221 1296 5297 Spiritus
1323 5230 1541 5274 sanetus
1557 5219 1758 5297 dicitur
1779 5215 1972 5270 de’Pu-

395 5309 477 5351 tre
489 5289 785 5368 procedere,
814 5289 1143 5368 n'ec‘additur
1161 5289 1415 5368 Filioque,
1432 5289 1572 5368 quod
1590 5289 1642 5342 in
1668 5289 1768 5368 hac
1790 5297 1968 5368 tamen

397 5358 714 5423 ﬁdéleaitur
738 5384 750 5418 :
773 5358 898 5419 nam
923 5363 975 5417 id
998 5361 1230 5416 deletum
1253 5378 1282 5412 a
1311 5358 1534 5423 Grmcis,
1557 5374 1680 5414 cum
1719 5358 1964 5412 Latinam

394 5427 681 5501 epistolam
705 5436 758 5490 in
785 5435 1026 5490 Graecam
1053 5433 1285 5501 linguam
1312 5439 1604 5494 verterent,
1641 5429 1695 5483 in
1726 5427 1967 5485 Concilio

442 5500 715 5580 lorentino
737 5504 1015 5576 conquesti
1039 5500 1167 5580 sunt
1182 5500 1374 5580 Lantini.
1469 5569 1509 5580 _
1805 5577 1813 5580 _
1862 5567 1874 5580 .

471 5589 496 5618 ε
526 5576 782 5649 Spiritum
816 5569 952 5649 vero,
995 5583 1100 5649 etc.
1148 5571 1212 5649 lu
1232 5571 1431 5649 Qrdine
1469 5569 1825 5649 Romano,_ut
1854 5569 1966 5649 iam

395 5640 604 5706 dictum
648 5657 755 5712 est,
804 5645 1133 5702 ordinandus
1171 5642 1465 5712 Episcopus
1501 5641 1566 5695 de
1594 5641 1697 5712 ﬁde
1737 5640 1970 5712 Spiritus

395 5720 573 5778 sancti
605 5709 971 5790 interrogatur
999 5716 1052 5790 in
1083 5709 1232 5770 hunc
1257 5709 1468 5790 modum
1496 5728 1508 5763 :
1544 5728 1564 5761 ι
1596 5709 1788 5766 Credis
1808 5711 1968 5766 etiam

398 5791 668 5858 Spiritum
705 5779 969 5850 sanctum,
1004 5788 1216 5855 plenum
1247 5793 1298 5840 et
1342 5779 1636 5852 perfectum
1682 5795 1973 5850 verumque

2073 4601 2211 4650 rem,
2248 4600 2373 4654 quo,
2421 4595 2479 4640 nt
2522 4586 2684 4639 tradit
2717 4586 3021 4648 Facuinlus,
3071 4588 3409 4651 credebatur,
3445 4589 3642 4644 nullout

2069 4672 2189 4712 esse
2223 4655 2457 4728 mediam
2495 4656 2636 4728 inter
2681 4665 2966 4724 ntnnnque
3004 4671 3244 4713 errorem
3274 4659 3450 4723 viam,
3482 4674 3642 4728 quam

2070 4727 2334 4783 catholica
2362 4726 2494 4782 ﬁdes
2523 4725 2813 4780 insisteret.

2144 4809 2168 4838 ο
2220 4797 2472 4868 Murrina.
2508 4796 2760 4868 Martyrio
2802 4807 3092 4852 coronatus
3145 4799 3380 4854 excessit
3426 4815 3457 4854 e
3507 4801 3644 4857 vivis

2068 4884 2210 4940 anno
2234 4868 2356 4922 655.
2385 4867 2654 4940 Habuerat
2673 4877 2806 4940 ante
2834 4869 3147 4924 sexennium
3172 4869 3356 4924 Romae
3379 4872 3641 4940 synodum

2070 4939 2488 5010 Lateraneﬁnsem
2521 4938 2620 4992 105
2672 4938 3054 5010 EpiscOporum
3090 4942 3346 4996 adversus
3365 4938 3641 4996 Monothc-

2072 5009 2250 5072 litbas,
2282 5009 2630 5079 edideratque
2668 5009 3054 5079 profcsSionem
3086 5012 3227 5072 ﬁdei,
3269 5028 3429 5080 quam
3475 5013 3642 5067 Sexta

2074 5081 2320 5151 Synodus
2363 5081 2584 5151 recepit.
2621 5089 2780 5150 atque
2809 5091 2989 5136 secuta
3029 5091 3113 5135 est
3158 5094 3264 5137 act.
3305 5084 3392 5138 l8.
3426 5083 3530 5138 Sed
3569 5083 3639 5135 ita

2074 5149 2440 5223 nihilominus,
2484 5149 2544 5204 nt
2579 5151 3017 5223 damnatis__aliis
3059 5153 3388 5208 Patriarrhis
3425 5162 3642 5223 prepter

2075 5220 2345 5294 hieresim,
2382 5221 2815 5276 annumeraverit
2843 5221 3134 5277 Honorium
3156 5265 3168 5289 ,
3198 5226 3340 5294 quod
3383 5220 3644 5276 Martinus

2075 5306 2180 5344 non
2207 5290 2422 5345 fecerat.
3218 5290 3232 5294 ’
3463 5303 3466 5306 ’

2151 5360 2169 5399 τ
2195 5361 2568 5432 Quoquomodo
2589 5378 2893 5416 consensum
2913 5363 3240 5433 pra'bituros.
3264 5364 3319 5416 Id
3342 5371 3444 5425 est,
3472 5376 3642 5433 neque

2069 5430 2406 5502 expressum,
2449 5433 2791 5486 assentiendo
2829 5430 3138 5496 erroribus;
3182 5448 3362 5502 neque
3396 5430 3639 5502 tacitum,

2071 5498 2406 5574 connivendo
2437 5522 2448 5556 :
2474 5518 2596 5574 nam
2620 5512 2904 5574 utrumque
2931 5506 3143 5558 sincera
3165 5501 3298 5553 ﬁdes
3322 5510 3378 5574 et
3401 5498 3640 5574 ofﬁcium

2072 5568 2834 5650 D0ct0ris_,“prudentiaque,
2856 5574 3100 5650 lionorii
3128 5568 3396 5650 exempla
3419 5570 3603 5650 educta
3623 5615 3640 5639 ,

2071 5652 2233 5699 vetat.
2259 5644 2341 5699 Ad
2361 5640 2652 5714 Honorium
2674 5640 2836 5714 porro
2856 5645 2942 5698 hic
2964 5640 3268 5708 respicitur,
3292 5641 3430 5698 unde
3460 5644 3639 5704 statim

2074 5719 2131 5767 tit
2154 5714 2356 5770 mentio
2382 5713 2560 5771 Sexta:
2591 5713 2811 5786 Synodi.
