3990 6184
460 356 531 411 os
1789 344 1992 402 LIBER
2028 342 2333 402 DIURNUS
2682 322 2690 331 ’
3624 335 3697 392 et

461 470 769 541 probatum,
808 474 864 523 et
888 466 955 522 ab
993 476 1018 506 ι
1047 462 1402 520 Universitate
1440 460 1690 525 electum,
1738 457 2026 530 dignemini
2054 462 2107 518 Α
2131 456 2493 513 Ecclesiarum
2520 456 2628 529 58
2648 454 2895 512 euasistit
2914 462 3159 510 ornatus:
3180 462 3233 509 et
3254 454 3373 509 ideo
3392 467 3703 523 quaesumus

459 574 783 617 consecrare
806 556 1106 612 Pastorem.
1826 620 1827 623 η

534 650 666 705 Item
714 648 821 703 alia
867 663 1046 702 manu.
1089 645 1346 714 Optamus
1374 650 1427 697 te
1472 657 1569 713 per
1606 643 1802 697 multos
1852 658 2027 698 annos

460 744 598 798 bene
619 742 818 804 valere,
846 738 1068 795 Domine
1094 736 1403 792 beatissime
1428 736 1601 807 Papa.

531 832 607 887 lli.
642 832 1080 901 Archipresbyter
1109 828 1454 897 subscripsit,
1486 827 1564 882 ill.
1593 828 1877 900 presbyter
1902 828 2029 881 sub-

463 922 712 991 scripsit,
742 920 821 975 ili.
853 919 1266 974 archidiaconus
1291 917 1629 988 subscripsit,
1660 917 1740 972 Ill.
1772 918 2029 972 diaconus

459 1010 810 1080 subscripsit,
841 1009 920 1064 iii.
970 1009 1335 1063 subdiaconus
1382 1007 1729 1076 subscripsit,
1780 1006 1858 1061 ill.
1914 1008 2028 1076 pri-

460 1102 720 1157 micerius
762 1101 1112 1170 subscripsit,
1140 1099 1218 1153 lli.
1259 1098 1501 1169 acolytus
1549 1097 1898 1168 subscripsit,
1944 1098 2018 1152 ιιι.

457 1192 625 1248 lector
688 1193 1045 1263 subscripsit,
1092 1200 1311 1256 cantor,
1353 1199 1408 1245 et
1458 1191 1636 1245 cteteri
1693 1191 2024 1261 subscripse-

458 1292 618 1341 runt.

1039 1351 1338 1411 TITULUS
1374 1352 1461 1406 iV.

1081 1462 1215 1516 Item
1245 1461 1413 1516 aliud.

536 1572 813 1628 Desiderio
858 1572 1016 1629 facile
1062 1574 1331 1628 credimus
1388 1576 1765 1639 annitendum,
1817 1578 2031 1645 quanio

465 1664 518 1717 id
568 1664 790 1733 petitur,
819 1665 961 1735 quod
996 1664 1388 1720 Ecclesiastieae
1428 1666 1680 1721 convenit
1716 1666 2028 1737 disciplinae.

466 1752 707 1808 Ecclesia
737 1752 902 1822 igitur
931 1762 1113 1810 nostra
1146 1754 1362 1824 proprio
1398 1763 1479 1809 est
1510 1755 1760 1810 destituta
1793 1766 2029 1826 pastore,

462 1843 552 1898 cui
584 1860 614 1898 a
661 1852 839 1899 vestro
874 1844 1173 1913 apostolatu
1213 1854 1297 1899 est
1331 1846 1714 1900 consulendum
1744 1864 1755 1901 :
1787 1856 1841 1901 et
1888 1849 2027 1913 ideo,
2060 1827 2105 1886 Β

467 1933 691 1990 Domine
734 1935 1040 1992 beatissime
1062 1936 1227 2006 Papa,
1254 1952 1539 2006 precamur
1566 1938 1923 2006 apostolatum
1951 1956 2036 1995 ve-

464 2033 729 2087 strum,ut
754 2024 830 2078 ill.
856 2025 1032 2080 virum
1058 2026 1420 2083 venerabilem
1447 2028 1741 2082 Diaconum
1767 2039 2031 2095 nostrum,

465 2113 573 2168 vita
621 2112 965 2185 moribusque
1011 2116 1386 2185 perSpicuum,
1428 2124 1481 2171 ct
1513 2114 1720 2184 judicio
1768 2119 2030 2174 universi-

462 2209 591 2263 tatis
632 2206 890 2275 electum,
939 2210 1237 2265 antistitem
1281 2211 1436 2266 nobis
1485 2226 1807 2269 consecrare
1845 2214 2035 2285 digne~

525 2300 536 2311 .
584 2300 595 2312 .

464 2315 619 2355 "lini.

1046 2368 1347 2426 TITULUS
1387 2371 1427 2424 V

1089 2461 1220 2515 Item
1251 2462 1420 2516 aliud.

538 2576 566 2615 ι’
601 2573 876 2632 Paschalis
898 2575 1164 2631 festivitas
1192 2593 1291 2631 nos
1322 2577 1587 2643 hortatur,
1612 2580 1679 2634 ad
1708 2581 1872 2636 vestri
1902 2581 2037 2636 Pon-

464 2665 617 2722 tiﬁcii
645 2666 877 2723 remedia
902 2666 1207 2732 convolare,
1237 2667 1291 2722 in
1318 2666 1472 2737 cujus
1499 2678 1765 2740 potestate
1794 2673 2035 2728 omnium

467 2837 649 2877 rerum
678 2821 1216 2877 administrationem.
1248 2822 1460 2883 Postea.
1489 2839 1609 2879 cum
1633 2825 1895 2881 haberent
1921 2843 2037 2882 om-

466 2891 555 2946 nia
586 2892 640 2946 in
667 2900 951 2961 potestate,
982 2893 1354 2949 deviuciebant
1386 2894 1488 2950 sibi
1519 2894 1674 2950 facile
1701 2895 2034 2952 Clericorum

467 2961 699 3047 intimos.
724 2961 1064 3047 Deniquenut
1084 2963 1672 3047 piuriniumdignitatis
1695 2965 1815 3047 plus
1842 2965 2035 3047 alfere-

467 3030 599 3106 bant
618 3047 779 3103 quam
805 3030 917 3106 alii,
959 3030 1222 3106 siquidem
1260 3030 1659 3106 archidiaconi,
1684 3030 1774 3106 qui
1821 3038 2036 3093 nomine

469 3100 826 3176 Diaconorum
864 3103 951 3158 hic
971 3100 1335 3176 inielligendi,_
1358 3104 1412 3176 si»
1445 3105 1581 3176 bene
1621 3122 1680 3162 se
1704 3100 2032 3176 gessissent,

463 3172 832 3233 ostenderant.
882 3164 1215 3229 omnibus'se
1252 3173 1416 3228 animi
1448 3173 1663 3233 dotibus
1699 3164 1768 3233 ad
1808 3164 2036 3233 aliorum
2063 3164 2108 3226 C

468 3242 712 3312 regimen
742 3243 964 3298 utilibus
987 3243 1250 3299 excellere

541 3325 567 3352 ι
599 3312 675 3366 Ab
703 3313 1038 3389 universitate
1063 3313 1299 3389 electum.
1326 3313 1507 3389 _Clero,
1533 3315 1740 3389 ordine,
1765 3324 1824 3389 et
1860 3317 2037 3389 plebe,

467 3381 529 3465 id
552 3390 664 3465 est,
698 3384 869 3465 sacris
910 3384 1193 3449 ministris,
1228 3385 1576 3455 optimatibus
1605 3387 1720 3443 sive
1762 3381 2040 3444 honoratis

477 3452 883 3605 ﬁtbpiizfiiiia.‘
912 3524 1183 3605 festivitas.
1213 3523 1528 3581 lmminente
1560 3525 1824 3583 Paschate
1851 3528 2039 3586 Eccle-

471 3592 552 3668 sia
583 3591 741 3668 vidua
770 3591 961 3668 egebat
993 3596 1267 3668 episcopo,
1294 3612 1417 3668 non
1457 3605 1663 3651 tantum
1694 3606 1913 3668 propter
1952 3615 2041 3655 ce.

468 3662 773 3735 iebritatem
801 3662 920 3719 festi
948 3662 1192 3729 maximi,
1215 3666 1309 3721 sed
1339 3667 1500 3720 etiam
1528 3662 1747 3735 propter
1771 3662 1887 3723 haec
1912 3669 2039 3735 tria,

467 3732 863 3788 coniectionem
907 3735 1239 3797 chrismatis,
1270 3732 1565 3789 solemnem
1606 3732 1955 3800 baptismum,
1986 3732 2043 3793 et

469 3800 963 3873 reconciliationem
1025 3803 1425 3873 pmnitentium.
1486 3801 1611 3857 Vide
1672 3800 2042 3863 Sacramenta—

470 3871 605 3924 rium
615 3868 697 3939 _S.
727 3869 985 3939 Gregorii.

542 3950 565 3978 ο
604 3937 892 4013 Promissio
922 3940 1063 4010 ﬁdei.
1087 3941 1318 4013 Exhibet
1345 3942 1559 4013 quidem
1584 3941 1724 4000 Ordo
1747 3945 2039 4012 Romanus,

468 4024 578 4083 quo
622 4009 726 4064 ritu
758 4021 1163 4083 consecraretur
1206 4011 1310 4069 illis
1341 4009 1670 4083 temporibus
1703 4031 1734 4069 a
1781 4009 2042 4073 Pontiﬁce

469 4080 755 4161 {piscopus
780 4096 794 4131 :
828 4094 935 4134 non
961 4082 1190 4161 exhibet
1207 4090 1387 4138 tamen
1416 4080 1957 4161 professionemﬁdei
1988 4096 2045 4161 et

471 4149 938 4238 iniiieuiuin,qute
975 4153 1065 4207 hic
1104 4149 1520 4238 habento-rimati
1550 4154 1669 4238 igco
1689 4156 2043 4238 professionis

471 4220 969 4293 interrogationem,
996 4238 1116 4292 qua:
1151 4225 1220 4278 ab
1258 4224 1539 4280 ordinante
1566 4220 1825 4281 Pontiﬁce
1862 4224 2038 4281 ﬁeret.

473 4290 624 4365 iinde
668 4290 917 4365 colligere
953 4290 1069 4365 esi,
1112 4293 1369 4350 Ordinem
1401 4293 1699 4350 Romanum
1743 4295 2041 4365 cuiusmodi

471 4362 744 4440 iegiiurjn
772 4362 924 4440 libris
944 4363 1127 4430 editis,
1149 4380 1270 4440 esse
1289 4362 1861 4440 diurnoposteriorein
1886 4386 1898 4421 :
1923 4384 2043 4440 pro—

468 4432 690 4502 t‘essioni
714 4433 859 4488 enim
890 4433 1242 4502 interrogatio
1267 4432 1548 4491 successit.

542 4501 712 4592 iiabet
732 4502 1191 4592 veroiorniaiista
1219 4506 1363 4572 ﬁdei,
1389 4515 1548 4592 proni
1677 4504 1901 4592 legitur,
1929 4515 2040 4591 tres
2065 4531 2118 4592 Ι)

470 4581 644 4634 notas,
694 4573 890 4643 quibus
931 4582 1142 4629 aetatem
1173 4592 1325 4631 suam
1358 4573 1627 4632 ostendat.
1675 4573 1768 4633 Fit
1793 4579 1936 4632 enim
1983 4578 2039 4633 in

467 4658 533 4696 ea
560 4642 775 4720 inentio
817 4642 1029 4720 Iiartini
1054 4644 1099 4710 ι,
1124 4648 1216 4717 qui
1258 4663 1384 4720 ann.
1410 4646 1718 4720 655_obiit;
1750 4647 1927 4720 Sexta:
1954 4662 2041 4720 sy-

470 4711 620 4787 nodi,
657 4729 781 4787 quas
814 4715 1056 4787 absoluta
1094 4711 1236 4773 nullo
1264 4718 1389 4781 681,
1418 4724 1474 4771 et
1498 4711 1833 4773 Constantini
1873 4711 2043 4787 Pogb-

472 4784 584 4857 uati
633 4784 808 4839 adhuc
853 4786 1240 4857 viventiquui
1281 4787 1416 4857 obiit
1448 4803 1588 4842 anno
1614 4787 1738 4843 685.
1774 4787 1929 4842 Edita
1958 4784 2045 4842 est

472 4852 637 4928 igitur
659 4862 789 4928 ante
812 4867 1023 4928 annum-
1040 4852 1352 4925 685,'atque
1376 4856 1453 4928 ita
1475 4858 1711 4928 pertinet
1735 4858 1802 4928 ad
1833 4864 2043 4928 tempus

472 4922 614 4989 quod
657 4922 966 4991 intercessit
1010 4924 1154 4979 inter
1198 4922 1398 4980 annum
1426 4922 1531 4981 682
1569 4934 1626 4981 et
1664 4926 1790 4991 685,
1831 4922 1959 4981 imo'
1976 4927 2044 4982 ad

472 4991 730 5117 1..ξὲηὲἓέ
760 4990 806 5047 ιι
856 5001 1132 5049 auctorem
1178 4994 1483 5061 referenda,
1513 4996 1604 5065 qui
1652 4996 1841 5052 sedere
1879 4998 2046 5069 coepit

472 5078 504 5117 a
584 5101 597 5115 .
733 5099 750 5117 .

469 5076 597 5117 ann.
625 5068 750 5118 685.

545 5131 663 5186 Dixi
713 5145 866 5204 prout
911 5134 996 5190 hic
1021 5132 1228 5204 legitur,
1254 5134 1308 5190 id
1350 5142 1463 5198 est,
1489 5149 1613 5190 cum
1642 5136 2042 5204 additamentis,

470 5217 593 5275 quae
619 5206 852 5272 corpori,
881 5214 941 5259 ut
969 5205 1043 5259 ita
1086 5205 1289 5275 loquar,
1314 5216 1677 5261 accesserunt.
1723 5206 1781 5262 in
1806 5222 1869 5262 ea
1898 5210 2041 5264 enim

470 5274 878 5347 distinguendas
902 5284 1032 5347 puto
1059 5274 1240 5347 partes
1266 5277 1401 5332 duas
1424 5275 1710 5347 :aiterrain,
1747 5279 1893 5333 velut
1928 5296 2043 5334 cor-

469 5359 572 5428 pus
597 5361 611 5398 :
640 5344 888 5428 alteram,
903 5344 1024 5428 qua:
1038 5344 1431 5428 additamenta.
1453 5345 1584 5401 illud
1605 5347 1673 5401 ad
1693 5348 1869 5428 vicina
1889 5348 2045 5404 Chal-

470 5415 771 5498 cedonensi
772 5415 1009 5498 Concilio
1034 5424 1275 5498 tempora
1300 5415 1532 5498 fortasse
1555 5419 2036 5498 revocaripotest:

471 5486 698 5541 istorum
746 5486 888 5543 facta
923 5494 1007 5542 est
1047 5486 1209 5542 variis
1252 5487 1583 5544 temporibus
1630 5486 2041 5544 succedentibus

470 5557 622 5611 varia
650 5558 929 5638 accessio.
978 5556 1070 5612 Sic
1115 5556 1302 5638 prima:
1328 5626 1343 5638 _
1365 5555 1660 5638 Pontiﬁcius
1715 5557 2035 5638 professioni

472 5628 880 5700 succedentibus
906 5625 1241 5700 temporibus
1278 5625 1459 5683 addita
1482 5635 1567 5682 est
1596 5625 1797 5684 mentio
1824 5629 2036 5700 septimi

468 5710 529 5755 et
554 5699 727 5754 octavi
748 5698 993 5756 Conciiii.

547 5763 760 5825 Asserui
784 5785 912 5827 vero
940 5771 1159 5837 editam,
1188 5769 1400 5828 vivente
1436 5768 1725 5842 Pogonato,
1758 5778 2038 5843 propterea

2127 549 2484 618 apostolatum
2506 559 2767 612 vestrum,
2782 547 2997 603 domine
3016 546 3329 601 beatissime
3354 544 3520 615 Papa,
3534 553 3594 599 ut
3620 543 3697 598 ill.

2127 641 2304 695 virum
2326 639 2707 704 venerabilem,
2722 639 3016 694 Diaconum
3038 645 3303 702 nostrum,
3324 638 3433 691 vita
3453 644 3508 690 et
3535 638 3704 691 mori-

2128 730 2230 785 bus
2257 732 2683 803 comprobatum,
2708 740 2762 786 et
2791 731 2859 786 ab
2884 731 3235 786 universitate
3260 730 3509 794 electum,
3541 729 3704 783 nobis

2129 820 2420 890 dignemini
2441 837 2760 878 consecrare
2775 830 3065 892 pastorem,
3079 821 3199 875 cum
3218 836 3322 890 quo
3337 819 3704 875 venerandum

2130 910 2373 978 Pascha,
2417 921 2687 968 annuente
2731 912 2883 968 vobis
2933 912 3192 977 Domino,
3239 909 3517 966 celebrare
3571 924 3704 979 pos-

2130 1003 2322 1057 simus.

2700 1071 3000 1128 TITULUS
3041 1074 3127 1128 Vl.

2520 1197 2540 1225 ε
2572 1184 2857 1240 Promissio
2885 1185 3011 1254 ﬁdei
3029 1184 3055 1224 ἀ
3087 1185 3330 1257 episcopi.

2200 1296 2259 1351 in
2306 1298 2521 1353 nomine
2556 1298 2788 1362 Domini,
2816 1306 2871 1353 et
2919 1305 3132 1353 caetera.
3164 1297 3426 1352 Promitto
3470 1311 3571 1368 ego
3621 1294 3705 1350 ill.

2132 1394 2414 1463 cpisc0pus
2439 1401 2640 1448 sancta:
2686 1392 2936 1448 Ecclesiae
2966 1392 3041 1446 ill.
3071 1391 3296 1446 Domino
3326 1406 3445 1445 meo
3476 1390 3710 1445 sanctis-

2130 1484 2271 1537 simo
2296 1493 2350 1538 et
2382 1492 2464 1539 ter
2511 1485 2821 1538 beatissimo
2852 1483 2928 1538 ill.
2976 1498 3187 1538 summo
3234 1481 3513 1545 Pontilici,
3548 1493 3571 1519 ο
3610 1496 3708 1536 seu

2134 1577 2423 1631 universali
2451 1577 2626 1646 Pap:c,
2643 1586 2697 1631 et
2724 1576 2832 1647 59
2851 1592 2946 1646 per
2976 1591 3069 1629 vos
3091 1582 3291 1629 sancte
3316 1582 3504 1628 vestra:
3524 1573 3712 1627 catho-

2133 1666 2248 1721 licze.
2282 1668 2530 1722 Ecclesia:
2569 1678 2624 1723 et
2653 1668 2957 1738 apostolica:
2982 1667 3120 1731 sedi,
3151 1666 3341 1720 devota
3388 1666 3582 1719 mentis
3620 1665 3707 1719 in-

2133 1759 2401 1828 tegritate,
2429 1767 2485 1813 et
2518 1773 2651 1826 pura
2681 1757 3032 1822 conscientia,
3066 1756 3350 1825 ﬁrmoque,
3377 1765 3435 1809 ut
3464 1764 3707 1826 oportet,

2132 1849 2428 1919 proposito,
2459 1864 2522 1903 ea
2556 1864 2676 1918 qua:
2723 1864 2820 1918 pro
2854 1850 3193 1902 ﬁrmamento
3230 1847 3342 1901 sive
3384 1845 3711 1901 rectitudine

2132 1939 2410 1995 catholica:
2440 1939 2563 1995 ﬁdei
2588 1949 2641 1994 et
2669 1937 2982 1994 orthodoxa:
3027 1938 3299 2009 religionis
3342 1938 3705 2000 conveniunt,

2133 2048 2220 2087 me
2246 2032 2507 2102 proﬁteri.

2206 2124 2273 2179 Et
2308 2125 2428 2179 ideo
2476 2126 2730 2195 promitto
2771 2133 2931 2193 atque
2975 2122 3212 2192 spondeo
3262 2122 3434 2188 vobis,
3479 2123 3713 2177 sanctis—

2133 2214 2271 2269 simo
2315 2223 2371 2269 et
2412 2214 2723 2269 beatissimo
2768 2213 2965 2267 domno
3008 2228 3127 2267 meo
3170 2212 3350 2282 Papm,
3380 2222 3436 2269 et
3476 2228 3573 2283 per
3610 2230 3712 2268 vos

2133 2305 2291 2359 beato
2340 2305 2497 2359 Petro
2542 2304 2772 2375 principi
2812 2302 3197 2373 apostolorum,
3240 2303 3461 2373 ejusque
3502 2312 3709 2358 sancta:

2136 2398 2406 2459 Ecclesiae,
2453 2396 2598 2451 illam
2629 2396 2787 2451 ﬁdem
2824 2405 3031 2460 tenere,
3067 2395 3382 2464 prmdicare,
3410 2404 3571 2464 atque
3615 2396 3711 2450 de-

2137 2487 2375 2551 fendere,
2413 2503 2574 2558 quam
2616 2489 2683 2541 ab
2731 2487 2989 2557 apostolis
3024 2488 3276 2541 traditam
3325 2487 3607 2550 habemus,
3649 2495 3712 2541 et

2134 2593 2296 2645 quam
2323 2592 2421 2647 per
2441 2592 2782 2632 successores
2802 2591 2988 2632 eorum
3011 2577 3330 2632 custoditam
3355 2575 3373 2614 τ
3399 2577 3711 2631 veneranda

2134 2666 2351 2723 Nicaeua
2405 2668 2640 2738 synodus
2695 2676 3060 2723 trecentorum
3096 2669 3283 2724 decem
3326 2677 3380 2724 et
3428 2678 3552 2724 octo
3603 2666 3712 2722 Pa-

2135 2820 2277 2888 quod
2311 2818 2649 2890 imperatoris
2675 2820 2890 2876 nomine
2916 2818 3201 2890 appellato,
3230 2833 3335 2874 non
3365 2818 3529 2874 fuerit
3559 2819 3715 2873 addi-

2136 2888 2374 2961 tumipia:
2410 2890 2694 2961 memonite,
2719 2901 2774 2945 et
2802 2892 2916 2961 ipse
2941 2888 3116 2946 tamen
3143 2891 3432 2961 piissimus,
3465 2891 3717 2946 christia-

2135 2958 2413 3031 nissimus,
2440 2969 2495 3013 et
2522 2975 2552 3013 a
2587 2958 2698 3016 Deo
2742 2958 3027 3016 coronatus
3055 2958 3228 3016 dictus
3271 2960 3340 3016 sit
3379 2979 3391 3013 :
3433 2977 3552 3030 qua:
3598 2962 3716 3031 epi-

2137 3028 2525 3111 thetaLsaltem
2556 3041 2908 3111 postremum,
2936 3048 3041 3086 non
3067 3032 3168 3086 nisi
3195 3028 3514 3097 viventibus,
3538 3028 3717 3086 homi-

2139 3114 2237 3154 nes
2262 3098 2405 3155 illius
2428 3098 2605 3156 aetatis
2631 3101 2956 3156 tribuebant.

2207 3168 2233 3208 ει
2266 3168 2533 3240 Episcopi.
2564 3169 3143 3255 Nonquarumcunque
3181 3171 3494 3255 regionum,
3522 3170 3617 3254 sed
3647 3171 3713 3255 ii:

2139 3238 2333 3313 larum,
2364 3238 2592 3313 quarum
2622 3238 2858 3313 episcopi
2878 3242 3020 3297 sedis
3040 3238 3349 3313 apostolica:
3381 3242 3714 3313 ordinationi

2138 3311 2455 3381 subessent:
2487 3312 2744 3367 suberant
2770 3311 2918 3375 vero,
2958 3312 3050 3381 qui
3080 3311 3218 3366 nulli
3256 3312 3409 3367 alteri
3444 3312 3718 3381 Metropo-

2139 3378 2659 3454 l_it;ei_subjacebant,
2688 3378 2992 3454 cujusmodi
3019 3381 3217 3449 Latini,
3247 3383 3439 3449 Brutii,
3479 3378 3711 3448 Lucani,

2138 3450 2319 3521 Apuli,
2346 3452 2533 3516 Siculi,
2559 3460 2664 3507 etc.

2214 3532 2237 3560 ο
2274 3521 2377 3576 Seu
2407 3522 2687 3577 universali
2718 3521 3071 3594 Papmtldem
3101 3530 3207 3589 est,
3247 3523 3291 3577 si
3335 3530 3573 3594 potestas
3613 3537 3712 3594 vt)-

2139 3607 2262 3664 gum
2288 3594 2612 3664 attendatur,
2640 3592 2880 3648 summus
2909 3593 3176 3659 Pontifex,
3207 3592 3351 3664 quod
3388 3592 3715 3664 universalis

2140 3661 2303 3735 Papa.
2334 3663 2416 3735 Ab
2453 3661 2562 3735 _hac
2604 3671 2783 3735 tamen
2822 3665 3140 3721 universalis
3165 3661 3321 3735 Papa:
3354 3663 3717 3735 appellatione

2141 3730 2425 3818 abhorruit.
2447 3731 2677 3818 ganctus
2703 3732 3013 3818 Gregorius,
3034 3746 3098 3818 ut
3118 3730 3327 3818 constat
3354 3730 3593 3818 eit'epist.
3616 3734 3712 3818 ὄρ,

2141 3799 2233 3876 iib.
2261 3816 2332 3854 vu
2361 3801 2427 3855 ad
2457 3801 2734 3874 Eulogium
2762 3799 3197 3876 Alexandrinum.
3228 3804 3340 3860 Non
3371 3799 3588 3876 perinde
3618 3803 3715 3876 ab-

2141 3870 2465 3948 horruernnt
2492 3870 2882 3943 consequentes
2902 3874 3209 3948 Pontiﬁces,
3240 3870 3522 3948 postquam
3552 3872 3715 3948 Boni-

2142 3939 2313 3996 facius
2334 3939 2742 4016 lil_consecutus
2760 3956 2840 3999 est
2856 3962 2886 4000 a
2900 3945 3100 4009 Phoca,
3124 3939 3574 4016 ut'pi'ohib'eretur
3597 3946 3713 4013 epi-

2143 4025 2336 4085 scopus
2382 4011 3004 4085 Constantinopolitanus
3032 4011 3308 4072 assumere
3339 4017 3444 4071 sibi
3485 4011 3714 4085 appella-

2145 4080 2345 4155 tionem
2389 4080 2775 4155 soliitomano
2820 4086 3063 4141 Pontiﬁci
3102 4088 3362 4152 debitam,
3395 4096 3450 4140 et
3494 4080 3569 4139 ab
3594 4087 3713 4155 ipso

2142 4153 2370 4208 concilio
2396 4153 2811 4211 Chalcedonensi
2841 4157 3093 4211 delatam.

2212 4221 2363 4289 Quod
2392 4224 2503 4278 dixi
2528 4226 2595 4295 de
2621 4228 3072 4295 consequentibus
3092 4227 3316 4282 summis
3338 4225 3708 4288 Pontiﬁeibus,

2143 4302 2436 4367 notumest
2465 4310 2531 4349 ex
2562 4294 2999 4367 inscriptionibus
3028 4298 3258 4367 plurium
3301 4298 3599 4353 litterarum
3639 4299 3709 4351 ail

2144 4363 2291 4438 ipsos
2323 4364 2588 4429 datarum,
2613 4366 2668 4420 in
2690 4363 2894 4438 quibus
2921 4363 3044 4422 cuni
3069 4369 3399 4423 universales
3434 4368 3589 4438 Papce
3615 4382 3712 4438 ap-

2181 4434 2490 4507 ellarentur,
2530 4450 2637 4507 non
2668 4434 2795 4490 illud
2833 4438 3105 4507 negotium
3146 4434 3533 4495 facessiveruni
3574 4434 3715 4493 scri-

2142 4450 2490 4558 anarentur,
2530 4450 2637 4490 non
2668 4450 2795 4490 illlltl
2833 4450 3105 4507 negotmm

2214 4504 2405 4578 litibus,
2423 4506 2571 4578 quod
2588 4505 2877 4578 Gregorius
2902 4507 3141 4578 Eulogio.

2212 4573 2501 4645 Gregorius
2542 4573 2722 4646 porro'
2749 4593 2932 4633 vocem
2978 4573 3297 4635 universalis
3342 4579 3500 4646 Papae
3544 4583 3729 4639 inter-

2142 4654 2512 4720 pretatusest,
2538 4663 2637 4717 pro
2665 4663 2762 4704 suo
2790 4648 3118 4720 admirabilis
3137 4648 3458 4707 humilitatis
3491 4654 3710 4720 aliectu,

2143 4714 2304 4791 paulo
2344 4714 2500 4770 aliter
2537 4714 2711 4791 quam
2739 4719 2829 4788 qui
2881 4725 3196 4791 uterentur}
3228 4735 3402 4791 neque
3442 4723 3586 4778 enim
3632 4714 3713 4781 illi

2143 4785 2412 4861 volebant,
2442 4785 2582 4861 quod
2616 4785 2875 4861 opinatus
2902 4789 3113 4861 videtur
3148 4785 3460 4861 Gregorius,
3489 4794 3712 4851 unicum

2143 4871 2264 4910 esse
2305 4856 2469 4911 totius
2510 4856 3167 4933 Ecclesitepatriarcham,
3199 4856 3471 4933 un'umque
3499 4865 3714 4933 episco-

2144 4939 2309 5003 pum,_
2330 4940 2490 4995 quem
2514 4927 2870 5003 universaieiu
2890 4928 3297 5003 dicerenttsed
3341 4927 3483 5003 quod
3511 4927 3713 4990 Roma-

2144 5011 2247 5073 nus
2272 4995 2420 5073 Papa
2442 5006 2788 5073 postestatem
2819 4998 3046 5073 haberet
3069 5000 3246 5073 nullis,
3278 5011 3336 5057 ut
3358 4995 3453 5057 alii
3477 5007 3713 5073 patriar-

2144 5067 2280 5143 eine,
2313 5065 2507 5143 ﬁnibus
2536 5066 2839 5143 deﬁnitam._
2851 5068 3084 5125 Consule
3106 5065 3375 5127 laudatam
3402 5065 3705 5143 epistolam,

2142 5135 2380 5218 aiiasque
2433 5136 2712 5218 plurimas
2743 5140 2931 5193 eodem
2954 5151 3297 5218 _argumento
3353 5135 3583 5218 scriptas
3638 5135 3711 5202 ad

2144 5206 2450 5287 Diauritinm
2494 5206 2902 5287 imperatorem,
2948 5206 3350 5287 Omistantinam
3390 5206 3707 5287 Augustam,

2143 5275 2585 5358 Alexandria-um,
2637 5278 3136 5358 Antiochenumque
3164 5275 3504 5358 episcopos:
3545 5275 3711 5358 atque

2141 5348 2305 5401 etiam
2342 5346 2410 5401 ad
2452 5346 2713 5421 Joannem
2741 5346 3407 5421 Constantinopolitano},
3456 5346 3556 5413 hoc
3602 5346 3711 5415 sibi

2141 5432 2344 5499 nomen.
2386 5419 2615 5500 superbe
2664 5432 3033 5493 arrogantem,
3073 5419 3131 5479 et
3169 5423 3517 5481 Sabinianum
3558 5430 3708 5500 Apo-

2140 5498 2463 5553 crtstartum,
2489 5498 2593 5544 etc.

2220 5559 2238 5596 ί
2283 5555 2588 5633 Veneranda
2620 5559 2843 5617 Nicena
2868 5561 3138 5633 Synodus.
3166 5563 3249 5620 Ab
3288 5566 3375 5621 his
3418 5567 3596 5623 verbis
3636 5571 3708 5626 ad

2142 5626 2245 5707 ista
2284 5629 2695 5707 usqtie,_Tonui§
2724 5626 3031 5707 appeiia'tur,
3057 5635 3289 5707 maxima
3319 5653 3446 5707 pars
3480 5639 3604 5695 ﬁdei
3650 5640 3710 5697 in

2142 5698 2382 5779 epistola
2399 5699 2600 5779 Pelagii
2647 5701 2724 5779 il,
2756 5698 2824 5757 ad
2863 5703 3033 5779 Eiiam
3073 5712 3135 5779 et
3171 5698 3463 5779 Episcopos
3511 5707 3706 5777 isti-ite,

2142 5770 2327 5838 paucis
2348 5770 2634 5828 admodum
2656 5772 2969 5840 immutatis,
2996 5770 3321 5831 contineiur.
