3990 6184
271 310 349 365 65
1259 304 1696 362 ROMANORUM
1741 304 2184 361 PONTIFICUM.
2230 336 2296 344 -—-
2331 303 2480 360 CAP.
2515 303 2596 358 lll.
3474 310 3544 361 (if.

270 435 436 489 trum,
466 431 658 478 sancto
689 421 891 490 Spiritu
937 419 1038 473 sibi
1083 418 1379 483 revelante,
1424 417 1725 487 suscipiens
1768 431 1850 470 re-
1879 419 1926 476 Α
1953 425 2056 479 est,
2082 417 2264 470 divina
2291 426 2345 471 ct
2373 417 2625 479 humana,
2654 417 2705 469 in
2732 431 2889 470 unam
2915 429 3206 485 personam
3228 427 3393 488 atque
3419 424 3543 474 sub-

269 517 418 586 degit
447 515 500 568 in
530 512 860 584 symbolum.

349 604 546 659 Deinde
594 611 706 656 tres
741 601 859 654 alia:
892 609 1092 654 sancta)
1122 600 1334 670 synodi,
1367 599 1417 653 id
1449 607 1552 662 est,
1586 597 1852 652 Constan-

272 693 629 764 tinopolitana
664 699 880 744 centum
913 690 1301 761 quinquaginta
1336 689 1580 753 Patrum,
1617 689 1718 743 sub
1752 689 1853 758 pire

269 783 549 840 memoria:
575 781 879 835 Theodosio
904 780 1116 835 seniore
1152 780 1393 850 principe
1423 779 1581 840 facta,
1606 789 1661 834 et
1684 779 1855 848 Ephe-

269 877 388 928 sina
429 874 632 943 prima,
677 873 765 924 cui
808 869 979 925 beata:
1035 870 1312 924 memorias
1356 869 1496 940 Papa
1537 869 1856 924 Caelestiuus

267 963 579 1036 apostolica:
606 961 751 1015 sedis
780 959 1038 1030 pontifex,
1065 969 1120 1014 et
1147 960 1336 1015 beatus
1365 959 1595 1030 Cyrillus
1624 958 1856 1012 Alexan-

267 1055 464 1110 drinus
479 1053 764 1122 episcopus
787 1051 1172 1120 praesederunt.
1198 1049 1303 1106 Sed
1327 1060 1380 1105 et
1402 1050 1856 1104 Chalcedonensis

269 1155 654 1201 sescentorum
699 1142 920 1212 triginta
963 1142 1206 1206 Patrum,
1239 1157 1359 1214 qua:
1392 1143 1492 1197 sub
1519 1142 1620 1212 pia:
1651 1156 1853 1196 memo-

270 1237 367 1291 riae
417 1235 684 1290 Martiano
726 1234 1048 1304 imperatore
1083 1235 1367 1298 convenit,
1413 1235 1606 1302 cuique
1655 1241 1855 1288 sanctae

269 1323 668 1381 recordationis
694 1338 831 1394 papa
860 1323 966 1376 Leo
992 1339 1086 1394 per
1115 1323 1319 1394 legatos
1353 1339 1480 1379 suos
1512 1324 1855 1395 vieariosque

267 1415 545 1485 praesedit,
576 1423 739 1486 prout
759 1415 1090 1468 diversarum
1123 1415 1390 1470 haeresum
1412 1414 1714 1469 damnanda
1741 1416 1857 1470 exi-

269 1509 436 1580 gebat
471 1507 581 1578 60
620 1505 930 1569 diversitas,
969 1505 1213 1559 eamdem
1246 1505 1433 1569 fidem,
1482 1521 1590 1558 uno
1633 1506 1852 1560 eodem~

268 1619 378 1674 que
407 1617 570 1658 sensu
602 1613 767 1672 atque
804 1600 1042 1670 Spiritu,
1084 1599 1421 1654 declarantes
1468 1599 1629 1652 latius
1671 1599 1853 1653 edide-

267 1704 422 1750 runt.

1959 505 2264 560 sistentiam
2293 505 2761 565 concurrentibus,
2792 517 2844 559 et
2871 506 2923 560 in
2952 523 3047 561 sua
3081 509 3412 577 pmprietate
3441 511 3543 564 dif-

1957 591 2296 662 ferentiaque
2325 592 2686 657 manentibus,
2717 610 2833 648 esse
2866 596 3268 664 przedicandum
3296 615 3308 650 :
3349 615 3455 653 non
3475 600 3538 653 io

1956 682 2090 738 duas
2116 699 2381 754 personas
2414 693 2576 754 atque
2607 685 2660 739 in
2689 686 2822 740 duos
2848 686 2984 741 filios
3013 689 3303 757 partitum;
3334 691 3454 756 sed,
3482 701 3543 746 ut

1956 773 2160 829 dictum
2189 783 2294 837 est,
2323 791 2490 828 unum
2520 774 2878 846 eamdemque
2916 777 3109 833 Filium
3145 779 3258 845 Dei,
3285 779 3453 835 Deum
3481 791 3538 836 et

1957 864 2241 918 Dominum
2277 873 2520 919 nostrum
2544 864 2731 920 Jesum
2763 867 3056 930 Christum,
3083 885 3244 938 quem
3269 872 3546 926 credimus

1957 953 2010 1007 in
2055 964 2210 1010 utero
2253 956 2478 1026 virginis
2516 967 2720 1011 sancte
2757 958 2940 1014 Maria:
2973 962 3250 1031 genitricis
3301 979 3431 1026 sum,
3477 963 3543 1018 de

1955 1045 2144 1098 eadem
2170 1057 2360 1100 saneta
2382 1061 2595 1116 semper
2614 1047 2820 1117 virgine
2846 1048 3014 1102 Maria
3037 1052 3332 1122 sumpsisse
3357 1067 3542 1106 veram

1954 1151 2176 1191 carnem
2205 1139 2496 1192 animatam
2537 1139 2717 1193 anima
2749 1141 3017 1206 rationali,
3045 1159 3107 1197 ac
3142 1145 3245 1199 sibi
3283 1146 3538 1206 univisse.

1955 1236 2011 1282 et
2040 1229 2113 1284 ita
2136 1245 2201 1283 ex
2229 1242 2385 1284 utero
2409 1229 2640 1300 virginis
2668 1229 2764 1284 Dei
2793 1232 3075 1300 genitricis
3123 1233 3307 1290 Mariae
3356 1245 3541 1290 natuut

1954 1319 2200 1374 eumdem
2225 1320 2390 1374 Deum
2417 1333 2604 1374 verum
2630 1335 2813 1384 carne,
2836 1323 3086 1378 eumdem
3110 1339 3334 1394 passum
3358 1343 3543 1389 carne,

1954 1411 2269 1464 crucifixum
2295 1419 2349 1464 et
2379 1419 2648 1464 mortuum
2679 1428 2864 1474 carne,
2898 1415 3266 1469 resurrexisse
3301 1431 3426 1470 cum
3465 1434 3550 1472 se-

1954 1499 2188 1554 cundum
2211 1515 2453 1563 carnem,
2473 1500 2781 1556 ascendisse
2804 1503 3052 1557 eumdem
3077 1504 3130 1558 in
3151 1506 3343 1559 eadem
3365 1507 3416 1560 in
3439 1524 3545 1561 cae-

1953 1591 2055 1654 los,
2081 1591 2223 1646 unde
2248 1607 2520 1662 nunquam
2551 1593 2831 1648 divinitate
2850 1594 2953 1664 61
2977 1594 3225 1650 discessit
3250 1614 3263 1649 :
3295 1608 3350 1650 et
3379 1597 3449 1652 ita
3485 1599 3538 1652 in

1955 1684 2142 1737 eadem
2172 1699 2335 1738 carne
2383 1693 2669 1738 venturum
2692 1684 2937 1753 judicare
2965 1686 3117 1739 vivos
3158 1695 3215 1740 et
3244 1697 3490 1743 mortuos
3515 1707 3527 1741 :

337 1785 452 1840 Eos
473 1793 673 1847 autem,
707 1783 1015 1854 quicunque
1045 1783 1113 1838 ab
1142 1783 1347 1840 eisdem
1374 1785 1575 1839 sanctis
1603 1783 1855 1838 Pati-ibus
1883 1777 1929 1835 Β
1954 1781 2014 1827 et
2037 1772 2118 1828 sic
2143 1788 2357 1843 semper
2380 1773 2433 1827 in
2459 1773 2647 1827 eadem
2672 1787 2836 1828 carne
2858 1789 3190 1827 mansurum.

266 1880 321 1934 in
352 1877 678 1933 memoratis
722 1884 953 1947 quatuor
999 1877 1240 1946 synodis,
1269 1877 1353 1932 vel
1388 1877 1574 1946 quinta
1619 1877 1717 1930 sub
1749 1876 1852 1946 piae

265 1971 549 2026 memoria:
577 1968 880 2025 Iustiniano
909 1970 1174 2034 confecta,
1211 1969 1439 2024 diversis
1464 1969 1674 2024 vicibus
1708 1968 1854 2022 dam-

262 2063 378 2116 nati
433 2061 704 2130 leguntur.
747 2076 847 2132 ego
876 2075 1102 2131 meaque
1133 2061 1374 2116 Ecclesia
1406 2061 1716 2116 eorumdem
1758 2076 1854 2113 ve-

264 2152 579 2206 nerandam
631 2150 848 2205 Patrum
895 2151 1243 2206 autoritatem
1287 2159 1612 2220 sequentes,
1657 2151 1858 2205 insolu-

265 2242 355 2296 bili
388 2240 738 2297 damnatione
762 2241 1135 2309 percellimus;
1170 2257 1376 2297 necnon
1403 2249 1459 2296 et
1486 2256 1696 2305 omnes,
1723 2258 1858 2311 quos

264 2329 444 2383 beatae
479 2330 870 2386 recordationis
909 2331 1092 2386 Roma:
1136 2332 1287 2387 urbis
1315 2330 1600 2386 Pontifices
1638 2341 1860 2401 propter

267 2421 524 2476 diversos
568 2437 787 2477 errores
821 2421 906 2476 vel
944 2423 1199 2487 hmreses,
1244 2422 1670 2487 dantnaverunt,
1709 2424 1860 2478 dam-

267 2529 491 2572 namus.

339 2605 476 2659 Illud
509 2605 705 2668 etiam,
751 2605 982 2676 spiritali
1025 2604 1352 2676 suffragante
1400 2606 1606 2677 gratia,
1640 2607 1860 2676 proﬁte-

270 2713 414 2760 mur,
444 2711 547 2751 nos
577 2705 782 2752 sancta:
806 2706 862 2750 et
889 2698 1056 2752 beatae
1086 2699 1476 2753 recordationis
1503 2699 1698 2754 Leonis
1732 2716 1862 2770 apo-

270 2789 480 2845 stolica:
505 2789 654 2844 sedis
679 2790 941 2845 antistitis
965 2790 1248 2860 epistolam
1273 2791 1338 2846 ad
1373 2791 1689 2847 Flavianum
1719 2793 1861 2848 Con-

269 2879 818 2949 stantinopolitanum
861 2881 1172 2952 episcopum
1197 2882 1400 2948 datam,
1431 2899 1551 2953 quze
1575 2893 1629 2938 et
1659 2884 1861 2941 Tomos

272 2968 611 3037 appellatur;
643 2971 735 3023 sed
763 2979 818 3024 et
863 2986 1048 3026 omnes
1075 2973 1194 3043 ejus
1221 2974 1478 3043 epistolas
1509 2975 1576 3030 de
1603 2975 1724 3031 fidei
1764 2977 1860 3030 fir-

271 3060 464 3113 mitate
493 3060 846 3130 perscriptas,
880 3076 974 3130 per
999 3063 1176 3116 omnia
1217 3072 1272 3118 et
1319 3065 1370 3118 in
1412 3066 1660 3120 omnibus
1692 3067 1862 3120 invio-

2027 1865 2095 1919 Et
2133 1865 2380 1934 quamvis
2408 1865 2474 1919 ad
2520 1865 2837 1919 orthodoxze
2876 1863 2994 1918 fidei
3039 1865 3411 1921 sinceritatem
3443 1866 3536 1920 ab-

1955 1958 2096 2012 unde
2118 1956 2363 2025 superius
2382 1956 2524 2010 dicta
2550 1955 2817 2010 sufficiant
2841 1974 2853 2008 :
2885 1965 3063 2010 tamen
3092 1958 3216 2026 quia
3243 1959 3268 1996 ι)
3294 1959 3395 2012 hoc
3422 1973 3538 2028 spe.

1957 2047 2168 2101 cialiter
2197 2063 2226 2101 a
2272 2047 2428 2102 nobis
2457 2047 2838 2116 profitendum,
2869 2049 3012 2103 sicut
3055 2048 3336 2115 condecet,
3369 2051 3539 2105 volui-

1959 2141 2087 2202 Stis;
2125 2139 2459 2194 detestamur
2493 2140 2657 2193 etiam
2705 2155 2801 2195 eos
2839 2150 2892 2194 et
2935 2141 3334 2207 abominamur,
3377 2153 3544 2213 atque

1960 2229 2298 2294 damnamus,
2329 2231 2635 2300 quicunque
2672 2232 2723 2285 in
2756 2231 2986 2288 Domino
3017 2233 3127 2287 Deo
3170 2245 3222 2288 et
3262 2235 3543 2290 Salvatore

1960 2330 2144 2376 nostro
2166 2321 2289 2376 Jesu
2315 2321 2535 2377 Christo
2557 2332 2688 2378 ante
2712 2325 3116 2388 adunatiouem,
3145 2326 3280 2380 duas
3301 2337 3539 2387 naturas,

1958 2420 2013 2466 et
2045 2421 2166 2482 post
2213 2412 2627 2477 adunationem,
2667 2429 2862 2478 uuam,
2906 2415 3185 2470 delirando
3215 2417 3416 2481 dicere,
3453 2417 3538 2472 vel

1959 2499 2178 2553 credere
2205 2509 2686 2570 praesumpserttnt.

2030 2588 2350 2646 Profitemur
2377 2592 2541 2645 etiam
2584 2602 2776 2648 cuncta
2803 2595 3018 2649 decreta
3048 2594 3370 2651 Pontificum
3407 2614 3530 2668 apo—

1961 2680 2165 2733 stolicaa
2210 2681 2372 2744 sedis,
2405 2681 2456 2735 id
2503 2691 2620 2746 est,
2657 2693 2855 2738 sancta:
2898 2686 3293 2740 recordationis
3321 2698 3341 2724 ο
3374 2686 3539 2741 Seve-

1963 2770 2098 2833 rini,
2137 2769 2382 2834 Joannis,
2433 2772 2735 2839 Theodori,
2766 2783 2925 2844 atque
2972 2775 3213 2839 Martini,
3247 2779 3543 2842 custodire,

1963 2861 2052 2930 qui
2079 2862 2337 2916 adversus
2359 2879 2524 2917 novas
2548 2866 2875 2934 qumstiones
2899 2865 2951 2919 in
2977 2868 3107 2921 urbe
3134 2869 3275 2938 regia
3299 2880 3541 2933 exortas,

1962 2963 2018 3008 et
2045 2969 2142 3024 pro
2171 2953 2390 3024 propria
2427 2955 2670 3009 doctrina
2697 2967 2891 3012 cuneta
2925 2959 3256 3014 zizaniorum
3289 2962 3543 3016 scandala

1965 3054 2273 3115 amputasse
2303 3055 2621 3110 noscuntur,
2649 3047 2965 3116 profitentes
2993 3049 3144 3118 juxta
3191 3051 3416 3105 duarum
3446 3068 3545 3105 na-

271 3149 513 3206 labiljler
546 3151 840 3216 custodire,
872 3161 928 3206 ει
962 3169 1175 3224 θεωρεῖ
1198 3153 1387 3221 libere,
1418 3157 1560 3211 sicut
1602 3159 1859 3228 pmdim-
1889 3133 1933 3196 C
1966 3148 2208 3194 turarum
2241 3148 2466 3203 motum,
2500 3139 2571 3192 ita
2603 3147 2657 3193 et
2687 3139 2821 3194 duas
2850 3140 3126 3195 naturales
3153 3143 3499 3210 operatioues
3525 3161 3539 3196 :

275 3247 367 3306 tis,
396 3243 722 3312 prmdicare.

342 3335 401 3389 fn
439 3335 642 3404 quibus
668 3335 810 3390 inter
847 3344 1042 3392 czetera
1081 3337 1480 3394 evidentissime
1527 3341 1856 3405 continetur,

278 3442 301 3467 ι
331 3445 501 3482 unum
531 3429 887 3499 eamdemque
923 3427 1087 3484 Deum
1121 3430 1404 3483 Dominum
1428 3438 1483 3484 et
1525 3431 1860 3487 Salvatorem

279 3527 523 3572 nostrum
570 3517 753 3572 Jesum
781 3519 1059 3572 Christum
1109 3517 1302 3571 Filium
1349 3518 1464 3581 Dei,
1505 3520 1864 3590 eumdemque

279 3608 520 3663 hominis
554 3607 744 3673 filium,
776 3625 843 3662 ex
871 3609 1077 3662 duabus
1105 3616 1160 3662 et
1186 3608 1240 3660 in
1261 3607 1468 3663 duabus
1499 3609 1728 3673 naturis,
1763 3611 1864 3665 hoc

351 3799 376 3826 ι
405 3785 976 3862 Πρατη-ςζιζῃάεῃιιμιε,
1008 3795 1112 3862 etc.
1141 3785 1265 3862 llmc
1289 3793 1538 3862 περικοπή
1573 3802 1634 3840 ex
1670 3786 1861 3862 defini-

284 3856 668 3912 tioneConcilii
686 3857 1136 3912 Chalcedonensis
1158 3856 1438 3926 desumpta
1465 3868 1568 3918 est,
1587 3868 1640 3911 et
1671 3858 1858 3913 iisdem

285 3943 419 3997 pene
445 3927 630 3982 verbis
671 3927 866 4000 legitur
909 3930 962 3981 iu
993 3929 1301 3982 definitione
1332 3929 1454 3982 fidei
1497 3946 1526 3982 a
1569 3928 1734 3983 Sexta
1763 3930 1861 4000 Sy-

289 4001 428 4052 nodo
455 3998 792 4064 compositae.

357 4069 382 4107 b
415 4067 558 4132 Quia
585 4068 681 4138 hoc
707 4068 1016 4138 specialiter.
1039 4067 1164 4138 Inde
1184 4065 1454 4122 stabilitur
1473 4068 1675 4136 opinio,
1700 4084 1860 4138 quam

284 4147 443 4192 antea
492 4137 676 4199 innui,
707 4137 1094 4207 professionem
1126 4137 1328 4192 factam
1350 4153 1488 4209 esse
1525 4137 1864 4209 statimpost

283 4209 725 4263 Cbalcedonensc
747 4209 1044 4264 Concilium
1067 4209 1324 4262 adversus
1349 4207 1604 4279 Eutychis
1631 4207 1816 4263 deliria
1847 4229 1859 4264 :

284 4288 410 4334 tunc
443 4281 592 4332 enim
625 4280 881 4347 temporis
917 4295 1053 4348 opus
1077 4288 1194 4332 erat
1223 4279 1534 4348 unicuique,
1564 4279 1632 4332 ad
1673 4281 1863 4334 ortho-

285 4295 410 4334 tunc
443 4295 592 4332 enim
625 4295 881 4347 temporis
917 4295 1053 4348 opus
1077 4295 1194 4332 erat
1223 4295 1534 4400 unicuique,
1564 4295 1632 4332 au
1673 4295 1858 4334 ortno-

285 4350 500 4404 doxiam
532 4364 684 4404 suam
713 4350 1078 4418 probandam,
1125 4347 1378 4403 detestari
1451 4347 1684 4419 ‘utycbis
1729 4349 1858 4404 deli-

285 4425 424 4500 riutn
449 4420 515 4500 de
529 4420 882 4500 duabusaute
900 4419 1276 4500 adunationem
1300 4418 1603 4500 naturis,’et
1616 4430 1865 4500 pnapost

1959 3240 2015 3285 et
2041 3245 2373 3301 quaecunque
2417 3231 2828 3296 damnaverunt,
2872 3233 2972 3287 sub
3001 3233 3348 3289 anathemate
3386 3237 3544 3290 dam-

1962 3338 2152 3376 namus
2187 3341 2198 3376 :
2231 3339 2454 3392 quaeque
2483 3334 2854 3392 susceperunt,
2883 3326 3230 3395 suscipimus,
3261 3335 3315 3380 et
3340 3336 3448 3382 tota
3481 3326 3545 3381 fl-

1961 3411 2045 3466 dei
2079 3413 2388 3482 integritate
2418 3428 2760 3466 veneramur.

2031 3522 2138 3592 62
2162 3521 2243 3574 Ad
2289 3521 2401 3574 haec
2431 3537 2560 3575 vero
2594 3522 2828 3592 suscipio
2857 3532 2912 3575 et
2955 3525 3252 3593 amplector
3285 3534 3342 3579 et
3385 3541 3547 3580 vene-

1965 3627 2058 3666 ror
2089 3611 2491 3675 definitionem,
2543 3627 2702 3682 quam
2725 3652 2739 3676 ,
2785 3612 2896 3667 Deo
2931 3616 3168 3684 auspice,
3203 3627 3389 3671 saneta
3426 3619 3544 3672 uni-

1962 3787 2260 3845 Concilium
2290 3787 2474 3840 Roma:
2513 3787 2707 3857 coegit,
2747 3804 2854 3857 quo
2886 3787 3350 3844 Monet/remorum
3379 3791 3548 3845 Itan-eo

1960 3861 2059 3913 sim
2088 3858 2412 3928 proscripsit.
2451 3857 2639 3926 Coegit
2681 3860 2884 3927 pariter
2921 3859 3236 3914 Theodorus
3279 3861 3542 3918 adversus

1961 3927 2207 3985 eamdem
2244 3928 2512 3982 Ecthesitn
2560 3927 2872 4002 Typuuique
2896 3930 3228 3985 Constantiis
3261 3931 3542 4002 episcopo-

1964 4017 2080 4055 rum
2112 4007 2456 4062 conveutuin,
2498 4001 2636 4053 unde
2665 4000 2950 4069 synodicas
2993 4002 3125 4055 duas
3155 4000 3538 4056 Constantino—

1961 4071 2123 4139 polim
2171 4068 2490 4123 transmisit.
2527 4068 2786 4124 Martinus
2816 4071 3081 4126 celebrem
3125 4072 3268 4126 illam
3320 4072 3540 4126 Latera-

1963 4155 2184 4194 uensem
2233 4141 2493 4210 synodum
2539 4140 2784 4208 collegit,
2814 4143 2902 4194 ubi
2946 4142 3189 4196 lueresin
3229 4141 3545 4195 Monotheli-

1965 4222 2140 4265 tarqu
2187 4210 2346 4280 editis
2377 4211 2673 4264 canouibus
2706 4212 2892 4280 viginti
2941 4213 3235 4266 damnavit.
3286 4212 3446 4278 Atqoi
3486 4213 3538 4265 lii

1963 4290 2195 4350 quatuor
2223 4279 2508 4334 Pontifices
2533 4289 2680 4334 tanto
2726 4279 3040 4350 generosius
3067 4283 3330 4334 adversus
3359 4280 3540 4333 Mona-

1967 4349 2184 4421 t’helitas
2205 4349 2400 4421 invecti
2423 4359 2566 4413 sunt,
2596 4349 2798 4420 quanto
2831 4353 3028 4421 :egrius
3073 4351 3318 4421 ferebant
3340 4349 3540 4405 factum

1967 4420 2222 4482 Honorii,
2260 4420 2350 4487 qui
2393 4435 2490 4487 per
2537 4420 2925 4489 imprudentem
2981 4420 3336 4475 meonoutiam
3374 4432 3536 4489 atque

285 4490 688 4543 adunationetu.
732 4490 882 4555 Quod
933 4490 977 4542 si
1030 4491 1143 4543 inec
1171 4489 1351 4558 opinio
1395 4489 1462 4542 de
1512 4480 1862 4558 professionis
1890 4480 1940 4538 D
1967 4480 2409 4550 conniventiam;
2437 4507 2454 4538 ι
2484 4480 2842 4558 Apostolicam
2892 4490 3185 4544 Ecelesiam
3233 4480 3540 4556 apostolica:

284 4569 444 4614 :etate
470 4558 764 4628 probabilis
783 4569 886 4622 est,
912 4560 1018 4613 dici
1035 4559 1232 4630 debent
1251 4567 1470 4630 cretera,
1485 4575 1617 4630 qua;
1634 4575 1861 4630 sequun-

286 4639 391 4691 tur,
411 4629 605 4699 saltem
628 4646 732 4696 qua
757 4633 1026 4699 pertinent
1043 4630 1109 4683 ad
1139 4629 1362 4699 fidem,a
1386 4628 1562 4683 Leone
1577 4629 1640 4694 ll,
1657 4628 1857 4684 addita.

362 4713 382 4740 ε
420 4698 687 4762 Severini,
731 4697 838 4754 etc.
885 4699 1018 4755 Cum
1056 4699 1121 4752 ab
1158 4697 1415 4763 Honorio,
1462 4714 1570 4768 quo
1617 4702 1859 4764 sedente,

286 4782 422 4825 ortze
455 4779 580 4823 sunt
620 4787 769 4824 novae
811 4770 1158 4839 qumstiones,
1185 4779 1241 4823 et
1277 4768 1526 4839 Ectltesis
1566 4770 1729 4839 impia
1760 4787 1861 4824 no-

288 4842 437 4895 mine
470 4840 702 4894 lleraclii
730 4837 950 4910 prodiit,
981 4855 1151 4909 usque
1177 4840 1242 4893 ad
1272 4837 1508 4893 Leonem
1533 4838 1596 4904 ll,
1630 4837 1730 4894 sub
1756 4857 1862 4909 quo

290 4910 578 4965 formulam
615 4909 752 4964 hanc
779 4921 874 4965 aut
899 4911 1117 4973 editam,
1153 4919 1245 4963 aut
1277 4909 1468 4963 saltem
1496 4910 1862 4965 additamento

289 4991 504 5036 auctam
533 4982 806 5050 ponimus,
835 4981 1028 5050 summi
1065 4979 1352 5050 Pontifices
1388 4995 1577 5050 novem
1606 4980 1861 5036 Ecclesia:

291 5049 625 5122 praefuerint,
653 5051 961 5115 Severinus,
990 5049 1222 5122 Joannes
1239 5049 1342 5122 lV,
1368 5049 1703 5122 Theodorus,
1729 5049 1866 5103 Mar-

294 5118 444 5177 tinus
465 5121 516 5185 l,
548 5121 842 5192 Eugenius,
875 5121 1192 5184 Vitalianus,
1222 5118 1548 5186 Adeodatus,
1599 5120 1782 5174 Donus
1814 5130 1870 5175 ct

292 5193 526 5263 Agatho,
569 5193 738 5262 quaeri
780 5194 990 5263 merito
1017 5199 1210 5263 potest.
1257 5205 1353 5263 cur
1387 5193 1596 5263 priores
1635 5201 1870 5263 quatuor

294 5260 682 5328 memorentur,
709 5263 938 5317 sileatur
963 5261 1028 5314 de
1061 5260 1178 5331 aliis
1213 5260 1485 5329 quinque?
1527 5277 1624 5314 cur
1659 5262 1710 5315 in
1758 5262 1871 5331 pri-

293 5335 398 5388 mis
423 5334 626 5388 mentio
656 5349 762 5388 non
793 5333 888 5385 fiat
927 5332 993 5385 de
1013 5330 1314 5399 Agathone,
1341 5331 1430 5399 qui
1469 5340 1587 5399 post
1625 5330 1869 5385 coactam

296 5402 478 5458 Romae
513 5403 790 5474 Synodum
829 5401 950 5474 12Ξὲ
978 5401 1386 5474 Episcoporum,
1415 5399 1482 5454 de
1513 5399 1616 5474 fide
1651 5402 1868 5470 przrcla-

297 5490 383 5529 ras
407 5470 823 5543 duas-epistolas
850 5473 1100 5541 scripsit?
1129 5471 1325 5525 Verum
1348 5486 1507 5543 causa
1535 5470 1587 5523 ia
1613 5482 1864 5543 promptu

292 5554 418 5598 est:
459 5541 723 5598 adversus
772 5543 1068 5607 Ecthesim,
1107 5557 1212 5610 qua
1248 5541 1490 5610 operatio
1529 5557 1631 5594 una
1665 5541 1865 5597 Christi

291 5618 654 5679 statuebatur,
704 5614 994 5668 Severinus
1039 5610 1561 5679 decretumiedidit,
1605 5628 1712 5679 quo
1745 5629 1864 5666 eam

293 5678 662 5738 condemnaret
707 5694 753 5738 et
798 5682 1281 5738 anathematizaret.
1322 5678 1577 5744 Joannes,
1622 5678 1870 5736 Exarcho

294 5751 463 5809 lsacio
496 5771 599 5810 nec
653 5756 942 5824 quicquam
983 5753 1189 5808 exsiliis
1231 5751 1556 5806 Clericorum
1593 5753 1865 5812 saeviente,

1968 4561 2270 4615 traditionis
2303 4559 2543 4613 doctrina
2574 4575 2676 4613 non
2711 4559 3026 4623 illustravit;
3056 4559 3148 4614 Sed
3180 4558 3402 4627 profana
3433 4570 3543 4614 tra-

1965 4628 2600 4752 ditiqneLimrﬁaculatam
2641 4629 2803 4682 fidem
2843 4630 3097 4684 maculari
3137 4629 3402 4698 promisit,
3426 4650 3444 4682 ι
3486 4638 3546 4684 ut

1965 4703 2130 4752 ait
2204 4715 2267 4752 eo
2346 4737 2359 4750 .

1965 4703 2043 4756 ait
2073 4703 2130 4754 S.
2161 4700 2267 4754 Leo
2295 4700 2359 4752 ll.

2032 4770 2152 4825 Jam
2182 4785 2309 4840 vero
2342 4769 2642 4840 Eugentus,
2682 4785 2803 4823 cum
2849 4770 3178 4840 perturbatis
3213 4772 3544 4840 temporibus

1965 4841 2020 4895 in
2048 4842 2221 4895 locum
2255 4838 2311 4893 S.
2341 4838 2550 4892 Martini
2588 4838 2918 4894 Chersonam
2961 4838 3248 4909 deportati,
3293 4838 3542 4898 inductus

1966 4912 2146 4983 fuerit,
2171 4911 2309 4983 nihil
2338 4909 2648 4983 quiestiouis
2695 4926 2910 4983 movere
2957 4921 3048 4965 aut
3095 4915 3286 4980 potuit,
3321 4923 3543 4983 propter

1963 4981 2180 5034 exarehi
2213 4980 2582 5050 tyrannidem;
2613 4988 2708 5035 aut
2749 4981 2953 5044 debuit,
3000 4992 3121 5050 post
3163 4993 3271 5038 tam
3316 4980 3539 5037 accura-

1963 5061 2070 5105 tam
2114 5049 2247 5105 ﬁdei’
2271 5049 2662 5120 expositionem
2691 5051 2742 5104 in
2769 5049 3010 5106 concilio
3038 5051 3389 5108 Laterattettsi
3429 5063 3540 5108 tra-

1964 5122 2150 5193 ditam.
2182 5120 2311 5186 Quae
2336 5119 2570 5193 secunda
2599 5121 2734 5174 ratio
2765 5119 2892 5193 facit
2919 5122 3080 5176 etiam
3120 5140 3215 5193 pro
3247 5123 3539 5187 Vitaliano,

1963 5192 2246 5263 Adeodato
2284 5199 2338 5263 et
2375 5189 2545 5263 Doto,
2594 5191 2893 5260 pnnsertim
2926 5189 3424 5263 cumﬂtranquillior
3465 5193 3545 5246 vi-

1966 5263 2185 5315 deretur
2209 5260 2462 5331 Ecclesiae
2487 5271 2678 5325 status,
2705 5274 2796 5314 aut
2820 5263 2994 5330 potius
3020 5262 3202 5318 sileret
3225 5260 3542 5331 tempestas,

1967 5347 2072 5399 qua
2105 5330 2518 5384 recrudescente
2559 5331 2768 5400 Agatho
2803 5329 3086 5386 Concilium
3117 5329 3350 5388 centum
3371 5339 3426 5383 et
3461 5329 3543 5380 vi-

1968 5402 2100 5471 ginti
2149 5404 2387 5470 quinque
2435 5400 2810 5471 episcoporum
2855 5401 3097 5471 collegit,
3143 5419 3207 5456 ex
3255 5414 3383 5471 quo,
3424 5403 3547 5471 post

1968 5467 2252 5526 damnatos
2300 5467 2774 5525 Monothelitarum
2827 5467 3073 5537 errores,
3117 5467 3374 5538 epistolas
3407 5467 3543 5518 duas

1968 5540 2486 5615 Constantinopolim
2534 5541 2712 5615 misit,
2756 5556 2891 5610 quas
2937 5536 3088 5595 sexta
3131 5536 3367 5615 synodus
3397 5539 3542 5615 ,κατὰ

1968 5613 2131 5674 πόδας
2165 5607 2347 5667 secuta
2387 5619 2488 5664 est.
2523 5611 2701 5678 Quare
2747 5607 2955 5664 sextam
2997 5607 3544 5678 synodumreeipete

1968 5683 2113 5736 aliud
2159 5682 2294 5738 nihil
2347 5690 2431 5738 est
2461 5720 2476 5746 ,
2525 5674 2688 5750 quam
2739 5674 3038 5751 Agathonis
3087 5674 3319 5730 decretis
3376 5674 3540 5733 inlue-

1974 5766 2116 5806 rere.
