3990 6184
453 328 521 386 6?
1816 326 2013 382 LIBER
2053 323 2355 383 DIURNUS
3648 319 3716 373 68

455 436 680 493 versaiis
709 451 770 493 ac
801 452 994 507 magna
1018 447 1168 492 sexta
1199 439 1453 509 synodus,
1481 453 1596 506 quae
1629 439 1681 490 in
1719 439 1861 507 regia
1895 438 2032 492 Con-
2060 443 2107 501 Α
2136 435 2387 504 indignus
2437 436 2716 506 presbyter
2751 443 2957 489 Sanctae
3001 433 3252 488 Ecclesizr.
3300 433 3376 486 ιιι.
3427 433 3553 488 huic
3591 448 3718 504 pro-

453 527 931 596 stantinopolitana
961 529 1092 582 urbe
1120 529 1392 590 convenit,
1421 528 1555 581 etin
1592 543 1696 596 qua
1729 529 2034 596 apostolica:
2132 525 2374 580 missioni
2433 525 2817 594 sponsioniqnc
2877 523 3191 578 orthodoxae
3250 521 3372 577 ﬁdei
3431 520 3590 577 facta:
3649 523 3718 577 ab

455 620 602 673 sedis
637 619 818 673 domni
864 618 1158 689 Agathonis
1203 618 1406 688 legatos
1451 618 1741 688 praesidere
1800 619 2030 672 manife-

458 722 602 767 stum
632 722 739 776 est,
784 727 904 781 qua:
946 721 1000 765 et
1046 727 1142 781 per
1170 710 1452 765 decretum
1486 710 1929 764 Christianissimi
1973 726 2036 763 ac

459 804 686 874 piissimi
711 816 737 844 ι
765 812 820 857 et
844 819 873 856 a
904 803 1015 857 Deo
1041 802 1285 856 coronati
1315 800 1658 856 Constantini
1688 801 1861 870 Magni
1889 802 2036 870 prin-

457 895 596 965 eipis
634 900 956 964 congregata
1004 901 1087 946 est
1121 907 1135 945 :
1171 901 1227 945 ct
1275 908 1612 962 quaecunque
1649 901 2032 961 susceperunt,

458 983 780 1052 suscipimus
803 996 816 1034 :
845 991 900 1034 et
927 996 1062 1050 quos
1084 980 1168 1034 vel
1195 995 1314 1049 qua:
1340 979 1674 1045 abjecerunt,
1706 977 1995 1047 abjieimus
2019 996 2033 1031 :

459 1073 706 1127 similiter
733 1082 785 1126 et
813 1087 947 1141 quos
997 1071 1593 1125 anathematizaverunt
1622 1078 1784 1140 atque
1816 1071 2038 1124 dan'ma-

457 1174 671 1220 verunt.
703 1164 1221 1218 anathematizamus
1249 1178 1313 1216 ac
1343 1163 1692 1218 damnamus.

528 1253 852 1310 Proﬁtemur
882 1254 1046 1308 etiam
1075 1268 1348 1322 nunquam
1381 1267 1476 1307 nos
1502 1252 1702 1322 aliquid
1730 1254 1872 1318 novi,
1896 1253 2039 1322 quod

457 1353 646 1400 contra
689 1343 1012 1400 catholicam
1046 1343 1204 1397 fidem
1231 1351 1286 1397 ct
1323 1343 1678 1398 orthodoxam
1728 1343 2037 1413 religionem

457 1448 579 1488 esse
608 1433 885 1496 claruerit,
912 1439 1280 1502 suscepturus.

533 1525 562 1565 δ
589 1526 854 1580 Prteterea
881 1525 1136 1594 promitto
1161 1540 1436 1594 nunquam
1466 1540 1551 1578 me
1579 1525 1914 1594 parochiam,
1947 1534 2042 1578 aut

452 1621 577 1690 jura
607 1619 830 1673 alterius
868 1617 1238 1687 cujuscunque
1265 1617 1520 1672 Ecclesire
1546 1617 1896 1688 pertinentia,
1939 1618 2042 1671 sub

454 1709 831 1781 jurisdictione
857 1709 1199 1778 episcopatus
1223 1708 1329 1763 mci
1360 1723 1642 1778 usurpare.

2136 616 2214 670 lll.
2251 615 2598 670 sanctissimo
2648 615 2902 685 episeopo
2951 628 3094 680 meo,
3137 614 3339 676 omnia,
3387 628 3506 682 quae
3554 629 3720 682 supe-

2136 709 2247 763 rius
2285 707 2529 777 professa
2575 716 2732 771 sunt,
2777 707 3044 778 relegens,
3089 707 3542 777 consentiensquc
3589 709 3719 762 sub-

2135 798 2350 867 scripsi.

2700 884 3000 941 TITULUS
3041 884 3153 940 Vll.

2667 1009 2689 1037 ο
2730 995 2918 1052 Cautio
2952 995 3195 1068 episcopi.

2207 1141 2265 1194 In
2298 1139 2512 1194 nomine
2563 1137 2776 1191 Domini
2826 1135 2920 1189 Dei
2951 1142 3006 1189 et
3047 1131 3346 1188 Salvatoris
3376 1127 3548 1184 nostri
3595 1124 3725 1181 Jcsu

2138 1229 2359 1291 Christi,
2389 1227 2688 1296 imperante
2715 1225 2816 1289 ill.,
2841 1232 2946 1279 etc.

2207 1321 2352 1375 Inter
2397 1329 2590 1374 caetera
2629 1316 2862 1372 salubris
2903 1314 3149 1369 instituta
3195 1311 3472 1374 doctrinm,
3521 1308 3721 1378 quibus

2140 1426 2227 1465 me
2276 1410 2350 1464 ill.
2376 1409 2687 1478 episcopum
2718 1422 2814 1460 vos
2844 1405 3104 1459 Dominus
3132 1401 3209 1456 ill.
3253 1402 3600 1457 beatissimus
3640 1411 3728 1453 at-

2140 1516 2246 1571 que
2282 1501 2591 1570 apostolica:
2621 1498 2764 1553 sedis
2806 1497 2972 1567 Papa,
3008 1496 3077 1551 ad
3115 1494 3493 1564 accipiendum
3530 1507 3726 1564 regem

2142 1595 2373 1662 dumque
2403 1593 2772 1662 episcopatum
2818 1586 3072 1643 Ecclesiae
3116 1586 3190 1640 ill.
3231 1586 3526 1655 perducere
3556 1594 3722 1653 atque

2145 1685 2436 1740 informare
2479 1682 2682 1754 dignati
2726 1681 2893 1737 estis:
2927 1681 3029 1734 hoc
3079 1694 3166 1734 me
3195 1693 3409 1748 quoque
3445 1675 3730 1731 admonui-

533 1801 601 1856 Et
626 1809 686 1855 ut
733 1810 930 1856 nostrae
967 1800 1087 1853 ﬁdei
1122 1807 1304 1853 vestro
1339 1769 1658 1869 apostolatui
1682 1840 1696 1864 ,
1735 1807 2040 1867 sancttequc

2168 1778 2262 1842 tis,
2294 1775 2655 1832 sacerdotium
2692 1773 2711 1812 ί
2744 1772 2891 1828 nullo
2919 1772 3142 1844 praemio
3167 1770 3413 1835 concedi,
3439 1769 3550 1842 64
3581 1771 3604 1808 ε
3635 1785 3731 1821 ex-

462 1890 580 1960 ejus
615 1891 893 1946 catholica:
921 1889 1198 1955 Ecclesia,
1247 1891 1528 1960 integritas
1559 1908 1621 1946 ae
1649 1893 1860 1961 paritas
1891 1908 2040 1946 mon-

463 1991 750 2050 straretur,
768 1983 1051 2054 prmsentis
1061 1982 1168 2053 63
1185 1983 1558 2053 promissionis
1580 1993 1777 2038 nostra:
1792 1984 2041 2054 paginam

464 2089 560 2144 per
583 2072 662 2128 ill.
691 2072 960 2128 notarium
991 2071 1334 2126 scribendam
1359 2070 1704 2136 dictavimus,
1737 2082 1759 2110 ε
1786 2080 1842 2125 et
1888 2087 2044 2125 sacro

463 2165 665 2221 scrinio
699 2172 900 2219 sanctae
941 2161 1251 2234 apostolicae
1282 2161 1426 2217 sedis
1461 2163 1812 2218 beatitudinis
1851 2171 2047 2217 vestra:

463 2257 854 2314 contradimus.

540 2349 606 2404 Et
665 2348 971 2418 subscriptio
1024 2347 1269 2416 episcopi.
1325 2345 1406 2399 lll.
1458 2345 1708 2416 indignus
1763 2345 2048 2416 episcopus

466 2452 670 2496 sancta:
705 2441 963 2496 Ecclesia:
1007 2439 1089 2494 ιιι.
1119 2439 1245 2494 huic
1273 2437 1615 2508 promissioni
1666 2438 2051 2508 sponsioniqnc

466 2531 784 2586 orthodoxa:
831 2528 953 2583 ﬁdei
999 2527 1227 2583 ﬁdeliter
1267 2543 1297 2581 a
1337 2543 1422 2582 me
1466 2527 1643 2592 factm,
1689 2527 1870 2582 omnia
1917 2527 2053 2581 relc-

469 2642 620 2695 gens,
647 2640 768 2696 qua:
796 2623 1046 2694 superius
1066 2621 1433 2688 continentur,
1458 2622 1910 2691 consentiensque
1931 2622 2055 2675 sul)-

471 2720 684 2790 scripsi.

542 2811 569 2852 ἀ
596 2810 662 2865 Et
687 2809 992 2880 subscriptio
1031 2807 1361 2862 sacerdotum
1395 2805 1628 2877 ejusdem
1664 2795 1932 2858 ft‘ccle'sitc.
1972 2801 2050 2856 lll.

543 2979 568 3007 ι
609 2965 673 3019 Et
701 2982 732 3018 α
763 2963 872 3017 Deo
899 2962 1154 3016 coronati.
1186 2960 1375 3024 Nemo,
1412 2969 1470 3014 ut
1495 2959 1707 3027 opinor,
1747 2957 1934 3028 legerit
1968 2973 2059 3011 us-

472 3039 649 3108 piam,
676 3037 798 3108 ihoc
845 3033 1118 3108 epitheton
1167 3032 1354 3108 alteri,
1395 3046 1562 3108 quam
1607 3030 1806 3108 viventi
1862 3028 2056 3097 adjun-

472 3101 642 3164 ctum.
672 3101 892 3162 Viventi
926 3114 1108 3158 autem
1138 3103 1324 3158 tributi
1353 3101 1600 3170 exerupla
1627 3101 1828 3170 passim
1860 3114 2053 3153 occur-

475 3191 622 3233 runt.

548 3249 575 3288 δ
615 3248 880 3302 Ρητεετεα
908 3244 1176 3316 promitto.
1203 3241 1344 3316 Huic
1367 3242 1486 3298 loco
1507 3241 1700 3316 afferre
1729 3248 2058 3316 βρίθει-[1οης

477 3319 676 3373 nullam
707 3317 881 3371 lucem
908 3310 1276 3370 testimonium
1305 3311 1550 3384 Gregorii
1580 3311 1640 3374 ll,
1671 3310 2056 3384 scribentisad

477 3390 738 3445 Serenum
782 3384 1225 3455 Forojulienscm.
1266 3401 1284 3435 ‹
1310 3381 1444 3455 Dum
1470 3383 1535 3436 ad
1565 3381 1837 3455 cumnlum
1863 3381 1938 3436 tui
1966 3381 2059 3455 hoc

477 3461 627 3516 noris
658 3452 1118 3529 precibus'eximii
1150 3453 1243 3508 filii
1271 3454 1441 3508 nostri
1463 3453 1610 3529 regis
1636 3452 1782 3529 flexi,
1813 3462 1868 3507 et
1899 3452 2060 3529 recti:

475 3521 674 3586 tudine'
695 3529 849 3592 ﬁdei,
877 3543 1038 3597 quam
1078 3535 1130 3581 te
1159 3533 1414 3597 tuamque
1460 3521 1755 3597 Ecclesiam
1787 3521 2055 3597 amplecti

475 3602 847 3672 cognovimus,
885 3593 1179 3672 provocati,
1218 3593 1438 3672 pallium
1465 3595 1578 3672 .tibi
1629 3594 1944 3655 direximus,
1979 3593 2058 3646 in-

479 3665 804 3727 terdicentes
829 3665 1058 3723 cfinter
1086 3665 1280 3720 caetera
1323 3665 1694 3734 prohibentes,
1729 3679 1796 3717 ne
1821 3677 2058 3730 unquam

480 3745 655 3796 aliena
685 3741 807 3807 jura
853 3739 1154 3807 invaderes,
1182 3745 1274 3807 aut
1303 3734 1624 3807 temeritatis
1653 3749 1786 3786 ausu
1833 3747 2061 3800 usurpa-

481 3830 570 3868 res
587 3803 1014 3880 jurisdictioncm
1035 3805 1354 3880 cujuspiam,
1368 3804 1460 3880 sed
1484 3803 1567 3857 his
1586 3818 1733 3857 esses
1752 3811 2055 3880 cpntentns.

483 3871 604 3952 qua?
629 3895 800 3952 usque
825 3871 1420 3952 hactenus’possedisti,
1449 3889 1592 3926 nunc
1612 3871 2062 3952 vero.Gt_‘adensis

479 3942 809 4022 patriarcha;
851 3947 1040 4022 niteris
1088 3942 1341 4022 invadere
1367 3943 1516 4022 jura,
1557 3951 1667 4022 etc.-
1686 3964 1703 3994 ι
1736 3942 1876 4022 _lnde
1915 3943 2059 4022 enim

481 4012 718 4081 constat,
761 4019 813 4074 id
853 4018 1176 4087 imperatum
1224 4012 1396 4087 fuisse
1433 4014 1701 4087 episcopis
1732 4012 2058 4087 forensibus,

483 4107 607 4147 cum
637 4083 946 4145 mitteretur
974 4087 1192 4157 pallium
1212 4127 1227 4150 ,
1257 4084 1399 4157 quod
1429 4083 1767 4140 ordinatione
1812 4083 2062 4139 suburbi-

481 4163 666 4228 cariis,
689 4169 750 4216 ut
777 4160 890 4216 suis
918 4156 1201 4228 sellinibus
1229 4156 1587 4228 continerent.

555 4245 578 4274 ο
614 4224 780 4288 Sacro
807 4229 1020 4292 scrinio,
1045 4237 1148 4282 etc.
1177 4226 1547 4290 Lateranensi,
1573 4226 1642 4282 de
1671 4241 1778 4297 quo
1802 4224 2060 4289 diximus,

483 4319 603 4376 cap.
633 4303 724 4376 μ,
748 4302 835 4376 tit.
855 4299 912 4376 2,
943 4299 1010 4354 ad
1042 4299 1222 4376 ﬁnem.

555 4365 582 4416 ³
623 4365 944 4441 Subscriptio
988 4368 1338 4441 sacerdotum.
1385 4365 1534 4441 Unus
1578 4376 1916 4441 cunctorum,
1956 4366 2062 4421 imo

485 4447 653 4502 totius
682 4437 934 4498 Ecclesia:
960 4439 1321 4510 particularis,
1347 4438 1565 4510 nomine
1589 4437 1898 4494 subscribit.

2141 1867 2312 1936 ceptis
2356 1866 2566 1930 ofﬁciis,
2596 1865 2793 1934 quibus
2816 1880 2884 1919 ex
2920 1865 3139 1933 antiqua
3178 1863 3568 1918 consuetudine
3605 1862 3724 1915 dari

2143 1963 2316 2018 solet:
2348 1962 2474 2032 quia
2502 1961 2722 2032 dignum
2751 1968 2858 2024 est,
2885 1966 2945 2014 ut
2969 1958 3112 2028 quod
3135 1957 3304 2028 gratis
3326 1957 3530 2026 accepi,
3561 1956 3734 2025 gratis

2143 2054 2390 2117 debeam,
2422 2053 2532 2108 Deo
2552 2053 2799 2122 juvante,
2825 2049 3092 2106 conferre.

2214 2165 2242 2205 ιι
2269 2163 2520 2236 Spondeo
2553 2178 2640 2218 tne
2669 2163 2736 2218 de
2779 2162 3122 2217 ordinatione
3171 2160 3514 2224 clericorum,
3543 2161 3611 2214 ab
3645 2175 3734 2215 os-

2147 2257 2305 2312 tiario
2330 2270 2502 2326 usque
2534 2255 2602 2310 ad
2636 2254 3042 2324 presbyterum,
3070 2252 3271 2308 nullum
3307 2252 3586 2323 prtemium
3612 2266 3736 2305 esse

2148 2355 2531 2418 accepturum;
2566 2346 2663 2400 sed
2713 2361 2826 2408 eos,
2861 2360 2996 2415 quos
3044 2344 3139 2399 Dei
3185 2342 3617 2400 consideratione
3663 2341 3733 2396 ad

2148 2439 2384 2496 ofﬁcium
2427 2438 2715 2494 clericatus
2749 2438 2986 2508 elegero,
3034 2435 3204 2506 gratis
3235 2449 3320 2490 me
3362 2449 3481 2489 esse
3511 2434 3733 2488 ordina-

2151 2540 2352 2586 turum.

2218 2622 2474 2692 Idemque
2518 2621 2714 2685 fateor,
2748 2622 2761 2661 ί
2799 2635 2899 2675 nec
2929 2620 2995 2674 de
3026 2619 3365 2689 baptizandis
3411 2619 3738 2690 consignan-

2124 2713 2345 2783 -disque
2387 2711 2689 2777 catholicis,
2715 2726 2951 2781 unquam
2981 2726 3069 2766 me
3097 2711 3312 2780 aliquod
3353 2709 3634 2780 przemium
3677 2709 3734 2762 ia

2155 2804 2397 2876 qualibet
2423 2820 2482 2860 re
2521 2803 2606 2859 vel
2653 2804 2855 2874 specie,
2892 2819 2992 2874 pro
3022 2816 3342 2874 quacunque
3382 2815 3614 2872 persona
3643 2814 3738 2871 po-

2232 2967 2258 3005 ε
2300 2963 2542 3034 Exceptis
2571 2964 2768 3034 oﬁiciis.
2803 2962 2970 3017 Totus
3022 2963 3108 3034 hic
3149 2961 3388 3034 locust
3420 2959 3641 3034 praemio
3685 2968 3739 3034 et

2160 3034 2348 3090 officiis
2378 3029 2551 3089 lucem
2580 3029 2778 3104 accipit
2819 3049 2882 3087 ex
2910 3033 3130 3102 cpistola
3173 3031 3242 3086 ιιι
3282 3032 3374 3104 lib.
3413 3029 3737 3104 iv_Gregorii

2163 3105 2360 3171 Magni,
2389 3105 2432 3160 si
2461 3112 2638 3158 tamen
2662 3101 2887 3173 epistola
2910 3101 3012 3166 est,
3039 3111 3092 3156 et
3127 3117 3230 3157 non
3263 3102 3441 3173 potius
3463 3101 3740 3173 decretum

2162 3177 2214 3230 in
2256 3174 2496 3231 Concilio
2532 3172 2796 3236 Romano,
2841 3191 2870 3227 a
2919 3173 3179 3241 Gregorio
3215 3189 3339 3226 aun.
3383 3172 3521 3234 595,
3567 3173 3742 3226 sanci-

2163 3255 2276 3300 tum
2312 3265 2325 3300 :
2365 3266 2382 3297 ‹
2414 3245 2703 3313 Antiquam
2748 3243 2965 3299 Patrum
3014 3244 3251 3313 regulam
3300 3258 3558 3311 sequens,
3610 3243 3743 3297 nihil

2161 3333 2399 3386 unquam
2431 3317 2495 3370 de
2515 3315 2888 3386 ordinantihus
2909 3313 3278 3384 accipiendum
3301 3328 3419 3386 esse
3449 3313 3740 3386 constituo.

2162 3382 2337 3457 neque
2367 3403 2434 3441 ex
2476 3385 2692 3439 (latione
2723 3385 2892 3455 pallii,
2921 3382 3092 3454 neque
3120 3400 3185 3438 ex
3216 3383 3501 3457 traditione
3531 3382 3745 3457 charta-

2161 3453 2304 3518 rum,
2331 3471 2504 3525 neque
2543 3472 2607 3509 ex
2655 3453 2739 3520 ea,
2785 3470 2946 3524 quam
2979 3453 3112 3508 nova
3149 3471 3244 3524 per
3287 3454 3637 3525 ambitionem
3668 3453 3742 3506 si-

2161 3529 2385 3583 mulatio
2411 3523 2635 3590 invenit,
2659 3523 3015 3596 appellatione
3047 3523 3278 3594 pastelli.
3310 3523 3445 3596 Quia
3473 3523 3618 3578 enim
3652 3539 3745 3576 or-

2161 3599 2398 3654 dinando
2427 3598 2680 3667 episcopo
2718 3595 3479 3667 pontifexrmanumimponit,
3520 3609 3747 3667 cvange-

2162 3668 2320 3722 iicam
2364 3663 2493 3722 vero
2535 3663 2818 3721 lectionem
2855 3666 3100 3721 minister
3131 3666 3276 3732 legit,
3317 3663 3745 3718 conﬁrmationis-

2163 3748 2341 3792 autem
2369 3736 2486 3804 ejus
2514 3737 2796 3806 epistolam
2829 3737 3072 3792 notarius
3101 3736 3327 3806 scribit:
3365 3735 3516 3806 sicut
3535 3733 3749 3806 pontiﬁ-

2163 3823 2280 3862 cem
2308 3824 2413 3862 nnn
2445 3804 2621 3870 decet,
2651 3822 2889 3867 manum,
2915 3820 3077 3876 quam
3106 3805 3352 3874 imponit,
3382 3805 3636 3876 vendere,
3671 3804 3743 3857 ita

2165 3878 2468 3934 ministrum
2509 3877 2589 3932 vel
2639 3877 2911 3931 notarium
2934 3874 3062 3930 _non
3103 3876 3258 3930 decet
3309 3876 3360 3930 in
3409 3874 3748 3929 ordinatione

2163 3949 2298 4017 ejus,
2327 3949 2410 4003 vel
2439 3963 2625 4002 vocem
2650 3947 2734 4000 vel
2761 3949 3007 4002 chartam
3041 3945 3368 4002 venundare.
3394 3943 3500 3999 Pro
3532 3946 3748 4017 ordina-

2167 4013 2310 4074 tione
2336 4033 2486 4082 vero,
2533 4018 2616 4072 vel
2662 4017 2849 4088 pallio,
2878 4033 2974 4072 seu
3020 4017 3246 4088 chartis,
3297 4025 3457 4084 atque
3500 4013 3745 4088 pastello,

2164 4090 2437 4153 eumdem,
2461 4088 2552 4158 qui
2595 4085 2928 4143 ordinandus
2954 4088 3036 4140 vel
3081 4087 3360 4158 ordinatus
3384 4095 3486 4158 est,
3529 4085 3750 4158 omnino

2166 4161 2366 4229 aliquid
2396 4154 2529 4213 dare
2560 4159 2838 4228 prohibeo.
2868 4159 2942 4212 Ex
2977 4158 3172 4226 quibus
3199 4155 3475 4229 praedictis
3493 4156 3668 4229 rebus
3702 4154 3748 4229 si

2164 4223 2288 4356 guis
2323 4230 2450 4284 hinc
2482 4223 2683 4300 aliquid
2709 4223 3378 4310 commodi—appellatione
3418 4226 3638 4308 exigere
3666 4223 3751 4307 vel

2203 4301 2379 4356 eferre
2410 4301 2546 4355 forte
2578 4309 3010 4356 praesumpserit.
3055 4315 3106 4352 In
3139 4299 3384 4352 districto
3436 4297 3530 4351 Dei
3575 4310 3751 4350 omm-

2203 4301 2379 4356 eferre
2410 4301 2546 4355 forte
2574 4294 3010 4369 pnesumpserit,
3055 4294 3108 4369 in
3139 4299 3384 4352 districto
3436 4294 3534 4351 Dei
3575 4294 3751 4369 omni:

2165 4371 2402 4442 potentis
2449 4365 2698 4442 esamizie
2735 4365 2915 4442 ireatui
2960 4367 3274 4442 subjacebit.
3329 4369 3376 4421 Is
3423 4376 3624 4430 autem,
3655 4365 3749 4435 qui

2172 4438 2446 4497 ordinatus
2490 4440 2672 4505 fuerit,
2704 4439 2750 4493 si
2789 4454 2894 4492 non
2938 4453 3005 4493 ex
3049 4438 3265 4508 placito,
3299 4452 3472 4509 neque
3502 4445 3749 4509 exactus,

560 4529 585 4557 ο
616 4512 824 4570 Cautio.
853 4503 1131 4583 cautionis
1160 4503 1374 4565 nomine
1403 4509 1718 4583 intelligitur
1741 4509 2066 4583 instru_m_en«
2091 4503 2142 4562 D
2169 4528 2341 4583 neque
2367 4503 2667 4583 expetitus,
2697 4518 2821 4583 post
2863 4503 3114 4583 acceptas
3153 4503 3402 4574 chartas,
3427 4515 3494 4583 et_
3527 4505 3748 4578 pallium

486 4598 630 4653 tum,
664 4599 770 4656 quo
820 4581 942 4656 quis
973 4581 1131 4635 ﬁdem
1179 4597 1333 4656 suam
1355 4577 1812 4656 scripto'ohligat
1855 4577 1924 4634 ad
1961 4579 2061 4656 i_r_n-

483 4648 1110 4730 plendum‘promissum,
1146 4653 1288 4707 unde
1318 4648 1738 4730 chirographum
1779 4658 1940 4730 vocat
1968 4648 2067 4730 _Za-

487 4719 700 4785 charias
741 4719 886 4795 Papa
929 4739 1052 4778 can.
1076 4723 1132 4788 4,
1163 4723 1352 4794 synodi
1371 4793 1378 4795 _
1398 4719 1654 4795 Romanae
1683 4735 1808 4795 apn.
1830 4719 1943 4795 145
1973 4719 2066 4772 ha-

489 4801 632 4854 bitzc.
666 4795 739 4851 Ut
785 4789 966 4848 autem
1011 4789 1207 4848 isthmc
1239 4793 1420 4848 cautio
1461 4792 1672 4845 facilius
1721 4789 2063 4860 intelligatur,

487 4865 855 4938 componenda
881 4871 966 4938 est
994 4877 1118 4916 cum
1157 4862 1423 4934 synodali,
1451 4861 1593 4938 quod
1633 4860 1825 4938 accipit
1855 4859 2066 4938 episco-

489 4931 760 5011 pusfcqm
805 4933 1107 5011 ordinatur,
1125 4931 1199 5011 ,ρι’
1232 4947 1354 5011 cum
1388 4931 1776 5011 fxiiorta't‘ione
1817 4931 2069 5011 ordipan-

489 4997 918 5074 iis,'cujusmodi
965 5003 1233 5072 reperitur
1279 4999 1585 5074 indOrdine
1625 4997 2070 5074 Romano._ll_:cc

529 5068 1002 5140 orrofmaximam
1026 5068 1266 5142 partem,
1292 5071 1506 5126 videtur
1529 5085 1609 5142 ex,
1645 5071 1870 5142 epistola
1893 5070 1927 5124 9
1965 5068 2070 5124 Ge-

512 5150 610 5206 asii
651 5143 915 5203 confecta.
946 5141 1198 5197 Continet
1235 5157 1364 5197 vero
1411 5141 1672 5197 tredecim
1709 5141 1904 5210 capita,
1949 5156 2069 5209 quae

489 5219 671 5277 omnia
699 5215 810 5271 fere
835 5211 1153 5283 Grcgoriani
1181 5213 1442 5283 temporis
1467 5211 2066 5283 disciplinamsapiunt.

570 5291 588 5330 τ
637 5287 688 5343 Ν
694 5285 799 5341 ulla
829 5281 1067 5355 partitio,
1096 5294 1202 5340 etc.
1234 5281 1309 5336 De
1337 5282 1567 5354 gratuita
1593 5281 1832 5355 episcopi
1860 5281 2071 5335 ordina-

491 5363 640 5418 tione
667 5352 846 5414 sermo
876 5361 956 5407 cst
978 5394 992 5416 ,
1033 5369 1193 5423 quam
1221 5363 1280 5408 ut
1312 5352 1616 5422 phestarct,
1640 5352 1768 5422 quid
1812 5367 1919 5404 non
1958 5367 2072 5405 mo-

493 5436 586 5490 lita
639 5423 914 5496 Ecclesia?
965 5423 1206 5479 Fuerunt
1253 5439 1436 5496 porro,
1485 5425 1574 5494 qui
1618 5423 1920 5496 commodi,
1970 5436 2070 5490 pa-

494 5504 666 5568 stelli,
697 5494 1014 5573 prmmiique
1059 5493 1269 5550 nomen'
1297 5502 1656 5573 praeteserent
1699 5493 1962 5573 simouiaz,
2005 5508 2072 5546 ne

536 5561 664 5631 rctii
685 5561 789 5628 vox
820 5561 1100 5625 horrorem
1131 5561 1341 5622 crearet
1366 5584 1378 5618 :
1405 5565 1498 5620 sed
1529 5562 1824 5634 Gregorius
1848 5561 2072 5634 Magnus

521 5659 639 5700 ianc
677 5644 881 5698 larvam
925 5639 1200 5700 detraxit,
1240 5637 1368 5692 dum
1415 5636 1622 5700 vetuit,
1646 5631 1736 5689 'ne'
1771 5648 1870 5705 pro
1912 5631 2072 5705 pallio

502 5715 749 5782 quidem,
792 5713 893 5770 etsi
946 5727 1062 5767 mos
1093 5707 1426 5772 inoleverat,
1469 5703 1811 5762 commodum
1861 5703 2068 5773 recipe-

502 5791 667 5836 retur.

2167 4576 2370 4660 aliquid
2400 4576 2620 4660 cuilibet
2645 4576 2716 4660 ei
2747 4579 2910 4660 clero,
2941 4576 3128 4660 gratiae
3162 4576 3744 4660 tantummodolcausa,

2167 4646 2296 4730 dare
2349 4651 2612 4730 voluerit,
2657 4646 2983 4730 hoc__accipi_
3022 4650 3328 4730 nullomodo
3375 4646 3744 4730 prohibemus,

2166 4724 2291 4793 quia
2315 4723 2432 4794 ejus
2451 4721 2650 4794 oblatio
2674 4721 2872 4794 nullam
2900 4717 3068 4788 culpa
3096 4719 3361 4794 maculam
3378 4717 3603 4789 ingerit,
3626 4731 3773 4785 quae-

2166 4791 2231 4849 ex
2263 4791 2575 4862 accipientis
2594 4791 2798 4846 ambitu
2825 4805 2933 4862 non
2957 4791 3283 4862 processit;

2238 4865 2264 4904 ιι
2285 4859 2522 4933 Spondeo
2546 4879 2626 4916 me
2649 4862 2711 4914 de
2736 4860 3083 4933 ordinatione.
3104 4871 3208 4916 etc.
3235 4859 3430 4933 Malum
3457 4872 3593 4933 pene
3624 4870 3749 4911 cum

2171 4927 2408 4990 Ecclesia
2441 4941 2648 4995 natum,
2678 4945 2890 4999 semper
2925 4929 3294 5000 impugnatum
3325 4945 3354 4984 a
3384 4927 3560 5000 bonis,
3603 4940 3750 5000 sepe

2168 5005 2318 5058 varia
2365 5001 2633 5057 rationum
2665 4997 2846 5069 specie
2891 4997 3221 5055 occultatum
3267 5001 3336 5056 ab
3366 4999 3507 5064 aliis,
3538 4997 3748 5052 utinam

2169 5071 2459 5143 aliquando
2472 5069 2917 5143 expugnandum.

2247 5135 2277 5186 ξ’
2307 5143 2416 5197 Nec
2446 5141 2510 5195 de
2539 5135 2886 5210 (iap'tizandis.
2916 5138 3108 5194 Primis
3130 5139 3340 5196 smculis
3368 5138 3636 5201 solebant,
3658 5135 3752 5210 qui

2169 5213 2516 5283 baptismum
2543 5207 2880 5283 susciperent
2897 5251 2922 5283 ,_
2951 5211 3294 5283 presbyteris
3317 5211 3562 5283 aliisque
3594 5207 3753 5283 mmi-

2171 5277 2299 5338 s'ris
2329 5282 2611 5352 pecuniam
2655 5277 2878 5349 largiri:
2912 5277 2976 5334 id
2995 5277 3142 5343 vero,
3186 5282 3330 5349 quod
3372 5277 3533 5352 ofllcii
3579 5277 3754 5348 gratia

2169 5350 2403 5424 primum
2434 5352 2788 5424 tribuebatur,
2816 5366 2949 5424 cum
2975 5366 3084 5420 prze
3107 5353 3341 5424 avaritia
3376 5350 3752 5424 ministrorum

2211 5433 2359 5504 ostra
2397 5423 2706 5504 exigeretur
2726 5422 2886 5504 quasi
2915 5419 3052 5502 _jure
3089 5421 3347 5504 debito-rp,
3371 5419 3630 5504 _Ecclesia
3662 5432 3753 5500 sa-

2169 5440 2359 5547 rtDSlea
2397 5440 2706 5504 eXIgeretur
2733 5440 2886 5490 QllaSl
2915 5440 3052 5502 ,μηδ
3089 5440 3347 5483 uetutum,
3391 5440 3630 5476 δεειεδικι
3662 5440 3753 5500 sa-

2195 5496 2311 5548 nbri
2357 5494 2583 5548 consilio
2625 5493 2740 5547 dari
2783 5507 3003 5547 omnino
3043 5493 3230 5546 vetuit.
3263 5491 3417 5547 Unde
3461 5490 3756 5561 Gregorius

2173 5563 2445 5636 Nyssenus
2475 5563 2758 5636 nonnullos
2799 5562 3108 5636 dim-rentes
3137 5563 3424 5636 baptisma,
3462 5559 3634 5616 donec
3664 5559 3757 5612 ha-

2173 5632 2384 5706 herent,
2400 5635 2554 5706 quod
2589 5633 2933 5706 largirentur,
2960 5633 3200 5706 increpat
3230 5632 3600 5694 vehementer,
3635 5644 3733 5684 ora

2175 5705 2319 5772 tione
2344 5703 2605 5761 adversus
2626 5703 2936 5759 differentes
2963 5703 3246 5771 baptisma.
