3990 6184
344 323 420 378 69

1292 307 1733 366 ROMANORUM
1774 300 2215 362 PONTIFICUM.
2255 329 2326 341 —
2359 295 2509 354 CAP.
2548 295 2633 352 Ill.

3526 292 3606 345 7i)

336 429 682 490 stulaturum,
710 438 812 479 nec
838 428 1204 493 accepturum,
1233 422 1334 476 sub
1362 421 1528 476 divini
1554 420 1916 477 obtestatione
1947 422 1988 479 Α
2019 411 2246 482 singulis
2299 411 2415 467 sine
2463 409 2640 479 aliqua
2671 407 3044 463 imminutione
3098 403 3338 474 spondeo
3365 411 3592 473 presta-

330 517 519 591 judicii
549 514 828 586 promitto.

412 605 661 677 Spondeo
711 602 875 658 etiam
920 601 1287 657 ecclesiastica
1330 602 1532 671 praedia
1578 602 1784 656 urbana
1833 599 1915 653 vel

342 697 565 760 rustica,
606 694 990 762 universasque
1036 706 1125 746 res
1171 692 1492 755 immobiles,
1531 706 1756 761 seseque
1803 705 1918 745 mo-

341 797 549 853 ventes,
587 785 672 840 vel
710 793 1028 840 ornamenta
1069 784 1338 847 Ecclesiae,
1376 784 1782 853 ministeriaque
1825 799 1915 838 sa-

343 889 491 935 crata
531 876 816 948 diligenter
845 881 902 930 et
931 874 1164 929 ﬁdeliter
1189 882 1568 929 servaturum:
1607 875 1651 928 si
1692 889 1796 943 qua
1839 873 1919 942 pi-

345 984 510 1041 gnara
550 982 583 1021 a
613 965 940 1037 quibuslibet
969 965 1207 1035 obligata
1251 973 1395 1026 sunt,
1427 972 1519 1018 aut
1561 964 1797 1018 indebita
1829 964 1922 1017 de-

346 1063 608 1123 tinentur,
639 1072 760 1112 meo
788 1056 1003 1120 annisu,
1051 1055 1233 1109 labore
1255 1064 1310 1108 et
1338 1062 1554 1123 sumptu
1588 1053 1827 1124 proprio,
1864 1062 1923 1106 ut

350 1148 608 1221 temporis
640 1146 937 1201 necessitas
980 1145 1254 1215 largietur,
1287 1154 1448 1213 atque
1480 1158 1602 1198 meo
1625 1143 1805 1199 studio
1838 1158 1924 1197 re-

347 1241 611 1306 vocanda,
633 1239 742 1312 65
764 1253 864 1294 nec
882 1253 914 1291 a
943 1253 1030 1292 me
1050 1237 1333 1292 alienanda
1360 1235 1603 1306 quolibet
1627 1235 1786 1290 titulo
1804 1250 1926 1290 esse

347 1335 625 1407 promitto.

422 1424 798 1483 Ecclesiastica
833 1437 965 1477 vero
1008 1421 1246 1492 negotia,
1287 1435 1408 1491 qua:
1453 1418 1800 1490 proponenda
1832 1430 1928 1473 aut

349 1518 666 1590 excipienda
690 1515 910 1579 fuerint,
944 1529 1030 1568 me
1054 1514 1173 1568 sine
1209 1522 1459 1583 respectu
1491 1513 1709 1584 gratis,
1734 1512 1927 1568 conlu-

350 1611 449 1674 dii,
473 1608 557 1665 vel
578 1606 883 1662 venalitatis
902 1612 993 1659 aut
1033 1603 1259 1668 fraudis,
1292 1602 1483 1674 agendi
1506 1610 1696 1657 contra
1742 1604 1928 1657 dctcu-

351 1709 574 1763 tatores,
619 1697 704 1753 vel
731 1694 1032 1765 excipiendi
1070 1702 1262 1749 contra
1309 1694 1608 1763 pulsantes,
1639 1692 1930 1748 elllcaciter

350 1799 518 1861 atque
554 1789 805 1851 ﬁdeliter,
834 1785 1174 1842 considerata
1206 1793 1385 1839 tamen
1416 1785 1469 1839 in
1496 1784 1748 1839 omnibus
1768 1781 1929 1851 justi-

350 1881 451 1944 tia,
478 1895 598 1950 qua:
623 1877 888 1932 universis
926 1875 1249 1930 utilitatibus
1269 1874 1631 1945 prmponenda
1660 1881 1769 1940 est,
1809 1872 1924 1926 Deo

339 1971 598 2041 iuvante,
625 1984 656 2023 a
676 1984 759 2024 me
786 1966 1095 2037 peragenda
1114 1964 1401 2021 confirmo.

429 2060 648 2116 Nullum
673 2075 757 2114 mc
790 2056 1143 2113 ecclesiastici
1186 2054 1326 2125 juris
1373 2056 1636 2127 praedium
1666 2055 1935 2110 urbanum

346 2152 450 2206 vel
500 2151 761 2206 rusticum
779 2191 795 2214 ,
837 2149 1123 2219 cujuslibet
1153 2149 1329 2204 meriti
1355 2189 1370 2213 ,
1398 2156 1492 2203 aut
1520 2148 1774 2203 idoneum
1797 2188 1813 2211 ,
1845 2156 1939 2202 aut

347 2239 615 2303 nimium,
666 2238 748 2293 vel
791 2238 1060 2308 mancipia
1105 2238 1386 2307 cujuslibet
1434 2255 1597 2294 sexus
1623 2237 1708 2294 vel
1736 2238 1935 2303 tetatis,

354 2330 719 2400 Episcopatus
740 2330 847 2384 mei
887 2329 1144 2399 promitto
1194 2328 1550 2383 alienaturum
1581 2343 1703 2384 esse
1724 2337 1933 2401 tempo-

358 2421 540 2484 ribus,
580 2427 849 2489 quatenus
898 2419 1138 2474 Ecclesia
1172 2460 1188 2485 ,
1226 2419 1282 2474 in
1337 2433 1440 2490 qua
1472 2419 1752 2476 ordinatus
1794 2437 1936 2487 sum,

359 2509 568 2564 nullum
594 2511 934 2580 dispendium
960 2514 1215 2582 patiatur.

431 2598 688 2665 Quartam
711 2599 938 2655 Clericis
965 2600 1051 2655 vel
1088 2600 1310 2657 fabricis
1336 2603 1639 2671 portionem
1664 2618 1750 2657 me
1777 2604 1939 2658 annis

433 2727 823 2803 {Sariolecta
856 2748 996 2785 vero.
1027 2731 1211 2788 Portio
1260 2732 1348 2803 illa
1383 2732 1669 2796 bonorum,
1704 2750 1824 2803 qua:
1865 2734 1944 2789 fa.-

360 2800 530 2857 hricis
550 2800 760 2876 addicta
784 2810 924 2876 erat,
954 2818 1051 2876 per
1082 2812 1248 2857 totam
1276 2802 1598 2876 Paracltiam
1620 2800 1788 2873 penes
1813 2806 1943 2876 Epi-

363 2885 556 2940 scopus
578 2878 705 2924 tunc
736 2871 856 2936 fuit,
884 2873 1126 2927 nondum
1146 2875 1345 2929 erectis
1372 2874 1426 2929 in
1462 2871 1785 2932 beneficium
1811 2871 1944 2931 con-

364 2940 581 2994 tributis
608 2939 885 2996 Ecclesiis.

434 3010 463 3049 h
487 3008 751 3100 Prfrterea
764 3011 1030 3100 promitto.
1056 3011 1438 3097 Promissionis
1459 3015 1576 3097 dure
1595 3024 1942 3100 suntpartes,

363 3079 533 3176 altera
546 3079 612 3134 de
626 3095 728 3176 neu
745 3079 987 3176 adeundo
998 3083 1254 3176 co‘mitatu
1266 3084 1629 3176 siqejussione
1649 3079 1947 3170 sedisApo-
1975 3114 2019 3176 Ο

362 3150 571 3205 ειοΙίαε
588 3166 601 3211 ;
617 3150 796 3226 altera
817 3151 883 3226 de
906 3169 1011 3226 non
1034 3150 1405 3226 discurrendo
1418 3172 1516 3226 per
1542 3157 1677 3213 alias
1703 3150 1949 3213 civitates

358 3231 455 3299 aut
477 3221 800 3299 provincias,
840 3222 1079 3299 Ecclesia
1107 3240 1201 3299 sua
1230 3221 1465 3299 deserta.
1510 3226 1748 3299 Utraque
1769 3229 1837 3282 ad
1864 3243 1951 3284 re-

359 3290 654 3346 sidentiam
684 3294 1106 3368 conservandam
1140 3294 1269 3368 facit
1301 3312 1323 3368 ;_
1339 3298 1434 3350 sed
1467 3298 1616 3368 prior
1637 3290 1858 3367 insuper
1882 3299 1949 3353 ad

358 3374 552 3436 pacem
582 3369 637 3415 et
656 3361 936 3436 Caritatem
965 3361 1276 3429 fovendam,
1302 3361 1742 3436 fraznandamque
1763 3361 1947 3422 'ambi-

363 3431 593 3494 tionem,
617 3440 674 3484 et
702 3433 1046 3487 sanctitatem
1076 3449 1287 3488 mentm
1310 3431 1689 3490 retinendam}
1716 3453 1841 3491 nam
1879 3438 1950 3492 ad

360 3501 687 3572 comitatum
716 3501 1009 3572 Episcopus
1027 3518 1227 3572 paucos
1254 3505 1548 3560 necessitas
1576 3517 1633 3560 et
1654 3507 1709 3560 in
1729 3506 1951 3562 Christo

362 3572 608 3636 caritas;
639 3571 822 3641 plures
880 3571 1154 3627 accusatio
1194 3571 1419 3629 fratrum
1446 3615 1461 3638 ,
1502 3576 1627 3629 vita:
1673 3576 1952 3632 saecularis

361 3641 629 3711 studium,
657 3651 714 3696 et
733 3644 1000 3697 honorum
1028 3642 1299 3711 cupiditas
1321 3645 1584 3700 trahebat.

437 3724 460 3751 ε
487 3709 617 3766 Sine
631 3713 769 3765 sedis
790 3709 1124 3782 Apostolicaz,
1140 3721 1243 3770 etc.
1270 3714 1395 3770 Inde
1410 3724 1624 3770 constat
1638 3718 1946 3773 cautionem

364 3782 787 3870 hancad‘sgolos
822 3781 1115 3870 Episcopus
1137 3786 1496 3870 ordinationis
1526 3787 1671 3870 sedis
1708 3787 1945 3870 Aposto-

364 3853 485 3927 lica:
516 3852 833 3927 pertinere:
880 3852 1015 3907 alios
1063 3854 1206 3908 enim
1235 3855 1662 3927 aqutropolitis
1698 3852 1813 3913 suis
1856 3875 1946 3915 ve-

364 3924 511 3999 niam
535 3923 852 3999 poposcisse
873 3933 1081 3999 certum
1108 3926 1376 3999 est.__Vide
1423 3923 1704 3997 epistolas,
1747 3931 1946 3999 quibus

364 3992 667 4074 Gregorius
695 3992 919 4075 Blagnus
947 3993 1169 4075 pallium
1217 3992 1568 4065 Metropolitis
1605 3992 1782 4075 mittit:
1797 4040 1813 4063 ,
1841 4002 1942 4075 ορ-

366 4069 680 4140 tionesque
709 4069 1003 4140 Episcopus
1024 4069 1171 4140 missi
1200 4075 1382 4140 monet
1411 4086 1423 4121 :
1457 4084 1581 4122 nam
1615 4069 1669 4123 in
1719 4069 1945 4140 singulis

366 4079 671 4144 nouosque
709 4079 1003 4186 episcopos
1024 4079 1171 4145 missi
1200 4079 1382 4121 monet
1411 4086 1423 4121 :
1457 4084 1581 4122 nam
1615 4079 1669 4123 In
1719 4079 1945 4140 singulis

366 4141 619 4208 metuunt
638 4133 1030 4208 Ecccsuasttcre
1052 4133 1194 4189 tlltus
1221 4137 1439 4208 regulae,
1476 4140 1604 4208 quia
1630 4140 1947 4195 retineban-

369 4212 461 4257 tur
485 4205 541 4258 in
553 4202 798 4278 Ecclesia
813 4219 941 4278 _sua_.
971 4202 1236 4260 Memento
1263 4202 1424 4261 etiam
1455 4202 1822 4278 Metropolitas
1850 4211 1947 4264 da-

369 4284 549 4356 tarum
597 4272 1254 4356 subjectisuformatarum
1298 4278 1562 4334 rationem
1610 4272 1666 4333 in
1715 4279 1951 4350 Synodis

370 4344 664 4415 provinciae
683 4344 1003 4399 reddidisse.
1716 4382 1721 4389 .
1756 4344 1772 4350 '

496 4413 581 4467 Ad
610 4412 842 4491 natalem
870 4413 1258 4491 Apgslolorunt.
1298 4415 1683 4491 Convenerunt
1702 4420 1941 4491 episcopi

374 4484 600 4557 aliisque
624 4483 854 4557 Romam
892 4483 1392 4557 adsolemnitatem
1436 4483 1818 4557 Apostolorum
1850 4483 1945 4545 tri-

376 4554 477 4625 bus
506 4555 866 4625 temporibus,
891 4554 945 4607 in
975 4554 1147 4611 Natali
1173 4556 1273 4612 SS.
1306 4556 1452 4612 Petri
1474 4554 1528 4613 et
1576 4558 1748 4625 Pauli,
1774 4561 1826 4615 in
1854 4562 1947 4616 de-

378 4622 646 4693 dicatione
664 4624 910 4680 Basilica:
928 4626 1328 4693 Apostolorum,
1351 4637 1405 4682 et
1433 4630 1576 4684 circa
1606 4622 1741 4685 ldus
1755 4629 1943 4685 Maias.

376 4690 455 4771 De
482 4696 642 4771 natali
675 4690 1006 4771 luculentum
1038 4706 1124 4751 est
1153 4697 1518 4771 testimonium
1540 4697 1767 4771 Paulini
1783 4701 1944 4771 epist.

381 4763 448 4817 15
468 4765 537 4818 ad
558 4764 819 4821 Severum
847 4784 860 4817 :
890 4784 909 4815 ι
954 4764 1180 4823 Romam
1203 4768 1272 4821 ad
1300 4768 1662 4823 venerabilem
1692 4763 1949 4825 solemni-

379 4835 506 4917 tatis
552 4834 879 4959 apostolica:
918 4834 1060 4918 diem
1106 4835 1333 4919 profecti
1354 4853 1540 4893 sumus
1563 4879 1579 4902 ,
1622 4855 1946 4922 concursum

379 4906 669 4959 nobtstltc
695 4914 848 4959 tuum
897 4904 1079 4959 debita
1128 4908 1368 4959 quidem.
1418 4910 1512 4959 sed
1540 4919 1714 4959 tamen
1756 4910 1946 4959 festiva

378 4906 533 4977 nobis
558 4904 669 4960 illic
695 4914 848 4960 tuum
897 4904 1080 4977 debita
1106 4904 1368 4977 'quidcm,
1418 4910 1512 4964 sed
1540 4919 1714 4964 tamen
1756 4910 1949 4965 festiva

378 4975 727 5050 meditatione
760 4974 1162 5050 promittentes.
1188 4998 1214 5050 ξ
1224 4978 1315 5050 _Et
1334 4979 1491 5048 epist.
1517 4980 1612 5050 16Σ
1643 4980 1709 5033 ad
1731 4980 1952 5050 Delphi-

378 5060 508 5119 num
530 5046 594 5100 de
612 5045 905 5102 Anastasio
924 5045 1063 5119 Papa
1099 5067 1114 5119 ς
1145 5067 1163 5097 ο
1194 5045 1559 5119 Nosmetipsos
1588 5049 1795 5114 Romae,
1825 5045 1951 5105 cum

380 5113 604 5189 solemni
629 5113 1019 5189 consuetudine
1051 5117 1118 5172 ad
1138 5119 1416 5189 beatorum
1433 5113 1826 5189 'Apostolorum
1855 5135 1951 5175 na-

381 5183 543 5266 talem
569 5188 908 5266 genissemus
936 5228 951 5253 ,
986 5196 1096 5266 tam
1131 5188 1324 5266 blande
1345 5183 1510 5259 quani
1535 5189 1833 5266 honorifice
1856 5205 1950 5266 ex:

379 5256 542 5331 cepit.
572 5256 764 5313 Postea
811 5272 1036 5331 quoque.
1071 5256 1383 5331 interposito
1423 5268 1665 5331 tempore
1689 5259 1852 5313 etiam
1881 5260 1951 5315 ad

380 5326 611 5400 natalem
665 5326 845 5400 suum,
893 5326 1038 5400 quod
1078 5326 1559 5400 consacerdotibus
1603 5331 1713 5400 suis
1741 5337 1950 5385 tantum

377 5394 589 5453 deferre
610 5398 770 5464 solet,
800 5394 1040 5468 invi-tare,
1059 5397 1310 5468 dignatus
1333 5408 1437 5465 est,
1473 5414 1575 5454 nec
1614 5398 1851 5455 offensus
1869 5410 1955 5456 est

377 5468 729 5524 excusatione
772 5479 980 5525 nostra.
1031 5466 1099 5522 Et
1124 5466 1372 5538 postea:
1415 5469 1473 5523 Si
1518 5469 1778 5526 Dominus
1809 5485 1954 5525 com-

379 5546 619 5607 meatum
644 5538 953 5607 donaverit,
979 5547 1041 5594 ut
1061 5537 1129 5593 ad
1146 5537 1280 5594 eum
1306 5540 1506 5595 usitato
1527 5538 1954 5596 solemniterno-

378 5606 732 5679 bis_tempore
761 5606 1128 5679 recurramus,
1157 5621 1263 5665 etc.
1308 5629 1328 5662 ι

406 5746 417 5756 _
448 5676 760 5761 Cpnventus
775 5679 863 5737 ille
875 5678 1192 5761 arbitrarius
1203 5679 1306 5761 fuit
1318 5678 1617 5761 Episcopis,
1627 5680 1718 5761 qui
1731 5680 1950 5761 ordina-

382 5744 512 5803 tioui
526 5749 668 5806 sedis
682 5751 1006 5822 Apostoliae
1018 5764 1127 5807 non
1139 5744 1480 5819 subiacerent
1497 5744 1527 5818 ;’
1537 5744 1795 5819 subjectis
1818 5767 1953 5822 pra:-

1970 4463 2025 4523 D

2019 515 2221 568 turum,
2253 517 2354 558 nec
2396 516 2495 570 pro
2523 499 2693 571 gratia
2734 497 2895 552 ullam
2921 538 2937 562 ,
2965 496 3256 568 cujuslibet
3295 495 3474 551 meriti
3498 495 3592 559 sit,

2016 610 2304 667 personam
2335 591 2730 648 Ecclesiasticis
2752 589 2943 645 olbciis
2965 602 3276 660 aggregare.

2089 720 2113 747 ο
2146 706 2304 761 Sarta
2329 712 2473 760 tecta
2504 719 2632 759 vero
2655 718 2752 775 per
2773 717 2962 758 omnes
2988 701 3259 759 Ecclesias
3287 713 3458 765 meas,
3493 700 3599 755 sub

2016 798 2163 853 omni
2194 796 2472 866 diligentia
2499 795 2585 849 vel
2608 794 2969 850 sollicitudine
2995 835 3011 859 ,
3037 808 3124 848 me
3145 792 3402 863 proﬁteor
3439 788 3605 845 annis

2019 887 2263 958 singulis,
2318 895 2481 956 prout
2524 901 2792 956 expensas
2841 887 3101 949 habuero,
3144 900 3264 941 esse
3303 884 3593 945 facturum,

2021 994 2120 1033 nec
2156 979 2383 1032 ulterius
2422 977 2777 1048 Episcopatus
2834 978 2941 1031 mei
2982 986 3242 1048 tempore,
3300 991 3399 1047 pro
3424 975 3601 1046 quali-

2023 1070 2114 1124 bet
2139 1084 2322 1132 causa,
2354 1068 2655 1123 ministeria
2685 1068 3002 1138 supradicta
3044 1067 3165 1122 loco
3189 1066 3430 1138 pignoris
3461 1065 3600 1122 obli-

2024 1161 2218 1231 ganda.

2097 1271 2125 1310 δ
2150 1270 2414 1325 Praeterea
2475 1271 2752 1341 promitto,
2784 1284 2870 1323 me
2894 1280 2916 1307 ε
2944 1269 3062 1322 sine
3101 1271 3246 1324 sedis
3280 1267 3606 1339 Apostolicm

2019 1361 2262 1429 jussione
2284 1362 2352 1415 ad
2376 1362 2815 1432 66cnmitatum
2859 1360 3170 1414 nullatenus
3190 1360 3482 1430 proficisci,
3506 1374 3608 1413 nec

2028 1468 2125 1522 per
2137 1453 2379 1507 diversas
2403 1453 2709 1522 provincias
2729 1460 2821 1506 aut
2846 1453 3094 1507 civitates
3120 1452 3451 1516 discurrere,
3476 1468 3610 1521 qua-

2029 1555 2187 1601 tenus
2216 1545 2511 1601 Ecclesiatn
2551 1561 2725 1601 meam
2757 1546 2944 1601 videar
2970 1547 3087 1602 sine
3126 1546 3275 1617 gravi
3320 1545 3619 1601 occasione

2028 1636 2301 1692 deserere.

1958 1758 2003 1816 Β
2104 1747 2385 1814 Promitto,
2402 1765 2491 1804 me
2511 1751 2674 1805 etiam
2703 1748 2729 1789 δ
2767 1750 2834 1804 ad
2872 1749 3106 1805 natalem
3130 1749 3528 1820 Apostolorum,
3560 1749 3609 1803 si

2034 1842 2176 1896 nulla
2210 1842 2506 1898 necessitas
2529 1842 2864 1914 impedierit,
2897 1841 3052 1896 annis
3094 1841 3319 1912 singulis
3345 1855 3609 1898 occursu-

2036 1946 2181 1989 runt.

2105 2037 2258 2106 Quod
2292 2039 2336 2094 si
2367 2048 2556 2095 contra
2602 2040 2738 2105 hate,
2778 2055 2901 2110 qua:
2943 2040 3192 2110 superius
3244 2040 3609 2103 continentur.

2036 2140 2131 2187 aut
2157 2140 2345 2185 contra
2392 2131 2671 2201 quodlibet
2697 2146 2906 2193 eorum,
2959 2145 3044 2185 me
3071 2131 3247 2199 egisse
3291 2130 3374 2184 vcl
3416 2131 3609 2187 fecisse

2035 2225 2317 2280 convictus
2361 2222 2536 2282 fuero.
2572 2233 2698 2278 tunc
2744 2239 2851 2277 non
2880 2222 3052 2276 solum
3082 2238 3169 2286 ea,
3198 2238 3317 2292 quze
3358 2222 3625 2279 Ecch

2038 2337 2171 2376 mea:
2209 2318 2567 2390 competentia
2619 2319 2917 2381 amiserim,
2950 2317 3033 2372 vel
3081 2315 3221 2372 forte
3269 2315 3467 2385 injuste
3492 2331 3619 2386 per-

2036 2417 2290 2486 ceperim,
2319 2432 2349 2470 a
2377 2430 2463 2469 me
2508 2412 2901 2481 beredibusque
2946 2411 3083 2465 meis
3132 2410 3459 2465 restituenda
3485 2426 3619 2465 cono

2042 2507 2196 2562 firmo
2222 2526 2234 2560 :
2263 2521 2450 2561 verum
2479 2506 2645 2560 etiam
2672 2504 2893 2558 honoris
2918 2518 3003 2557 me
3051 2503 3349 2573 periculum
3377 2501 3629 2571 spondeo-

2042 2599 2219 2654 snbitu
2236 2614 2382 2657 rum.

2043 2740 2229 2800 ceptus
2255 2731 2429 2799 :quod
2445 2728 2835 2800 liberDiurnus
2861 2729 3057 2791 innuit,
3077 2738 3260 2798 aperte
3284 2724 3621 2800 prpbatGre-

2078 2795 2178 2855 n'rii
2211 2795 2381 2870 Magni
2404 2799 2629 2868 cpistola
2655 2799 2724 2854 70
2745 2799 2884 2870 glibri
2908 2801 3087 2870 primi.
3114 2795 3148 2850 ἰ
3178 2795 3312 2865 Quia
3337 2795 3537 2851 fratres
3565 2806 3625 2870 et

2078 2818 2178 2855 nrn
2211 2818 2381 2870 stagni
2404 2818 2629 2868 eplswta
2664 2818 2724 2854 tu
2763 2818 2884 2854 non
2908 2818 3087 2870 prtmt.
3129 2818 3148 2850 ι
3178 2818 3312 2865 uuln
3337 2818 3537 2851 tratres
3565 2818 3624 2852 et

2042 2818 2403 2941 Eoepiscopos
2424 2879 2637 2941 nostros
2666 2870 2719 2925 in
2735 2868 2915 2941 Sicilia
2946 2870 3116 2924 insula
3133 2876 3529 2941 commorantes
3554 2869 3624 2922 ad

2042 2938 2185 2997 beati
2210 2938 2610 3009 PetriApostoli
2636 2940 2936 2995 natalitium
2966 2940 3257 2994 convenire
3279 2938 3567 3009 voluimus,
3600 2958 3617 2986 ο

2045 3022 2151 3068 etc.
2177 3012 2296 3067 Mox
2327 3006 2433 3067 ubi
2450 3010 2737 3081 impeditos
2758 3009 2903 3079 jttsta
2937 3010 3002 3064 de
3036 3026 3197 3065 causa
3224 3009 3380 3074 dixit,
3424 3027 3442 3059 ι
3469 3006 3626 3081 jubet

2050 3083 2234 3139 venire
2258 3079 2677 3153 quamprimum,
2706 3098 2810 3137 non
2844 3091 3024 3136 tamen
3047 3088 3171 3153 ante
3195 3081 3451 3153 hiemem.
3466 3079 3625 3146 Quod

2050 3169 2151 3225 ego
2172 3150 2523 3225 interpretor
2571 3153 2639 3207 de
2665 3152 2770 3225 alio
2801 3152 3183 3225 concursuuad
3203 3150 3622 3225 dedicationem

2050 3220 2288 3294 basilica:
2318 3220 2628 3279 sanctorum
2652 3222 3029 3294 Apostolorum
3055 3222 3141 3294 die
3168 3221 3249 3276 l8.
3280 3220 3621 3294 Novembris.

2051 3293 2168 3361 Quo
2187 3295 2351 3348 etiam
2381 3295 2448 3349 de
2479 3288 2743 3348 concursu
2769 3292 3115 3361 intelligenda
3161 3299 3286 3346 sunt
3323 3292 3487 3361 verba
3513 3288 3625 3361 Vn-

2050 3359 2334 3418 lentiniani
2367 3404 2381 3427 ,
2408 3363 2573 3418 Galla:
2600 3362 2870 3425 Placidim,
2902 3359 2961 3417 et
2987 3362 3238 3415 Eudoxia:
3272 3361 3340 3414 ad
3380 3359 3632 3415 Theodo-

2051 3433 2194 3487 sium
2220 3433 2602 3501 Imperatorem
2664 3444 2717 3486 et
2754 3432 3091 3488 Pulcheriam
3122 3431 3417 3501 Augustam
3449 3469 3466 3493 ,
3503 3445 3627 3501 quin

2053 3510 2243 3556 contra
2276 3500 2518 3571 apertam
2556 3502 2807 3571 liistqrite
2861 3501 3127 3555 rationem
3172 3500 3338 3570 aliqui
3369 3501 3436 3554 de
3459 3500 3630 3555 natali

2052 3568 2433 3641 Apostolorum
2465 3572 2549 3625 die
2575 3570 2645 3624 29
2689 3568 2832 3624 Junii
2859 3579 3203 3637 acceperunt.

2122 3642 2242 3710 Quo
2285 3642 2518 3713 primum
2575 3648 2813 3713 tempore
2851 3641 3157 3713 impositum
3206 3640 3280 3713 sit
3321 3637 3629 3713 huiusmodi

2048 3711 2378 3786 prmceptitm
2403 3712 2701 3786 EpiscOpis,
2730 3713 2821 3782 qui
2842 3712 2982 3786 sedis
3011 3711 3323 3781 Apostolij
3334 3711 3629 3786 grdinatio-

2048 3780 2487 3854 nisubjaccbani,
2541 3780 2762 3854 nonjta
2796 3780 3138 3837 manifestqu
3166 3792 3283 3854 est.
3315 3780 3630 3854 Zacharias

2047 3851 2264 3924 quidem
2295 3855 2348 3909 in
2401 3853 2618 3925 Synodo
2661 3852 2923 3925 Romana,
2971 3867 3132 3922 quam
3162 3852 3350 3925 habuit
3378 3869 3469 3907 an.
3499 3851 3625 3914 745.

2047 3923 2167 3996 cap.
2216 3924 2274 3988 4,
2310 3923 2513 3987 sanxit,
2560 3933 2639 3989 ut,
2676 3942 2695 3975 t
2725 3923 2879 3992 juxta
2935 3932 3247 3996 sanctorum
3296 3923 3520 3996 Patrum
3573 3934 3632 3979 et

2046 3993 2325 4051 canonum
2375 4005 2599 4060 statuta,
2657 4011 2846 4065 omnes
2895 3993 3129 4065 episcopi
3158 3994 3248 4063 qui
3294 3994 3628 4065 Apostolicae

2048 4067 2191 4121 sedis
2235 4066 2563 4121 ordinationi
2607 4063 2966 4134 subjacereui,
3015 4065 3105 4132 qui
3153 4063 3443 4134 propinqui
3497 4075 3629 4119 sunt

2046 4141 2226 4191 annue
2265 4137 2467 4201 Idibus,
2501 4147 2593 4189 aut
2620 4135 2765 4191 circa
2791 4135 2915 4191 ldus
2945 4135 3087 4195 Maii,
3119 4143 3433 4189 sanctorum
3471 4134 3630 4189 Prin-

2045 4209 2225 4276 cipum
2271 4206 2650 4276 Apostolorum
2696 4206 2842 4262 Petri
2885 4204 3119 4276 etPauli
3159 4204 3441 4276 liminibus
3485 4221 3628 4275 pra:-

2046 4272 2411 4333 sentarentur.
2437 4275 2537 4343 Qui
2557 4291 2685 4331 vero
2719 4277 2787 4332 de
2816 4275 3128 4346 longinquo,
3152 4272 3309 4341 juxta
3330 4272 3629 4346 suumfchi-

2047 4348 2376 4418 rograpbum
2402 4346 2835 4418 impleant.Nam
2877 4344 2968 4415 qui
3017 4344 3631 4418 hujusconstitutionis

2048 4414 2391 4487 contemptor
2439 4414 2703 4487 eititerit,
2753 4414 2952 4487 praeter
2984 4416 3031 4470 si
3083 4414 3400 4487 mgritudine
3451 4415 3629 4470 valida

2051 4487 2214 4566 fuerit
2240 4485 2490 4540 detentus
2518 4526 2533 4550 ,
2582 4486 2722 4540 sciat
2756 4485 2824 4542 se
2858 4485 3149 4541 Canonum’
3172 4485 3453 4558 sultjacere
3507 4500 3632 4540 scn‘

2051 4565 2257 4612 tentiis.

2122 4626 2322 4681 Verum
2354 4640 2474 4694 qute
2498 4625 2608 4681 sint
2640 4625 2747 4686 illa.
2782 4638 3120 4694 quorumque
3136 4623 3359 4678 Patrum
3381 4631 3439 4679 et
3457 4621 3626 4679 Cano-

2049 4712 2178 4752 num
2203 4704 2407 4751 statuta
2425 4735 2440 4758 ,
2464 4710 2572 4750 non
2597 4696 2731 4750 satis
2756 4696 2878 4749 inde
2902 4694 3191 4750 edocemur
3210 4733 3224 4759 ,
3253 4703 3312 4748 ut
3341 4694 3626 4762 quaestioni

2048 4767 2302 4839 presenti
2337 4768 2469 4839 satis
2498 4765 2613 4839 fleri
2632 4765 2818 4839 possit.
2844 4764 2959 4822 Non
2987 4764 3231 4839 loquitur
3248 4764 3397 4839 enim
3415 4764 3627 4839 Zacha-

2050 4834 2165 4893 rias
2183 4838 2252 4892 de
2288 4837 2454 4892 natali
2481 4834 2881 4907 Apostolorum,
2921 4835 3015 4907 qui
3052 4835 3167 4892 dies
3204 4836 3274 4891 29
3306 4834 3474 4902 Junii,
3525 4838 3620 4892 sel

2049 4908 2141 4978 de
2170 4908 2351 4963 Idibus
2400 4907 2565 4962 Maii:
2600 4922 2725 4978 quo,
2756 4915 3000 4978 tempore
3048 4922 3149 4978 cur
3199 4919 3627 4964 convocarentur

2048 4977 2300 5047 Episcopi
2324 4979 2503 5033 nullus
2526 4978 2658 5043 scio,
2678 4977 2778 5033 nisi
2799 4976 2941 5034 forte
2960 4978 3028 5033 ad
3053 4977 3373 5048 obsequium
3398 4978 3626 5034 Prinmti

2049 5048 2433 5119 exhibendum,
2449 5058 2575 5103 tunc
2594 5064 2718 5104 cum
2741 5064 2917 5119 neque
2944 5049 3396 5119 maximicalores
3421 5059 3627 5109 essent,

2050 5131 2229 5190 neque
2245 5116 2486 5190 absentia
2510 5126 2731 5174 noceret
2755 5116 3037 5190 Ecclesiis,
3065 5118 3293 5189 expletis
3316 5134 3513 5190 nempe
3544 5133 3613 5190 so

2050 5186 2319 5260 lemnibus
2343 5188 2689 5260 Pentecostes
2704 5189 2929 5260 ritibus,
2953 5186 3227 5260 quiquam
3251 5186 3513 5244 citissime
3538 5188 3628 5240 ah-

2051 5257 2334 5313 solvuntur
2357 5258 2501 5313 circa
2523 5257 2646 5313 ldus
2672 5257 2858 5316 Maias.

2125 5326 2591 5409 ﬂocrnscemue
2621 5329 2730 5384 dixi
2766 5329 3079 5409 ,ίμιρρείιειω
3102 5329 3288 5409 Euius
3317 5324 3621 5409 Ερίξεξοῐιίξιν

2052 5398 2144 5468 qni
2172 5391 2315 5453 sedis
2337 5391 2661 5468 Apostolicte
2680 5391 3005 5456 ordinationi
3035 5391 3622 5468 subjacebant._id_esl.

2051 5461 2145 5537 qui
2176 5485 2208 5524 a
2233 5461 2445 5524 summo
2464 5468 2724 5524 Pontinae
2738 5470 2975 5525 ordinari
3001 5461 3272 5525 debebant
3307 5481 3320 5516 :
3349 5461 3619 5537 debebant

2050 5529 2182 5595 vero
2214 5539 2305 5608 qui
2338 5539 2726 5595 suburbicariis
2749 5539 3005 5595 Ecclesiis
3031 5540 3321 5608 praerant.
3354 5529 3620 5588 Suburbi-

2053 5603 2498 5680 carias'jntelligo
2527 5609 2723 5664 Bullini
2764 5625 2915 5680 more
2945 5628 2956 5661 :
2993 5603 3123 5661 nulli
3145 5603 3293 5680 enim
3312 5609 3455 5680 tunc
3480 5608 3624 5680 te_m~

2052 5680 2202 5747 poris
2235 5671 2531 5743 Primatés,
2570 5687 2768 5748 preter
2795 5678 3098 5748 Romanum
3129 5671 3439 5729 Antistitcm
3464 5714 3479 5739 ,
3516 5672 3622 5731 Ec-

2056 5746 2342 5805 clesiarum
2369 5746 2634 5819 ejusmodi
2663 5746 2992 5804 Praesulibus
3009 5754 3300 5815 pneerant.
