3990 6184
333 313 396 370 7|
1667 301 1870 361 LIBER
1915 306 1927 358 ι

2040 304 2222 362 RNUS
3509 305 3580 360 '73

403 425 510 496 67
541 421 814 494 Ilusuper
861 423 1025 477 etiam
1081 423 1378 493 promitto,
1429 427 1624 491 praeter
1675 425 1900 473 cunctas
1931 417 1976 473 Α
2007 415 2186 482 pondi.
2211 415 2402 470 Actum
2459 417 2638 470 Roma:
2688 417 2772 470 die
2823 415 2902 470 lll.
2947 416 3077 484 lmp.
3110 415 3189 469 lll.
3221 415 3453 470 Consule
3498 418 3580 472 lll.

336 517 468 572 mihi
522 517 850 587 propinquas
895 525 988 570 aut
1029 513 1213 568 alliaes
1243 528 1524 584 personas,
1567 512 1612 565 si
1661 515 1782 581 quis
1812 525 1910 579 pro

336 606 527 660 animae
561 621 671 660 sum
697 603 922 673 juzlicio,
973 619 1057 658 me
1107 603 1357 657 heredem
1409 600 1765 670 inscripserit,
1818 607 1910 650 aut

335 711 434 766 per
457 697 795 751 donationem
819 697 1016 765 aliquid
1057 694 1182 747 mihi
1215 693 1438 746 forsitan
1463 691 1685 760 largitus
1726 689 1908 752 fuerit,

339 791 440 846 hoc
467 807 552 845 me
571 790 647 844 lll.
676 791 993 860 Episcopum
1018 795 1217 842 sancta:
1259 787 1514 842 Ecclesiae
1548 786 1626 840 lll.
1674 787 1911 856 spondeo

336 881 673 936 collaturum.
706 879 856 946 Quod
883 879 926 932 si
953 879 1170 932 minimc
1193 876 1396 938 fecero,
1438 876 1508 929 sit
1535 875 1912 944 superscripta:

337 981 537 1026 sanctae
572 970 821 1024 Ecclesiae
848 969 1085 1032 licentia,
1115 967 1198 1021 vel
1224 967 1594 1021 sacerdotibus
1613 963 1729 1033 ejus
1749 1006 1763 1027 ,
1794 975 1912 1018 tan-

337 1078 497 1132 quam
552 1062 597 1116 si
637 1063 704 1114 ab
739 1061 818 1114 eis
852 1060 1104 1114 universa
1147 1059 1248 1114 sibi
1284 1057 1545 1127 acquisita
1581 1056 1784 1110 fuerint
1827 1057 1910 1110 vel

335 1154 552 1213 collata,
577 1167 644 1206 ex
676 1153 779 1206 hac
808 1167 924 1206 mea
954 1150 1291 1221 professione
1326 1157 1381 1203 et
1400 1147 1690 1217 sponsione
1711 1189 1724 1211 ,
1760 1147 1913 1201 indu-

334 1244 629 1299 bitabiliter
658 1243 946 1298 vindicare.

405 1339 432 1378 δ
457 1338 588 1393 lllud
605 1337 774 1392 etiam
815 1352 923 1406 prae
949 1338 1201 1392 omnibus
1229 1340 1464 1408 spondeo
1487 1348 1650 1408 atque
1688 1344 1912 1408 promit-

337 1439 414 1493 to,
443 1444 530 1483 me
569 1428 716 1482 omni
747 1436 990 1496 tempore
1015 1469 1030 1493 ,
1085 1445 1182 1500 per
1207 1431 1446 1500 singulos
1499 1432 1632 1494 dies,
1684 1449 1714 1484 a
1741 1435 1914 1501 primo

339 1520 481 1589 gallo
523 1535 694 1590 usque
737 1535 894 1574 mane
933 1560 948 1584 ,
985 1534 1106 1574 cum
1148 1522 1293 1576 omni
1341 1522 1529 1576 ordine
1583 1522 1912 1578 Clericorum

337 1627 604 1676 meorum,
645 1612 924 1683 vigiliasin
960 1612 1197 1668 Ecclesia
1224 1614 1523 1679 celebrare,
1550 1615 1622 1668 ita
1653 1624 1712 1669 ut
1743 1615 1916 1669 mino-

339 1705 414 1760 ris
445 1704 662 1774 quidem
692 1704 886 1765 noctis,
925 1703 976 1757 id
1015 1715 1116 1766 est,
1149 1721 1177 1758 a
1230 1704 1435 1760 Pascha
1465 1721 1634 1774 usque
1661 1706 1726 1759 ad
1749 1707 1915 1775 tequi-

338 1795 576 1849 noctium
605 1835 620 1858 ,
654 1794 910 1863 vigesima
956 1804 1145 1863 quarta
1172 1794 1258 1850 die
1300 1797 1500 1850 mensis
1554 1795 1910 1866 Septembris,

339 1895 361 1921 ο
394 1893 503 1938 tres
526 1883 812 1938 Lectiones
844 1892 898 1938 et
943 1893 1053 1938 tres
1093 1884 1434 1954 Antiphonze,
1472 1893 1632 1954 atque
1676 1894 1784 1939 tres
1810 1884 1914 1938 Re-

341 1979 612 2048 sponsorii
643 1977 896 2032 dicantur
929 1997 940 2030 :
974 1979 1041 2031 ab
1071 1979 1172 2033 hoc
1210 1994 1338 2034 vero
1371 1981 1695 2048 :equinoctio
1744 1996 1915 2048 usque

336 2068 404 2122 ad
431 2066 575 2121 aliud
602 2067 818 2123 vernale
846 2069 1244 2138 mquinoctium,
1286 2078 1340 2123 et
1369 2085 1536 2140 usque
1588 2072 1655 2124 ad
1683 2070 1914 2134 Pascha,

335 2167 569 2228 quatuor
579 2157 691 2230 68
703 2158 981 2214 Lectiones
995 2175 1118 2214 cum
1137 2159 1580 2230 Rcsponsoriiset
1593 2160 1917 2231 Antiphontis

336 2250 449 2304 suis
477 2250 743 2304 dicantur.
791 2251 1072 2306 Dominico
1117 2261 1316 2316 autem,
1365 2252 1418 2307 in
1461 2253 1606 2307 omni
1652 2262 1914 2322 tempore,

337 2354 528 2393 novem
578 2339 861 2395 Lectiones
911 2357 1033 2396 cum
1063 2342 1386 2412 Antiphonis
1423 2351 1478 2397 et
1535 2343 1917 2411 Responsoriis

336 2432 450 2486 suis
477 2431 783 2501 persolvere
818 2433 928 2487 Deo
967 2433 1310 2503 profitemur.

408 2522 434 2561 ά
463 2523 699 2578 Litanias
727 2539 853 2577 vero
879 2525 962 2578 bis
1003 2526 1055 2579 in
1087 2541 1270 2580 mense
1312 2527 1458 2581 omni
1502 2535 1747 2597 tempore
1774 2541 1804 2580 a
1833 2541 1921 2582 me

340 2613 612 2668 faciendas
635 2615 890 2684 spondeo.
920 2614 1050 2682 Qua:
1074 2624 1251 2672 tamen
1281 2619 1462 2673 omnia
1491 2634 1614 2673 cum
1645 2619 1838 2674 timore
1866 2627 1923 2674 et

345 2703 626 2774 disciplina
651 2745 667 2769 ,
700 2715 760 2758 ut
808 2706 951 2761 Deus
997 2707 1201 2778 placari
1253 2710 1444 2780 possit,
1486 2726 1572 2765 me
1599 2711 1651 2764 in
1681 2710 1921 2767 Ecclesia

342 2811 457 2850 mea
487 2797 878 2861 institutorum,
913 2807 1075 2870 atque
1104 2799 1294 2856 diebus
1325 2801 1446 2856 vitro
1472 2817 1606 2854 mete
1626 2817 1922 2856 conserva-

342 2896 543 2951 turum,
575 2887 692 2958 ipso
731 2889 1043 2954 auxiliante,
1072 2892 1361 2960 promitto.

412 2977 582 3045 Quam
616 2980 924 3035 cautionem
950 2998 1144 3049 meam,
1189 2999 1286 3054 per
1312 2983 1390 3038 lll.
1420 2983 1702 3040 Notarium
1738 2985 1924 3041 Eccle-

341 3069 438 3123 sia:
467 3085 599 3124 mete
645 3070 984 3124 scribendam
1010 3072 1228 3136 dictavi,
1281 3072 1334 3126 in
1369 3088 1473 3142 qua
1511 3081 1566 3128 et
1599 3089 1700 3144 ego
1739 3074 1926 3129 subter
1955 3123 1997 3144 η

1954 3123 2000 3184 C

344 3176 504 3214 manu
531 3161 748 3230 propria
780 3161 1094 3231 subscripsi,
1122 3172 1177 3216 et
1195 3171 1384 3228 testes,
1411 3173 1469 3216 ut
1487 3164 1808 3224 scriberent.
1838 3180 1927 3218 ro—

342 3251 486 3323 gavi,
509 3251 886 3307 exhortatione
909 3253 1118 3308 Domini
1149 3262 1204 3308 et
1247 3254 1542 3309 beatissimi
1567 3254 1724 3324 Papze
1751 3255 1814 3308 lll
1839 3256 1928 3310 sti-

345 3343 652 3414 pulantibus
667 3345 818 3399 vobis
833 3345 1037 3399 Domno
1051 3345 1130 3400 lll.
1153 3344 1491 3412 Primicerio,
1517 3363 1609 3402 seu
1625 3347 1831 3401 Domno
1846 3345 1924 3402 lll.

345 3438 731 3495 Secundicerio
761 3449 963 3496 sancta:
992 3440 1151 3496 Sedis
1195 3440 1546 3512 Apostolicae,
1589 3442 1642 3496 iu
1679 3444 1929 3497 omnibus

345 3530 591 3602 superius
632 3533 1060 3602 comprehensis,
1109 3531 1163 3586 in
1209 3532 1388 3588 verbis
1433 3532 1761 3588 solemnibus
1800 3548 1928 3603 spo-

417 3659 442 3688 ι
474 3646 696 3718 Insuper
721 3647 878 3718 etiam
903 3646 1334 3718 promitto.Quze
1360 3647 1643 3716 Episcopo,
1671 3660 1778 3698 non
1810 3661 1930 3699 suc-

349 3716 614 3779 cessione,
647 3717 741 3772 sed
770 3716 967 3786 legato,
1001 3717 1364 3786 obveniebant
1395 3756 1410 3778 ,
1443 3730 1506 3770 ea
1538 3730 1646 3786 non
1682 3729 1931 3786 persona:

347 3788 596 3857 privatas,
617 3786 719 3857 sed
738 3785 993 3857 Ecclesia:
1017 3785 1182 3854 capiti
1210 3785 1736 3857 censebanturdari,
1769 3795 1932 3854 atque

347 3854 482 3913 adeo
509 3857 564 3911 in
589 3856 838 3910 Ecclesia:
859 3855 984 3923 jura
1006 3857 1200 3908 cedere
1225 3869 1238 3907 :
1265 3854 1374 3908 imo
1398 3873 1416 3904 ι
1451 3855 1624 3909 sacris
1645 3854 1931 3908 Canonum

349 3927 573 3998 legibus
592 3926 837 3980 noscitur
863 3941 982 3979 esse
1011 3925 1478 3998 definitum,_ut_in
1518 3925 1604 3979 his
1631 3940 1749 3998 quin
1793 3927 1934 3998 antis

349 3995 463 4053 stés
483 3996 834 4066 Episcopatus
856 4005 1095 4066 tempore
1125 3995 1462 4066 acquisierit,
1493 4011 1602 4066 non
1631 3995 1768 4050 alius
1791 4037 1805 4056 ,
1837 3997 1931 4050 sed

349 4067 463 4124 sola
487 4064 744 4136 succedat
763 4064 1024 4121 Ecclesia.
1057 4064 1223 4136 Greg.
1261 4064 1484 4134 Magnus
1531 4065 1624 4120 lib.
1667 4082 1744 4129 ix,
1771 4068 1927 4136 epist.

354 4137 440 4201 Η,
491 4139 558 4192 ad
588 4135 978 4193 Scholasticum
1001 4135 1365 4190 Defensorem.

423 4209 452 4250 δ
485 4206 630 4262 Illud
650 4209 828 4271 etiam,
855 4217 962 4263 etc.
993 4207 1121 4260 lude
1145 4216 1382 4270 constat,
1411 4207 1533 4276 quis
1556 4205 1720 4261 fuerit
1749 4206 1934 4262 Eccle-

352 4279 446 4336 sia!
467 4294 659 4334 sensus
688 4279 755 4333 de
800 4278 1124 4350 obligatione
1149 4277 1418 4350 Episcopi,
1449 4279 1734 4350 omnisque
1767 4277 1937 4332 Cleri-

351 4365 543 4406 corum
593 4349 801 4405 ordinis
849 4347 1158 4418 ad'vigilias
1186 4348 1540 4403 celebrandas
1590 4347 1936 4418 otllciumque

353 4421 594 4476 divinum
629 4421 958 4476 obeundum.
987 4418 1212 4475 Constat
1239 4419 1462 4489 pariter,
1488 4435 1609 4489 qua:
1641 4418 1937 4474 fueritolli-

354 4493 425 4546 cii
455 4507 552 4562 pro
579 4491 894 4546 diversitate
921 4477 1301 4562 tempestatum
1329 4477 1466 4544 ratio
1487 4477 1597 4562 ,Iut
1625 4489 1932 4562 aliaAmajo-
1960 4477 2014 4537 D

356 4559 507 4618 ribus
531 4563 804 4626 noctibus,
841 4563 944 4616 alia
970 4561 1274 4616 minoribus
1298 4561 1668 4631 responderet.
1706 4559 1936 4631 Maiores

355 4633 680 4688 dicebantur
701 4643 907 4695 noctes,
935 4648 1055 4702 qua:
1082 4634 1150 4687 ab
1170 4630 1495 4701 arquiudctio
1539 4631 1835 4686 autumnali
1869 4630 1937 4702 ad

358 4703 566 4759 Pascha
596 4721 611 4768 ;
648 4705 883 4760 minores
911 4745 926 4768 ,
957 4701 1076 4774 qua:
1132 4720 1163 4758 a
1201 4703 1466 4758 Pascbate
1513 4703 1580 4756 ad
1626 4701 1939 4756 autumnale

358 4785 771 4844 aequinoctium.

429 4855 452 4880 θ
493 4844 617 4897 Tres
647 4843 933 4908 Lectiones,
982 4853 1090 4898 etc.
1124 4842 1265 4897 Nihil
1297 4843 1542 4897 sancitur
1569 4840 1636 4894 de
1684 4839 1936 4901 Psalmis,

358 4914 798 5037 quidieebantur
825 4914 1130 4994 duodecim,
1178 4929 1276 4993 pro
1306 4912 1474 4966 veteri
1508 4927 1679 4992 more,
1709 4919 1942 4992 orto,.ut

361 5002 382 5037 ‹
402 4993 582 5037 lcitur.
615 5000 679 5037 ex
720 4983 958 5037 angelica
989 4983 1336 5037 revelatione.
1363 4982 1506 5037 quod
1538 4982 1701 5034 tradit
1729 4980 1942 5035 Cassra-

361 4980 582 5046 dicitur,
615 5000 679 5037 ex
720 4983 958 5053 angelica
989 4980 1336 5046 revelatione,
1363 4982 1506 5053 quod
1538 4980 1943 5053 traditACassia-

360 5069 465 5110 nus
490 5053 584 5109 lib.
626 5071 662 5108 ιι
704 5051 877 5108 lnsiit.
932 5069 1054 5122 cap.
1087 5054 1140 5107 5.
1170 5053 1297 5120 Qua:
1331 5053 1398 5106 de
1426 5051 1748 5122 Antiphonis
1771 5060 1825 5104 et
1853 5068 1942 5105 rc-

361 5125 660 5195 sponsoriis
691 5125 964 5187 dicuntur,
989 5120 1474 5195 sapitintgGregorii
1502 5120 1674 5195 Magni
1696 5129 1938 5195 aetatem:

363 5191 569 5250 nullum
601 5196 744 5249 enim
785 5191 1522 5265 aritiquioremAGregor-iano
1550 5191 1747 5265 librum
1790 5193 1940 5265 Anti-

363 5266 689 5337 phonarium
712 5336 718 5337 7
742 5262 935 5320 haberi
981 5266 1112 5337 scio.
1143 5263 1283 5337 Quid
1306 5262 1386 5337 'siA
1433 5262 1944 5337 sanctusPontifex

365 5333 818 5409 IAntiphonarium
842 5350 996 5388 suum
1044 5336 1112 5409 ab
1141 5333 1421 5409 Episcopis
1451 5333 1809 5409 ordinationis
1836 5350 1946 5387 sine

365 5405 572 5462 servari
611 5407 800 5472 voluit,
827 5406 1187 5475 servandique
1211 5407 1517 5459 cautionem
1547 5405 1774 5475 exegit?

437 5477 747 5543 dLitanias,
792 5486 898 5533 etc.
935 5474 1159 5531 Litania:
1203 5477 1271 5530 ad
1323 5475 1645 5545 placandum
1665 5474 1844 5528 Deum
1895 5484 1950 5530 et

368 5551 660 5605 avertenda
690 5549 826 5604 mala
867 5549 1125 5603 institutae
1161 5554 1306 5601 sunt.
1351 5546 1396 5598 Α
1425 5561 1547 5616 (ιιιοῄ
1581 5546 1815 5614 primum
1841 5585 1855 5610 ,
1886 5553 1950 5616 et

367 5631 477 5686 quo
499 5622 732 5688 primum
773 5634 1013 5690 teruporc
1039 5659 1054 5684 ,
1081 5614 1480 5690 incertumest.
1527 5614 1664 5690 §unt
1690 5615 1782 5690 qui
1805 5615 1950 5690 refe-

372 5685 592 5760 rant'ad
619 5699 858 5760 tempora
885 5685 1266 5760 Constantini,
1284 5687 1512 5760 quibus“
1533 5685 1950 5760 EcclesiaChri-

378 5756 470 5820 si,
501 5775 534 5817 .a
564 5756 870 5827 captivitate
893 5761 1064 5817 soluta
1100 5803 1114 5826 ,
1147 5756 1357 5831 publica
1398 5757 1541 5813 dedit
1587 5772 1698 5812 sua:
1739 5757 1952 5826 pietatis

1943 1766 1990 1826 B
2017 1771 2122 1815 etc.

2087 505 2153 560 Et
2203 506 2529 575 Subscriptio
2559 507 2820 576 Episcopi.
2871 504 2948 560 lll.
2994 505 3244 576 indignus
3285 505 3584 575 Episcopus

2013 605 2214 650 sancta:
2237 596 2490 650 Ecclesiae
2510 596 2587 650 lll.
2618 597 2740 650 huic
2766 595 3002 650 cautioni
3024 594 3408 665 sponsionique
3430 613 3582 657 mem,

2013 688 2192 741 omnia
2262 687 2629 757 suprascripta
2676 687 2924 754 relegens
2967 686 3418 755 consentiensque
3465 688 3591 740 sub-

2014 779 2297 846 scripsi,et
2329 788 2512 839 testes,
2538 779 2627 846 qui
2653 777 3072 841 subscriberent,
3105 777 3308 847 rogavi.

2085 869 2410 937 Subscriptio
2448 869 2676 921 testium.
2727 867 2805 922 lll.
2847 866 3120 921 Tribunus
3167 867 3295 921 huic
3338 867 3579 920 cautioui

2013 959 2395 1028 sponsionique
2440 961 2593 1013 factas
2618 961 2686 1014 ab
2721 959 2801 1013 lll.
2832 959 3098 1029 Episcopo
3128 967 3330 1014 sancta:
3371 959 3450 1012 lll.
3493 960 3587 1013 Ec-

2014 1049 2193 1103 clesiae
2236 1056 2453 1118 rogatus
2483 1049 2551 1102 ab
2578 1063 2643 1103 eo
2673 1048 2825 1103 testis
2851 1047 3163 1118 subscripsi,
3197 1057 3302 1102 etc.

2081 1137 2194 1208 69
2217 1137 2542 1208 Subscriptio
2572 1139 2861 1209 scriptoris.
2899 1138 2978 1192 lll.
3002 1147 3204 1193 sancta:
3230 1138 3485 1194 Ecclesitc
3505 1140 3586 1194 lll.

2015 1225 2292 1293 Notarius,
2321 1229 2412 1298 qui
2434 1238 2489 1283 et
2520 1229 2773 1300 scriptor,
2803 1229 3171 1284 testimonium
3201 1230 3592 1300 subscriptione

2015 1317 2256 1387 supplevi
2267 1357 2280 1371 .

2563 1419 2864 1476 TITULUS
2907 1422 3038 1476 Vlll.

2069 1544 2090 1570 ε
2119 1531 2424 1586 Indiculum
2455 1532 2722 1603 Episcopi.
2847 1532 3125 1587 lndiculus
3168 1533 3430 1604 Bonifacii
3480 1533 3595 1588 Μο-

3046 1606 3386 1674 guntinensis.

2091 1691 2143 1743 lu
2162 1691 2377 1746 nomine
2394 1691 2770 1761 Domini,lmp.
2915 1695 2971 1748 In
3019 1695 3237 1749 nomine
3262 1696 3470 1750 Domini
3503 1697 3597 1750 Dei

2844 1774 2924 1838 et”
2943 1765 3229 1838 salvatoris
3253 1767 3422 1838 nostri
3471 1767 3596 1822 Jesu

2845 1834 3065 1889 Christi.
3082 1835 3381 1904 lmperante
3394 1836 3600 1898 Domno

2846 1904 3024 1959 Leone
3083 1921 3111 1958 a
3171 1907 3280 1960 Deo
3338 1917 3598 1960 coronato

2848 1991 3045 2045 magno
3066 1975 3416 2044 lmperatore,
3454 1993 3598 2030 anno

2843 2061 2895 2099 vr
2919 2055 3042 2114 post
3063 2045 3414 2100 Consulatum
3449 2047 3596 2114 ejus:

2844 2120 2937 2187 sed
2959 2126 3013 2170 et
3027 2117 3386 2187 Constantino
3409 2134 3604 2187 magno

2847 2185 3174 2255 lmperatore
3186 2185 3299 2253 ejus
3316 2186 3444 2252 lilio,
3463 2185 3605 2242 anno

2851 2271 2934 2318 ιιι,
2960 2257 3254 2310 ludictioue
3283 2272 3356 2310 vI.

2924 2326 3186 2398 Promitto
3235 2342 3336 2398 ego
3385 2325 3603 2381 Bonifao

2021 2390 2495 2467 scopasEcclesize
2515 2390 2776 2467 lll.-vobis
2848 2397 2963 2450 cius
2995 2397 3084 2450 Dei
3115 2390 3296 2467 gratia
3309 2398 3608 2467 Episcopus

2021 2458 2194 2540 beato.
2205 2459 2368 2540 Retro
2396 2458 2717 2540 Apostoloru
2725 2477 2774 2515 ιιι
2852 2467 2945 2520 tibi
2961 2467 3059 2521 bea
3067 2458 3306 2540 to'Petro
3316 2458 3606 2540 ‘A'postolo—

2021 2531 2274 2652 principi,
2309 2530 2632 2599 Vicarioque
2663 2539 2776 2594 tuo,
2854 2552 2974 2590 rum
3007 2537 3256 2606 principi,
3290 2530 3609 2606 Vicariopxe

2057 2601 2337 2652 eatissimo
2365 2599 2526 2652 Pana:
2552 2600 2780 2652 Domino
2853 2615 2944 2652 lim
2965 2609 3118 2652 beam
3146 2606 3407 2652 ﬂroanrin
3428 2608 3605 2652 Panm-

2057 2601 2337 2677 eatissimo
2365 2599 2526 2677 Papae
2552 2600 2780 2677 Domino
2853 2615 2944 2660 tuo
2964 2599 3118 2661 beato
3146 2599 3407 2677 Gregorio
3426 2599 3605 2677 Papae,

2021 2668 2101 2724 lll.
2119 2668 2627 2748 successoribusque
2638 2671 2777 2740 ejus,
2851 2687 2905 2748 et
2931 2668 3335 2748 successoribus
3356 2668 3612 2748 ejusfper

2022 2739 2370 2810 perPatrem,
2401 2748 2454 2795 et
2480 2739 2698 2807 Filium,
2727 2751 2781 2795 et
2852 2746 3108 2810 Patrem,
3164 2757 3219 2801 et
3283 2739 3610 2810 Filiumfet

2025 2811 2286 2898 ‘Spiritum
2308 2820 2584 2898 sanctum.
2608 2811 2778 2898 Trinif
2853 2816 3111 2898 Spiritum
3129 2888 3139 2898 .
3159 2829 3452 2898 sanctum,‘
3484 2819 3524 2871 '1‘
3531 2819 3601 2872 ri-

2024 2889 2192 2957 tatem
2240 2881 2688 2957 inseparabilem,
2726 2892 2780 2936 et
2851 2881 3076 2940 nitatem
3127 2887 3541 2957 inseparabilem
3593 2928 3608 2948 ,

2024 2952 2128 3007 hoc
2179 2952 2605 3006 sacratissimum
2655 2969 2777 3028 ρος·
2849 2965 2906 3010 et
2948 2952 3376 3012 sacratissimum
3411 2973 3612 3028 corpus

2025 3037 2126 3093 pus
2152 3030 2324 3087 tuum,
2351 3039 2437 3076 me
2461 3037 2674 3077 omnem
2719 3023 2779 3076 11-
2850 3037 3023 3090 tuum,
3053 3043 3139 3081 me
3185 3043 3402 3082 omnem
3451 3023 3610 3081 tidem

2031 3093 2152 3165 dem
2185 3099 2242 3165 et
2268 3093 2553 3165 puritatem
2572 3104 2779 3165 sancta:
2851 3105 2906 3150 et
2942 3098 3229 3165 puritatem
3256 3106 3456 3152 sanctae
3489 3097 3608 3151 fidei

2032 3162 2154 3216 fidei
2183 3162 2471 3217 Catholica:
2501 3163 2776 3228 exhibere,
2850 3162 3132 3222 catholicm
3161 3169 3448 3233 exhibere,
3481 3179 3533 3221 et
3561 3169 3615 3221 iu

2030 3243 2083 3306 et
2106 3233 2406 3306 in_unitate
2449 3233 2688 3302 ejusdem
2714 3235 2778 3286 ti-
2852 3239 3062 3292 unitate
3079 3237 3318 3306 ejusdem
3343 3239 3485 3298 ﬁdei.
3508 3239 3618 3291 Deo

2031 3303 2115 3357 dei
2139 3302 2279 3378 ,Deo
2299 3313 2589 3378 operante,
2612 3306 2784 3378 p_c_rsi-
2855 3302 3121 3376 operante
3148 3350 3162 3371 ,
3201 3310 3524 3378 persistere,
3561 3309 3616 3362 in

2031 3383 2197 3446 stere,
2223 3374 2276 3427 in
2304 3375 2608 3446 quaomnis
2628 3374 2784 3428 Chri-
2859 3374 2964 3446 qua
2981 3379 3159 3432 omnis
3182 3374 3616 3433 Christianorum

2032 3445 2332 3498 stiauorum
2348 3445 2494 3498 salus
2507 3458 2628 3498 esse
2645 3460 2787 3499 com-
2860 3445 3005 3502 salus
3029 3449 3145 3503 sine
3161 3449 3321 3504 dubio
3334 3465 3454 3503 esse
3471 3465 3620 3503 como

2033 3519 2314 3583 probatur,
2347 3524 2401 3569 et
2451 3515 2596 3570 nullo
2629 3517 2788 3572 modo
2864 3520 3156 3588 probatur,
3187 3519 3332 3574 nullo
3347 3521 3504 3575 modo
3534 3534 3620 3572 Ine

2090 2317 2351 2375 Promitto
2397 2334 2498 2390 ego
2535 2319 2616 2373 lll.
2663 2320 2781 2390 Epi-

2033 3648 2206 3719 signa.
2261 3645 2501 3719 Celebris
2551 3647 2762 3719 Litania
2812 3648 2987 3703 Procli
3035 3649 3619 3719 Constantinopolitani

2037 3717 2284 3788 Episcopi
2315 3717 2506 3786 quinto
2535 3718 2732 3771 smculo
2761 3735 2775 3781 ;
2811 3720 3139 3776 celebriores
3161 3717 3622 3788 consequentibus

2035 3787 2246 3842 smculis
2270 3795 2664 3860 memorantur,
2693 3787 2788 3842 sed
2808 3805 2928 3858 qua:
2944 3790 3161 3860 tierent,
3192 3787 3359 3860 prout
3385 3791 3620 3844 necessi-

2037 3857 2470 3930 tasypostularet.
2505 3857 2761 3930 llortatus
2790 3857 2876 3913 est
2905 3859 3031 3913 olim
3066 3857 3362 3930 Gregorius
3397 3861 3622 3930 Magnus

2037 3927 2234 3982 Siciliae
2263 3928 2557 3998 Episcopos
2603 3929 2671 3982 ad
2701 3927 2938 3983 Litanias
2965 3927 3337 3994 celebrandas,
3362 3927 3624 3984 adversus

2035 3999 2220 4070 hostes
2245 3997 2430 4070 insulae
2445 3997 2786 4053 imminentes
2801 3999 2911 4070 (lib.
2933 4015 3007 4064 ix,
3035 4000 3312 4070 epist.45).
3345 4019 3362 4051 ι
3401 4001 3621 4063 llortor,

2037 4068 2235 4123 fratres
2255 4069 2544 4140 carissimi,
2574 4076 2632 4122 ut
2657 4068 3164 4124 omni‘hebdom'ada
3192 4068 3383 4140 quarta
3413 4081 3466 4123 et
3503 4086 3623 4124 sex-

2038 4150 2090 4194 ta
2121 4139 2254 4192 feria
2287 4139 2556 4192 Litaniam
2587 4140 3034 4194 inexcusabiliter
3057 4139 3327 4205 indicatis,
3353 4152 3407 4195 et
3432 4150 3622 4194 contra

2037 4209 2339 4265 barbariem
2369 4209 2706 4280 crudelitatis
2757 4210 3008 4265 incursus
3056 4226 3299 4280 superna:
3326 4211 3622 4280 protectio-

2039 4281 2124 4335 nis
2151 4279 2407 4334 auxilium
2460 4279 2774 4350 imploretis.
2825 4301 2843 4332 ι
2893 4281 3021 4347 Quze
3045 4279 3351 4336 exhortatio
3387 4283 3623 4350 primum

2039 4351 2158 4421 fuit,
2182 4352 2321 4405 hanc
2355 4364 2454 4420 ego
2484 4359 2668 4421 postea
2703 4349 2756 4402 in
2784 4360 3112 4421 praeceptum
3140 4349 3577 4410 evasisseieredo
3605 4369 3618 4403 :

2040 4419 2135 4475 sed
2166 4421 2357 4490 opinor
2379 4419 2536 4475 simul
2565 4421 2923 4488 frequentiam
2945 4419 3304 4486 imminutam,
3331 4431 3388 4475 ut
3409 4422 3492 4474 bis
3507 4421 3624 4490 jam

2043 4507 2148 4545 non
2176 4493 2228 4546 in
2252 4507 2356 4545 una
2382 4491 2742 4554 hebdomada,
2765 4492 2858 4544 sed
2879 4493 2932 4545 in
2961 4506 3144 4546 mense
3167 4500 3375 4545 tantum
3395 4491 3624 4545 Litania:

2047 4562 2256 4616 tierent.
2315 4562 2510 4615 Verum
2567 4561 2840 4632 nuspiam,
2890 4562 3031 4631 quod
3091 4562 3304 4632 quidem
3353 4562 3622 4622 noverim,

2042 4640 2371 4702 przeccptum
2405 4639 2572 4684 extat.
2606 4631 2745 4702 Quid
2795 4635 2838 4685 si
2879 4646 2978 4701 pro
3012 4647 3196 4686 mense
3229 4647 3403 4685 annus
3449 4646 3624 4702 pona-

2045 4700 2153 4767 tur,
2181 4700 2516 4770 Litaniteque
2555 4700 2922 4770 intelligantur
2975 4702 3244 4756 solemnes
3273 4703 3412 4766 duas,
3451 4700 3627 4768 majnl’

2042 4781 2098 4828 et
2153 4772 2372 4826 minor?
2420 4770 2528 4827 Res
2575 4770 2785 4826 facilius
2840 4772 3193 4826 conticietur:
3249 4773 3421 4826 amba:
3476 4772 3623 4824 enim

2043 4851 2308 4914 praecepto
2319 4841 2627 4912 Apostolico
2640 4843 2928 4914 quotannis
2941 4842 3196 4898 faciendae
3209 4842 3623 4914 sanciebantur;

2047 4911 2266 4995 reliquie
2300 4911 2392 4965 aut
2417 4928 2516 4981 pro
2537 4927 2596 4964 re
2625 4921 2748 4966 nata
2772 4913 2971 4976 solum,
3010 4923 3104 4966 aut
3141 4911 3491 4983 particularis
3522 4912 3625 4981 Sy—

2051 4988 2176 5038 nodi
2215 4997 2446 5037 canone.

2122 5065 2144 5092 ε
2184 5050 2499 5123 lodiculam.
2519 5049 2714 5123 flacgse
2740 5050 2969 5106 formula
2995 5051 3051 5106 S.
3074 5052 3381 5108 Bonifacius
3407 5050 3629 5123 Mogun-

2049 5123 2274 5178 tinensis
2298 5121 2538 5192 Antistes
2563 5121 2822 5191 obligavit
2847 5123 2960 5176 sedi
2987 5124 3307 5192 Apostolicre
3337 5141 3349 5175 :
3393 5121 3520 5176 nam
3545 5122 3625 5176 in-

2049 5203 2131 5249 ter
2151 5191 2405 5263 epistolas
2447 5189 2694 5263 Gregorii
2713 5193 2751 5245 ll
2775 5194 3005 5247 habetur
3034 5189 3312 5247 lndiculus
3333 5208 3630 5246 sacramen-

2048 5266 2110 5329 ti,
2137 5261 2275 5335 quod
2310 5261 2618 5335 Bonifacius
2646 5263 2844 5328 Romw,
2870 5279 2987 5335 cum
3017 5263 3306 5335 Episcopus
3346 5263 3625 5335 ordinare-

2048 5329 2159 5398 tur,
2200 5333 2361 5386 edidit
2387 5373 2402 5396 ,
2435 5329 2482 5385 et
2509 5351 2667 5402 manu
2718 5351 2816 5386 sua
2858 5329 3218 5402 subscriptum
3234 5333 3441 5386 obtulit.
3474 5329 3627 5402 Hutic

2047 5419 2227 5474 opera:
2253 5401 2604 5478 pretium_fuit
2627 5404 2880 5478 exhibere
2913 5444 2926 5468 ,
2955 5412 3010 5456 et
3034 5402 3277 5478 formula:
3297 5401 3630 5478 «expansa...-

2049 5472 2342 5544 opponere,
2369 5482 2430 5527 ut
2449 5473 2618 5544 altera
2639 5491 2703 5528 ex
2727 5474 2894 5528 altero
2919 5474 3250 5544 emendetur,
3284 5472 3444 5542 atque
3465 5472 3630 5524 etiam

2051 5543 2408 5599 es’ambabus
2452 5553 2507 5597 et
2531 5543 2634 5598 alia
2683 5552 3051 5614 consequente
3087 5543 3448 5614 intelligatur,
3502 5543 3633 5610 quid

2053 5615 2381 5670 discriminis
2413 5614 2698 5670 interesset
2739 5615 2790 5668 in
2815 5615 3078 5684 ejusmodi
3109 5620 3472 5684 sacramento,
3507 5627 3632 5666 cum

2054 5686 2136 5740 vel
2169 5687 2236 5738 ab
2293 5685 2424 5739 Italo
2449 5725 2462 5748 ,
2495 5685 2578 5739 vel
2609 5701 2639 5739 a
2692 5683 3065 5754 LongObardo,
3123 5685 3203 5737 vel
3244 5683 3313 5737 ab
3344 5683 3450 5737 alio
3479 5692 3632 5737 extra

2056 5757 2258 5812 Italiam
2290 5757 2482 5826 posito,
2519 5762 2883 5823 praestaretur.
