3990 6184
328 213 402 285 π

331 349 518 406 contu
545 338 808 394 unitatem
833 352 1077 393 commu—

332 412 415 468 nis
435 418 488 466 et
501 407 845 470 universalis,
863 407 1086 462 suaden-

332 492 391 536 te
423 478 681 548 quopiam
714 476 1026 548 consentire
1059 483 1080 528 ‘:

334 545 509 611 sem—ut
518 545 816 611 dixi,iidem
825 554 880 599 et
889 545 1089 616 purita-

335 629 440 674 tem
468 632 644 671 meam
671 629 834 674 atque
855 629 1084 670 concur-

335 703 449 743 sum
467 686 564 741 tibi
580 695 636 740 et
649 683 969 739 utilitatibus
987 683 1086 736 Ec-

334 757 509 812 clesia:
530 765 656 816 ture,
689 754 775 808 cui
801 769 828 808 a
861 753 1087 807 Domino

334 828 718 906 Deo_potestas
747 823 944 906 ligandi

330 892 598 962 vendique
622 892 767 955 data,
786 892 840 946 et
859 892 1086 962 praedic-

333 975 390 1019 to
421 963 637 1018 Vicario
660 970 754 1031 tuo
780 970 940 1031 atque
968 975 1086 1015 suc-

330 1033 638 1089 cesseribus
664 1029 801 1098 ejus,
839 1029 936 1102 per
967 1044 1084 1085 om-

330 1104 423 1157 nia
451 1102 732 1156 exhibere.

398 1171 511 1242 Sed
525 1181 580 1224 et
601 1171 644 1225 si
659 1183 962 1242 cognovero
976 1169 1085 1223 An-

329 1237 532 1296 tistites
585 1237 773 1295 contra
836 1237 1082 1293 instituta

330 1312 556 1380 antiqua
606 1319 919 1380 sanctorum
983 1307 1086 1380 Pa-

330 1389 476 1434 trum
500 1379 834 1439 conversari,
861 1393 984 1432 cum
1006 1379 1085 1432 eis

329 1449 746 1503 nullambabere
760 1449 1087 1503 communio-

329 1534 456 1573 nem
487 1527 580 1572 aut
606 1517 1040 1586 coniunctionem
1068 1536 1080 1570 :

329 1587 426 1643 sed
449 1587 693 1658 ma‘gis,si
719 1588 941 1658 valuere
960 1593 1086 1658 'pro-

327 1656 568 1722 bibere,
615 1657 951 1726 prohibebo:
1000 1656 1084 1710 sin

328 1726 514 1780 minus
539 1757 562 1790 -,
621 1727 851 1780 fideliter
902 1726 1085 1779 statim

327 1794 540 1866 Domno
553 1810 674 1851 meo
685 1794 992 1866 Apostolico
1008 1811 1087 1851 re-

325 1865 614 1921 nuntiabo.

391 2139 563 2210 Quod
615 2139 694 2210 si,
742 2141 885 2210 quod
935 2140 1096 2204 absit,

323 2219 522 2268 contra
543 2207 712 2276 hujus
721 2207 1098 2279 promissionis

326 2295 467 2335 mea:
500 2279 705 2333 seriem
728 2278 934 2348 aliquid
957 2278 1097 2334 face-

328 2348 658 2418 re‘quolibet
683 2349 863 2411 modo,
895 2363 990 2402 seu
1013 2349 1095 2402 in-

330 2421 494 2491 genio
523 2418 606 2471 vel
637 2419 942 2498 occasione
969 2426 1091 2500 ten-

333 2501 556 2550 tavero,
595 2503 725 2542 rens
766 2502 1008 2542 inveniar
1037 2503 1090 2541 ιιι

334 2567 540 2612 :eterno
558 2554 766 2624 judicio
784 2597 799 2620 ,
826 2556 1090 2612 ultionem

334 2628 560 2682 Λαθρίας
571 2635 627 2681 et
639 2626 896 2696 Saphyraa
913 2627 1094 2680 incur-

335 2712 455 2751 ram
482 2714 496 2748 :
529 2697 623 2766 qui
649 2696 803 2750 vobis
830 2697 997 2766 etiam
1025 2697 1093 2752 de

339 2766 504 2822 rebus
552 2766 796 2836 propriis
851 2765 1092 2820 fraudem

338 2835 522 2890 facere
557 2834 644 2889 vel
663 2834 882 2890 'falsum
915 2836 1096 2891 dicere

337 2913 815 2975 praesumpserant.

410 3044 874 3114 71Huuc-autem
886 3044 1095 3101 indicu-

1308 215 1755 281 ROMANORUM
1791 220 2230 280 PONTIFICUM‘.
2271 251 2340 263 —
2378 220 2528 278 CAP.
2570 222 2654 277 111.

1154 344 1342 392 contra
1364 337 1627 391 unitatem
1665 352 1908 392 commu—
1939 341 1992 397 Α

1155 407 1238 462 nis
1271 415 1324 460 et
1355 406 1676 460 universalis
1724 406 1908 460 Eccle-

1156 475 1249 530 sire
1262 475 1508 529 suadenti
1525 477 1758 544 cuipiam
1781 490 1910 529 con-

1157 546 1356 602 sentite
1379 559 1394 596 :
1415 545 1510 599 sed
1538 585 1552 608 ,
1584 555 1644 598 ut
1672 544 1805 607 dixi,
1842 544 1906 597 ﬁ-

1156 615 1274 669 dem
1298 624 1352 668 et
1389 614 1679 683 puritatem
1710 630 1906 677 meam,

1196 700 1276 738 uae
1308 683 1560 739 Ecclesia:
1601 693 1722 747 tuae,
1755 683 1842 737 cui
1876 697 1908 736 a

1240 753 1386 807 mino
1429 753 1539 807 Deo
1575 759 1813 822 potestas
1844 749 1910 806 li-

1155 822 1311 891 gandi
1328 822 1673 891 solvendiqlw
1692 822 1839 887 data,
1855 829 1911 876 et

1156 890 1416 960 praedicto
1445 890 1659 946 Vicario
1697 900 1790 944 tuo
1828 900 1910 945 at-

1157 977 1262 1030 que
1299 961 1706 1022 successoribus
1757 961 1906 1031 ejus,

1154 1045 1251 1100 per
1277 1032 1461 1085 omnia
1489 1031 1766 1084 exhibere.

1199 1170 1461 1226 Promitto
1473 1169 1588 1239 pari
1596 1178 1693 1235 ter,
1709 1171 1911 1240 quodsi

1157 1243 1284 1311 quid
1297 1249 1484 1296 contra
1501 1242 1908 1311 rempublicam,

1154 1312 1240 1367 vel
1268 1312 1568 1381 piissimum
1606 1311 1912 1381 Principem

1157 1380 1400 1437 nostrum
1451 1395 1482 1434 a
1533 1380 1776 1449 quolibet
1823 1380 1912 1450 agi

1155 1465 1478 1522 cognovere,
1515 1450 1741 1522 minime
1783 1465 1913 1506 con-

1156 1519 1362 1591 sentire
1389 1537 1403 1574 :
1435 1519 1530 1591 sed
1567 1519 1620 1572 in
1648 1528 1910 1591 quantum

1158 1579 1330 1644 virtus
1359 1579 1734 1658 suii‘ragavei'it
1764 1629 1778 1653 ,
1811 1589 1909 1642 ob-

1155 1661 1326 1724 viare,
1367 1666 1419 1712 et
1443 1657 1660 1713 Vicario
1688 1667 1779 1712 tuo
1807 1659 1913 1713 Do-

1151 1731 1305 1784 mino
1329 1741 1449 1784 meo
1470 1727 1782 1797 Apostolico
1804 1743 1916 1784 mo-

1157 1800 1241 1854 dis
1267 1799 1464 1868 quibus
1490 1807 1749 1868 potuero,
1768 1815 1913 1868 nun-

1161 1866 1321 1931 tiare,
1338 1876 1393 1921 et
1408 1868 1462 1921 id
1484 1883 1645 1936 agere
1670 1867 1756 1922 vel
1768 1866 1914 1922 face-

1161 1945 1246 2000 re,
1264 1944 1529 2005 quatenus
1550 1936 1710 1989 iidem
1738 1951 1916 1989 meam

1165 2006 1219 2059 in
1235 2007 1485 2060 omnibus
1495 2005 1920 2060 sincerissimam

1167 2075 1475 2129 exhibeam.

1241 2143 1394 2209 Quod
1435 2143 1479 2197 si
1513 2183 1528 2207 ,
1559 2143 1703 2211 quod
1737 2144 1878 2198 absit
1906 2185 1922 2209 ,

1169 2226 1358 2267 contra
1381 2211 1923 2281 bujuspromissionis

1167 2297 1303 2336 mem
1318 2283 1512 2352 seriem
1526 2282 1726 2352 aliquid
1741 2282 1921 2338 facere

1165 2351 1406 2424 quolibet
1442 2350 1632 2424 modo,
1655 2366 1749 2406 seu
1773 2354 1920 2424 inge-

1162 2421 1276 2484 nio,
1316 2421 1396 2475 vel
1429 2423 1716 2476 occasione
1749 2421 1920 2477 tenta-

1163 2503 1292 2544 vero
1321 2530 1336 2554 ,
1387 2506 1512 2545 reus
1566 2491 1812 2544 inveniar
1863 2493 1918 2546 in

1161 2567 1366 2615 aiterno
1393 2560 1614 2629 judicio,
1645 2560 1728 2615 vel
1757 2561 1919 2616 ultio-

1164 2645 1288 2701 nem
1317 2629 1544 2683 Ananiae
1575 2638 1631 2701 et
1659 2629 1920 2701 Sapbyrae

1166 2699 1437 2754 incurram
1466 2717 1478 2752 :
1512 2699 1605 2767 qui
1631 2699 1793 2754 etiam
1814 2699 1920 2754 tibi

1165 2769 1324 2840 beato
1343 2769 1522 2840 Petro,
1539 2770 1605 2823 de
1620 2769 1783 2840 rebus
1796 2785 1923 2840 pro-

1165 2839 1298 2961 priis
1351 2838 1593 2920 fraudem
1646 2838 1825 2893 facere
1868 2848 1924 2895 et

1189 2908 1363 2961 alsum
1391 2909 1572 2961 dicere
1625 2923 1924 2961 praesuma-

1189 2908 1363 2962 ‘alsum
1391 2909 1572 2963 dicere
1625 2923 1924 2980 prmsump-

1168 2987 1372 3033 serant.

339 3115 448 3191 [um
471 3116 802 3191 sacramenti
801 3115 1094 3191 ggoBoni-
1167 3120 1490 3173 sacramenti
1525 3134 1628 3190 ego
1675 3119 1756 3174 111.
1797 3120 1920 3191 Epi-

341 3183 514 3239 facius
541 3184 770 3266 exiguus
799 3183 1094 3267 Episcopus
1166 3203 1359 3267 scapus
1377 3204 1536 3243 manu
1561 3183 1786 3267 propria
1798 3183 1928 3246 sub-

342 3270 503 3308 inanu
531 3259 752 3324 propria
785 3259 995 3326 scripsi,
1015 3264 1096 3310 at-
1166 3259 1378 3327 scripsi,
1423 3267 1588 3327 atque
1634 3260 1790 3328 posui
1836 3275 1928 3315 su-

340 3340 453 3398 que
466 3339 679 3394 ponens
704 3339 870 3398 supra
911 3341 1092 3398 sacra-
1161 3343 1260 3398 per
1273 3327 1705 3382 sacratissimum
1725 3343 1928 3398 corpus

345 3395 614 3449 tissimum
632 3396 986 3464 corpusbeati
1001 3395 1094 3450 Pe-
1164 3395 1317 3451 tuum
1343 3437 1358 3460 ,
1389 3410 1456 3449 ac
1501 3398 1641 3451 sicut
1678 3395 1931 3464 superius

343 3465 448 3530 tri,
499 3465 573 3537 i_ta
625 3472 686 3518 ut
745 3465 1103 3537 perscriptum
1175 3466 1393 3537 legitur,
1422 3464 1933 3537 Deo_tesleetjudi-

343 3545 448 3595 est.
499 3533 614 3605 nco
639 3542 777 3589 teste
818 3543 872 3589 et
899 3533 1100 3602 judice,
1173 3533 1276 3600 ce',
1331 3535 1560 3605 praestiti
1615 3533 1932 3590 sacramen-

344 3603 572 3675 priestiti
647 3613 1047 3659 sacramentum
1084 3645 1100 3670 ,
1175 3617 1311 3668 tum,
1332 3603 1477 3675 quod
1497 3613 1553 3662 et
1572 3617 1792 3660 servare
1810 3620 1932 3674 pro-

347 3674 490 3742 qnod
504 3681 559 3726 et
579 3688 801 3730 servare
819 3675 1099 3743 promitto.
1175 3677 1351 3731 mitte.

477 4047 551 4103 De
575 4044 968 4118 Langobardia.
993 4043 1170 4100 Habet
1195 4045 1314 4100 haec
1326 4043 1568 4118 iormuia
1589 4045 1933 4118 characteres

353 4119 502 4179 duos,
537 4133 604 4173 ex
633 4113 828 4186 quibus
881 4125 1181 4186 utcumque
1194 4115 1390 4186 possit~
1417 4113 1791 4186 conjici,_quo
1820 4114 1932 4186 pri-

353 4203 499 4242 mum
547 4183 792 4256 tempore
841 4186 984 4256 edita
1017 4183 1106 4239 sit.
1140 4183 1274 4238 Nam
1308 4184 1486 4256 primo
1534 4183 1728 4256 similis
1754 4185 1931 4256 estei,

353 4273 454 4326 qua
482 4252 708 4311 sanctus
745 4255 1054 4326 Bonifacius
1077 4293 1093 4326 ρ
1123 4269 1277 4326 suam
1304 4252 1419 4307 sedi
1447 4252 1772 4326 Apostolica:
1799 4253 1934 4326 obli-

355 4323 688 4397 gavitiidem
727 4340 855 4397 ann.
887 4323 1089 4380 Christi
1129 4323 1250 4378 722.
1282 4331 1400 4378 erat
1429 4337 1558 4397 ergo
1582 4324 1696 4397 jam
1740 4331 1852 4397 tum
1880 4324 1933 4377 in

357 4392 476 4450 usu.
510 4396 716 4450 Deinde
742 4395 883 4450 edita
914 4401 1017 4458 est,
1049 4409 1155 4463 quo
1187 4401 1430 4463 tempore
1457 4392 1798 4463 Longobardi
1825 4408 1932 4448 non

357 4475 568 4520 tantum
613 4465 951 4519 dominatum
989 4461 1310 4518 obtinebant
1354 4462 1408 4516 in
1439 4475 1557 4516 eam
1583 4461 1766 4516 italia:
1802 4478 1929 4530 par-

358 4545 486 4606 tem,
546 4535 703 4606 cujus
755 4534 1007 4606 Episcopi
1037 4532 1361 4606 ordinationi
1412 4531 1556 4586 sedis
1609 4532 1933 4606 Apostoliczc

358 4601 711 4672 subiacebant
741 4621 756 4670 ;
790 4601 884 4660 sed
911 4601 1074 4658 etiam
1115 4604 1406 4657 servabant
1448 4614 1638 4672 pacem
1666 4617 1790 4672 cuin
1827 4601 1935 4655 Ro-

362 4668 555 4730 manis.
609 4676 664 4729 id
694 4668 821 4730 vero
850 4674 1081 4727 maxime
1123 4671 1384 4741 contigit,
1424 4668 1680 4741 quamdiu
1729 4668 1933 4741 Regina

365 4744 733 4800 Theodolinda
763 4743 920 4809 vixit,
951 4743 1003 4797 id
1030 4751 1130 4808 est,
1164 4738 1296 4796 ante
1319 4755 1520 4794 annum
1551 4738 1671 4792 6‘26.
1702 4738 1933 4809 quo‘de«

367 4813 548 4890 functa
595 4815 854 4870 creditur.
880 4808 1062 4890 Quare
1084 4813 1298 4867 videtur
1325 4808 1572 4888 Gregorii
1598 4808 1777 4890 Magni
1806 4819 1935 4864 aeta-

366 4895 413 4938 te
433 4886 661 4952 scripta,
694 4893 786 4939 aut
821 4877 1318 4952 saitemrusurpata,
1346 4877 1470 4952 cum
1488 4878 1601 4946 jam
1645 4877 1734 4934 diu
1763 4877 1817 4932 in
1842 4896 1942 4934 usu

366 4901 413 4938 te
433 4901 539 4940 scrt
584 4901 661 4949 ta,
694 4901 786 4939 aut
821 4901 1012 4939 saltem
1038 4901 1318 4952 usurpata,
1348 4901 1470 4934 cum
1488 4901 1601 4946 jam
1645 4901 1734 4934 unu
1763 4901 1817 4932 Ill
1842 4901 1942 4934 usu

365 4953 517 5010 foret.
536 4901 875 5010 grediderim
893 4968 992 5022 ego
1013 4951 1168 5007 facile
1190 4951 1255 5005 ad
1277 4951 1457 5022 priora
1475 4957 1716 5022 tempora
1729 4964 1944 5022 corpus

368 5024 540 5148 ipsum
570 5025 879 5107 pertinere;
931 5019 1291 5092 appendicem
1319 5020 1386 5075 de
1425 5019 1794 5088 Longobardis
1822 5019 1855 5082 ,’
1877 5019 1946 5074 ad

413 5108 721 5148 ream-lana.

413 5108 721 5148 TEEOI'IEUHI.

437 5110 786 5234 fggﬂi‘iﬂig.
832 5160 1089 5234 Formula
1133 5162 1251 5234 haec
1286 5173 1392 5234 non
1419 5160 1626 5234 uno_in
1653 5159 1796 5223 loco,
1827 5159 1948 5234 qui-

371 5228 594 5301 busdam
652 5243 836 5288 tamen
872 5233 998 5301 licet
1046 5232 1235 5301 paucis
1276 5228 1587 5301 immutatis
1621 5269 1636 5294 ,
1683 5229 1943 5301 occurrit.

371 5300 688 5373 Reperitur,
713 5312 835 5357 ante
853 5299 1166 5373 confectum
1198 5300 1429 5373 quidem
1458 5299 1778 5373 _I_)iurnum,‘
1804 5300 1950 5373 inter

371 5368 625 5441 epistolas
661 5371 862 5426 Gelasii
886 5373 926 5427 1.
952 5368 1352 5441 quinum—498.
1373 5370 1535 5441 obiit,
1558 5375 1613 5424 et
1641 5369 1781 5441 apud
1813 5368 1950 5424 Gre-

374 5437 580 5512 gorium
613 5441 864 5512 Magnum
907 5437 1000 5512 lib.
1035 5440 1091 5512 2.
1139 5441 1295 5510 epist.
1329 5439 1442 5512 25L
1467 5437 1948 5512 Post__cdnl‘ectum

375 5507 499 5581 iero
530 5507 820 5575 Diurnum,
857 5510 999 5581 apud
1029 5507 1351 5581 Gregorium
1400 5507 1464 5563 11.
1512 5508 1835 5581 scribentem
1879 5508 1950 5581 ad

377 5579 857 5653 Thuringiosgann.
889 5576 1013 5635 723.
1046 5589 1101 5634 et
1113 5576 1250 5653 apud
1277 5578 1626 5653 Hincmarum
1652 5576 1705 5630 in
1727 5576 1952 5653 epistola

379 5653 442 5706 ad
465 5645 682 5723 plcbl'm
709 5645 1161 5706 Lauduncnsemf
1178 5648 1382 5706 Omitto
1410 5648 1609 5713 dicere,
1642 5645 1785 5716 quod
1813 5645 1953 5702 refe-

708 5743 986 5803 Parnon.
1032 5738 1158 5801 CV.

1961 4365 2012 4424 D

3519 221 3589 281 τι

2221 334 2524 390 [ridiculum
2562 333 2808 404 Episcopi
2831 346 2855 374 ι
2885 335 2948 389 de
2987 333 3358 406 ιοιιροιυόἕι

2081 423 2143 486 in
2171 426 2387 480 nomine
2401 424 2611 479 Domini
2633 423 2727 480 Dei
2751 423 3046 482 Salvatoris
3065 429 3237 482 nostri
3264 426 3393 485 Jesu
3432 428 3590 490 Chri-

2013 512 2106 575 sti,
2140 511 2272 581 imp.
2301 520 2405 566 etc.

2084 601 2351 655 Promitto
2384 616 2486 671 ego
2517 601 2595 655 ill.
2645 600 2939 672 Episcopus
2983 616 3182 663 sancte
3211 606 3470 665 Ecclesiae
3508 609 3590 667 111.

2012 690 2164 744 vobis
2193 690 2351 744 beato
2379 689 2538 745 Petro
2563 691 2943 760 Apostolorum
2969 694 3227 768 Principi,
3267 700 3594 774 Vicarioque

2013 789 2104 833 tuo
2130 779 2446 835 beatissimo
2486 779 2645 848 Papa:
2675 782 2906 838 Domino
2936 801 3056 842 meo
3095 787 3172 840 lll.
3213 787 3438 860 ejusque
3468 809 3592 848 suc-

2011 869 2338 933 cessoribus,
2370 884 2467 939 per
2493 869 2733 936 Patrem,
2769 883 2826 927 et
2850 873 3067 943 Filium,
3094 888 3152 931 et
3177 877 3436 947 Spiritum
3465 899 3593 940 sau-

2013 966 2180 1024 etum,
2211 957 2532 1013 Trinitatem
2571 959 2989 1030 inseparabilem
3015 1005 3032 1030 ,
3063 974 3119 1020 et
3149 967 3252 1023 hoc
3280 973 3588 1028 sacratissi-

2012 1063 2161 1102 mum
2194 1063 2389 1118 corpus
2414 1058 2586 1111 tuum.
2623 1064 2710 1106 me
2738 1066 2954 1106 omnem
2989 1053 3149 1110 ﬁdem
3201 1066 3259 1111 et
3300 1061 3594 1127 puritatem

2013 1146 2216 1192 sancti:
2245 1137 2369 1193 ﬁdei
2394 1139 2676 1194 catholica;
2719 1141 2995 1206 exhibere,
3041 1145 3177 1199 etin
3220 1148 3428 1204 unitate
3455 1151 3604 1217 ﬁdei,

2014 1229 2124 1285 Deo
2153 1237 2426 1301 operante.
2459 1232 2782 1304 persistere,
2816 1234 2869 1286 in
2909 1249 3016 1302 qua
3056 1235 3236 1290 omnis
3269 1237 3604 1296 Christiano-

2015 1335 2135 1374 rum
2186 1320 2332 1375 salus
2365 1335 2487 1376 esse
2522 1321 2639 1375 sine
2684 1322 2850 1376 dubio
2898 1324 3318 1392 comprobatur,
3372 1337 3428 1381 et
3457 1331 3607 1386 nullo

2014 1409 2176 1464 modo
2199 1419 2386 1464 contra
2421 1411 2681 1465 unitatem
2707 1412 3008 1466 communis
3039 1422 3095 1466 et
3134 1414 3459 1472 universalis
3495 1420 3605 1476 Ec-

2016 1497 2197 1552 clesiae
2228 1499 2475 1554 suadenti
2515 1499 2748 1568 cuipiam
2776 1501 3084 1557 consentire
3111 1519 3126 1554 :
3152 1502 3267 1568 sed,
3292 1513 3352 1558 ut
3371 1505 3515 1574 dixi,
3545 1508 3606 1563 li-

2014 1591 2136 1646 dem
2171 1601 2227 1647 et
2274 1594 2563 1663 puritatem
2602 1610 2779 1648 meam
2821 1605 2985 1665 atque
3038 1612 3362 1653 concursum
3404 1599 3500 1654 tibi
3537 1615 3603 1654 ac

1945 1681 1992 1740 B
2024 1683 2348 1738 utilitatibus
2377 1684 2637 1740 Ecclesiae
2661 1695 2784 1750 uiae,
2811 1686 2897 1740 cui
2926 1703 2956 1740 a
2982 1687 3212 1743 Domino
3237 1688 3348 1744 Deo
3378 1689 3500 1743 data
3521 1697 3607 1745 est

2016 1781 2258 1843 potestas
2302 1774 2507 1844 ligandi
2542 1774 2895 1845 solvendique
2928 1815 2945 1839 ,
2977 1783 3033 1830 et
3084 1777 3344 1846 praedicto
3385 1778 3604 1834 Vicario

2017 1872 2110 1917 tuo
2153 1872 2315 1932 atque
2360 1864 2764 1920 successoribus
2787 1863 2926 1933 ejus,
2960 1880 3058 1935 per
3101 1867 3286 1922 omnia
3323 1869 3601 1924 exhibere.

2088 1953 2354 2010 Promitto
2385 1957 2592 2026 pariter
2624 1954 2886 2012 festinare
2918 1958 3068 2012 omni
3107 1959 3336 2024 annisu,
3374 1968 3434 2014 ut
3469 1976 3609 2016 sem-

2020 2058 2120 2114 per
2138 2052 2264 2114 pa’x,
2291 2045 2398 2114 ³12
2417 2060 2581 2113 quam
2603 2045 2749 2101 Deus
2772 2045 2965 2116 diligit,
2999 2047 3140 2101 inter
3159 2047 3544 2118 rempublicam
3561 2059 3613 2104 et

2023 2148 2141 2197 nos,
2167 2135 2271 2189 hoc
2294 2143 2397 2199 est,
2412 2144 2630 2205 gentem
2647 2134 3152 2206 Langobardorum,
3167 2147 3538 2204 conservetur,
3556 2148 3613 2194 et

2021 2225 2166 2279 nullo
2192 2227 2351 2281 modo
2377 2234 2568 2281 contra
2593 2240 2752 2296 agere
2790 2225 2874 2279 vel
2905 2225 3084 2280 facere
3121 2227 3394 2296 quidpiam
3423 2227 3612 2284 adver-

2020 2331 2159 2380 sum,
2195 2324 2465 2385 quatenus
2512 2314 2675 2371 ﬁdem
2704 2329 2880 2370 meam
2931 2315 2987 2370 in
3018 2317 3270 2374 omnibus
3311 2318 3611 2374 sincerissi-

2021 2423 2164 2462 mam
2193 2408 2498 2464 exhibeam.

2090 2500 2244 2567 Quod
2275 2500 2362 2568 si,
2403 2501 2548 2570 quod
2576 2500 2748 2565 absit,
2798 2511 2988 2557 contra
3034 2501 3195 2572 hujus
3238 2505 3613 2574 promissionis

2024 2606 2158 2647 mea:
2185 2593 2380 2648 seriem
2412 2593 2613 2662 aliquid
2643 2591 2826 2648 facere
2856 2593 3098 2663 quolibet
3120 2594 3312 2658 modo,
3343 2602 3435 2648 aut
3468 2595 3613 2666 inge-

2024 2682 2137 2746 nio,
2165 2681 2248 2737 vel
2273 2683 2561 2744 occasione
2601 2691 2915 2748 tcutavero,
2956 2691 3148 2738 contra
3178 2683 3503 2739 catholicam
3539 2684 3615 2740 le-

2023 2786 2170 2842 gem,
2221 2787 2344 2828 reus
2401 2773 2644 2828 inveniar
2676 2773 2728 2827 in
2759 2782 2964 2827 teterno
2987 2770 3193 2839 judicio
3220 2813 3234 2836 ,
3264 2781 3318 2827 et
3346 2772 3608 2827 ultionem

2023 2861 2247 2918 Ananiae
2273 2875 2327 2918 et
2361 2863 2620 2934 Sapbyrze
2659 2864 2971 2918 incurram:
3014 2863 3289 2933 quietiam
3330 2863 3424 2917 tibi
3455 2864 3617 2918 beato

2025 2945 2210 3019 Petro,
2235 2955 2301 3009 de
2326 2955 2488 3009 rebus
2534 2955 2768 3026 propriis
2799 2953 3046 3008 fraudem
3089 2952 3269 3008 facere
3290 2961 3346 3007 et
3377 2951 3509 3008 falsa
3537 2953 3615 3008 di-

1396 3057 1574 3104 autem
1616 3047 1923 3106 indiculum
1951 3021 2002 3083 C
2026 3057 2152 3098 cere
2184 3021 2667 3114 praesumpserunt.

2096 3132 2254 3189 Hunc
2287 3144 2466 3189 autem
2512 3133 2815 3187 Indiculum
2867 3131 3195 3187 sacramenti
3226 3146 3327 3203 ego
3357 3130 3434 3185 111.
3485 3129 3615 3200 Epi-

2029 3237 2228 3294 scopas
2268 3239 2432 3278 manu
2455 3223 2672 3292 propria
2703 3221 2920 3290 scripsi,
2957 3229 3119 3290 atque
3143 3219 3298 3288 posui
3335 3233 3498 3289 supra
3529 3233 3618 3274 sa-

2027 3313 2400 3367 cratissimum
2443 3325 2640 3378 corpus
2683 3317 2857 3373 tuum,
2891 3308 3050 3362 beate
3084 3306 3247 3362 Petre
3276 3347 3292 3370 ,
3323 3321 3389 3360 ac
3413 3305 3620 3376 μικδὼ

2025 3397 2428 3468 jusjurandum,
2454 3397 2615 3465 quod,
2639 3404 2700 3449 ut
2726 3396 2974 3462 superius
3003 3395 3222 3464 legitur,
3248 3394 3361 3448 Deo
3399 3401 3541 3448 teste
3559 3401 3617 3448 et

2029 3485 2233 3554 judice,
2265 3497 2589 3540 conservare
2608 3481 2887 3552 promitto.

2611 3570 2912 3629 TITULUS
2945 3569 3037 3627 1X.

2291 3668 2320 3709 ι)
2345 3664 2628 3737 Synodale,
2647 3663 2787 3736 quod
2807 3662 2994 3731 accipit
3019 3660 3331 3732 Episcopus.

2103 3755 2284 3822 Clcro,
2315 3754 2504 3812 Ordini
2529 3763 2585 3810 et
2607 3753 2757 3809 Plebi
2788 3751 3105 3808 consistenti
3126 3748 3207 3805 ill.
3246 3751 3623 3813 dilectissimis

2035 3849 2161 3905 {iliis
2191 3849 2245 3904 in
2281 3848 2511 3904 Domino
2544 3846 2794 3901 salutem.

2107 3937 2480 3994 Probabilibus
2504 3935 2793 3992 desideriis
2831 3934 2970 3990 nibil
2993 3933 3278 3989 attulimus
3325 3935 3618 4004 tarditatis,

2035 4057 2189 4121 ratur
2223 4065 2418 4121 magna
2439 4064 2513 4121 ex
2541 4057 2696 4118 parte
2717 4045 2786 4121 a_b
2806 4045 3062 4121 Anselmp
3089 4045 3184 4121 lib.
3293 4062 3417 4121 cap:
3455 4047 3552 4121 $9.
3565 4059 3623 4103 et

2036 4137 2067 4175 a
2097 4111 2356 4175 Gratiano
2400 4118 2486 4190 [2.
2520 4111 2712 4190 qumst.
2738 4116 2793 4170 2.
2827 4131 2944 4186 cap.
2981 4114 3071 4170 26.
3128 4111 3238 4172 Sed
3281 4111 3614 4182 cit—Gelasio.

2036 4207 2142 4245 non
2170 4191 2296 4244 item
2319 4205 2386 4243 ex
2413 4185 2693 4256 Gregorio.

2107 4252 2609 4328 Appelglaturpofro
2643 4254 2930 4328 Synqdale,
2963 4252 3160 4324 partim
3200 4254 3343 4328 quia_
3367 4255 3620 4328 mitteba-

2041 4339 2129 4383 tur
2157 4323 2236 4382 ’ἐκ
2267 4323 2484 4395 Synodo
2510 4325 2696 4380 Romae
2724 4323 3010 4395 ἐνδημούᾱᾳ
3038 4339 3296 4395 asumma
3311 4323 3572 4379 Pontiiice
3599 4341 3619 4390 ;

2038 4399 2236 4468 partim
2265 4392 2392 4464 quia
2437 4395 2715 4468 l_eg_ebatur
2740 4394 2793 4447 in
2822 4392 3041 4463 Synodo
3069 4392 3454 4468 EcciesiteLcui
3478 4408 3620 4461 pm-

2039 4462 2255 4538 positus
2283 4462 2407 4538 erat
2434 4462 2734 4538 Episcopus
2753 4480 2764 4515 :
2782 4462 2936 4538 __n:_im
2964 4462 3284 4538 convenisse
3327 4463 3520 4532 Episco

2041 4531 2106 4591 ad
2142 4531 2535 4590 ordinationem
2567 4531 2754 4586 [totum
2781 4531 2980 4587 factam
3014 4572 3029 4595 ,
3054 4531 3406 4600 intelligimus
3431 4547 3498 4586 ex
3522 4531 3623 4586 0r-

2041 4606 2168 4660 dine
2199 4603 2443 4659 Romano
2469 4619 2484 4669 ;
2515 4602 2832 4656 convenisse
2860 4601 3065 4670 pariter
3080 4596 3374 4669 Episcopus
3395 4601 3622 4667 vicinos,

2040 4691 2164 4730 cum
2197 4674 2357 4729 Clcro
2381 4681 2436 4727 et
2463 4673 2621 4744 plebe
2651 4671 2906 4744 Ecclesia;
2938 4669 3261 4744 Episcopum
3291 4679 3598 4740 exceptura:
3618 4713 3634 4738 ,

2041 4746 2109 4800 ad
2151 4739 2573 4800 celebrationem
2604 4740 2803 4797 natalis
2847 4739 2955 4797 diei
2985 4780 3002 4806 ,
3029 4755 3096 4796 ex
3138 4739 3344 4795 Diurno
3389 4739 3444 4796 et
3472 4756 3638 4798 more

2043 4822 2349 4884 temporum
2379 4812 2570 4867 scitur.

2115 4878 2356 4939 Observa
2389 4893 2592 4947 autem,
2620 4898 2744 4937 cum
2766 4880 3030 4950 ejusmodi
3060 4878 3253 4936 littera:
3281 4879 3597 4936 mitterentu
3619 4894 3646 4932 ι

2046 4968 2078 5009 e
2105 4953 2324 5025 Synodo
2348 4954 2542 5008 summi
2573 4949 2871 5025 Pontiﬁcis,
2905 4950 3249 5025 Pgntiiicezq
3276 4949 3480 5025 solum__
3498 4951 3600 5025 sub
3620 4976 3649 4987 ι-

2047 5017 2366 5094 scripsisse;
2414 5038 2542 5094 cum
2574 5038 2604 5077 e
2647 5021 2866 5094 Synodo
2926 5019 3153 5094 alicujus
3201 5017 3628 5094 Metropolitiini,

2049 5088 2174 5146 non'
2189 5094 2369 5162 solum
2413 5088 2880 5162 Metropolitanum
2912 5130 2929 5157 ,
2961 5091 3056 5162 sed
3077 5105 3270 5162 omnes
3296 5088 3462 5162 eziam
3486 5088 3626 5162 Epi-

2051 5177 2260 5232 scopas,
2287 5159 2379 5232 qui
2408 5157 2786 5224 interfuerunt,
2801 5159 3225 5232 subscriptiones
3249 5174 3375 5214 suas
3396 5157 3636 5232 addidisf

2050 5227 2428 5286 sefPrin'ium
2474 5232 2544 5287 de
2590 5246 2800 5287 summo
2833 5227 3093 5284 Pontiﬁce
3141 5228 3380 5284 solemne
3408 5234 3524 5288 est,
3576 5231 3637 5278 et

2056 5301 2278 5357 cuilibet
2301 5311 2485 5356 notum
2513 5318 2529 5366 ;
2560 5301 2789 5357 alterum
2819 5299 2887 5354 de
2914 5298 3340 5369 Metrppolitanis
3378 5293 3522 5356 aliis,
3549 5290 3636 5345 di-

2055 5373 2258 5426 scimus
2285 5387 2351 5425 ει
2379 5371 2593 5426 laudata
2616 5386 2738 5426 mox
2764 5369 2989 5439 epistola
3015 5367 3316 5439 “iaculari,
3337 5369 3462 5430 post
3476 5373 3639 5438 quem

2055 5441 2171 5509 Odo
2219 5442 2618 5497 Bellovacorum
2651 5481 2666 5505 ,
2714 5435 3062 5509 Raginelmus
3111 5435 3639 5509 Noviomagensium,

2057 5497 2293 5568 Joannes
2318 5497 2827 5574 Cameraceii'sium:
2838 5507 3182 5580 Willebertus
3200 5497 3642 5580 Qatalaunorum,

2060 5570 2806 5651 Hildebaldusﬁuessionum,
2833 5574 3095 5651 Gerpldus
3121 5570 3507 5651 Ambianorum
3524 5608 3539 5634 ,
3589 5577 3645 5651 et

2060 5649 2396 5708 Hadebertus
2410 5649 2483 5705 Sil
2491 5640 2910 5707 vanectensium,
2929 5641 3175 5711 Episcopi
3190 5640 3643 5708 subscripserunt.
