3990 6184
426 305 493 360 75
1780 293 1979 351 LIBER
2021 289 2324 350 DlUltNL‘S
3611 257 3679 345 si;

431 423 655 479 fratrem
684 417 790 492 73
814 415 928 488 jam
957 427 1010 474 et
1037 417 1420 487 Coepiscopum
1449 417 1690 466 nostrum
1715 408 1818 472 lll.,
1845 408 1997 462 vobis
2025 407 2074 466 Α
2101 417 2293 459 norum
2336 420 2442 459 non
2487 403 2588 457 nisi
2633 402 2832 492 primi,
2870 401 3083 472 quarti,
3129 399 3345 470 septimi
3389 399 3683 492 et‘decirni

430 512 804 572 ordinavimus
830 508 1178 564 Sacerdotem
1207 546 1219 569 ,
1247 505 1335 559 cui
1361 501 1607 556 dedimus
1632 500 1686 552 iu
1709 497 1998 552 mandatis.

505 606 554 658 l.
589 602 666 657 Ne
694 614 930 670 unquam
959 596 1324 652 ordinationes
1351 598 1648 661 praesumat
1677 588 1912 643 illicitas.

501 694 556 748 2.
591 692 669 747 Ne
691 692 960 759 bigamum
979 727 992 752 ,
1022 693 1113 739 aut
1138 685 1229 752 qui
1252 681 1514 752 virginem
1540 695 1649 734 non
1671 686 1755 733 est
1783 678 2007 732 sortitus

433 797 655 839 uxorem
671 821 686 845 ,
715 794 887 848 neque
915 776 1244 830 inliteratum
1264 813 1279 838 ,
1304 771 1391 826 vel
1418 771 1472 824 in
1500 769 1742 840 qualibet
1767 767 2008 836 corporis

433 880 587 942 parte
612 870 878 928 vitiatum,
902 872 994 918 aut
1017 861 1461 932 expmnimntem,
1486 860 1570 914 vel
1595 859 1760 914 curia:
1785 865 1878 911 aut
1900 857 2010 911 cui-

437 965 570 1018 libet
607 956 897 1016 conditioni
936 954 1232 1010 obnoxium
1253 992 1268 1018 ,
1299 959 1682 1020 notatumque,
1716 950 1783 1004 ad
1826 965 2010 1004 sacros

435 1055 652 1110 ordines
678 1048 953 1119 permittat
992 1044 1285 1109 excedere,
1317 1043 1411 1098 sed
1453 1043 1498 1096 si
1538 1056 1674 1110 quos
1705 1039 2011 1108 hujusmodi

438 1146 574 1200 forte
601 1139 890 1210 repererit,
920 1151 1030 1191 non
1063 1133 1259 1188 audeat
1281 1147 1616 1204 promovere.

504 1234 556 1286 5.
589 1245 614 1272 α
643 1229 804 1285 Afros
832 1227 1035 1298 passim
1061 1225 1128 1280 ad
1155 1224 1563 1280 Ecclesiasticos
1590 1222 1806 1276 ordines
1833 1235 2016 1292 proce-

437 1325 627 1377 dentes
668 1317 814 1374 nulla
858 1317 1071 1371 ratione
1110 1314 1400 1384 suscipiat,
1449 1313 1572 1381 quia
1617 1311 1783 1381 aliqui
1827 1324 2014 1366 eorum

439 1411 718 1467 Manichz'ci
737 1450 752 1474 ,
784 1407 950 1476 aliqui
978 1403 1295 1476 rebaptizati
1317 1444 1330 1469 ,
1359 1403 1554 1472 saepius
1582 1411 1707 1455 sunt
1735 1400 1965 1469 probati.

509 1504 563 1557 4.
593 1499 892 1557 Ministeria
949 1506 1112 1567 atque
1167 1502 1543 1550 ornamentum
1593 1490 1878 1553 Ecclesiae,
1931 1487 2016 1542 vel

442 1594 701 1666 quidquid
739 1600 825 1647 est
866 1590 923 1644 in
964 1586 1290 1659 patrimonio
1320 1584 1592 1654 ejusdem,
1627 1597 1732 1636 non
1776 1582 2017 1635 minuere

442 1685 659 1741 studeat
673 1724 687 1747 ,
722 1682 817 1737 sed
845 1691 1062 1750 augere.

2104 496 2307 550 mensis
2327 494 2549 564 jejuniis
2570 533 2584 557 ,
2615 493 2711 547 sed
2740 489 2848 564 74
2871 501 2925 546 et
2954 492 3007 546 in
3050 491 3297 561 ingressu
3338 488 3688 559 quadragesi-

2105 583 2232 639 mali
2261 594 2425 655 atque
2454 584 2704 639 mediana
2727 623 2742 648 ,
2774 598 3001 654 vespere
3031 581 3251 638 Sabhati
3283 581 3496 636 noverit
3536 580 3686 637 cele-

2105 660 2364 736 brandas.

2177 768 2226 820 7.
2264 777 2284 804 ο
2319 767 2501 821 Sancti
2532 773 2708 836 autem
2732 765 2986 836 baptismi
3014 773 3410 820 sacramentum
3429 806 3444 830 ,
3470 764 3687 818 nonnisi

2108 858 2164 911 in
2193 857 2439 911 Paschali
2483 835 2775 912 festivitate
2810 835 2870 910 et
2910 855 3294 918 Pentecostes,
3327 855 3544 908 noverit
3569 867 3693 907 esse

2107 948 2454 1016 praebendum
2479 987 2492 1012 ,
2524 947 2768 1016 exceptis
2797 947 2882 1000 his
2911 946 3004 1015 qui
3037 945 3229 1000 mortis
3256 954 3518 1015 urgentur
3548 942 3690 1015 peri-

2111 1035 2260 1100 culo,
2291 1037 2486 1104 quibus
2525 1051 2592 1090 ne
2623 1036 2675 1089 in
2706 1044 2969 1090 aeternum
2996 1041 3254 1105 pereant,
3289 1033 3486 1088 talibus
3526 1047 3692 1103 Oper--

2111 1131 2187 1180 tct
2216 1125 2468 1178 remediis
2500 1124 2810 1178 subvenire.

2183 1237 2235 1290 8.
2269 1236 2294 1274 ἀ
2325 1236 2568 1290 Litanias
2591 1251 2724 1290 vero
2750 1249 2847 1305 per
2874 1235 3109 1290 triduum
3148 1242 3276 1288 ante
3311 1233 3455 1289 diem
3481 1233 3692 1290 Ascen-

2115 1326 2285 1380 sionis
2313 1325 2527 1379 Domini
2558 1325 2853 1380 celebrare.
3047 1388 3054 1396 ι

2194 1414 2330 1469 lIuic
2354 1430 2482 1484 ergo
2511 1415 2656 1469 sedis
2687 1423 2886 1468 nostra:
2912 1420 3181 1482 praecepta
3207 1416 3445 1469 servanti
3487 1417 3700 1471 devotis

2117 1506 2312 1560 animis
2339 1506 2561 1574 obsequi
2591 1520 2688 1560 vos
2716 1512 2960 1574 oportet,
2988 1511 3049 1558 ut
3079 1504 3552 1574 irreprebcnsibile
3577 1508 3698 1577 pla.

2117 1593 2387 1662 citumque
2434 1593 2526 1648 fiat
2568 1609 2766 1664 corpus
2807 1593 3091 1658 Ecclesiaa,
3133 1609 3229 1664 per
3267 1594 3540 1651 Christum
3593 1597 3697 1652 Dos

2119 1685 2326 1738 minum
2352 1692 2624 1749 nostrum,
2658 1684 2749 1752 qui
2777 1682 2908 1737 vivit
2937 1692 2991 1738 et
3021 1690 3212 1754 regnat
3245 1698 3367 1738 cum
3397 1684 3508 1739 Deo
3535 1685 3700 1740 Patre

510 1775 562 1829 5.
604 1745 680 1827 De
710 1770 886 1826 reditu
912 1745 1041 1824 vero
1070 1767 1325 1822 Ecclesiae
1355 1765 1441 1819 vel
1472 1764 1742 1820 oblatione
1774 1745 2012 1820 fidelium
2045 1747 2092 1805 Β
2120 1774 2501 1842 omnipotenti,
2533 1781 2590 1828 οι
2613 1745 2832 1842 Spiritu
2874 1745 3112 1836 sancto:
3142 1786 3241 1840 per
3278 1772 3458 1826 omnia
3500 1773 3698 1829 secula

442 1871 673 1932 quatuor
697 1857 859 1913 faciat
881 1857 1181 1927 portiones,
1206 1867 1436 1923 quarum
1464 1867 1628 1906 unam
1658 1853 1758 1907 sibi
1787 1854 1902 1923 ipse
1931 1867 2017 1906 re-

448 1951 617 2005 tineat
641 1965 654 2013 ;
685 1946 911 2001 alteram
939 1941 1196 2008 Clericis,
1228 1957 1330 2012 pro
1358 1939 1656 1996 officiorum
1685 1955 1905 1996 suorum
1934 1955 2020 1996 se-

445 2040 668 2095 dulitate
685 2078 699 2102 ,
725 2035 1019 2092 distribuat
1044 2049 1060 2100 ;
1089 2032 1306 2087 tertiam
1333 2030 1663 2100 pauperibus
1691 2039 1746 2085 et
1781 2033 2019 2102 peregri-

443 2130 565 2194 nis;
608 2133 856 2198 quartam
896 2121 1281 2179 ecclesiasticis
1325 2118 1550 2175 fabricis
1591 2120 1804 2175 noverit
1843 2135 2040 2193 reser—g

442 2219 708 2282 vandam,
750 2216 817 2270 de
857 2214 1057 2284 quibus
1097 2212 1281 2267 divino
1321 2209 1428 2265 erit
1468 2209 1778 2265 redditurus
1813 2208 2022 2278 judicio

444 2309 730 2364 rationem.

513 2397 567 2450 ϐ.
599 2394 626 2432 δ
659 2371 1197 2449 Οτᾱὶηθιίοηθέγοιό
1221 2387 1670 2457 Presbyterorum
1701 2402 1798 2443 seu
1826 2385 2018 2443 Diaco-

516 2562 557 2630 .“.
588 2547 746 2630 4f!“
786 2543 1181 2630 Ραδξίφοτέέεῖηέ
1208 2549 1369 2630 ῗὲῗῗξ
1386 2540 2021 2630 ΕῗθὲῗξὲίὲῗΜέΨΞἾὲέθ

445 2619 591 2675 Afris
615 2610 710 2672 lib.
738 2610 800 2671 ιιζ
828 2615 992 2685 epist.
1016 2611 1092 2685 ἓξ
1113 2611 1462 2685 adJoannem
1489 2610 1815 2685 Episcopum
1840 2610 2021 2685 Ly_s_si-

447 2701 584 2744 tanre
625 2680 880 2741 Ecclesiae
915 2699 945 2737 a
979 2682 1229 2737 barbaris
1252 2680 1566 2750 captivatze,
1595 2695 1756 2750 quem
1785 2680 2020 2748 Squilla-

446 2761 584 2813 cinai
629 2756 882 2810 Ecclesice
931 2753 1162 2807 viduatae
1211 2749 1551 2814 incardinat,
1601 2759 1660 2803 ut
1706 2749 2015 2819 loquuntur.

445 2827 574 2885 lude
613 2832 792 2880 autem
833 2824 997 2879 verbo
1036 2822 1104 2876 ad
1142 2823 1364 2876 verbum
1398 2820 1669 2890 descripta
1695 2827 2021 2890 sunt,,qu:e

447 2897 539 2976 hic
577 2895 828 2976 leguntur
873 2891 1430 2976 de_ordinationibus.
1483 2887 1783 2976 .S‘icleuim”
1809 2887 2016 2976 habet:

453 2991 472 3018 ς
502 2958 851 3033 Praecipitatus
886 2971 1062 3033 autem
1087 3001 1100 3024 ,
1129 2974 1196 3013 ne
1222 2974 1456 3033 unquam
1483 2958 1698 3033 illicitas
1725 2958 2021 3033 ordinatio-

445 3051 544 3091 nes
571 3027 778 3098 facias;
807 3048 875 3086 ne
902 3030 1176 3100 bigamum
1195 3070 1208 3094 ,
1235 3027 1329 3082 aut
1362 3027 1450 3096 qui
1469 3043 1589 3100 non
1615 3028 1876 3098 virginem
1905 3043 2020 3083 sor-

449 3108 579 3161 titus
601 3114 684 3160 est
707 3116 931 3157 uxorem
947 3097 1080 3163 [aut
1107 3100 1442 3163 ignorantem
1469 3097 1717 3162 litteras,
1738 3107 1842 3152 etc.
1877 3118 1895 3150 ›

519 3178 546 3216 b
577 3173 950 3229 Ordinationes
977 3185 1116 3224 vero.
1141 3168 1318 3222 Locus
1343 3168 1430 3222 hic
1454 3168 1521 3221 de
1547 3177 1785 3229 tempore
1809 3168 2020 3222 ordina-

449 3245 656 3299 tionum
689 3242 902 3296 videtur
936 3241 1247 3306 desumptus
1280 3252 1342 3291 ex
1383 3236 1605 3306 epistola
1645 3235 1678 3290 9
1717 3235 1913 3290 Celasii
1955 3238 2021 3290 ad

447 3315 742 3383 Episcopos
771 3308 1060 3383 Lucanius,
1090 3304 1398 3360 B’rutiorum
1418 3304 1710 3383 'etﬁiciliae
1729 3346 1742 3370 ,
1771 3321 1888 3374 cap.
1920 3321 1975 3383 xi
2004 3324 2016 3383 ξ

454 3375 880 3440 οὉτᾱὶιὶεῐίοηρε
915 3378 1360 3440 Prcsbyterorum
1397 3385 1453 3429 et
1486 3375 1877 3439 Diaconorum,
1916 3376 2021 3430 nisi

447 3455 614 3510 certis
635 3449 970 3530 temporibus
993 3455 1047 3526 et
1070 3445 1258 3527 diebus
1279 3445 1523 3530 exerceri
1549 3461 1666 3530 Anon
1692 3445 1898 3530 debent
1912 3485 1940 3530 ,i

449 3532 532 3578 est
549 3563 564 3586 ,
588 3514 771 3592 quarti
793 3519 995 3592 mensis
1011 3514 1216 3592 jejunio
1233 3515 1489 3592 ,__septimi
1513 3523 1574 3592 e_t_
1591 3515 1784 3569 decimi
1807 3555 1822 3578 ,
1848 3515 1941 3592 sed
1966 3523 2021 3568 et

445 3584 1111 3663 etia'm'quadragesimalis
1137 3584 1275 3663 initii
1294 3626 1314 3663 ,.
1338 3599 1401 3638 ac
1439 3585 1684 3638 mediana
1721 3584 2021 3663 quadragef

445 3663 596 3715 simm
633 3654 750 3722 die,
779 3654 1000 3712 Sabbati
1034 3654 1240 3721 jejunio
1269 3654 1412 3706 circa
1455 3667 1739 3720 vesperam
1775 3654 2021 3706 noverint

448 3728 819 3785 celebrandas.
832 3744 852 3777 ι
1649 3759 1652 3762 η

524 3811 545 3837 ο
581 3796 762 3852 Sancti
791 3803 965 3846 autem
993 3791 1264 3860 baptismi,
1291 3797 1396 3845 etc.
1425 3790 1494 3844 Et
1520 3789 1618 3846 iste
1642 3790 1851 3860 pariter
1871 3789 2020 3846 locus

450 3884 516 3921 ex
547 3864 733 3920 eadem
757 3860 981 3930 epistola
1009 3858 1252 3930 sumptus
1277 3868 1360 3913 est
1384 3875 1501 3928 cap.
1530 3875 1584 3912 ι.
1613 3858 1675 3911 τ’(
1704 3858 2019 3930 Baptizandi

449 3935 552 3990 sibi
591 3929 874 4001 quisquam
910 3929 1113 4001 passim
1156 3942 1494 4001 quocumque
1537 3937 1776 4001 tempore
1816 3929 2018 3982 nullam

447 3996 634 4059 credat
672 3996 849 4054 inesse
889 3996 1170 4068 fiduciam,
1214 3996 1700 4068 praeter’Paschale
1735 3997 1931 4052 festum
1965 4008 2021 4054 et

447 4073 796 4128 Pentecostes
822 4067 1133 4123 venerabile
1163 4067 1558 4121 sacramentum
1581 4107 1595 4132 ,
1624 4075 1850 4137 excepto
1885 4068 2020 4121 dun-

449 4150 602 4197 taxat
631 4137 933 4211 gravissimi
958 4137 1227 4207 languoris
1252 4136 1467 4211 incursu
1486 4136 1577 4211 ,‘in
1601 4152 1704 4206 quo
1724 4136 2017 4211 verendum

448 4219 560 4274 est,
589 4206 657 4266 ne
682 4208 857 4264 morbi
882 4206 1161 4261 crescente
1185 4206 1422 4274 periculo
1438 4246 1451 4268 ,
1479 4206 1596 4258 sine
1622 4206 1860 4260 remedio
1884 4207 2020 4260 salu-

447 4283 554 4336 tari
584 4279 829 4348 fortassis
853 4285 1142 4348 mgrotans
1163 4277 1330 4348 exitio
1363 4282 1666 4348 praeventus
1692 4276 1964 4348 abscedat.
1994 4293 2011 4328 ι

446 4352 572 4406 Fuit
606 4351 742 4404 alter
781 4345 1070 4402 Orientalis
1104 4345 1358 4400 Ecclesia
1396 4358 1540 4412 mos,
1579 4345 1833 4399 solemnis
1868 4345 2012 4399 enim

445 4430 564 4477 erat
589 4418 897 4489 Epiphania:
922 4415 1237 4489 baptismus.
1279 4437 1288 4461 τ

519 4490 547 4528 ὰ
577 4483 810 4542 ιίὶτίηὶαδ
840 4501 956 4538 vero
977 4483 1123 4546 (etc.
1154 4483 1459 4539 Mandatum
1483 4486 1624 4540 istud
1646 4499 1750 4540 non
1777 4485 2016 4540 contine-

445 4567 536 4613 tur
560 4560 613 4612 in
645 4555 869 4626 epistola
893 4553 1134 4626 Gregorii
1171 4553 1232 4607 ll.
1264 4554 1440 4626 Yideri
1479 4563 1655 4624 potest
1689 4555 2016 4626 prmtermis-

447 4645 596 4692 sum,
622 4623 708 4682 vel
733 4623 1333 4694 librariorumiincuria,
1360 4625 1440 4678 vel
1470 4623 1721 4694 Quoniam
1749 4625 2017 4678 scribeba-

444 4707 535 4752 tur
560 4698 626 4750 ad
650 4695 878 4765 populos
891 4702 1054 4765 extra
1078 4693 1283 4765 italiam
1309 4693 1544 4765 positos,
1579 4693 1718 4762 apud
1743 4707 1901 4761 quos,
1926 4701 2020 4765 aut

447 4762 686 4820 nondum
711 4762 847 4817 ritus
870 4763 956 4816 ille
983 4763 1318 4817 introductus
1345 4762 1540 4828 fuerat,
1563 4771 1656 4816 aut
1681 4770 1846 4827 certe,
1874 4764 2016 4830 quod

445 4835 617 4913 magis
649 4847 803 4913 reor,
846 4831 1068 4913 vigebat
1103 4839 1432 4913 constanter.
1475 4833 1618 4913 Quid.
1653 4832 1696 4885 si
1741 4831 2018 4913 Episcopis

444 4901 612 4970 Italize
647 4901 701 4955 id
739 4917 802 4955 ea
845 4908 1177 4970 tempestate,
1197 4902 1501 4970 impositum
1543 4909 1627 4954 est
1666 4901 2007 4964 mandatum,

443 4972 571 5040 quia
593 4969 874 5040 laudabilis
885 4969 1216 5040 consuetudo
1229 4969 1350 5024 cum
1366 4971 1725 5040 obsolesceret
1737 4978 2012 5040 pastorum

446 5036 582 5109 negli
621 5039 790 5103 entia,
818 5038 1123 5108 Apostolica
1141 5036 1384 5106 iussione
1409 5039 1636 5095 excitari
1666 5036 1866 5092 debuit.

521 5121 545 5146 ο
577 5056 851 5160 ﬁerinam.
899 5107 975 5160 De
1016 5106 1264 5160 formatis
1305 5110 1500 5160 litteris
1539 5109 1866 5160 scripserunt

521 5106 545 5146 ὃ
577 5106 975 5163 FormataCDe
1016 5106 1264 5164 formatis
1305 5110 1500 5164 litteris
1539 5109 1870 5177 scripserunt
1907 5109 2009 5163 viri

443 5178 740 5232 doctissimi
777 5187 921 5241 tres,
967 5178 1258 5242 Baronius,
1301 5176 1658 5242 Sirmondus,
1693 5176 2006 5240 Ferrarius,

443 5249 665 5318 quibus,
697 5247 926 5318 accessit
977 5261 1148 5318 nuper
1203 5247 1459 5318 Priorius.
1513 5249 1888 5318 Disseruerunt
1934 5247 2007 5301 illi

441 5315 612 5372 multa
637 5317 702 5372 de
723 5316 1024 5386 litterarum
1045 5315 1304 5384 ejusmodi
1333 5318 1548 5371 nomine
1571 5326 1626 5369 et
1651 5315 1851 5386 forma:
1877 5318 2006 5386 quin

441 5397 497 5441 et
522 5388 676 5458 plura
705 5385 1044 5458 promlemnt
1070 5383 1314 5458 exempla
1332 5427 1346 5451 ,
1365 5387 1654 5458 praecipue
1687 5383 2009 5458 Sirtnoridus

441 5452 572 5510 tom.
608 5455 653 5511 ll
705 5452 1072 5511 Conciliorum
1125 5452 1326 5508 Galliae.
1365 5452 1746 5508 Verumtamen
1789 5456 1855 5508 de
1893 5453 2001 5508 for-

441 5527 601 5596 matis
627 5525 890 5596 Episcopo
914 5524 1055 5596 datis
1078 5538 1107 5575 a
1132 5537 1342 5596 summo
1367 5523 1626 5596 Pontitice
1649 5530 1769 5592 post
1792 5523 2008 5596 ordina-

444 5592 640 5662 tionem
659 5590 806 5658 {non
822 5590 1054 5648 memini
1079 5605 1165 5645 me
1188 5590 1363 5662 legere
1386 5593 1523 5662 apud
1552 5590 1694 5662 ipsos
1718 5592 2007 5662 quidquam

444 5659 566 5715 huic
599 5661 785 5718 Diumi
826 5661 1069 5720 formula:
1105 5659 1450 5730 respondens.
1494 5659 1618 5718 Dari
1663 5659 2007 5717 nihilominus

2120 1862 2460 1917 saeculorum.

2190 1949 2260 2002 Et
2288 1949 2597 2020 subscriptio
2619 1950 2752 2019 ejus.
2777 1945 2920 2004 Deus
2946 1963 3044 2004 vos
3070 1949 3362 2005 incolumes
3389 1947 3696 2014 custodiat,

2120 2041 2302 2099 dilecti
2332 2042 2508 2098 nobis.

2706 2152 3005 2211 TlTllLUS
3043 2155 3113 2210 Χ.

2339 2274 2362 2302 ο
2388 2262 2643 2316 Formata
2664 2303 2678 2327 ,
2708 2279 2866 2333 quam
2899 2263 2916 2301 ί
2955 2263 3142 2332 accipit
3171 2262 3480 2334 Episcopus.

2187 2393 2266 2448 lll.
2297 2393 2636 2465 Presbyteris
2688 2369 3019 2450 Diacoaibus
3038 2435 3053 2460 ,
3083 2402 3140 2449 et
3163 2394 3311 2450 Plebi
3340 2396 3657 2454 consisteuti
3684 2431 3703 2462 ς

2121 2537 2312 2614 solitas
2322 2538 2578 2614 dubitare
2597 2553 2702 2614 non
2726 2540 2852 2593 licet
2879 2554 3045 2614 {nam
3071 2541 3262 2614 primae
3285 2540 3429 2614 sedis
3451 2544 3704 2614 exemplo

2121 2626 2152 2664 a
2170 2609 2418 2662 Patribus
2438 2607 2709 2663 Africanis
2730 2624 2874 2663 anno
2895 2607 3097 2665 Christi
3117 2610 3224 2664 402
3243 2610 3484 2664 sancitus
3503 2622 3586 2666 est
3613 2607 3703 2668 hic

2121 2693 2292 2751 canon
2309 2696 2374 2751 ᾖ(
2401 2678 2645 2743 Placuit,
2676 2688 2735 2751 ut
2764 2680 3099 2751 quicumque
3112 2680 3460 2751 deinceps-ab
3480 2682 3687 2751 Episcu

2120 2747 2665 2829 pis'ordinantttr‘per
2691 2747 3342 2829 Provincias’Africanas,
3373 2747 3585 2806 litteras
3615 2768 3682 2829 ac

2121 2819 2325 2888 cipiant
2357 2818 2427 2872 ab
2467 2818 3014 2874 ordinatoribussuis
3039 2834 3202 2872 manu
3230 2834 3416 2874 eorum
3461 2823 3708 2876 conseria

2120 2896 2240 2956 ptas
2258 2927 2272 2950 ,
2300 2888 2635 2942 continentes
2661 2888 2944 2943 Consulem
2980 2897 3036 2943 et
3065 2889 3207 2943 diem
3225 2928 3241 2954 ,
3269 2896 3328 2942 ut
3364 2889 3509 2942 nulla
3535 2891 3702 2946 alter-

2122 2959 2264 3011 catio
2305 2957 2372 3010 de
2408 2958 2794 3026 posterioribus
2828 2966 2884 3014 et
2913 2959 3272 3013 anterioribus
3305 2959 3534 3014 oriatur.
3569 2979 3588 3012 ι

2191 3026 2555 3096 Bernardinus
2598 3027 2879 3082 Ferrarius
2923 3028 3090 3083 refert
3131 3030 3347 3096 quidem
3389 3042 3455 3082 ex
3495 3029 3703 3085 Ordine

2046 3083 2091 3146 C
2123 3096 2368 3150 Romano
2411 3095 2640 3151 formam
2683 3096 2944 3164 ejusmodi
2989 3083 3322 3159 litterarum,
3367 3083 3528 3166 quam
3574 3083 3702 3155 mor.

2123 3167 2536 3220 exhibebimus:
2567 3167 2660 3220 sed
2687 3167 2818 3220 nihil
2844 3168 3008 3222 habet
3049 3169 3114 3221 de
3153 3167 3537 3222 Archidiaconi
3581 3171 3704 3224 sub-

2123 3236 2445 3306 scriptione,
2476 3251 2597 3290 cum
2638 3237 2934 3306 dimitteret
2959 3238 3281 3306 Episcopum
3309 3254 3322 3301 ;
3355 3237 3488 3291 nihil
3516 3239 3583 3294 de
3613 3241 3703 3294 die

2122 3305 2423 3387 Paschati‘s.
2447 3306 2512 3386 iis
2554 3306 2686 3387 ipsis
2727 3305 2970 3387 fonnatis
3008 3305 3402 3387 adscribendo,
3429 3311 3703 3387 “quamvis

2124 3373 2312 3429 Patres
2349 3373 2592 3446 éfricani
2627 3376 2920 3430 sancierint
2957 3391 3076 3431 ean.
3121 3376 3242 3440 106,
3277 3393 3295 3427 ι
3325 3385 3393 3446 ut,
3423 3373 3700 3446 formata,

2123 3459 2313 3530 sese
2352 3444 2680 3530 Pri-natibus
2720 3446 2802 3530 γει
2846 3460 2877 3530 ξι
2915 3446 3340 3530 sui-bessem?
3382 3444 3699 3530 ιξρίεαλρίεξ

2121 3514 2344 3569 Clericis
2366 3515 2597 3584 propriis
2622 3516 2835 3580 dantur,
2852 3516 3085 3570 habeant
3111 3515 3253 3569 diem
3278 3514 3518 3569 Paschaa.
3543 3514 3700 3583 Quod

2122 3584 2165 3638 si
2190 3585 2364 3638 adhuc
2385 3584 2622 3651 ejusdem
2650 3586 2773 3638 anni
2795 3585 3018 3639 Pascha
3039 3585 3154 3640 dies
3191 3585 3432 3639 incertus
3457 3594 3540 3640 est
3557 3627 3571 3648 ,
3605 3586 3701 3642 ille

2120 3653 2430 3724 praecedens
2453 3654 2792 3722 adjungatur,
2820 3654 3089 3724 quomodo
3116 3654 3255 3708 solet
3280 3664 3402 3723 post
3436 3653 3701 3709 Consula-

2123 3731 2234 3774 tum
2265 3723 2495 3793 p_ublieis
2531 3724 2698 3793 gestis
2730 3723 2984 3778 adscribi.
3021 3743 3039 3775 ι
3073 3724 3148 3778 De
3191 3724 3436 3778 formatis
3481 3735 3693 3786 tamen,

2121 3805 2241 3864 quae
2277 3793 2538 3864 Episcopo
2569 3801 2690 3864 post
2720 3794 3123 3864 ordinationem
3156 3793 3434 3857 darentur,
3463 3808 3570 3849 non
3601 3809 3697 3864 pe—

2121 3861 2273 3914 rinde
2288 3859 2483 3928 jubent
2505 3879 2517 3914 :
2547 3859 2688 3930 quod
2715 3862 2783 3916 ad
2807 3863 2947 3915 diem
2974 3861 3214 3926 Paschaa,
3237 3871 3509 3917 servatum
3534 3859 3697 3918 nihil-

2121 3929 2352 4053 ?gﬁnug
2378 3931 2430 3982 in
2456 3931 2541 3984 his
2567 3929 2728 3984 etiam
2755 3945 3095 3986 communem
3118 3945 3323 3985 morem
3345 3931 3604 3989 discimus
3625 3950 3692 3989 ex

2141 4016 2154 4051 Ι
2199 4014 2256 4053 ΙῸ
2342 4015 2516 4053 ιυινηο.

2141 4014 2256 4053 ΙΙ)Γο
2294 4014 2516 4054 υιυινηο.

2190 4068 2295 4124 Sed
2309 4069 2462 4136 juvat
2480 4085 2544 4122 ex
2566 4068 2765 4125 Ordine
2789 4070 3028 4126 Romano
3050 4070 3335 4126 formatam
3359 4072 3690 4137 describere,

2119 4146 2178 4210 ut
2218 4152 2302 4210 ex__
2331 4141 2592 4210 ambobus
2611 4140 2880 4210 exemplis
2914 4142 3051 4195 inter
3083 4157 3142 4196 se
3179 4142 3421 4206 collatis,
3466 4142 3695 4210 aliisque

2112 4208 2444 4330 jailnliiictis,
2476 4209 2528 4264 id
2558 4217 2756 4277 totum,
2777 4208 2935 4281 ﬁquod
2959 4219 3043 4266 est
3070 4213 3134 4266 de
3161 4211 3426 4280 ejusmodi
3455 4208 3655 4267 litteris
3673 4251 3691 4277 ,

2119 4295 2171 4330 ιιι
2200 4291 2230 4330 e
2273 4293 2356 4330 ista
2388 4293 2469 4330 ur.

2119 4287 2469 4347 intelligatur.

2517 4389 2771 4445 Formam
2806 4391 3062 4463 Episcopo
3096 4392 3295 4447 danda.

2187 4478 2561 4534 Dilectissimis
2595 4479 2854 4535 fratribus
2877 4489 2932 4535 et
2957 4481 3098 4545 filiis,
3117 4481 3475 4546 Presbyteris,
3507 4481 3696 4537 Diaco-

2113 4548 2302 4612 nibus,
2331 4548 2573 4612 Clericis,
2602 4549 2887 4604 llonoratis
2911 4560 2964 4605 et
2985 4548 3421 4615 Possessoribus,
3448 4551 3532 4604 vel
3562 4567 3696 4605 cun-

2113 4628 2216 4672 ctae
2254 4619 2398 4674 Plebi
2435 4619 2511 4672 lil.
2544 4619 2795 4674 Ecclesim
2822 4619 2899 4673 ιιι.
2939 4621 3228 4675 auxiliante
3255 4621 3482 4675 Domino
3503 4620 3692 4675 Archi-

2113 4688 2399 4758 episcopus
2422 4698 2623 4744 sanctae
2640 4690 2794 4745 Sedis
2817 4690 3122 4745 Catholicae.

2185 4758 2510 4815 Electionem
2549 4759 3404 4830 vestram,Deohacceptissimam
3447 4774 3689 4830 compro-

2114 4827 2325 4890 bantes,
2351 4830 2524 4900 virum
2549 4828 2913 4900 venerabilem
2939 4828 3016 4900 lll.
3047 4827 3301 4900 in'primo
3323 4830 3510 4900 ordine
3531 4827 3687 4885 vbbis

2116 4899 2552 4968 consecravimus
2577 4895 2924 4952 Sacerdotem
2945 4938 2960 4963 ,
2986 4895 3210 4968 ideoque
3235 4898 3572 4968 dilectionem
3597 4913 3689 4951 ve-

2115 4974 2283 5037 stram
2312 4966 2536 5022 sollicitc
2563 4981 2999 5037 commonemus,
3030 4978 3089 5022 ut
3115 4966 3432 5037 praedictum
3473 4967 3564 5021 tali
3596 4983 3689 5022 ve-

2114 5036 2394 5091 neratione
2421 5036 2753 5104 colatis,qua
2783 5051 2904 5092 eum
2931 5037 3081 5092 vobis
3105 5036 3353 5092 voluistis
3377 5037 3685 5092 consecrari

2113 5105 2425 5160 Pontificcm
2451 5123 2462 5157 :
2498 5107 2846 5174 quamobrem
2878 5105 3034 5161 talem
3065 5106 3283 5163 Missum
3313 5107 3456 5162 sedis
3484 5113 3683 5160 nostne

2113 5175 2428 5248 direximus,
2469 5186 2542 5248 ut.
2564 5176 2766 5246 optime
2798 5175 2998 5248 placuit
3031 5186 3249 5248 saneta,
3269 5176 3508 5248 Synodo,
3548 5175 3677 5248 Epi-

2113 5259 2333 5313 scOpum
2369 5243 2748 5315 sineforinata
2786 5243 2986 5315 suscipi
3033 5262 3138 5301 non
3175 5243 3406 5310 debere,
3443 5259 3550 5299 non
3585 5243 3684 5299 cb-

2114 5328 2269 5367 scura
2301 5322 2393 5367 aut
2419 5313 2578 5368 dubia
2606 5323 2734 5369 nota
2761 5313 3116 5372 ordinationis
3145 5317 3402 5371 incurrat.

2185 5383 2294 5455 76
2314 5384 2428 5455 Ego
2452 5382 2870 5455 lll.grecOgnovi.
2902 5385 2980 5439 ιιι.
3011 5386 3067 5439 in
3094 5385 3432 5442 ordinatione
3460 5383 3542 5440 lli.
3573 5383 3682 5441 Ec-

2113 5450 2290 5525 clesia:
2310 5450 2557 5525 Episcopi
2586 5450 3044 5525 conscripserunt.

2183 5469 2290 5506 :sna:
2310 5469 2557 5575 bFlSCOpI
2586 5469 3044 5525 conscripserunt.

2183 5521 2295 5596 Ego
2323 5521 2792 5596 l_l._Ec_clesia:_l_ll.
2825 5524 3140 5596 subscripsi.

2190 5590 2462 5664 indocili“.
2495 5592 2608 5664 Non
2636 5607 2666 5645 a
2694 5590 3103 5664 Metropolitano
3124 5595 3260 5664 ipso,
3285 5602 3344 5664 ut
3370 5595 3424 5664 in
3453 5593 3685 5664 form‘ata

2113 5658 2327 5718 Ordinis
2354 5658 2580 5717 Romani
2608 5702 2623 5729 ,
2654 5661 2748 5717 sed
2777 5663 2844 5719 ab
2865 5658 3266 5721 'Arcbidiaéono
3293 5663 3550 5720 Ecclesiae
3576 5659 3685 5716 Ro—
