3990 6184
93 575 108 608 1

375 352 432 407 8l
1331 351 1777 412 ROMANORUM
1814 351 2258 415 PONTIFICUM.
2297 389 2369 400 —
2405 360 2554 416 CAP.
2595 361 2680 416 IV.
3576 375 3644 432 ιι

375 487 473 536 ιη,
495 489 524 525 ν
583 471 692 544 16).
724 469 858 526 Nam
886 469 987 543 ipsi
1020 485 1117 527 nos
1149 471 1252 527 tuis
1279 471 1627 528 condolentes
1655 473 1949 538 doloribus,
1980 485 2030 542 Α
2057 478 2233 548 phetae
2255 479 2500 536 canentis
2522 499 2534 535 :
2559 480 2756 535 Euntes
2788 481 2930 536 ibant
2955 490 3004 538 et
3024 484 3238 553 ﬂebant,
3268 489 3530 545 mittentes
3557 509 3641 546 u-

379 563 631 620 continua
689 562 843 632 quasi
895 560 1202 617 valetudine
1243 562 1554 618 laboramus
1587 581 1600 617 :
1633 563 1774 633 quod
1831 565 1956 634 quia

379 654 751 724 opportunitas
775 661 881 719 est,
911 652 1076 709 veluti
1105 663 1401 726 praesentes
1428 656 1712 710 charitatis
1744 654 1958 711 fervore

379 745 722 800 sanctitatem
743 743 1070 813 alloquimur
1094 752 1262 809 tuam,
1289 752 1344 798 et
1369 744 1507 816 style
1529 753 1808 810 exarante,
1824 743 1957 798 illud

378 838 442 893 ad
471 839 712 892 animum
740 835 1064 906 Apostolica:
1088 836 1476 892 consolationis
1501 837 1830 902 reducimus,
1848 851 1957 907 quo

377 931 688 987 consolatur
731 938 1067 986 manentes:
1123 929 1289 984 Omne
1335 931 1585 1000 gaudium
1633 930 1953 993 existimate,

376 1023 583 1091 fratres,
614 1039 729 1075 cum
757 1021 813 1075 in
858 1021 1169 1075 tentationes
1196 1021 1371 1074 varias
1411 1020 1700 1074 incideritis
1729 1020 1877 1090 (Jac.
1914 1035 1954 1083 ι,

373 1126 420 1163 υ.
451 1109 530 1180 2).
559 1109 678 1179 Ipsa
719 1124 932 1179 quoque
962 1107 1176 1164 Veritas
1227 1108 1428 1164 docet:
1451 1107 1604 1163 Beati
1643 1109 1812 1172 eritis,
1837 1123 1955 1160 cum

372 1213 459 1252 vos
485 1200 690 1253 oderint
715 1199 967 1264 homines,
998 1207 1045 1253 et
1081 1200 1337 1270 persecuti
1386 1197 1600 1267 fuerint,
1625 1207 1781 1268 atque
1806 1197 1958 1252 dixe-

373 1291 478 1345 rint
510 1293 786 1346 adversum
811 1309 898 1347 vos
928 1308 1079 1346 omne
1101 1291 1301 1346 malum
1346 1291 1563 1362 (Matth.
1585 1307 1636 1355 v,
1669 1307 1718 1345 υ.
1745 1289 1860 1360 Η),
1900 1297 1957 1344 et

373 1381 595 1451 reliqua.
627 1382 732 1437 Pro
760 1398 866 1452 quo
896 1381 1199 1452 pollicetur,
1233 1380 1542 1436 mercedem
1583 1381 1665 1436 eis
1708 1380 1958 1435 recondi-

371 1481 478 1527 tam
501 1489 619 1529 esse
635 1475 908 1544 copiosam
932 1475 986 1527 in
1001 1473 1172 1528 caelis.
1190 1471 1327 1540 Quia
1351 1487 1482 1527 vero
1500 1474 1553 1526 in
1580 1470 1778 1528 steculo
1798 1485 1956 1525 exer-

367 1565 556 1620 citium
601 1567 879 1622 tribulatio
902 1573 1007 1629 est,
1039 1572 1100 1620 ut
1137 1564 1515 1634 aequanimiter
1552 1564 1746 1618 toleres
1792 1577 1956 1618 even-

370 1663 474 1715 tus,
506 1664 652 1710 tuam
679 1656 990 1710 unanimem
1010 1654 1329 1709 charitatem
1356 1655 1732 1718 admonemus,
1763 1665 1830 1706 ne
1850 1653 1954 1706 iste

367 1746 462 1801 tibi
490 1761 650 1803 casus
699 1748 933 1817 aliquam
986 1747 1199 1818 ingerat
1225 1745 1742 1815 pusillanimitatem.
1775 1745 1953 1800 Labor

2062 573 2208 624 mina
2237 587 2359 636 sua,
2391 571 2646 626 uenientes
2690 582 2862 628 autem
2913 577 3112 630 venient
3183 580 3240 633 in
3292 579 3643 638 exsultatione

2060 670 2328 730 portantes
2356 661 2652 732 manipulos
2676 680 2798 719 suos
2837 663 3009 736 (Psal.
3043 682 3200 730 cxxv,
3227 685 3276 722 υ.
3313 669 3387 739 6).

2131 749 2228 805 His
2248 749 2484 821 denique
2510 751 3142 821 praelibatis,consolare,
3159 767 3345 813 sancte
3373 757 3563 826 frater,
3589 773 3643 817 et

2058 851 2176 898 esto
2189 843 2298 914 82
2326 844 2580 900 robustus
2601 864 2614 899 :
2650 847 2794 904 illius
2819 850 2964 904 enim
2984 851 3235 919 praesidio
3249 859 3301 905 te
3321 852 3645 910 conﬁdimus

2057 934 2124 989 ad
2146 937 2424 1006 prepriam
2451 937 2630 991 redire
2668 940 2877 1006 sedem,
2901 957 2999 1012 pro
3027 943 3180 1012 cujus
3214 958 3396 998 amore
3435 953 3642 1000 tantam

2056 1028 2510 1097 peregrinationis
2537 1031 2921 1086 contumeliam
2969 1035 3223 1090 sustines.
3279 1035 3412 1091 Nam
3455 1047 3642 1092 nostra

2058 1117 2201 1187 apud
2248 1116 2524 1172 Christum
2554 1117 2868 1176 indesinens
2893 1131 2979 1176 est
3006 1123 3338 1193 deprecatio,
3385 1135 3448 1181 ut
3495 1128 3631 1198 ipse,

2061 1222 2370 1278 compressa
2398 1208 2608 1263 insania
2639 1209 2973 1265 saevientium
2997 1252 3011 1276 ,
3059 1214 3128 1267 ad
3169 1215 3445 1286 propriam
3472 1226 3527 1272 te
3557 1232 3645 1273 re-

2056 1306 2214 1352 vocet
2241 1298 2444 1352 sedem.
2476 1298 2752 1354 Laborare
2778 1301 2986 1355 nisibus
3005 1302 3138 1357 totis
3158 1320 3266 1358 non
3289 1307 3646 1375 quiescimus,

2057 1396 2117 1442 ut
2149 1387 2323 1442 modis
2361 1387 2556 1458 quibus
2576 1391 2923 1460 potuerimus,
2942 1391 3058 1460 ejus
3081 1394 3284 1448 auxilio
3311 1395 3454 1461 fulti,
3472 1406 3524 1452 te
3542 1405 3647 1455 tua:

2057 1476 2380 1532 reducamus
2399 1477 2536 1543 sedi,
2565 1488 2621 1534 et
2644 1479 2698 1533 in
2723 1479 2903 1551 aliquo
2931 1497 3039 1537 nou
3069 1483 3306 1550 hasites,
3342 1500 3443 1541 nec
3479 1496 3533 1541 te
3556 1502 3650 1543 su-

2055 1565 2258 1637 perﬂua
2295 1567 2566 1637 opprimat
2606 1568 2866 1623 tristitia:
2899 1571 3040 1626 votis
3066 1572 3209 1626 enim
3242 1575 3446 1629 nostris
3483 1574 3645 1630 Chri-

2055 1664 2195 1712 stum
2226 1658 2514 1713 Dominum
2541 1669 2787 1715 nostrum
2834 1660 3014 1718 favere
3056 1664 3167 1718 cito
3193 1663 3539 1730 conﬁdimus,
3569 1675 3649 1721 at-

2052 1761 2158 1818 que
2187 1747 2480 1814 credimus,
2508 1747 2673 1819 quod,
2703 1764 2769 1804 eo
2809 1751 3119 1819 miserante,
3147 1753 3303 1809 hctus
3329 1767 3644 1811 concessam

362 1835 508 1889 enim
537 1843 638 1902 est,
669 1851 766 1907 per
795 1851 956 1906 quem
990 1835 1226 1891 fructum
1265 1844 1319 1891 te
1343 1836 1618 1891 credimus
1647 1836 1950 1906 spiritalem
1979 1835 2026 1895 B
2054 1838 2286 1908 recipias
2306 1839 2376 1894 ad
2409 1841 2702 1911 regendum
2735 1841 3056 1908 Ecclesiam,
3082 1853 3142 1900 ut
3175 1845 3296 1901 lzeta
3323 1844 3437 1914 jam
3464 1855 3646 1904 mente

361 1929 608 1999 recipere
633 1945 664 1984 a
694 1928 929 1985 Christo.
953 1929 1088 1986 Illud
1113 1943 1347 1998 namque
1376 1930 1553 1985 recole
1591 1931 1794 2014 dictum
1819 1931 1950 1986 Pro-

2057 1929 2275 1984 Christo
2297 1929 2539 1986 feramus
2565 1931 2772 1989 Iaudes.

357 2065 3618 2103 MM

1684 2189 2100 2277 CAPUT
2179 2189 2330 2268 IV.

1744 2386 1823 2427 DE
1866 2385 1984 2428 USU
2028 2386 2252 2432 PALL".

360 2577 756 2633 ARGUIENTUI.
779 2605 849 2615 —
876 2575 1106 2631 Pallium
1132 2576 1328 2632 summi
1371 2577 1655 2645 pontiﬁces
1686 2575 1975 2645 aliquando
2008 2573 2369 2645 praesentibus
2397 2575 2620 2638 dabant,
2651 2574 2944 2644 aliquando
2975 2578 3261 2635 mittebant
3303 2582 3636 2640 absentlbm.

431 2648 599 2723 Dandi
619 2645 983 2723 praesentibus
1011 2648 1292 2716 antiquum
1332 2644 1498 2702 ritum
1520 2647 1738 2702 exhibet
1768 2644 1914 2702 Ordo
1945 2645 2240 2700 Romanus.
2289 2644 2640 2711 Litterarum,
2670 2646 2867 2715 quibus
2891 2649 3220 2715 mitteretur,
3251 2651 3641 2723 formularqna.

432 2728 552 2773 tuor
580 2717 669 2772 hic
689 2715 1055 2772 continentur.

961 2825 1262 2882 TITULUS
1297 2827 1338 2881 I.

431 2931 458 2960 ι
483 2917 540 2973 Si
570 2925 819 2988 pastores
844 2917 1024 2972 ovium
1059 2918 1228 2973 solem
1263 2918 1492 2988 geluque
1533 2934 1634 2988 pro
1655 2919 1834 2990 gregis
1859 2918 1944 2973 sui

355 3007 603 3064 custodia
631 3009 718 3063 die
741 3024 806 3063 ac
831 3016 989 3063 nocte
1014 3006 1156 3064 ferre
1185 3010 1424 3064 contenti
1448 3017 1612 3074 sunt,
1654 3017 1709 3064 et
1753 3017 1812 3063 ut
1843 3023 1943 3063 ne-

2053 2841 2234 2882 sarum
2261 2826 2520 2881 solemnia
2570 2826 2890 2882 celebranda
2932 2832 3350 2898 transmisimus,
3382 2849 3490 2904 quo
3533 2851 3639 2891 non

2051 2916 2228 2981 aliter,
2255 2915 2508 2970 Ecclesia:
2538 2923 2642 2971 tuae
2666 2917 2963 2988 privilegiis
2991 2919 3053 2973 in
3069 2935 3168 2975 suo
3203 2931 3345 2978 statu
3376 2929 3642 2981 manenti—

2049 3008 2172 3073 bus,
2205 3007 2284 3061 uti
2326 3007 2603 3078 largimur,
2633 3024 2796 3078 quam
2825 3008 3142 3068 decessores
3181 3015 3640 3083 praedecessoru-

355 3114 626 3170 quaquam
651 3113 715 3153 ex
749 3099 852 3162 eis,
879 3106 974 3152 aut
997 3099 1227 3153 errando
1249 3108 1496 3168 pereant,
1526 3107 1619 3153 aut
1647 3098 1837 3154 ferinis
1867 3098 1944 3151 Ia-
1973 3127 2017 3188 Ο
2048 3112 2154 3167 que
2179 3105 2299 3152 tuos
2325 3112 2454 3152 usos
2495 3113 2624 3154 esse
2642 3099 2972 3169 incognitum
3001 3117 3112 3157 non
3135 3103 3320 3160 habes.

353 3193 515 3247 niataz
531 3190 802 3245 morsibus
817 3191 1138 3252 moriantur,
1154 3189 1324 3244 oculis
1359 3205 1574 3259 semper
1598 3187 1947 3260 vigilantibus

354 3285 830 3351 circumspectant,
857 3279 966 3350 83
994 3288 1194 3348 quanto
1226 3280 1425 3335 sudore
1455 3289 1766 3350 quantaque
1815 3295 1947 3334 cura

355 3375 648 3430 debeamus
663 3386 785 3428 esse
807 3371 1234 3442 pervigiles,nos
1258 3371 1347 3440 qui
1378 3379 1622 3439 pastores
1643 3371 1947 3424 animarum

355 3467 608 3530 dicimur,
639 3464 1018 3520 attendamus:
1051 3474 1359 3534 susceptum
1409 3463 1642 3520 ofﬁcium
1692 3464 1949 3519 exhibere

357 3571 482 3625 erga
514 3555 822 3610 custodiam
850 3555 1250 3611 dominicarum
1291 3555 1473 3609 ovium
1510 3569 1618 3609 non
1649 3568 1946 3620 cessemus,

356 3660 423 3698 ne
449 3645 505 3698 in
533 3643 622 3698 dic
651 3643 820 3698 divini
849 3644 1135 3708 examinis,
1164 3658 1264 3713 pro
1297 3643 1501 3698 desidia
1551 3649 1736 3697 nostra
1761 3683 1776 3709 ,
1824 3650 1948 3698 ante

357 3748 628 3788 summum
655 3743 951 3803 pastorem,
970 3733 1296 3804 negligentia
1326 3741 1508 3787 reatus
1528 3747 1627 3787 nos
1646 3733 1943 3797 excruciet,

355 3825 498 3878 unde
524 3824 687 3879 modo
718 3823 940 3878 honoris
962 3824 1264 3878 reverentia
1293 3822 1638 3879 sublimiores
1671 3823 1814 3877 inter
1843 3838 1947 3878 cae-

355 3923 502 3968 teros
520 3913 854 3984 iudicamur.
1381 3984 1383 3986 η

425 4003 653 4061 Pallium
679 4011 860 4059 autem
893 4001 1222 4058 fraternitati
1256 4010 1360 4058 tuae
1408 4017 1475 4058 ex
1503 4015 1674 4068 more,
1715 4002 1783 4057 ad
1809 4002 1940 4057 mis-

427 4155 452 4183 α
497 4137 558 4212 Si
591 4149 844 4212 pastores.
877 4138 1064 4212 Nullus
1095 4141 1254 4210 plane
1297 4140 1502 4212 dubito,
1527 4140 1659 4212 quin
1693 4141 1808 4196 haec
1836 4140 1946 4196 for-

356 4213 501 4267 mula
527 4210 814 4281 desumpta
843 4211 915 4266 sit
957 4226 1024 4282 e;
1051 4211 1313 4282 Gregorio
1340 4210 1568 4282 Magno,
1624 4227 1732 4282 non
1753 4219 1944 4282 tamen

357 4283 589 4338 fortasse
616 4280 732 4335 tota
755 4297 824 4338 ex
852 4297 962 4336 uno
1006 4280 1182 4347 loco,'
1212 4282 1307 4337 sed
1344 4296 1410 4336 ex
1441 4280 1679 4336 diversis
1710 4280 1837 4334 hinc
1890 4289 1946 4336 et

356 4352 502 4407 inde.
533 4351 592 4406 Id
615 4350 918 4420 fragmenta
946 4352 1193 4420 quadam
1241 4351 1408 4406 variis
1455 4351 1696 4420 epistolis
1741 4350 1946 4406 inserta

352 4423 635 4490 produnt:
672 4420 726 4475 id
764 4421 956 4492 suadet
994 4421 1199 4492 stylus,
1254 4421 1344 4490 qui
1392 4428 1553 4492 totus
1577 4420 1945 4492 Gregorianus

357 4481 439 4547 est
464 4511 477 4544 :
510 4492 738 4547 suadent
760 4499 814 4546 et
834 4481 1674 4562 GregorianzevsententieQuod
1688 4481 1824 4545 "cum
1849 4506 1946 4562 per

359 4577 416 4616 se
449 4563 675 4628 clareat,
697 4562 911 4616 elucere
940 4560 1118 4616 tamen
1166 4569 1347 4632 potest
1376 4560 1716 4632 manifestius
1743 4561 1945 4632 eaeo]-

358 4631 558 4686 latioue
576 4647 700 4687 cum
727 4632 992 4701 epistolis,
1020 4648 1155 4702 quas
1168 4629 1240 4686 'S.
1268 4630 1540 4702 Pontifex,
1575 4646 1696 4685 cum
1725 4629 1944 4702 pallium

355 4703 620 4767 mitteret,
647 4711 742 4774 aut
762 4699 1074 4774 'episcOpo's
1098 4717 1288 4774 recens
1315 4700 1592 4774 ordinatos
1617 4699 1946 4774 monitisin—

357 4781 618 4842 strueret,
641 4773 707 4826 ad
733 4770 988 4828 diversos
1004 4773 1235 4842 Scripsit,
1263 4771 1566 4841 praesertim
1592 4786 1724 4826 vero
1743 4771 1810 4825 ad
1833 4770 1945 4825 Ma-

358 4843 565 4913 ximum
596 4840 971 4913 salenitanum
1000 4840 1333 4913 episcopum.

425 4912 741 4967 Formulam
766 4914 907 4968 hanc
931 4910 1128 4983 magna
1163 4910 1229 4968 ex
1251 4920 1407 4983 parte
1451 4910 1688 4967 Joannes
1711 4910 1825 4966 VIII
1852 4911 1946 4983 ad-

357 4983 554 5047 hibuit,
575 4997 696 5038 cum
728 4999 870 5038 anno
896 4981 1283 5040 878(Walloni
1314 4983 1537 5039 Metensi
1561 4983 1812 5052 episcopo
1832 4981 1946 5052 pali-

360 5052 492 5124 lium
518 5053 764 5108 mitteret
788 5071 802 5107 :
840 5053 1129 5124 descripsit
1152 5054 1299 5108 enim
1344 5054 1513 5108 verbo
1536 5051 1610 5108 ad
1630 5051 1851 5124 verbum
1878 5051 1945 5105 ad

358 5123 477 5192 hinc
533 5137 706 5192 usque
738 5164 754 5189 ,
813 5123 1126 5178 indiscretus
1174 5124 1423 5178 inveniat.
1460 5123 1727 5192 Adhibuit
1779 5123 1942 5176 etiam

359 5191 470 5263 Leo
502 5191 769 5259 VII,’ann.
801 5193 926 5258 935,
957 5209 1078 5249 cum
1129 5193 1349 5263 pallium
1403 5195 1665 5248 tribueret
1699 5191 1946 5263 Gerardo

359 5262 709 5317 Lauriacensi
735 5281 747 5318 :
775 5263 918 5318 sicut
961 5271 1016 5318 et
1058 5261 1365 5318 Alexander
1393 5263 1436 5317 II
1476 5279 1617 5316 anno
1659 5261 1794 5314 £062
1822 5276 1944 5315 cum

358 5333 568 5455 pariter
617 5333 841 5415 pallium
873 5331 1034 5414 Petro
1061 5333 1342 5389 Dalmatia:
1376 5333 1626 5413 episcopo
1665 5331 1940 5401 dirigeret.

393 5409 521 5455 uvat
551 5402 794 5455 Joannis.
839 5402 1036 5455 Leonis
1081 5413 1133 5455 et
1169 5402 1459 5455 Alexandri
1517 5400 1770 5455 epistolas
1819 5414 1940 5454 cum

393 5409 521 5456 uvat
551 5400 794 5467 Joannis,
839 5402 1036 5458 Leonis
1081 5413 1133 5457 et
1169 5400 1459 5456 Alexandri
1517 5400 1786 5470 epistolas
1819 5414 1943 5454 cum

363 5470 595 5525 formula
627 5472 817 5526 Diurni
845 5486 1201 5541 componere;
1234 5473 1360 5527 inde
1389 5471 1532 5541 enim
1567 5481 1622 5541 et
1667 5485 1797 5525 usus
1821 5483 1940 5541 ma_-_

364 5541 614 5602 nifestior
641 5541 772 5608 ﬁet,
816 5549 873 5598 et
907 5537 1288 5598 ecclesiasticae
1336 5539 1655 5598 eruditionis
1698 5537 1943 5595 nonnihil

363 5611 579 5666 existet.

429 5680 486 5734 In
515 5682 708 5736 ordine
730 5680 975 5735 Romano
995 5722 1009 5743 ,
1048 5697 1169 5736 cum
1201 5679 1482 5735 ordinatur
1525 5678 1848 5747 episcopus,
1886 5677 1940 5731 in

366 5751 742 5808 exhortatione
769 5751 1089 5818 ordiuantis,
1138 5750 1406 5806 habentur
1434 5750 1548 5804 haec
1561 5745 1796 5806 exordio
1828 5745 1937 5802 for-

2116 3186 2282 3255 Cujus
2327 3189 2583 3258 quoniam
2614 3190 2913 3245 indumenti
2952 3194 3125 3250 honor
3149 3198 3394 3254 modesta
3423 3207 3640 3255 actuum

2045 3278 2335 3334 vivacitate
2365 3281 2663 3335 servandus
2683 3291 2786 3345 est,
2807 3284 3112 3350 hortamur,
3133 3295 3192 3340 ut
3215 3289 3263 3342 ei
3289 3305 3500 3346 morum
3522 3299 3643 3347 tuo-

2047 3383 2170 3422 rum
2204 3380 2523 3424 ornamenta
2564 3373 2923 3438 consentiant,
2947 3385 3214 3445 quatenus
3262 3392 3484 3438 auctore
3504 3383 3638 3450 Deo,

2049 3466 2196 3512 recte
2223 3457 2508 3526 utrobique
2536 3460 2714 3527 possis
2735 3475 2858 3514 esse
2883 3465 3230 3533 conspicuus.

2119 3544 2307 3612 Itaque
2332 3544 2443 3597 vita
2497 3553 2588 3598 tua
2635 3545 2761 3599 ﬁliis
2791 3547 2896 3601 tuis
2924 3549 2996 3602 sit
3042 3551 3265 3620 regula.-
3300 3554 3353 3608 in
3401 3556 3550 3627 ipsa,
3593 3560 3640 3616 si

2049 3648 2154 3704 qua
2181 3633 2454 3703 torpitudo
2473 3631 2577 3687 illis
2604 3634 2818 3689 invecta
2846 3645 2948 3702 est,
2974 3651 3034 3693 se
3049 3639 3262 3710 erigant
3288 3661 3299 3694 :
3332 3643 3384 3698 in
3409 3661 3472 3700 ea
3497 3649 3639 3717 quod

2047 3725 2343 3789 imitentur,
2397 3724 2700 3794 aspiciant:
2734 3726 2787 3780 in
2837 3728 2952 3798 ipsa
2997 3743 3213 3800 semper
3251 3737 3640 3797 considerando

2044 3814 2354 3886 proﬁciant,
2386 3823 2444 3869 ut
2478 3824 2651 3881 tuum,
2680 3827 2803 3887 post
2835 3820 3029 3888 Deum,
3057 3821 3304 3880 videatur
3330 3843 3473 3896 esse,
3503 3831 3640 3890 bene

2045 3908 2188 3977 quod
2211 3907 2466 3963 vixerint.

2119 3998 2145 4038 δ
2173 3995 2430 4081 Corergo
2455 4014 2627 4070 neque
2681 4015 2961 4075 prospera,
2987 4020 3106 4076 qua:
3130 4013 3503 4081 temporaliter
3522 4014 3636 4094 84

2044 4134 2203 4214 mula:
2229 4144 2430 4191 nostrae
2474 4137 2764 4214 admodum
2793 4139 3029 4214 similia;
3066 4161 3088 4196 ι
3125 4145 3182 4200 Si
3216 4155 3464 4214 pastores
3516 4152 3636 4214 ani-

2042 4205 2264 4288 matiam
2290 4221 2394 4288 pro
2416 4208 2699 4288 commodo
2753 4212 3065 4288 temporali,
3117 4205 3265 4270 tanio
3315 4205 3636 4288 semetipsos

2045 4275 2229 4359 labore
2260 4276 2519 4359 alliciunt,
2552 4285 2618 4359 ut
2655 4292 2784 4359 oves
2813 4275 3156 4359 dominorum
3185 4290 3407 4359 suorum
3429 4275 3634 4359 absque

2045 4345 2243 4400 damno
2263 4347 2594 4429 custodiant,
2604 4356 2674 4429 ἐι
2696 4348 2912 4429 lucrum
2933 4352 3434 4429 acquireremssiut
3461 4374 3476 4411 :
3505 4345 3633 4429 quid

2047 4430 2146 4469 nos
2173 4425 2420 4497 e_contra
2478 4417 2532 4470 in
2565 4417 2651 4497 die
2679 4419 2910 4474 districti
2959 4417 3150 4488 ju‘dicii
3181 4417 3379 4480 dicturi
3410 4417 3632 4497 sum'us,

1969 4475 2022 4534 D
2046 4485 2262 4558 quando
2296 4487 2606 4555 apparuerit
2631 4498 2819 4556 pastor
2843 4475 3144 4558 pastorum,
3166 4475 3324 4547 eicit;

2123 4555 2162 4638 bo
2184 4551 2429 4647 (Eoi-Ergo
2454 4551 2759 4647 nequeie‘tc.
2791 4551 2937 4647 eliso
2957 4551 3152 4640 similia
3177 4570 3322 4647 suo},
3349 4566 3632 4647 qua:_Gre-

2085 4625 2233 4679 orius
2265 4623 2488 4693 Magnus
2515 4623 2702 4678 scribit
2740 4627 2807 4680 ad
2863 4628 3152 4682 Maximum
3205 4623 3588 4692 Salenitarium

2085 4641 2233 4679 onus
2265 4641 2488 4693 magnus
2515 4641 2702 4678 SCI‘lDll
2740 4641 2807 4680 au
2863 4641 3152 4682 mammum
3205 4641 3588 4692 Salonitarium

2048 4641 2139 4750 lib.
2173 4710 2242 4747 vn
2273 4695 2430 4766 epist.
2459 4693 2582 4759 150,
2608 4704 2666 4748 ιιι
2691 4711 2810 4766 (ιιιςε
2855 4697 3018 4751 habet
3045 4697 3279 4756 Diui-nus
3302 4742 3314 4761 ,
3350 4719 3454 4758 non
3485 4679 3632 4764 aliud

2047 4778 2167 4821 esse
2203 4765 2719 4837 videantuquuam’
2749 4765 3093 4837 Gregoriante
3121 4771 3512 4833 exhortationis
3539 4794 3633 4835 ex.

2045 4835 2286 4905 plicatio.
2360 4851 2378 4884 ‹
2420 4833 2644 4892 Pallium
2701 4837 2768 4896 ad
2820 4833 2973 4893 sacra
3032 4837 3314 4900 Missarum
3369 4833 3629 4904 solemnia

2046 4906 2398 4980 utendumex
2435 4921 2585 4980 more
2632 4909 3046 4980 transmisimus,
3079 4909 3232 4980 cujus
3263 4928 3356 4971 vos
3383 4917 3631 4976 volumus

2045 4991 2144 5051 per
2171 4975 2352 5051 omnia
2377 4977 2592 5051 genium
2623 4978 2946 5051 vendicare:
2974 4975 3300 5051 hujus'enim
3327 4975 3630 5044 indumenti

2047 5047 2220 5127 honor
2245 5046 2516 5127 humilitas
2539 5053 2703 5117 atque
2742 5047 2952 5127 iustitia
2994 5046 3079 5127 est
3103 5061 3267 5127 :_tota_
3290 5071 3421 5127 ergo
3449 5065 3630 5112 mente

2047 5115 2360 5197 fraternitas
2391 5127 2584 5197 vestra
2616 5115 2680 5174 ee
2713 5115 2984 5197 exhibere
3011 5119 3228 5197 festinet
3255 5124 3313 5197 in,
3354 5115 3632 5197 prosperis

2048 5185 2324 5260 humilem,
2353 5195 2408 5240 et
2438 5186 2490 5244 in
2517 5187 2756 5260 adversis
2780 5229 2794 5253 ,
2827 5189 2870 5260 si
2900 5190 3114 5258 quando
3163 5185 3452 5260 eveniunt,
3482 5185 3627 5248 'cuui

2040 5256 2252 5332 justitia
2277 5262 2538 5332 erectam,
2563 5257 2828 5332 amicam_
2853 5256 3028 5332 bouis.
3082 5261 3148 5316 Et
3198 5256 3469 5332 perversis
3495 5277 3628 5317 con-

2047 5323 2268 5406 trariam
2297 5323 2496 5379 nullius
2528 5327 2994 5406 unquamfaciem
3024 5345 3122 5406 pro
3147 5323 3377 5406 veritate
3406 5333 3630 5406 loquen-

2046 5395 2124 5469 tis
2163 5409 2436 5469 premens,
2470 5395 2854 5469 miseriCOrdiaa
2897 5395 3150 5469 operibus
3184 5395 3627 5469 juxtarvirtutem

2044 5465 2362 5520 substantiae
2392 5465 2676 5530 insistens;
2710 5475 2765 5522 et
2795 5465 2971 5524 tamen
3017 5465 3270 5523 insistere
3295 5468 3458 5522 etiam
3485 5467 3626 5524 ultra

2042 5533 2300 5606 virtutem
2331 5535 2573 5606 cupiens,
2602 5535 2832 5592 inﬁrmis
2854 5538 3212 5606 compatiens,
3233 5537 3370 5590 bene
3398 5536 3626 5595 valenti-

2043 5549 2300 5590 vnrtutem
2331 5549 2573 5658 01331608,
2602 5549 2832 5592 intirmns
2854 5549 3212 5606 compatiens,
3234 5549 3370 5590 bene
3398 5549 3626 5595 valenti-

2043 5605 2144 5685 bus
2167 5619 2372 5685 congau
2412 5619 2528 5685 eus,
2549 5606 2745 5685 Aalieua
2767 5607 2961 5685 damna
2985 5606 3204 5685 propria
3239 5606 3522 5685 deputans,
3559 5609 3627 5685 de

2045 5674 2256 5756 alieniis
2282 5673 2505 5758 "gaudiis
2543 5683 2799 5758 tanquam
2825 5673 3622 5758 de'propriisAexsultans.in

2043 5740 2379 5814 corrigendis
2407 5753 2588 5800 autem
2611 5740 2756 5800 vitiis
2789 5740 3043 5808 saeviens,
3066 5740 3126 5798 in
3173 5743 3414 5804 fovendis
3453 5749 3622 5804 virtu-
