3990 6184
376 345 444 404 £3
1719 326 1922 386 “BER

2048 325 2272 384 URNUS
3553 319 3624 376 84

365 451 738 520 blandiuntur,
757 451 1033 514 extollant,
1056 460 1228 518 neque
1249 445 1470 501 adversa
1499 439 1784 510 dejiciant;
1823 438 1940 503 sed,
1970 443 2020 502 Α
2045 438 2184 507 ptori
2208 447 2386 496 tamen
2414 442 2601 495 nostro
2623 435 2827 502 gratias
2847 432 3076 506 agimus,
3097 433 3244 503 quod
3265 446 3385 500 eam
3421 433 3476 500 in
3505 434 3624 517 ipsa

368 546 632 620 quidquid
659 543 792 602 illud
811 543 992 607 fuerit,
1014 541 1212 595 virtute
1233 535 1503 610 patientia:
1531 532 1863 620 devincatur.

437 636 657 694 Nullum
684 633 827 705 apud
857 641 909 688 te
943 631 1120 688 locum
1147 627 1288 692 odia,
1320 623 1524 680 nullum
1573 621 1727 676 favor
1775 619 1942 675 indis-

369 735 549 784 cretus
579 725 855 782 inveniat:
891 721 1179 792 benignum
1219 723 1272 770 te
1298 715 1424 770 boni
1471 713 1729 776 sentiant,
1760 710 1942 772 distri-

367 828 514 874 ctum
561 815 688 872 mali
714 818 1075 886 cognoscant:
1110 808 1381 864 insontem
1412 803 1554 875 apud
1582 811 1634 856 te
1670 800 1940 878 suggestio

368 911 508 966 mala
553 924 661 965 non
687 907 870 969 faciat,
895 909 1176 958 nocentem
1209 899 1380 970 gratia
1409 913 1516 952 non
1567 901 1821 950 excuset:
1851 907 1938 946 rc-

366 1005 590 1060 missum
627 1011 680 1058 te
731 995 1170 1067 delinquentibus
1211 1007 1317 1046 non
1347 989 1600 1046 ostendas
1623 1029 1636 1054 ,
1689 1002 1756 1041 ne
1797 984 1938 1055 quod

367 1093 508 1149 ultus
529 1105 636 1148 non
663 1088 855 1154 fueris,
886 1083 1190 1157 perpetrari
1217 1081 1524 1152 permittas.

433 1182 518 1238 Sit
541 1181 595 1236 in
624 1188 676 1234 te
695 1185 752 1234 et
776 1177 906 1234 boni
924 1174 1158 1248 pastoris
1186 1170 1434 1234 dulcedo,
1467 1169 1537 1223 sit
1555 1176 1609 1224 et
1632 1165 1833 1236 judicis
1857 1178 1940 1220 se-

363 1272 478 1328 veri
501 1269 767 1326 districtio
797 1286 808 1322 :
847 1281 1015 1326 unum
1037 1263 1263 1324 scilicet,
1279 1258 1420 1332 quod
1435 1260 1747 1313 innocentes
1762 1256 1942 1310 viven-

361 1375 444 1420 tes
457 1363 667 1428 foveat;
705 1358 868 1423 aliud,
895 1355 1037 1428 quod
1059 1353 1326 1423 inquietos
1354 1349 1593 1404 feriendo
1622 1363 1651 1401 a
1675 1346 1941 1417 pravitate

361 1459 688 1524 wmpescat.
714 1449 821 1506 Sed
847 1447 1098 1518 quoniam
1123 1457 1504 1511 nonnunquam
1530 1439 1940 1510 przepositorum

362 1545 530 1610 zelus,
553 1544 680 1601 dum
718 1539 996 1597 districtus
1022 1535 1284 1598 malorum
1306 1533 1420 1590 vult
1455 1530 1648 1586 vindex
1683 1529 1938 1592 existere,

363 1637 561 1701 transit
593 1637 648 1703 in
670 1630 1043 1689 crudelitatem
1075 1626 1336 1681 correctio
1363 1664 1378 1689 ,
1434 1623 1571 1677 iram
1614 1619 1822 1689 judicio
1866 1635 1942 1673 re.

361 1725 552 1791 faena,
574 1730 628 1784 et
656 1735 884 1779 censura
909 1715 1202 1786 disciplina:
1233 1714 1312 1769 sic
1346 1719 1498 1768 utere
1526 1751 1541 1777 ,
1582 1718 1639 1764 ut
1676 1717 1730 1764 et
1757 1707 1942 1778 culpas

2042 530 2204 586 etiam
2233 528 2494 591 brevitate
2522 534 2724 582 rectam
2747 539 2868 582 esse
2891 525 3260 595 cognovimus.

2111 618 2139 658 δ
2157 617 2354 682 Sancta
2371 616 2608 672 Trinitas
2628 614 3027 674 fraternitatem
3044 624 3284 674 vestram
3309 618 3498 688 gratia:
3513 635 3625 674 sua:

2038 706 2372 776 protectione
2399 705 2718 769 circumdet,
2748 712 2909 778 atque
2952 705 3026 768 ita
3073 705 3130 759 in
3179 705 3392 760 timoris
3421 705 3502 760 sui
3536 708 3626 769 via

2011 814 2138 882 nos
2165 797 2400 866 dirigat,
2434 805 2492 850 ttt
2546 805 2667 865 post
2696 795 2821 850 vita:
2863 796 3023 850 unius
3074 796 3466 852 amaritudines
3489 838 3502 864 ,
3555 798 3625 863 ad

2039 895 2295 942 teternam
2326 885 2483 941 simul
2513 886 2798 955 pervenire
2822 886 3160 942 dulcedinem
3186 903 3514 955 mereamur.

2638 997 2937 1054 TlTULUS
2969 997 3033 1060 IL.

2651 1089 2786 1144 Item
2822 1089 2989 1152 aliud.

2112 1195 2133 1226 ε
2159 1183 2404 1242 Ofﬁcium
2451 1181 2747 1239 sacerdotis
2773 1195 3076 1246 assumere,
3102 1195 3148 1234 Si
3218 1179 3445 1234 nteriori
3487 1180 3624 1250 vigiq

2041 1275 2202 1329 lantia
2224 1276 2639 1344 perpendamus,
2670 1272 2790 1342 plus
2835 1280 2920 1327 est
2945 1271 3152 1336 oneris,
3176 1285 3340 1339 quam
3362 1269 3622 1336 honoris;

2037 1367 2368 1439 sequippe
2394 1366 2480 1421 cui
2507 1365 2724 1435 propria
2763 1378 2960 1418 curare
2985 1377 3093 1418 non
3139 1361 3369 1427 sutlicit,
3421 1361 3528 1417 nisi
3566 1370 3627 1417 et

2041 1459 2331 1514 salubriter
2366 1457 2597 1528 gesserit
2624 1455 2816 1512 aliena.
2841 1453 2975 1510 Nam
2997 1453 3067 1509 ad
3090 1454 3192 1509 hoc
3219 1452 3506 1523 pastoralis
3538 1467 3625 1508 re—.

2043 1549 2259 1619 giminis
2290 1563 2418 1604 cura
2452 1547 2782 1617 adgraditur,
2820 1553 2880 1600 ut
2905 1545 3136 1600 aliorum
3176 1545 3231 1599 in
3258 1559 3319 1600 se
3360 1544 3625 1600 sollieitat-

2043 1642 2222 1696 dinem
2250 1641 2338 1710 pia
2375 1639 2687 1709 provisione
2726 1637 2988 1706 suscipiat
3033 1645 3090 1691 et
3118 1636 3174 1690 in
3211 1651 3401 1691 eorum
3442 1651 3500 1691 se
3531 1651 3626 1691 cu-

2045 1731 2219 1786 stodia
2254 1730 2542 1800 vigilanter
2573 1728 2837 1798 disponat,
2868 1735 2927 1780 ut
2969 1726 3127 1796 lupus
3156 1726 3420 1782 insidians
3447 1726 3625 1796 possi-

359 1817 545 1882 ferias,
562 1822 617 1871 et
636 1829 669 1878 a
691 1811 974 1872 dilectione
997 1821 1376 1879 personarum,
1395 1819 1528 1875 quas
1556 1801 1806 1874 corrigis,
1827 1815 1935 1856 non

2048 1799 2391 1878 bilitatemin
2422 1835 2487 1875 eo
2511 1819 2847 1889 irrumpendi
2875 1833 2983 1874 non
3015 1819 3249 1882 habeat,
3296 1832 3396 1874 nec
3446 1817 3624 1872 laesio-

363 1905 604 1962 recedas.

432 1995 835 2052 Misericordem
882 2001 956 2060 te,
982 2000 1142 2064 prout
1166 1991 1340 2046 virtus
1360 1987 1582 2060 patitur,
1613 1983 1939 2055 pauperibus

358 2085 574 2153 exhibe.
621 2084 906 2158 Oppressis
952 2083 1192 2140 defensio
1251 2089 1342 2135 tua
1395 2077 1715 2134 subveniat:
1765 2072 1939 2142 oppri—

360 2178 631 2244 mentibus
679 2177 922 2244 modesta
963 2175 1167 2231 erectio
1225 2172 1600 2228 contradicat:
1635 2167 1831 2222 nullius
1858 2165 1940 2218 fa-

357 2268 496 2326 ciem
546 2273 731 2322 eontra
770 2264 1032 2337 justitiam
1062 2265 1315 2336 accipias.
1355 2261 1570 2316 Nullum
1620 2268 1940 2329 querentem

351 2359 564 2428 iustitia
594 2357 883 2428 despiciat:
913 2357 1156 2423 custodia
1185 2356 1240 2409 in
1272 2363 1324 2409 te
1349 2352 1621 2422 aequitatis
1677 2347 1936 2414 excellat,

357 2461 420 2506 ut
445 2465 546 2518 nec
577 2449 731 2509 diviti
755 2449 995 2519 potentia
1050 2463 1149 2503 sua
1200 2445 1401 2516 aliquid
1455 2443 1597 2515 apud
1643 2457 1738 2497 vos
1787 2449 1940 2497 extra

357 2542 503 2611 viam
532 2542 758 2598 suadeat
778 2539 1005 2602 rationis
1031 2539 1260 2603 audere;
1310 2550 1412 2592 nec
1455 2547 1747 2604 pauperem
1775 2531 1849 2593 de
1883 2545 1941 2586 se

358 2629 646 2701 suafaciat
671 2630 946 2692 humilitas
995 2630 1318 2698 desperare:
1367 2633 1656 2696 quatenus,
1683 2623 1792 2677 Deo
1841 2621 1942 2684 mi-

359 2731 578 2775 serante
601 2757 618 2784 ,
669 2719 792 2774 talis
823 2718 998 2789 possis
1027 2717 1284 2782 existere,
1317 2715 1533 2785 qualem
1577 2727 1731 2768 sacra
1781 2711 1941 2767 lectio

358 2812 614 2884 praecepit
645 2812 831 2870 dicens
859 2828 873 2865 :
903 2807 1118 2880 Oportet
1170 2809 1468 2879 episwpum
1513 2804 1942 2876 irreprehensibi-

357 2903 461 2970 tam
493 2892 604 2958 esse
625 2901 676 2974 (Ι
709 2901 841 2956 Tim.
874 2917 957 2967 tu,
979 2915 1030 2954 v.
1062 2899 1140 2972 2).

432 2993 540 3050 Sed
574 2992 660 3054 his
686 2991 935 3047 omnibus
965 2991 1045 3045 uti
1087 2988 1377 3046 salubriter
1423 2985 1660 3058 poteris,
1694 2984 1740 3046 si
1769 2983 1943 3054 magi—

358 3095 529 3141 stram
567 3084 889 3140 charitatem
916 3082 1190 3147 habueris,
1223 3095 1387 3153 quam
1429 3079 1524 3149 qui
1579 3084 1797 3140 secutus
1823 3075 1939 3132 fue-

361 3176 455 3240 rit,
485 3189 516 3230 a
539 3181 688 3232 recto
719 3173 932 3236 tramite
964 3187 1068 3228 non
1097 3172 1318 3228 recedit.

427 3267 589 3335 Ecce,
615 3264 783 3334 frater
802 3264 1140 3331 charissime,
1166 3263 1305 3317 inter
1336 3261 1503 3317 multa
1535 3259 1661 3324 alia,
1691 3259 1794 3313 ista
1815 3266 1937 3312 sunt

358 3357 676 3424 sacerdotii;
725 3357 828 3420 ista
848 3363 976 3412 sunt
993 3354 1161 3426 pallii.
1193 3353 1324 3422 Qua:
1347 3354 1394 3408 si
1421 3351 1662 3408 studiose
1692 3366 1942 3406 servavee

359 3448 456 3513 ris,
486 3445 628 3516 quod
651 3445 782 3509 foris
816 3446 1089 3517 accepisse
1112 3445 1435 3510 ostenderis,
1467 3445 1610 3498 intus
1645 3443 1830 3498 habes.

427 3538 538 3615 85
564 3550 590 3580 ι
617 3537 801 3594 Fidem
825 3548 1026 3604 autem,
1051 3551 1212 3607 quam
1228 3537 1283 3592 in
1305 3537 1414 3594 tuis
1439 3534 1682 3605 epistolis
1703 3533 1941 3590 breviter

359 3629 692 3702 adscripsisti
709 3669 726 3697 ,
757 3629 883 3687 licet
909 3629 1076 3701 latius
1103 3629 1394 3700 explanare
1423 3629 1708 3691 debueras,
1731 3625 1940 3682 redem-

362 3761 510 3816 tibus
534 3759 842 3829 adjutorum
875 3759 1085 3829 animos
1111 3756 1435 3829 demulcens,
1478 3755 1532 3808 in
1579 3753 1657 3807 ira
1678 3750 1939 3829 judicium

361 3832 480 3884 sine
511 3823 851 3891 ira'tenens,
890 3828 943 3880 in
993 3826 1380 3894 tranquillitate
1407 3832 1586 3894 autem
1637 3823 1942 3894 severitatis

364 3915 475 3954 sua:
511 3912 791 3952 censuram
817 3912 922 3950 non
947 3892 1219 3950 deserens.
1255 3895 1380 3950 Haec
1407 3903 1510 3956 est,
1543 3892 1712 3946 frater
1739 3893 1942 3946 charis-

363 3970 520 4031 sime,
547 3965 696 4036 pallii
721 3965 926 4036 accepti
954 3965 1093 4036 ratio
1118 4005 1132 4030 ,
1177 3979 1338 4036 quam
1365 3965 1410 4036 si
1437 3963 1662 4036 sollicite
1690 3977 1939 4036 servave-

363 4040 459 4102 ris,
492 4032 634 4104 quod
657 4032 788 4090 foris
816 4032 1087 4104 accepisse
1109 4032 1430 4104 ostenderis,
1459 4035 1604 4104 intus
1629 4033 1812 4104 habes.
1842 4052 1863 4104 ρ

434 4120 460 4148 ι
491 4102 679 4180 Fidens
705 4115 920 4180 autem.
946 4102 1030 4163 ἰιι
1072 4104 1316 4180 sequenti
1361 4103 1592 4180 formula
1639 4103 1699 4157 tit
1739 4102 1941 4180 pariter

367 4177 568 4258 mentio
595 4174 717 4231 fidei
751 4175 930 4231 minus
977 4173 1466 4299 explicatenﬂuam
1505 4173 1755 4254 deceret;
1782 4186 1943 4242 expo-

367 4257 498 4299 sitae.
540 4246 620 4299 Ex
639 4256 866 4299 utraque
889 4251 1116 4299 constat.
1162 4245 1202 4299 l.
1239 4245 1298 4299 F1
1340 4260 1424 4299 em
1466 4250 1604 4297 mitti
1635 4242 1846 4299 solitam
1873 4242 1942 4298 ab

363 4249 498 4303 sitae.
540 4246 620 4302 Ex
639 4256 866 4315 utraque
889 4242 1116 4300 constat.
1146 4245 1202 4315 Al.
1239 4242 1424 4299 Fidem
1466 4243 1618 4315 mit_t_i_
1635 4242 1846 4315 solitam
1873 4242 1942 4298 ab

360 4317 626 4390 episcopis
655 4317 724 4390 ad
754 4312 935 4390 sedem
955 4313 1322 4390 apostolicam,
1347 4329 1468 4370 cum
1498 4312 1717 4390 pallium
1740 4313 1940 4390 scripto

360 4383 626 4456 peterent.
663 4385 726 4462 l_l.
759 4383 1052 4462 Utramque
1081 4383 1373 4462 formulam
1414 4383 1686 4462 pertinere
1732 4383 1799 4436 ad
1825 4383 1940 4462 _epi-

361 4448 574 4527 scapos,
604 4457 696 4527 qui
729 4448 874 4527 sedis
907 4448 1215 4527 apostolica:
1257 4448 1582 4527 οι·ᾱίηριὶοηὶ
1625 4469 1730 4508 non
1759 4448 1939 4527 subia-

362 4515 590 4584 ceb'ant':
621 4515 677 4582 hi
735 4525 879 4585 enim
906 4515 959 4579 ei
983 4525 1371 4588 ordinabantur
1417 4523 1635 4588 Romae,
1674 4533 1727 4578 et
1777 4515 1939 4576 fidem
1965 4515 2018 4590 D

363 4597 419 4651 in
447 4596 786 4653 ordinatione
812 4595 1226 4664 profitebantur.
1251 4591 1336 4664 lli.
1359 4594 1561 4664 Ambas
1597 4593 1758 4648 etiam
1785 4592 1942 4664 paulo

359 4675 483 4738 post
507 4667 767 4738 synodum
788 4662 1067 4738 Quintam
1083 4662 1202 4738 esse
1237 4662 1599 4732 compositas:
1629 4671 1756 4718 tunc
1796 4662 1941 4734 enim

362 4733 497 4806 opus
532 4733 651 4792 erat
683 4735 1016 4806 enucleatius
1039 4733 1198 4806 fidem
1216 4750 1368 4806 suam
1384 4741 1938 4806 exponere,_pr0pter-

361 4803 425 4860 ea
465 4807 606 4873 quod
653 4803 985 4860 schismatici
1032 4803 1216 4873 plures
1252 4804 1505 4872 Quintam
1525 4804 1787 4873 synodum
1832 4817 1938 4873 non

363 4820 425 4860 ea
465 4819 606 4927 quoa
653 4819 985 4860 scmsmauct
1032 4819 1216 4873 plures
1252 4819 1505 4872 quintam
1525 4819 1787 4872 synooum
1833 4819 1938 4856 non

363 4875 483 4928 adm
513 4882 730 4936 tterent,
761 4881 922 4942 atque
937 4873 1030 4942 _ita
1070 4888 1198 4942 eam
1241 4875 1518 4942 recipere,
1572 4871 1939 4942 testimonium

365 4943 507 4998 foret
550 4937 904 4998 orthodoxiie.
936 4937 1025 4998 IV.
1068 4937 1372 5012 Utriusque
1390 4937 1685 5012 auctorem,
1711 4949 1803 4994 aut
1837 4941 1938 5012 __in-

363 5011 711 5083 formatorem
739 5012 939 5083 potius,
954 5025 1076 5083 esse
1091 5010 1414 5083 Gregorium
1447 5011 1693 5083 Magnum
1720 5010 1938 5083 :_nullu_s_

363 5084 509 5136 enim
542 5081 643 5136 fuit
669 5079 934 5138 curiosior
979 5079 1102 5151 fidei
1141 5079 1596 5151 professionisque
1643 5080 1686 5137 ν
1738 5080 1938 5151 Synodi

364 5151 800 5206 exactor:unde
854 5151 908 5208 in
961 5149 1385 5219 professionibus
1449 5149 1612 5214 fidei,
1663 5165 1797 5219 quas
1855 5149 1938 5206 vel

364 5167 800 5206 exactorzunae
854 5167 908 5208 ιιι
1001 5167 1385 5208 l‘OlCSSlODIDUS
1449 5167 1612 5214 uuet,
1663 5167 1797 5219 quas
1855 5167 1934 5206 γει

362 5221 558 5276 summi
587 5219 869 5292 pontifices
911 5167 996 5275 veg
1040 5222 1277 5292 episcopi
1325 5220 1654 5285 emitterent,
1687 5229 1795 5274 tam
1840 5235 1934 5273 ex-

361 5305 554 5365 pressa
578 5290 858 5365 utriusque
883 5290 1089 5365 mentio
1110 5290 1288 5365 fiebat.

435 5361 516 5416 Ad
539 5360 685 5430 hunc
703 5357 879 5430 locum
907 5359 1280 5430 illustrandum
1304 5359 1444 5416 valet
1469 5357 1936 5430 plu_rimum.gquqd

363 5445 394 5502 ρ
424 5429 694 5502 Gratiang
706 5429 962 5502 refertur,
991 5446 1108 5502 cap.
1145 5426 1410 5502 optatum,
1445 5426 1506 5484 Π.
1534 5427 1594 5482 C.
1618 5426 1937 5502 ex__epis'tola

365 5497 588 5570 Joannis
609 5499 721 5570 Vill
742 5501 808 5556 ad
837 5497 1651 5570 Wilibertum'Coloniensem.}
1685 5498 1938 5570 ()ptatum

367 5566 706 5648 tibicpallium
730 5585 874 5625 nunc
889 5569 1136 5626 conferre
1162 5566 1664 5648 nequivimus,.quia
1689 5566 1810 5621 fidei
1835 5574 1938 5646 tua:

366 5635 615 5718 paginam
636 5641 835 5718 minus,
861 5654 1046 5718 quam
1071 5635 1343 5718 oporteat“
1360 5635 1632 5718 reperire,
1671 5635 1936 5716 comperi.-

369 5704 527 5778 ‘pius;
559 5720 680 5776 cum
738 5704 985 5779 videlicet,
1031 5704 1200 5774 in'ea
1233 5704 1436 5772 nullam
1487 5714 1792 5774 sanctarum
1824 5704 1936 5777 uni:

2039 1928 2160 1967 nem
2189 1912 2382 1966 ovibus
2407 1910 2622 1966 inferat.
2649 1909 2741 1964 Sic
2761 1909 2887 1978 quia
2925 1908 3180 1964 nimirum
3223 1923 3410 1963 curam
3433 1923 3624 1963 SUSCC-r

2037 2004 2216 2074 pimus
2267 2002 2540 2057 assiduam
2579 1999 2836 2055 debemus
2883 1998 3300 2053 sollicitudinem
3329 2012 3621 2065 exercere,

2040 2103 2098 2145 ut
2125 2091 2315 2146 callido
2345 2091 2677 2160 antiquoque
2701 2085 3149 2158 humanigeneris
3169 2087 3388 2142 inimico
3412 2087 3624 2142 aditum

2038 2182 2451 2254 praecludamus,
2477 2188 2534 2236 et
2581 2182 2708 2236 totis
2739 2187 2927 2235 contra
2964 2178 3082 2248 ejus
3119 2179 3470 2234 voracitatem
3497 2179 3626 2232 viri-

2038 2275 2138 2328 bus
2173 2274 2538 2328 obsistamus:
2573 2286 2640 2326 ne
2681 2279 2865 2335 nostra
2906 2265 3047 2325 forte
3095 2270 3333 2335 desidia,
3389 2269 3575 2324 rabida
3606 2311 3620 2334 ,

2039 2365 2182 2436 quod
2210 2365 2370 2429 absit,
2391 2377 2718 2432 quemquam
2740 2359 2893 2416 fauce
2920 2359 3180 2431 deglutiat
3210 2377 3222 2413 :
3255 2367 3526 2430 quatenus
3555 2359 3625 2413 ad

2040 2464 2281 2512 nostram
2309 2469 2418 2514 non
2447 2451 2717 2508 immerito
2751 2450 3052 2520 applicetur
3088 2462 3342 2520 prauam,
3387 2449 3624 2518 perditio

2040 2545 2171 2602 dirae
2198 2543 2554 2615 negligentie,

2110 2633 2473 2690 Exhibeamus
2514 2646 2643 2702 ergo
2665 2631 2807 2701 quod
2834 2629 3084 2686 dicimus.
3134 2627 3311 2683 Divini
3341 2627 3623 2698 dispensa-

2041 2726 2188 2782 tione
2209 2725 2416 2781 consitii
2439 2737 2671 2795 praeesse
2691 2737 2793 2778 nos
2815 2721 3058 2790 contigit,
3076 2717 3336 2788 prodesse
3355 2727 3620 2787 quantum

2038 2834 2348 2890 possumus,
2372 2817 2705 2881 festinemus,
2733 2823 2792 2870 ut
2832 2815 2959 2870 dum
2984 2811 3222 2868 creditor
3244 2811 3484 2864 rationes
3527 2825 3624 2864 no-

2041 2907 2250 2966 biseum
2274 2905 2548 2977 positurus
2573 2904 2869 2968 advenerit,
2903 2903 3114 2958 lucrum
3159 2913 3260 2955 nos
3287 2899 3482 2954 fecisse
3532 2912 3622 2952 re-

2041 2997 2237 3066 periat,
2265 3005 2319 3051 et
2338 3011 2433 3050 sua
2464 3010 2583 3062 nos,
2611 2996 2750 3051 sicut
2777 2993 3050 3065 promisit,
3075 2991 3512 3052 remuneratione
3532 2988 3624 3045 la:-

2044 3083 2231 3140 tificet.

1967 3157 2011 3218 (ἶ
2112 3173 2227 3230 Hoc
2265 3174 2468 3244 itaque,
2499 3175 2670 3230 frater
2726 3173 3067 3238 charissime,
3097 3171 3401 3237 considera,
3433 3180 3490 3226 et
3545 3170 3624 3224 lo-

2040 3281 2162 3322 cum
2189 3280 2350 3335 quem
2375 3267 2600 3334 adeptus
2625 3279 2702 3330 es,
2728 3279 2834 3318 non
2862 3264 2928 3318 ad
2950 3263 3218 3332 requiem,
3248 3261 3340 3317 sed
3372 3261 3438 3316 ad
3477 3260 3626 3316 labo-

2041 3371 2192 3420 rem,
2261 3363 2315 3410 te
2365 3355 2665 3425 suscepisse
2723 3368 3010 3423 cognosce.
3057 3352 3469 3408 Adhortationis
3519 3366 3622 3420 ope

2040 3446 2203 3502 corda
2227 3444 2462 3506 ﬁdelium
2485 3445 2800 3508 corrobora,
2825 3443 3124 3498 infidelium
3147 3449 3402 3497 converte
3429 3459 3442 3495 :
3477 3443 3622 3512 quod

2039 3544 2098 3589 ut
2127 3534 2336 3589 facilius
2363 3534 2588 3603 adsequi
2624 3532 2908 3595 merearis,
2932 3530 2959 3571 δ
2990 3530 3429 3601 praedicationem
3473 3539 3622 3584 tuam

2040 3625 2149 3680 vita
2175 3624 2515 3680 commendet
2544 3642 2556 3677 :
2588 3623 2703 3694 ipsa
2739 3621 2818 3680 eis
2865 3620 3170 3686 instructio,
3197 3620 3311 3692 ipsa
3362 3619 3621 3689 magistra

2041 3757 2327 3812 versalium
2359 3754 2749 3826 Synodorum,_
2776 3755 2829 3808 in
2853 3753 3050 3826 quibus
3078 3751 3199 3826 ﬁ_dei
3228 3761 3426 3808 nostra:
3472 3768 3621 3825 sym-

2041 3827 2222 3882 bolum
2247 3822 2574 3889 continetur,
2599 3839 2700 3879 nec
2719 3822 3071 3881 decrétalium
3099 3822 3466 3894 Romanorum
3490 3822 3620 3894 pou:

2043 3897 2248 3952 tiﬁeum
2300 3896 2712 3952 constitutorum
2745 3933 2761 3958 ,
2817 3894 3109 3948 secundum
3150 3907 3384 3956 morem,
3427 3892 3623 3950 feceris

2041 3969 2403 4031 mentionem;
2447 3967 2542 4037 sed
2602 3978 2703 4018 nec
2753 3963 2898 4037 illam
2961 3963 3193 4037 propria
3229 3964 3624 4037 subscriptione

2041 3978 2403 4031 mentionem;
2447 3978 2542 4024 sed
2602 3978 2703 4018 nec
2753 3978 2898 4018 tuam
2961 3978 3058 4037 pro
3097 3978 3174 4015 ria
3229 3978 3434 4016 διωθεῖ-ι
3478 3978 3620 4018 none

2041 4037 2322 4100 munieris,
2351 4051 2452 4091 nec
2473 4035 2727 4105 aliquem,
2749 4035 2839 4103 qui
2874 4035 3014 4089 hanc
3055 3978 3405 4104 rurejurando
3433 3979 3620 4091 Bruta:

2043 4115 2145 4173 ret,
2179 4109 2413 4168 miseris.
2462 4125 2481 4158 ›

2112 4171 2140 4217 ιδ
2181 4175 2376 4232 Sancta
2407 4175 2659 4240 Trinitas,
2688 4184 2791 4230 etc.
2831 4171 2956 4228 Haec
3012 4172 3250 4227 clausula
3282 4172 3618 4242 superiorem

2041 4247 2297 4304 Ecclesia:
2323 4255 2535 4302 aetatem
2574 4246 2717 4316 sapit
2748 4263 2758 4297 :
2800 4244 2942 4298 nulla
2964 4257 3128 4316 porro
3150 4243 3249 4316 hac
3285 4241 3615 4316 infortunia,

2042 4318 2182 4373 sicut
2204 4333 2378 4388 neque
2401 4317 2453 4370 in
2482 4312 3153 4388 consequentibus_iribus,
3191 4312 3251 4388 fit
3275 4312 3477 4388 mentio
3507 4313 3623 4384 ple?

2041 4381 2308 4463 nitudinis
2327 4381 2788 4463 potestptistnulla
2808 4383 3164 4463 ﬁdeﬁtatisﬂet
3195 4381 3621 4463 obedientitBZpe-

2042 4455 2255 4512 culiaris
2268 4451 2389 4525 erga
2412 4456 2581 4510 sedem
2607 4451 2976 4525 Apostolicam,
3000 4452 3140 4525 nulla
3161 4453 3283 4525 uicis
3311 4451 3621 4525 Apostolicte

2043 4536 2195 4596 atque
2230 4521 2556 4580 auctoritatis
2583 4521 2962 4596 in’episropos,
2991 4522 3134 4596 nulla
3160 4521 3409 4591 denique,
3435 4521 3537 4576 nisi
3563 4523 3619 4577 in

2045 4593 2225 4666 tertia,
2248 4597 2511 4666 petitionis
2533 4593 2901 4666 vehementis;
2934 4593 3027 4666 sed
3055 4600 3270 4666 tantum
3287 4600 3531 4658 ornatus,
3564 4601 3620 4648 et

2042 4661 2377 4729 incitamenti
2416 4666 2482 4718 ad
2521 4665 2758 4719 sanctius
2786 4664 2952 4717 vitam
2981 4661 3384 4716 instituendam.

2117 4747 2138 4790 ς
2154 4735 2412 4808 _Oﬂicium
2428 4734 2738 4808 sacerdotis.
2781 4733 2944 4808 Quin
2971 4731 3204 4808 secunda
3226 4731 3340 4786 hate
3356 4801 3370 4808 _
3386 4730 3615 4808 formula

2042 4822 2105 4886 _ex
2142 4800 2403 4886 Gregorio
2427 4805 2617 4886 Magno
2656 4813 2875 4886 accepta
2904 4804 2993 4886 sit,
3021 4800 3308 4886 nullusest
3340 4801 3617 4886 dubitandi

2041 4870 2190 4931 locus
2220 4870 2323 4930 :id
2361 4870 2544 4943 aperte
2571 4874 2758 4943 stylus,
2781 4870 2833 4943 id
2866 4870 3252 4943 sententiae,;id
3277 4871 3456 4943 media
3503 4872 3617 4943 fere

2041 4961 2168 5022 pars
2198 4932 2433 5022 quatuor
2455 4932 2668 5022 in_locis
2689 4932 2828 5022 apud
2842 4932 3413 5022 ‘G_regorium'totidem
3435 4942 3617 4999 verbis

2044 5010 2268 5084 repetita
2299 5010 2751 5084 docet.'Pr:cfatio
2791 5013 2857 5084 ad
2895 5010 3014 5084 huic
3037 5024 3208 5084 usque
3230 5010 3392 5084 verba
3420 5027 3619 5084 _remuf

2043 5077 2309 5147 iteratione
2335 5077 2581 5152 Ιωιξβςει,
2604 5083 2799 5151 legitur
2841 5083 2894 5152 in
2933 5077 3156 5151 epistola
3183 5096 3236 5134 xl
3267 5079 3462 5135 Leonis
3488 5081 3616 5135 noni

2043 5155 2110 5208 ad
2136 5154 2393 5207 Joannem
2423 5149 2844 5207 Salernitanum.
2871 5149 2878 5156 ’

2115 5223 2140 5261 ά
2178 5221 2613 5284 Prwdicationem
2633 5233 2776 5291 tuam
2802 5223 2927 5286 vita,
2953 5229 3057 5276 etc.
3085 5220 3260 5291 Locus
3278 5216 3452 5278 afﬁnis
3474 5219 3615 5291 apud

2042 5291 2360 5365 Gregorium
2394 5293 2551 5365 epist.
2582 5293 2682 5365 il?)
2706 5334 2720 5358 ,
2763 5289 2860 5365 lib.
2893 5283 2990 5364 vn,
3020 5283 3131 5350 ind.
3157 5291 3210 5365 ἓ,
3239 5307 3362 5348 cum
3403 5283 3615 5365 Siagrio

2042 5358 2505 5433 Augustodunensi
2539 5358 3064 5433 pallium'mitteret:
3106 5380 3124 5411 ί
3153 5360 3393 5429 Oportet,
3422 5371 3479 5414 ut
3501 5358 3617 5415 eni-

2043 5431 2164 5488 xius
2195 5431 2246 5488 in
2270 5433 2477 5488 cunctis
2503 5431 2561 5487 se
2589 5432 2780 5486 studiis
2803 5431 3110 5499 fraternitas
3131 5439 3309 5486 vestra
3340 5438 3610 5492 exerceat,

2041 5510 2096 5555 et
2118 5503 2646 5572 circasubjectorum
2675 5511 2826 5558 actus
2865 5517 2994 5572 cura
3036 5503 3107 5554 sit
3142 5499 3398 5572 vigilans,
3439 5508 3500 5572 ut
3522 5514 3615 5553 ve‘

2039 5579 2212 5651 strum
2263 5567 2718 5644 illis'exemplu'm,
2750 5570 3064 5637 instructio,
3113 5579 3168 5626 et
3193 5567 3302 5623 vita
3355 5569 3614 5645 magistra

2039 5651 2130 5697 Stt.
2149 5651 2253 5696 etc.
2291 5659 2308 5694 ι
