3990 6184
417 331 486 389 ετ
1739 319 1944 376 LIBER
1981 321 2288 379 DIUBNUS

415 460 553 510 rem,
583 448 636 500 et
659 442 727 498 ad
754 439 1140 498 ostendendam
1170 436 1578 493 unanimitatem
1609 472 1623 499 ,
1669 449 1833 504 quam
1863 450 1987 490 cum
2017 439 2069 497 Α

413 535 576 589 beato
604 532 768 590 Petro
793 529 1036 602 apostolo
1088 529 1394 583 universum
1429 538 1651 595 gregem
1689 525 1989 580 dominica-

416 637 536 678 rum
564 622 767 686 ovium,
795 635 915 691 quae
947 620 998 675 ei
1044 616 1342 673 commissae
1371 623 1514 678 sunt,
1543 614 1740 669 habere
1764 629 1871 669 non
1892 614 1991 669 du-

317 745 332 762 .
413 711 565 767 bium
592 717 698 777 est,
723 706 1212 781 89Apostolicam
1242 704 1444 768 sedem,
1473 704 1616 759 sicut
1644 704 1857 769 decuit,
1896 719 1987 774 po-

415 803 657 872 poscisti,
673 809 732 856 ut
757 810 883 872 pote
903 800 970 852 ab
995 797 1197 852 eisdem
1217 796 1473 866 apostolis
1488 795 1722 850 fundatre
1735 795 1991 852 Ecclesia:

414 892 716 962 episcOpus,
741 890 1003 960 majorum
1043 886 1288 958 petitioni
1318 886 1548 940 libenter
1572 886 1908 950 indulsimus,
1935 895 1992 940 et

413 983 482 1037 ad
517 980 902 1038 ostendendam
951 978 1005 1032 in
1037 987 1090 1032 te
1121 986 1374 1046 tuamque
1399 976 1724 1041 Ecclesiam,
1747 975 1987 1045 ejusdem

412 1072 555 1127 sedis
583 1069 901 1140 Apostoliae
921 1069 1265 1132 charitatem,
1291 1083 1357 1122 ex
1379 1067 1550 1122 nostri
1572 1067 1736 1122 etiam
1768 1067 1862 1121 tibi
1888 1083 1987 1121 usu

410 1162 577 1232 pallii,
601 1176 708 1230 quo
728 1159 1022 1216 secundum
1055 1167 1160 1214 tuae
1187 1173 1391 1212 morem
1407 1159 1483 1212 uti
1508 1158 1683 1227 possis
1715 1157 1984 1222 Ecclesiae,

411 1251 540 1306 illud
584 1251 886 1306 destinasse
937 1247 1323 1317 significamus.
1378 1246 1794 1302 Fraternitatem
1842 1256 1986 1301 tuam

409 1355 646 1411 congrue
672 1355 738 1394 ac
763 1353 984 1394 necesse
1024 1345 1448 1402 commonentes,
1475 1346 1537 1390 ut
1564 1345 1619 1392 et
1645 1337 1863 1391 credita:
1892 1338 1986 1392 tibi

408 1431 666 1487 Ecclesia
689 1445 846 1500 opus,
876 1437 932 1484 et
959 1428 1278 1500 Apostolica:
1313 1430 1368 1482 in
1400 1437 1456 1482 te
1477 1429 1618 1483 sedis
1666 1427 1988 1483 benevolen-

410 1523 544 1577 tiam
571 1521 930 1591 aﬂ'ectumque
975 1521 1325 1576 considerans
1350 1562 1364 1586 ,
1414 1521 1486 1574 ita
1510 1521 1617 1574 Deo
1644 1529 1864 1591 regente
1893 1535 1988 1575 eor

410 1622 584 1678 tuum,
607 1613 950 1668 commissam
981 1611 1200 1680 exsequi
1233 1611 1678 1681 gubernationem
1724 1611 1944 1666 studeas
1968 1651 1983 1676 ,

409 1713 470 1758 ut
503 1705 718 1778 adepta,
749 1702 901 1773 cujus
949 1703 1158 1758 ornaris
1185 1701 1382 1766 cilicio,
1411 1701 1690 1772 dignitate,
1719 1710 1775 1756 et
1799 1703 1984 1772 probi-

2593 434 2703 505 90
2733 433 3028 490 muws
3064 434 3150 488 rv.

2453 523 2581 580 Item
2612 524 2757 579 aliud
2778 525 3051 596 Episcopi:
3075 525 3289 581 Sicilire.

2159 621 2186 660 ό
2212 617 2533 690 Apostolicae
2565 619 2708 674 sedis
2732 617 3128 685 benevolentia,
3161 627 3216 673 et
3239 619 3268 659 ι’
3299 618 3672 689 antiqua/com

2088 709 2370 764 suetudine
2407 710 2704 778 provocati,
2747 707 3075 764 fraternitati
3106 717 3234 775 tuae,
3285 725 3449 780 quam
3490 712 3544 766 in
3581 712 3664 766 lli.

2088 798 2326 854 Ecclesia
2367 799 2772 869 gubernationis
2815 799 3118 870 suscepisse
3157 807 3372 855 constat
3399 799 3664 867 oﬂicium,

2087 889 2234 958 pallii
2269 905 2425 944 usum
2450 888 2796 959 praevidimus
2825 889 3250 956 concedendum,
3282 890 3390 946 illis
3418 892 3669 948 videlicet

2088 981 2422 1050 temporibus
2471 988 2634 1049 atque
2680 995 2746 1034 eo
2794 980 3018 1046 ordine,
3077 980 3272 1049 quibus
3318 980 3668 1037 decessorem

2086 1057 2300 1141 quoque
2327 1077 2476 1123 tuum
2502 1084 2660 1123 usum
2688 1083 2812 1124 esse
2841 1080 2863 1108 ο
2897 1083 3002 1124 non
3030 1069 3277 1140 ambigis.

2157 1160 2271 1216 Hoc
2316 1161 2668 1216 nihilominus
2713 1160 3098 1226 admonentes,
3152 1168 3213 1214 ut
3256 1161 3396 1215 sicut
3431 1176 3461 1215 a
3504 1161 3668 1217 nobis

2087 1253 2313 1323 hujusce
2361 1253 2574 1307 decoris
2615 1267 2797 1316 usum,
2841 1251 2910 1305 ad
2937 1250 3287 1306 sacerdotalis
3307 1250 3467 1306 otiicii
3492 1253 3664 1308 hono~

2087 1359 2226 1408 rem,
2275 1343 2546 1412 accepisse
2576 1351 2628 1398 te
2657 1343 2894 1413 gaudes:
2919 1342 2995 1395 ita
3036 1341 3201 1396 etiam
3249 1357 3460 1397 morum
3501 1351 3669 1412 atque

2087 1448 2308 1491 actuum
2346 1436 2632 1507 probitate,
2686 1435 2754 1489 ad
2803 1434 3026 1506 gloriam
3073 1433 3299 1498 Christi,
3343 1443 3528 1489 nostra
3566 1449 3662 1490 su-

2087 1536 2331 1597 sceptum
2361 1527 2684 1581 auctoritate
2723 1523 3058 1580 sacerdotale
3079 1525 3344 1579 adornare
3367 1525 3666 1581 contendas

2086 1615 2344 1670 officium.
2401 1615 2494 1670 Sic
2537 1615 2738 1670 etenim
2786 1613 2996 1668 alterno
3038 1613 3150 1668 eris
3187 1613 3416 1668 invicem
3458 1613 3666 1670 honore

2085 1707 2428 1776 conspicuus,
2473 1704 2518 1760 si
2567 1705 2634 1759 ad
2679 1701 3051 1773 hujuscemodi
3102 1701 3347 1774 corporis
3391 1702 3658 1769 habitum,

410 1802 522 1849 tate
548 1808 779 1860 morum,
806 1804 860 1848 et
889 1791 1190 1848 vivacitatis
1226 1791 1610 1856 sollicitudine,
1641 1799 1696 1847 et
1715 1793 1982 1849 custodita
2011 1797 2058 1855 B
2086 1802 2282 1858 mentis
2309 1813 2524 1870 quoque
2554 1807 2660 1854 tuae
2687 1798 2826 1853 bona
2850 1798 3175 1854 concordent

409 1885 718 1957 integritate
745 1883 889 1952 ﬁdei,
921 1882 1149 1954 amplius
1169 1880 1385 1939 studeas
1414 1881 1686 1938 adornari.

405 2185 701 2244 Paschalis.
748 2182 954 2242 Saltem
999 2183 1109 2241 dixi
1138 2199 1152 2237 :
1185 2197 1311 2237 nam
1339 2189 1399 2236 ut
1429 2181 1830 2252 simplicissima
1875 2190 1980 2245 est,

410 2258 694 2326 primaque
719 2255 981 2319 omnium,
1009 2269 1130 2323 qua:
1166 2253 1234 2326 ad
1270 2268 1370 2306 nos
1391 2267 1520 2326 cum
1550 2267 1807 2326 expressa
1835 2253 1979 2321 pallii

405 2321 680 2380 mentio—ne
735 2321 1116 2394 pervenerunt,
1168 2323 1244 2376 ita
1291 2321 1670 2394 antiquissima
1720 2322 1980 2375 videtur:

405 2403 534 2472 sunt
559 2395 704 2448 enim
734 2390 1126 2454 additamenta,
1153 2407 1274 2472 quae
1304 2392 1356 2444 in
1385 2390 1513 2472 aliis
1521 2398 1852 2472 cernuntur,
1871 2407 1980 2472 ,ρο-

405 2465 695 2586 δμενὶρτιέῳ
711 2473 1028 2544 temporum
1050 2475 1079 2514 a
1105 2459 1332 2531 pristina
1357 2459 1703 2528 simplicitate
1726 2461 1982 2515 receden-

407 2542 539 2586 tium
563 2549 615 2586 tn
657 2549 781 2586 tela.

407 2535 539 2589 tium
563 2533 781 2587 indicia.

478 2616 503 2644 II
530 2601 860 2673 Apostolicir,
892 2608 1002 2673 etc.
1043 2599 1177 2654 Tota
1205 2606 1534 2673 quanta_est,
1566 2598 1736 2673 verbo
1763 2599 1829 2652 ad
1849 2613 1980 2673 ver:

405 2673 533 2728 bum
575 2667 888 2727 continetur
931 2671 1024 2724 lib.
1053 2667 1290 2740 v,epist.
1317 2671 1370 2733 8,
1399 2667 1645 2740 Gregorii
1689 2667 1863 2740 Magni
1910 2669 1977 2724 ad

405 2742 684 2796 dominum
715 2741 1025 2811 episcopum
1067 2738 1468 2811 MeSsanensem
1498 2738 1822 2811 scribentis
1842 2753 1972 2811 ann.

403 2811 539 2876 595;
572 2806 881 2866 continetur
900 2806 1070 2863 etiam
1094 2809 1320 2878 epistola
1363 2807 1602 2874 ejusdem
1637 2807 1773 2878 libri
1803 2806 1869 2861 18
1908 2808 1975 2861 ad

404 2879 666 2936 Joannem
721 2877 1140 2951 Syracusanum;
1205 2878 1455 2951 Praelatio
1512 2878 1588 2951 ad
1634 2877 1750 2951 haec
1802 2891 1975 2951 usque

405 2951 592 3019 verba,
639 2946 976 3023 prdidi”
1023 2947 1430 3015 concedendum,
1473 2947 1650 3018 posita
1695 2946 1972 3002 fuerat’in

2160 1889 2350 1946 Omnia
2373 1890 2538 1944 etiam
2563 1888 2861 1960 privilegia,
2895 1903 3015 1958 qua:
3043 1898 3148 1944 tute
3167 1889 3376 1959 pridem
3405 1905 3662 1946 concessa

2089 1996 2208 2036 esse
2234 1987 2448 2035 constat
2474 1979 2754 2044 Ecclesiae,
2782 1987 2972 2034 nostra
2997 1979 3321 2035 auctoritate
3359 1979 3663 2048 ﬁrmamus.

2087 2079 2142 2126 et
2173 2071 2392 2125 inlibata
2419 2069 2761 2125 decernimus
2789 2083 3128 2138 permanere.

2086 2181 2313 2252 epistola
2335 2180 2422 2240 54,
2445 2179 2538 2234 lib.
2576 2195 2651 2244 iv,
2679 2179 2749 2252 ad
2764 2179 3124 2252 Marinianum
3151 2181 3541 2238 Ravennatem.

2157 2251 2188 2291 ι)
2218 2251 2447 2325 Auliqu
2467 2249 2858 2325 consuetudine.
2885 2250 3039 2319 Apud
3064 2249 3404 2325 Gregorium.
3431 2256 3661 2325 antiqua:

2082 2320 2472 2374 consuetudinis
2517 2319 2719 2372 ordine.
2761 2319 2891 2374 Inde
2933 2336 3062 2375 vero
3108 2319 3498 2377 conﬁrmantur
3528 2319 3656 2380 tria.

2081 2389 2122 2462 l_.
2156 2390 2338 2462 Etiam
2357 2459 2367 2462 _
2387 2397 2511 2444 ante
2549 2387 2861 2462 Symmachi
2906 2396 3148 2462 tempora
3176 2407 3210 2448 a
3230 2393 3454 2446 summis
3477 2395 3660 2462 ponti-

2082 2458 2273 2530 ficibus
2300 2459 2458 2512 inissa
2483 2459 2894 2530 esseepiscopis
2922 2458 3116 2528 pallia;
3147 2475 3320 2530 neque
3346 2458 3494 2516 enini
3514 2472 3662 2518 esset

2081 2528 2681 2602 antiquaeonsuetudo,
2712 2543 2830 2602 qua:
2856 2537 3070 2582 centum
3099 2528 3271 2584 annos
3300 2547 3405 2585 non
3443 2547 3658 2602 snpera-

2081 2605 2185 2670 ret.
2214 2595 2277 2670 lli.
2316 2597 2476 2670 Missa
2518 2611 2638 2670 esse
2675 2595 2840 2670 pallia
2879 2612 2986 2652 non
3030 2601 3392 2670 metropolitis
3421 2595 3658 2667 tantum,

2080 2667 2173 2740 s_ed
2196 2669 2360 2740 etiam
2381 2667 2651 2740 episcopis
2673 2667 3100 2740 quibuscumque
3117 2685 3133 2723 :
3153 2667 3487 2740 temporibus
3509 2674 3658 2726 enim

2080 2735 2677 2816 gregoriinulluserat
2706 2737 2758 2816 in
2791 2735 2977 2816 Sicilia
3007 2735 3224 2808 prmsul,
3253 2735 3655 2816 qui‘metropo-

2078 2804 2295 2874 litazjus
2328 2806 2574 2861 haberet.
2605 2804 2688 2858 lll.
2719 2804 2922 2871 Quibus
2955 2804 3305 2864 incrementis
3341 2804 3660 2866 Messanem

2076 2876 2153 2931 sis
2173 2877 2367 2930 civitas
2396 2877 2448 2930 in
2480 2875 2995 2943 archiepiscopalem
3031 2879 3225 2932 evasit.

2148 2955 2174 2985 ο
2205 2943 2331 3001 Non
2365 2945 2604 3017 ambigis.
2631 2944 2785 3015 Apud
2812 2943 3153 3016 Gregorium,
3175 2965 3280 3005 non
3317 2951 3655 3022 ambigintua.

1692 3243 1798 3316 91
1841 3258 2179 3338 CAPUT
2251 3259 2316 3334 V

507 3459 592 3504 nn
634 3458 994 3512 DIMIPTII
1033 3456 1238 3506 suum
1281 3453 1632 3503 PONTIFICIS
1683 3454 1767 3496 ΔΙ)
1808 3451 2138 3499 EPISCOPQS
2182 3452 2314 3502 εωε
2357 3451 2830 3506 οιιωκηιοκιε,
2876 3454 2956 3496 DE
2998 3453 3209 3498 SACRIS
3252 3454 3428 3506 ιοοιδ
3471 3454 3554 3507 ΕΤ

1633 3549 2014 3595 SANCTORUM
2065 3548 2380 3601 IELIQUIIS

397 3774 866 3845 Lusitanum—
876 3773 1146 3845 Romulis
1173 3775 1277 3834 hoc
1304 3775 1481 3845 capite
1500 3773 1916 3845 comprehensis
1934 3773 2318 3845 describuntur
2340 3779 2609 3845 praecepta
2639 3769 2834 3827 summi
2859 3769 3207 3845 pontiﬁcis'ad
3229 3772 3509 3845 episcopos
3539 3789 3654 3830 suae

467 3843 848 3914 ordinationis,
872 3843 955 3914 de
977 3844 1112 3914 locis
1139 3845 1328 3908 sacris,
1363 3840 1783 3913 sanctorumque
1827 3843 2090 3914 reliquiis.
2137 3840 2524 3914 mandatgvero
2560 3840 2676 3897 loca
2720 3840 2899 3914 sacra,
2931 3841 2985 3895 id
3022 3850 3144 3914 est,
3165 3840 3439 3914 basilicas,
3468 3852 3653 3900 orato-

469 3913 575 3977 ria,
603 3911 919 3984 baptisteria
941 3922 998 3969 et
1023 3913 1213 3984 altaria
1243 3915 1574 3978 consecrari,
1603 3909 1909 3984 sanctuaria
1948 3909 2235 3984 collocari,
2281 3911 2540 3984 reliquias
2568 3909 2912 3984 concedivel
2929 3913 3150 3984 recondi
3171 3954 3185 3978 ,
3224 3912 3388 3968 levari
3419 3929 3652 3984 corpora

467 3979 798 4049 sanctorum,
830 3991 886 4040 et
907 3983 1218 4056 honestiore
1235 3983 1366 4056 loco
1391 3985 1611 4056 reponi;
1642 3983 1840 4056 prartici
1870 3983 2214 4056 presbyteros
2237 3979 2492 4038 oratoriis
2519 3989 2574 4042 et
2598 3979 2855 4036 basilicis.
2881 3980 3021 4055 sunt
3047 3983 3135 4038 hic
3163 3996 3328 4054 porro
3365 3999 3474 4040 non
3509 3979 3652 4056 prte—

468 4058 750 4122 ceptorum
789 4061 1022 4119 tantum,
1054 4053 1149 4108 sed
1175 4054 1337 4108 etiam
1366 4051 1683 4123 petitionum
1709 4051 1973 4117 formulae.

967 4163 1294 4238 .munus
1330 4165 1371 4221 ι.

651 4325 911 4397 Episcopo
927 4365 944 4393 ,
982 4325 1048 4388 de
1075 4323 1368 4385 ordinando
1392 4325 1712 4397 presbytero.

462 4480 772 4554 Presbyter,
797 4481 888 4551 qui
918 4481 1156 4541 basilicae
1181 4480 1367 4540 lassae
1383 4480 1464 4536 Ill.
1489 4481 1798 4552 praefuerat,
1829 4494 1968 4550 prte-

387 4573 561 4630 aentis
588 4572 770 4628 sacnli
797 4572 996 4628 dicitur
1039 4572 1150 4626 vita
1198 4571 1464 4643 privatus,
1502 4571 1558 4626 in
1597 4570 1750 4640 cujus
1788 4573 1966 4628 locum

387 4665 458 4721 ab
493 4665 600 4731 his,
640 4679 871 4733 quorum
907 4664 1146 4728 intersit,
1179 4662 1259 4717 lli.
1292 4663 1563 4719 Diaconos
1590 4664 1839 4718 substitui
1868 4679 1966 4734 po-

388 4757 648 4821 stulatur;
673 4757 828 4825 cujus
847 4755 1018 4810 vitam
1043 4763 1098 4808 et
1121 4755 1591 4812 conversationem
1613 4755 1852 4810 charitas
1873 4764 1964 4818 tua

391 4845 634 4915 diligenti
677 4842 1076 4898 examinatione
1106 4843 1384 4912 perquirat
1409 4861 1422 4896 :
1453 4850 1509 4898 et
1531 4844 1579 4897 si
1605 4843 1730 4899 vita:
1755 4845 1965 4901 meritis

385 4931 776 4988 venerabilinm
799 4945 1066 4986 canonum
1092 4944 1190 4998 per
1215 4931 1398 4984 omnia
1429 4929 1755 5002 sum-agatur
1779 4942 1965 4988 aucto-

387 5025 545 5090 ritas,
589 5034 615 5063 ι
663 5035 888 5093 vespere
937 5019 1181 5088 Sabbati,
1227 5020 1345 5076 sine
1387 5019 1788 5097 suifragatione,
1837 5038 1962 5082 eum

381 5117 760 5188 presbyterum
809 5111 1126 5176 solemniter
1164 5111 1444 5168 ordinabis
1486 5130 1500 5167 :
1545 5123 1813 5182 quatenus
1859 5116 1961 5170 sub

380 5204 767 5263 ecclesiastica
790 5201 1088 5271 disciplinae
1115 5201 1495 5257 observatione
1520 5201 1714 5271 dignus
1746 5202 1838 5267 sit,
1865 5202 1958 5273 qui

379 5302 739 5351 memoratam
775 5291 1175 5364 inculpabiliter
1217 5291 1521 5370 gubernare
1563 5291 1740 5374 possit
1773 5291 1960 5346 Eccle-

453 5509 480 5537 ι
529 5497 1024 5571 Υιεριτο-δαῡιαεὲ.
1081 5495 1346 5571 Gongruis
1368 5508 1582 5571 nempe
1624 5495 1957 5571 temporibus

373 5562 722 5638 ieiuniorum.
762 5562 1224 5638 Vespera_atl_tet_ti
1267 5562 1499 5628 sabbati,
1537 5562 1583 5616 si
1625 5577 1777 5638 more
1817 5564 1957 5638 agit.

381 5632 492 5702 quo
511 5632 1035 5708 inteuigamr,:aliud
1060 5633 1207 5708 nihil
1227 5641 1333 5698 est,
1363 5645 1524 5702 quam
1554 5647 1680 5702 pars
1707 5632 1796 5687 illa
1824 5634 1954 5708 diei,

384 5717 492 5782 qua
532 5703 768 5764 nondum
814 5704 1080 5778 jejunium
1126 5703 1359 5763 solutum
1405 5709 1552 5759 esset
1576 5720 1590 5756 :
1613 5711 1777 5775 atque
1823 5704 1965 5782 adeo

2583 4157 2692 4237 92
2729 4157 3029 4216 TlTULUS
3064 4158 3126 4214 ΙΙ.

2677 4247 2807 4302 Item
2853 4247 3018 4302 aliud.

2144 4337 2314 4393 Filius
2359 4347 2545 4396 noster
2572 4337 2654 4398 lll.
2684 4336 2996 4407 postulavit,
3028 4338 3082 4392 in
3121 4341 3360 4396 oratorio.
3388 4340 3648 4407 instantia

2074 4441 2172 4483 sua
2197 4435 2533 4493 consecrato,
2563 4426 2760 4483 debere
2798 4427 2901 4482 sibi
2937 4429 3178 4483 ordinari
3224 4432 3602 4502 presbyterum
3626 4451 3648 4493 ξ

2071 4526 2128 4573 et
2166 4518 2287 4573 ideo
2331 4519 2378 4572 si
2421 4517 2736 4572 fraternitas
2775 4526 2867 4572 tua
2910 4517 3059 4574 videt
3102 4519 3377 4588 erpedire,
3405 4531 3501 4577 aut
3524 4539 3647 4594 quae

2070 4608 2267 4675 donata
2295 4616 2443 4673 sunt,
2471 4615 2698 4678 possunt
2725 4608 3085 4674 servientibus
3111 4609 3230 4665 sine
3256 4611 3472 4680 querela
3503 4613 3648 4669 sum-

2069 4711 2214 4754 cere.
2273 4695 2641 4768 Suprascripti
2698 4697 2953 4758 desiderii
3005 4699 3307 4768 praebentes
3359 4701 3644 4771 eﬂ‘ectum,

2067 4788 2320 4856 przesenti
2361 4788 2720 4858 praeceptione
2757 4803 3062 4854 censemus,
3104 4796 3166 4843 ut
3200 4790 3254 4844 in
3296 4792 3486 4848 eodem
3524 4793 3645 4849 loco

2066 4867 2355 4941 ordinare,
2411 4886 2653 4948 tempore
2703 4879 3049 4949 cOmpetenti,
3099 4879 3343 4936 charitas
3397 4891 3489 4937 tua
3540 4883 3640 4938 de-

2066 4968 2193 5024 beat
2229 4968 2636 5039 presbyterum,
2677 4968 2770 5039 qui
2805 4969 2876 5023 sit
2919 4969 3096 5040 dignis
3135 4972 3400 5040 moribus,
3442 4980 3500 5028 et
3535 4971 3641 5029 fide

2064 5054 2354 5127 perfectus,

2079 5125 2082 5142 ⁵
2632 5125 2930 5186 TITULUS
2979 5127 3066 5183 ΙΙΙ.

2419 5213 2613 5286 Petilio
2652 5217 2998 5274 dedicationis
3043 5229 3282 5279 oratam.

2129 5301 2358 5361 Domino
2397 5315 2585 5362 sancto
2626 5314 2684 5375 et
2728 5308 3049 5382 beatissimo
3096 5308 3244 5366 Patri
3293 5310 3512 5368 Patrum
3555 5313 3635 5368 lll.

2060 5406 2214 5462 papae
2238 5392 2469 5451 famulus
2493 5405 2697 5467 vester.

1982 5539 2036 5600 Β
2065 5505 2448 5600 ςξίλιξτᾼινήφο
2489 5525 2617 5600 ηεξ-ε
2645 5510 2749 5596 diei
2777 5511 3109 5600 Do‘minicaz,‘
3131 5512 3174 5600 si
3213 5513 3279 5600 ag
3306 5527 3426 5600 eam
3466 5529 3641 5600 usque

2061 5577 2800 5700 Brotraheretur‘jejunium.
2845 5580 2978 5657 Vide
3026 5583 3184 5672 epist.
3239 5581 3296 5655 _S.
3337 5577 3637 5656 Leonis-aq

2113 5661 2400 5700 toscorum.

2113 5661 2400 5704 noscorum.
