3990 6184
347 389 416 452 89
1306 397 1751 454 ROMANORUM
1790 397 2231 457 PONTIFICUI.
2269 426 2340 442 -ι
2367 404 2513 457 CAP.
2559 404 2622 460 V.

417 509 497 564 Ad
518 516 863 578 augmentum
890 508 1174 564 catholica:
1200 509 1476 580 religionis
1501 511 1755 581 pertinet,
1786 525 1918 580 quo-
1942 511 1996 571 Α

351 601 482 654 tiens
522 599 578 654 lu
618 600 821 654 honore
863 607 1168 654 sanctorum
1216 599 1332 654 loca
1379 599 1703 656 venerabilia
1734 601 1916 656 divino

349 690 509 745 cultui
539 699 948 745 consecrantur.

411 778 468 832 ln
495 779 696 848 praedio
720 780 932 850 quidem
961 781 1038 834 Ill.
1060 781 1201 849 juris
1225 781 1329 836 mei
1358 781 1658 846 basilicam,
1691 790 1911 850 sumptu

343 871 578 939 proprio,
621 886 709 924 me
750 887 977 942 suggero
1019 873 1408 936 construxisse,
1434 888 1597 942 quam
1624 873 1678 926 in
1708 873 1912 928 honore

343 968 650 1016 sanctorum
673 963 753 1017 Ill.
778 973 833 1018 et
859 964 937 1017 Ill.
967 972 1266 1034 martyrum
1292 965 1537 1018 desidem
1567 966 1904 1020 consecrari:

343 1052 428 1104 cui
465 1052 702 1107 basilicae
730 1053 796 1106 ad
827 1053 1136 1118 luminaria,
1166 1054 1251 1108 vel
1282 1055 1350 1110 ad
1377 1054 1685 1108 alimoniam
1712 1055 1909 1110 ibidem

339 1141 695 1196 servientibus
722 1141 892 1198 offero
914 1143 994 1197 Ill.
1027 1153 1080 1198 et
1102 1145 1180 1198 Ill.

408 1232 746 1303 Quapropter
774 1251 955 1306 quaeso
983 1237 1342 1306 apostolatum
1369 1246 1627 1302 vestrum,
1662 1238 1738 1292 uti
1768 1237 1908 1293 detis

337 1322 724 1391 praeceptiones
749 1333 961 1379 vestras
985 1325 1050 1378 ad
1079 1325 1166 1378 Ill.’
1183 1327 1546 1381 venerandum
1569 1327 1803 1381 civitatis
1824 1326 1903 1381 Ill.

333 1411 666 1476 Antistitem,
709 1423 975 1482 quatenus
1022 1430 1183 1483 supra
1227 1424 1582 1469 memoratam
1625 1415 1905 1470 basilicam

336 1499 526 1553 debeat
571 1503 932 1557 sacrosanctis
978 1503 1255 1572 mysteriis
1303 1517 1644 1567 consecrare,
1691 1513 1752 1557 ut
1801 1505 1905 1558 hoc

334 1587 496 1655 facto,
544 1591 890 1648 beatitudinis
931 1603 1126 1648 vestrae
1162 1594 1494 1664 temporibus
1521 1604 1708 1649 sancta
1739 1609 1903 1649 vene-

332 1679 474 1733 ratio
501 1688 680 1734 sumat
705 1694 1072 1751 augmentum.

399 1771 660 1828 Promitto
687 1775 910 1844 pariter,
954 1774 1086 1829 nihil
1129 1774 1264 1829 mihi
1298 1775 1365 1829 de
1397 1775 1586 1831 eodem
1616 1774 1734 1830 loco
1759 1775 1897 1830 ulte-

3519 417 3591 471 90

2523 512 2632 586 οι
2667 512 2966 573 'l‘l'I‘ULUS
2999 516 3065 572 v.

2259 600 2579 671 Responsum
2611 603 2674 657 de
2701 609 2970 675 sperandis
3007 613 3342 670 sanctuariis.

2087 693 2115 734 δ
2145 693 2466 749 Sanctuaria
2488 697 2631 750 beati
2664 697 2742 752 Ill.
2764 698 2844 753 Ill.
2868 701 3043 756 oblata
3079 705 3334 773 petitione
3358 707 3459 762 sibi
3483 722 3580 778 po-

2011 786 2176 841 stulat
2199 787 2396 843 debere
2426 791 2668 857 concedi,
2694 802 2958 861 quatenus
2980 797 3031 850 in
3063 796 3178 866 ejus
3200 801 3417 856 nomine
3438 804 3583 858 basi-

2009 877 2111 933 lica
2140 880 2375 947 propriis
2418 892 2733 936 constructa
2780 888 3082 955 sumptibus
3109 889 3417 946 solemniter
3452 910 3580 948 con-

2009 970 2209 1024 secrari
2238 969 2432 1024 debeat
2460 988 2473 1023 :
2502 980 2558 1024 et
2592 972 2731 1035 ideo,
2778 974 2950 1030 frater
2989 978 3320 1044 eharissime,
3366 982 3579 1052 prmfati

2008 1059 2310 1124 desideriis,
2353 1075 2421 1114 ex
2466 1069 2654 1114 nostra
2695 1070 2749 1116 te
2792 1068 3156 1135 praeceptione
3184 1073 3428 1125 convenit
3454 1074 3584 1125 obe-

2007 1148 2142 1211 dire,
2174 1150 2251 1202 uti
2283 1150 2582 1205 devotionis
2611 1167 2744 1217 sum,
2775 1153 2830 1207 in
2862 1160 3274 1214 consecratione
3303 1176 3463 1231 quam
3491 1178 3580 1233 po-

2007 1237 2191 1304 stulat,
2214 1240 2462 1313 potiatur
2485 1241 2696 1296 effectu.

2581 1330 2879 1387 TITULUS
2916 1335 2998 1388 VI.

2460 1419 2541 1474 De
2566 1422 2754 1476 dandis
2776 1426 3116 1481 sanctuariis.

2074 1505 2131 1560 In
2163 1509 2405 1563 oratorio
2450 1511 2518 1564 ab
2565 1509 2645 1563 Ill.
2689 1522 3019 1579 constructo,
3056 1518 3199 1585 quod
3228 1518 3454 1588 jubente
3482 1525 3578 1577 de—

2003 1611 2220 1652 cessore
2262 1608 2478 1663 nostro,
2535 1599 2589 1654 in
2640 1602 2896 1658 honorem
2943 1606 3226 1662 beatorum
3275 1609 3354 1663 Ill.
3396 1622 3452 1666 et
3489 1612 3572 1666 Ill.

2003 1684 2205 1739 dicitur
2261 1696 2676 1752 consecratum,
2727 1688 2872 1744 beati
2924 1690 3175 1763 Martyris
3222 1693 3303 1749 Ill.
3356 1706 3578 1767 accepta

2003 1773 2313 1826 sanctuaria
2353 1773 2573 1827 dilectio
2607 1782 2717 1839 tua,
2755 1777 2854 1829 sub
2880 1793 3115 1847 congrua
3154 1780 3459 1847 devotione,
3495 1798 3581 1838 re-

327 1861 443 1917 rius
491 1864 889 1931 vindicandum,
935 1866 1039 1920 nisi
1080 1866 1444 1936 processionis
1487 1868 1740 1938 gratiam,
1779 1882 1898 1938 quae
1925 1851 1973 1910 Β
2001 1861 2212 1926 ﬁlim“.
2249 1871 2309 1919 ιη
2344 1865 2638 1933 supradicti
2686 1876 2876 1923 sane“
2923 1868 3172 1939 relisiosa
3221 1874 3428 1941 Ρθιίιίοι
3479 1890 3580 1944 Per

323 1949 655 2008 Christianis
677 1955 926 2008 omnibus
955 1955 1008 2009 in
1037 1969 1322 2009 commune
1351 1956 1593 2010 debetur.

391 2041 506 2110 93
536 2042 662 2094 Pari
690 2056 849 2111 prece
877 2045 1130 2112 deposco,
1160 2053 1222 2098 ut
1247 2045 1390 2098 datis
1421 2044 1668 2100 aﬁ'atibus
1705 2047 1901 2102 vestris

317 2133 395 2186 ad
421 2133 505 2184 Ill.
530 2133 897 2188 venerandum
920 2134 1002 2189 lll.
1027 2134 1265 2190 civitatis
1285 2135 1613 2206 episcopum,
1637 2147 1904 2206 quatenus

316 2221 503 2291 possit
527 2222 661 2276 mihi
686 2222 939 2292 reliquias
964 2239 1125 2294 supra
1146 2233 1566 2281 memoratorum
1590 2235 1900 2285 sanctorum

321 2311 644 2368 solemniter
683 2316 1022 2370 contrudere.

900 2428 1196 2486 TITULUS
1231 2432 1319 2488 IV.

655 2517 981 2588 Responsum
1011 2521 1232 2574 oratorii
1261 2521 1557 2576 dedicandi.

394 2619 421 2648 ι
448 2606 708 2662 Petitoria
737 2607 815 2662 Ill.
848 2609 1004 2665 nobis
1035 2611 1398 2665 insinuatione
1423 2612 1710 2682 suggessit,
1747 2613 1894 2683 quod

323 2699 549 2754 habetur
598 2699 652 2753 in
698 2699 970 2754 subditis:
998 2700 1053 2754 in
1086 2700 1252 2756 fundo
1293 2702 1372 2756 Ill.
1407 2703 1545 2772 juris
1587 2703 1664 2757 Ill.
1713 2714 1894 2759 orato-

325 2791 462 2844 rium
501 2805 560 2845 se
589 2805 689 2858 pro
714 2807 807 2844 sua
841 2791 1128 2847 devotione
1162 2791 1437 2857 fundasse,
1469 2794 1614 2862 quod
1640 2795 1696 2849 in
1725 2794 1895 2851 bono-

323 2895 438 2935 rem
467 2881 640 2935 sancti
665 2880 746 2934 Ill.
776 2881 1050 2936 desiderat
1076 2884 1407 2938 consecrari.

393 2969 461 3024 Et
491 2971 612 3026 ideo
634 2970 948 3026 fraternitas
970 2980 1082 3036 tua,
1109 2973 1153 3026 si
1184 2973 1240 3026 in
1264 2981 1368 3028 tua:
1393 2973 1663 3044 parochite
1684 2990 1892 3031 memo-

322 3071 440 3116 rata
469 3062 804 3117 constructio
833 3060 955 3130 jure
980 3063 1246 3128 consistit,
1275 3071 1332 3117 et
1360 3063 1563 3118 nullum
1595 3078 1791 3136 corpus
1817 3066 1891 3121 ibi

321 3161 535 3208 constat
561 3153 862 3216 humatum,
889 3161 1139 3224 percepta
1166 3154 1418 3223 primitus
1443 3155 1732 3211 donatione
1757 3156 1890 3227 legi-

325 3244 476 3308 tima,
505 3243 555 3296 id
583 3250 690 3305 est,
717 3242 797 3298 Ill.
827 3251 882 3298 et
905 3242 984 3297 lll.
1031 3243 1112 3299 vel
1156 3243 1236 3298 Ill.
1275 3252 1598 3314 praestantes
1625 3245 1824 3301 liberos
1859 3263 1890 3300 a

324 3332 595 3387 ﬁscalibus
619 3333 808 3397 titulis,
838 3331 1038 3388 solidos
1058 3341 1157 3398 tot,
1181 3333 1454 3403 gestisque
1475 3335 1893 3406 municipalibus

323 3423 581 3494 allegatis,
613 3421 928 3492 praedictum
954 3424 1254 3479 oratorium
1286 3424 1487 3493 absque
1511 3425 1694 3480 missis
1721 3425 1895 3494 publi-

2001 1965 2223 2021 operam
2253 1954 2609 2009 sacerdotalis
2637 1956 2819 2022 ofﬁcii,
2849 1966 3123 2016 mereatur
3151 1960 3418 2017 effectum.

2563 2066 2862 2123 TITULUS
2901 2067 3008 2123 VII.

2306 2155 2383 2209 De
2411 2156 2587 2209 dando
2618 2158 2868 2225 beneﬁcio
2890 2160 3059 2224 sancti
3084 2160 3277 2230 angeli.

2071 2239 2153 2296 Ill.
2185 2252 2205 2280 ο
2236 2243 2500 2298 beneﬁcia
2527 2245 2699 2300 sancti
2720 2245 3070 2317 Archangeli,
3097 2248 3275 2303 oblata
3297 2251 3577 2320 petitione,

1997 2330 2100 2386 sibi
2143 2331 2382 2401 postulat
2430 2332 2627 2389 debere
2679 2336 2926 2399 concedi,
2959 2345 3224 2406 quatenus
3251 2340 3304 2394 in
3335 2341 3452 2410 ejus
3480 2359 3581 2398 no-

1995 2421 2142 2475 mine
2159 2423 2459 2476 oratorium
2487 2423 2596 2493 95
2619 2425 2853 2494 propriis
2875 2435 3247 2482 constructum
3269 2431 3578 2500 sumptibus

1993 2511 2164 2580 possit
2211 2512 2528 2568 solemniter
2569 2516 2879 2570 consecrari
2909 2533 2922 2568 :
2950 2524 3005 2571 et
3040 2517 3181 2584 ideo,
3233 2517 3403 2575 frater
3443 2523 3572 2577 cha-

1994 2601 2225 2667 rissiine,
2252 2603 2461 2673 praefati
2493 2604 2796 2671 desideriis,
2828 2622 2895 2660 ex
2926 2617 3108 2662 nostra
3139 2618 3190 2663 te
3213 2612 3572 2680 praeceptione

1991 2695 2246 2748 convenit
2285 2695 2527 2761 obedire,
2565 2705 2628 2752 ut
2663 2698 2969 2753 devotionis
3015 2714 3147 2765 suat,
3197 2700 3254 2756 in
3291 2716 3576 2760 consecra-

1994 2784 2140 2838 tione
2169 2800 2332 2854 quam
2355 2786 2610 2857 postulat,
2641 2789 2878 2856 potiatur
2905 2786 3120 2844 elI'ectu.

2548 2894 2845 2952 TITULUS
2890 2895 3023 2951 VIII.

1992 2981 2282 3054 Responsio
2309 2985 2373 3040 de
2401 2985 2692 3041 dedicanda
2725 2988 2956 3041 oratorio
2998 2988 3142 3042 intra
3186 2991 3568 3043 monasterium

2581 3057 2956 3111 monachorum
2967 3096 2980 3110 .

2059 3141 2089 3183 ἀ
2131 3143 2416 3216 Religiosis
2467 3145 2750 3201 desideriis
2792 3147 2909 3201 sine
2952 3146 3264 3204 difﬁcultate
3316 3152 3567 3220 praestari

1917 3193 1962 3254 ϐ
1991 3193 2445 3290 decet—signium.
2470 3193 2744 3302 animiam
2783 3235 2862 3290 Ill.
2901 3235 3086 3292 Sancti
3116 3237 3194 3291 Ill.
3212 3193 3290 3293 in

1991 3338 2100 3392 quo
2145 3325 2395 3386 monachi
2443 3325 2724 3389 habitant,
2780 3325 3103 3389 oratorium,
3154 3341 3254 3395 pro
3297 3335 3422 3382 voto
3470 3342 3568 3380 suo

1993 3414 2128 3468 dixit
2161 3429 2282 3467 esse
2313 3413 2616 3477 fundatum,
2657 3415 3002 3469 dilectionem
3031 3425 3179 3470 tuam
3217 3417 3571 3485 prtesentibus

321 3511 418 3575 eis,
462 3509 778 3566 solemniter
823 3513 1184 3576 eonsecrabit,
1236 3513 1310 3567 ita
1352 3521 1412 3568 ut
1450 3515 1505 3567 in
1533 3513 1721 3568 eodem
1752 3515 1891 3577 loco.
1987 3501 2324 3570 ἱυεείοηῖδυδ
2383 3503 2636 3556 duximus
2694 3503 3084 3558 admonendam
3117 3543 3133 3567 ν
3188 3512 3452 3572 quam“!
3503 3507 3570 3560 ad

322 3614 418 3660 nec
440 3598 641 3655 futuris
669 3602 1000 3671 temporibus
1020 3602 1335 3671 baptisteria
1357 3611 1763 3670 construantur,
1792 3619 1892 3659 nec

319 3691 693 3760 presbyterum
723 3691 1025 3748 constituas
1053 3691 1404 3748 cardinalem.

388 3778 496 3836 Sed
541 3780 645 3836 etsi
694 3781 889 3838 missas
919 3781 1038 3838 fieri
1077 3783 1180 3838 sibi
1221 3782 1362 3840 forte
1394 3784 1666 3852 maluerit,
1699 3800 1730 3840 a
1759 3786 1891 3843 dile-

319 3873 498 3928 ctione
533 3882 627 3928 tua
662 3875 875 3929 noverit
910 3876 1284 3947 presbyterum
1317 3877 1723 3946 postulandum,
1757 3894 1893 3949 qua-

319 3971 478 4017 tenus
511 3961 647 4018 nihil
687 3961 794 4022 tale
821 3977 852 4016 a
878 3963 1118 4034 quolibet
1141 3962 1246 4018 alio
1276 3965 1558 4021 sacerdote
1583 3965 1891 4022 nullatenus

318 4053 691 4122 pmsumatur.
720 4052 1040 4108 Sanctuaria
1066 4067 1195 4109 vero
1222 4063 1492 4124 suscepta,
1520 4054 1604 4109 sui
1645 4070 1765 4110 cum
1806 4071 1890 4112 re-

318 4142 583 4208 verentia,
611 4141 917 4199 collocabis.

386 4307 412 4334 ·
447 4291 729 4364 Retitoria.
769 4293 884 4364 Hac
923 4292 1149 4348 formula
1181 4294 1264 4349 bis
1293 4307 1423 4348 usus
1446 4293 1715 4364 reperitur
1735 4293 1888 4348 Pela-

318 4366 434 4431 gius
471 4362 515 4427 I,
553 4363 723 4418 semel
771 4363 1099 4427 Eleutherio,
1139 4365 1333 4433 iterum
1378 4362 1583 4418 Alterio
1635 4365 1888 4433 episcopo

319 4434 590 4498 scribens,
633 4433 680 4486 si
719 4435 990 4487 credimus
1030 4432 1327 4495 Holstenio,
1359 4434 1450 4500 qui
1481 4447 1548 4486 ex
1573 4432 1888 4487 collectione

1991 3591 2312 3662 praedictum
2367 3589 2582 3656 locum,
2627 3606 2748 3645 cum
2801 3591 3174 3661 postulaverit,
3223 3594 3568 3663 ingravanter

1992 3682 2242 3748 accedas,
2293 3683 2598 3739 veneranda
2650 3683 2908 3739 solemnia
2959 3683 3315 3739 dedicationis
3365 3685 3572 3755 impeno

1989 3773 2141 3837 dens,
2170 3781 2230 3827 ut
2252 3773 2505 3842 quotiens
2546 3788 2767 3828 necesse
2812 3772 2990 3836 fuerit,
3025 3789 3053 3827 a
3086 3776 3419 3846 presbyteris
3459 3776 3562 3833 Ec-

1987 3865 2166 3920 clesia:
2187 3865 2242 3920 in
2268 3879 2429 3935 supra
2452 3863 2654 3935 scripto
2676 3864 2795 3920 loco
2819 3865 3249 3921 deservientibus
3287 3867 3564 3924 celebren-

1990 3965 2078 4010 tur
2101 3954 2370 4010 sacrilieia
2394 3955 2697 4010 veneranda
2730 3957 3020 4010 missarum
3061 3973 3073 4009 :
3108 3956 3180 4011 ita
3211 3965 3270 4011 ut
3294 3957 3346 4013 in
3371 3957 3563 4013 eodem

1987 4045 2338 4110 monasterio,
2364 4059 2539 4115 neque
2561 4043 2878 4100 fraternitas
2902 4053 3013 4111 tua,
3037 4061 3213 4116 neque
3236 4046 3562 4118 presbyteri,

1985 4144 2184 4206 praeter
2216 4134 2547 4207 diligentiam
2576 4135 2890 4205 disciplinae,
2939 4137 3146 4206 aliquid
3189 4137 3562 4195 molestiarum

1985 4298 2042 4342 et
2078 4288 2318 4356 reliquiae
2351 4287 2409 4342 S.
2447 4286 2721 4342 Michaelis
2756 4302 2770 4340 :
2817 4287 3034 4341 nomine
3084 4286 3228 4356 enim
3285 4287 3457 4356 angeli
3497 4286 3568 4340 si-

1988 4355 2240 4434 gnificari
2283 4357 2628 4434 Michaelem,
2669 4365 2878 4434 certum
2921 4365 3024 4409 est.
3085 4355 3420 4434 Responderi
3466 4371 3564 4424 po-

1990 4422 2126 4491 test,
2168 4425 2334 4480 fuisse
2384 4424 2613 4480 fortasse
2654 4433 2958 4479 ramentum
3003 4422 3300 4492 exilapide,
3347 4425 3399 4478 in
3451 4422 3558 4492 quo

319 4491 612 4582 icardinali's
656 4502 947 4558 Deusdedit
985 4501 1240 4573 epistolas
1283 4491 1402 4557 illas
1437 4501 1571 4556 duas
1603 4517 1725 4557 cum
1763 4501 1886 4567 aliis

1999 4497 2115 4550 olim
2139 4495 2492 4582 archangelus
2531 4495 2942 4582 apparuitmaut‘
2971 4493 3023 4546 in
3060 4491 3311 4582 Gargano
3357 4491 3562 4582 monte,

318 4581 638 4721 2;:
663 4640 861 4721 deinde
880 4639 1176 4721 Gregorius
1200 4639 1422 4721 Magnus
1448 4639 1623 4721 tribus
1652 4639 1703 4721 in
1727 4639 1882 4721 locis,

323 4711 412 4766 lib.
445 4727 542 4774 vti,
591 4711 749 4779 epist.
793 4710 884 4776 85,
927 4709 1113 4766 inﬂict.
1143 4710 1207 4774 2;
1257 4709 1351 4763 lib.
1392 4725 1510 4779 vui,
1537 4709 1792 4779 epist._65
1815 4711 1883 4762 ad

323 4782 540 4851 Decium
569 4775 962 4851 Lilybetanum,
991 4789 1046 4834 et
1071 4780 1164 4835 lib.
1197 4794 1252 4832 xi
1282 4779 1440 4848 epist.
1490 4775 1664 4832 20'ad
1707 4775 1886 4832 Passi-

319 4863 443 4905 vum
475 4849 810 4916 Firmanum.

394 4922 423 4974 ιλ
453 4915 798 4983 Sanctuaria,
824 4927 929 4986 etc.
955 4918 1090 4997 Tota
1116 4919 1240 4997 hate
1256 4915 1509 4997 formula,
1537 4917 1885 4997 quemadmo-

322 4991 446 5053 dum
487 4999 544 5044 et
583 4998 980 5058 consequentes
1022 4990 1158 5058 dum,
1209 4987 1486 5057 desumpta
1508 4995 1600 5058 est
1625 5003 1692 5058 ex
1722 4987 1880 5058 epist.

320 5060 412 5124 26,
435 5059 531 5114 lib.
557 5075 615 5114 ιι
640 5058 700 5114 S.
725 5056 971 5130 Gregorii
997 5076 1009 5111 :
1041 5057 1270 5112 habetur
1307 5056 1469 5112 etiam
1501 5057 1595 5111 lib.
1627 5057 1680 5121 7,
1723 5056 1882 5125 epist.

393 5199 717 5275 Sanctuaria
735 5269 747 5275 _
768 5213 948 5275 porro__
977 5205 1101 5275 sunt
1130 5196 1214 5250 vel
1257 5195 1385 5275 ipsa:
1426 5193 1889 5275 sanctorumreli-

323 5269 480 5339 quiat,
513 5269 598 5323 vel
637 5266 822 5339 potius
855 5267 1204 5337 reliquiarum
1244 5266 1435 5331 them
1459 5266 1564 5330 vel,
1613 5275 1675 5318 ut
1714 5266 1883 5327 aiunt,

327 5340 653 5396 reliquiaria.

395 5355 710 5478 93:338.;
729 5407 898 5467 sancti
917 5404 1233 5478 archangeli.
1255 5404 1648 5478 Beneficiorum
1671 5402 1889 5478 nomine

327 5471 870 5553 intelligi_reliquias,
910 5471 1172 5553 discimus
1207 5491 1274 5529 ex
1311 5472 1368 5529 S.
1406 5473 1567 5542 Greg.
1604 5471 1884 5553 epistzzﬁ,

325 5548 414 5606 lib.
440 5541 617 5611 2,'ubi
654 5541 862 5602 mentior
902 5546 962 5601 fit
1005 5547 1071 5602 de
1117 5559 1277 5601 cruce
1312 5559 1344 5597 a
1388 5541 1598 5598 summa
1636 5541 1888 5612 pontifice

326 5610 490 5673 missa
515 5618 582 5672 ad
607 5617 952 5688 Dynamium,
993 5618 1046 5672 in
1069 5631 1173 5688 qua
1194 5612 1447 5688 beneﬁcia
1473 5610 1670 5688 autem?
1787 5610 1886 5665 Pe-

326 5690 410 5754 tri,
439 5699 488 5743 et
507 5680 782 5742 craticula:
805 5684 867 5741 S.
892 5680 1162 5740 Laurentii
1186 5685 1383 5754 inserta
1405 5689 1574 5754 erant.
1603 5680 1711 5754 S_ed
1738 5695 1885 5754 (ινφ-

327 5750 474 5834 sicut
499 5757 721 5828 aliquis,
751 5770 872 5847 qua:
898 5756 1114 5829 tandem
1140 5752 1366 5832 cogitari
1389 5750 1600 5823 possint
1622 5750 1884 5821 beneﬁcia

1990 4574 2086 4619 aut
2128 4562 2252 4616 alibi
2299 4561 2526 4630 uspiam.
2564 4561 2895 4618 'Credibilius
2928 4570 3106 4615 tamen
3152 4561 3365 4614 videtur
3391 4562 3558 4617 fuisse

1990 4635 2208 4704 pallium
2245 4633 2404 4686 altari
2439 4646 2534 4686 seu
2575 4632 2849 4685 memoria:
2883 4632 3056 4684 sancti
3103 4630 3408 4698 archangeli
3455 4633 3562 4688 im-

1991 4714 2242 4783 positum,
2285 4718 2340 4766 et
2379 4724 2480 4780 pro
2515 4707 2893 4764 benedictione
2935 4708 3244 4776 petentibus
3284 4707 3426 4763 dono
3464 4709 3560 4764 da-

1991 4794 2126 4838 tum.

2061 4851 2213 4906 Hanc
2249 4850 2612 4920 conjecturam
2651 4854 2916 4920 auget,_et
2941 4847 3029 4920 vix
3059 4861 3180 4920 non;
3198 4846 3556 4920 indubitatam

1993 4921 2192 4985 reddit,
2239 4917 2382 4990 quod
2428 4919 2560 4990 mihi
2586 4934 2617 4973 a
2646 4919 2710 4973 V.
2738 4917 2801 4973 C.
2834 4917 3108 4990 Stephano
3148 4917 3366 4973 Baluzio
3408 4935 3558 4974 com-

1992 4988 2322 5045 municatum
2348 4995 2449 5052 est,
2474 4989 2796 5058 Excerptum
2819 5003 2884 5041 ex
2909 4988 3142 5058 Historia
3166 4998 3561 5058 ms.‘;ponaste-

1993 5061 2058 5114 rii
2102 5059 2158 5114 S.
2205 5059 2481 5115 Michaelis
2527 5056 2863 5113 Cuxauensis
2905 5057 2960 5110 in
3003 5057 3225 5112 ditecesi
3280 5056 3555 5119 Helnensi.

1993 5126 2152 5197 q‘uam
2206 5128 2428 5184 Garsias
2478 5128 2718 5197 ejusdem
2767 5127 2869 5181 loci
2911 5128 3208 5197 monachus
3257 5127 3561 5197 composuit

1993 5195 2140 5275 circa
2169 5213 2368 5275 annum
2389 5195 2573 5275 ﬁnit.
2614 5197 2892 5275 Sic-enim
2921 5195 3119 5275 habet:
3149 5195 3305 5275 Sunt“
3325 5195 3560 5275 reliquias

1995 5268 2159 5347 ipsius
2185 5267 2401 5338 gloriosi
2431 5266 2734 5347 archangeli
2763 5264 3060 5330 Michaelis,
3088 5281 3152 5320 ea:
3179 5263 3340 5335 pallio
3364 5263 3561 5318 scilicet

1997 5337 2110 5412 ejus
2133 5347 2339 5412 sancta
2359 5337 2680 5412 memoriae;
2717 5405 2732 5412 _
3003 5405 3015 5412 _
3039 5405 3053 5412 _
3287 5401 3338 5412 __

2062 5406 2089 5446 ά
2123 5405 2428 5476 Religiosis,
2475 5414 2578 5460 etc.
2638 5404 2876 5476 Habetur
2921 5405 3143 5476 totidem
3189 5401 3373 5454 verbis
3419 5397 3561 5476 apud

1990 5473 2307 5548 Gregorium
2353 5476 2448 5548 lib.
2495 5491 2590 5548 vn,
2635 5476 2794 5544 epist.
2845 5473 2934 5530 49.
2964 5474 3091 5527 lude
3135 5483 3265 5548 vero
3307 5475 3560 5548 constat,

1990 5493 2096 5532 ure
2133 5493 2307 5532 ortum
2353 5493 2448 5531 Ill).
2495 5493 2590 5538 VII,
2635 5493 2794 5544 eplSl.
2845 5493 2934 5530 43.
2965 5493 3091 5527 uiue
3140 5493 3265 5522 veru
3307 5493 3556 5532 curtatas,

1988 5493 2133 5614 quos
2172 5546 2338 5602 fuerit
2371 5543 2460 5614 jus
2497 5545 2873 5618 cpiscOporum
2914 5551 2969 5598 et
3009 5539 3453 5618 presbyterorum
3478 5537 3556 5618 _in

1987 5605 2305 5672 consecrata
2349 5605 2589 5674 6ratoria
2630 5633 2642 5669 :
2681 5605 2833 5684 'quod
2884 5605 3270 5668 monachorum
3318 5605 3372 5663 in
3404 5605 3558 5664 oblao

1987 5685 2178 5742 tiones.
