3990 6184
402 341 473 403 91
1759 340 1965 399 LIBER
2002 340 2113 399 DIU
2121 341 2310 401 RNUS
3598 354 3668 411 οξ

405 459 668 531 inferant,
708 466 771 516 ut
798 461 846 517 si
874 460 1006 533 quid
1025 474 1128 533 pro
1155 458 1491 525 diversorum
1519 455 1808 513 devotione
1828 472 1977 513 com-
2001 458 2055 520 Α
2080 463 2192 515 ιιιιιι
2217 467 2484 527 vestrum,
2513 461 2614 529 nti,
2662 462 2788 518 data
2816 460 3061 532 iussione
3090 472 3291 533 vestra,
3325 466 3383 524 in
3421 471 3667 539 pradicti

406 552 685 609 meditatis
733 549 1050 619 accesserit,
1094 549 1199 607 sibi
1244 547 1515 605 aestiment
1558 547 1980 615 vindicandum,

2083 549 2257 603 sancti
2287 548 2366 605 Ill.
2405 552 2662 625 martyris
2696 552 2977 619 honorem,
3017 553 3305 613 Basilicam
3340 560 3543 631 possim
3573 563 3668 618 de-

405 656 531 701 cum
556 640 841 699 monachis
872 641 930 696 in
959 638 1149 695 eodem
1179 637 1297 694 loco
1325 636 1761 694 deservientibus
1786 638 1983 697 debeat
2082 638 2284 696 dicare.

403 733 691 805 proficere,
720 730 980 802 quidquid
1013 727 1194 785 oﬂ‘erri
1216 727 1544 784 constiterit.

888 840 1001 910 οε
1038 835 1338 894 muws
1374 836 1468 891 Ix.

533 933 613 988 De
644 929 984 987 recondendt's
1010 928 1246 1000 reliquiis
1275 928 1417 983 intra
1446 930 1840 985 monasterium.

475 1055 502 1086 ι
538 1041 827 1112 Religiosis
868 1040 1157 1096 desideriis
1202 1041 1321 1096 sine
1368 1039 1682 1097 difﬁcultate
1732 1045 1976 1114 praestari

401 1134 556 1189 decet
583 1132 831 1188 effectum
864 1149 877 1185 :
908 1139 1071 1201 atque
1099 1132 1240 1194 ideo,
1274 1132 1531 1201 quoniam
1564 1132 1644 1186 lll.
1677 1133 1844 1188 abbas
1869 1149 1980 1191 mo-

399 1227 620 1281 nasterii
659 1225 739 1280 lll.
774 1225 860 1281 vel
901 1224 983 1279 Ill.
1027 1224 1120 1294 qui
1165 1232 1249 1279 est
1293 1224 1588 1295 supradicti
1639 1224 1974 1291 monasterii,

395 1316 697 1371 oratorium
728 1331 829 1386 pro
855 1323 982 1370 voto
1011 1329 1108 1370 suo
1135 1315 1273 1369 dixit
1305 1328 1425 1370 esse
1461 1314 1763 1381 fundatum,
1794 1323 1980 1384 postu-

396 1405 538 1472 lans,
586 1413 648 1460 ut
685 1405 924 1461 dedicari
985 1405 1215 1460 debeat:
1248 1405 1590 1460 dilectionem
1642 1413 1790 1459 tuam
1842 1420 1979 1475 prte-

396 1497 644 1553 sentibus
675 1495 1012 1565 jussionibus
1053 1495 1302 1551 duximus
1341 1495 1754 1562 admonendam,
1787 1506 1979 1565 quate-

397 1600 501 1661 nus
530 1585 596 1641 ad
624 1585 941 1656 praedictum
983 1585 1180 1650 locum,
1224 1601 1344 1641 cum
1385 1585 1757 1654 postulaverit,
1797 1586 1978 1658 ingra-

395 1684 592 1731 vanter
642 1676 893 1742 accedas,
950 1676 1258 1731 veneranda
1310 1674 1571 1731 solemnia
1619 1676 1978 1731 dedicationis

397 1766 740 1838 impendens,
767 1776 827 1822 ut
853 1766 1102 1837 quotiens
1122 1781 1347 1821 necesse
1378 1765 1563 1831 fuerit,
1591 1781 1621 1821 a
1643 1765 1976 1837 presbyteris

392 1858 640 1915 ecclesiae
664 1859 719 1913 in
748 1857 939 1914 eodem
982 1856 1105 1913 loco
1143 1856 1594 1923 descrvientibus,
1636 1855 1981 1912 celebrentur

395 1950 662 2007 sacrificia
690 1948 998 2004 veneranda
1028 1948 1338 2003 missarum.

465 2040 543 2095 Ita
569 2047 630 2094 ut
654 2040 709 2094 in
735 2040 923 2095 eodem
948 2038 1085 2101 loco,
1115 2053 1293 2108 neque
1322 2036 1637 2092 fraternitas
1662 2045 1773 2104 tua,
1802 2051 1978 2106 neque

391 2131 716 2202 presbyteri,
768 2139 966 2201 praeter
1014 2129 1353 2201 diligentiam
1402 2128 1723 2199 disciplinae,
1774 2128 1980 2198 aliquid

391 2223 765 2280 molestiam
808 2221 1077 2288 inferant;
1126 2230 1220 2277 aut
1259 2222 1305 2277 si
1342 2221 1472 2292 quid
1507 2235 1608 2291 pro
1637 2220 1979 2276 diversorum

392 2317 685 2375 devotione
730 2314 1132 2372 commoditatis
1186 2313 1499 2377 accesserit,
1552 2312 1656 2367 sibi
1706 2311 1982 2367 astiment

394 2405 782 2462 Vindicandum
817 2419 833 2459 :
863 2419 989 2460 cum
1038 2403 1322 2460 monachis
1364 2403 1421 2459 in
1470 2402 1661 2459 eodem
1716 2402 1838 2458 loco
1887 2402 1981 2457 de-

393 2496 755 2552 servientibus
799 2492 992 2551 debeat
1038 2491 1325 2566 proficere,
1367 2492 1632 2565 quidquid
1667 2492 1980 2549 constiterit

392 2585 601 2645 oﬂ'erri.

461 2675 786 2733 Sanctnaria
819 2689 952 2732 vero
986 2683 1238 2747 suscepta
1262 2675 1349 2732 sui
1377 2689 1501 2731 cum
1530 2675 1837 2732 reverentia
1863 2674 1978 2731 col-

393 2767 627 2826 Iacabis.

982 2837 1283 2895 TITULUS
1316 2838 1387 2895 Χ.

532 2928 612 2986 De
632 2930 971 2986 recondendis
1004 2929 1240 2999 reliquiis
1271 2931 1301 2971 ι)
1326 2931 1469 2984 intra
1496 2930 1836 3001 episcopium.

463 3042 732 3111 Quoniam
762 3042 981 3098 dilectio
1010 3051 1101 3097 tua
1133 3042 1441 3098 sanctuaria
1466 3042 1612 3097 beati
1637 3041 1717 3096 lll.
1742 3042 1845 3097 sibi
1881 3056 1982 3098 no-

2667 714 2965 772 TITULUS
2986 714 3098 771 XII.

2618 801 2647 856 1
2649 812 2747 858 tem
2786 804 3128 876 Responsum.

2150 907 2438 965 Basilicam
2457 950 2473 976 ,
2504 925 2665 983 quam
2705 913 2923 969 dilectio
2946 924 3059 982 tua,
3094 917 3150 971 in
3180 918 3445 976 honorem
3473 921 3660 980 beato-

2079 1014 2203 1053 rum
2237 1000 2624 1071 Apostolorum
2647 1003 2727 1058 lll.
2768 1014 2824 1060 et
2859 1005 2939 1061 Ill.
2972 1023 3145 1079 nuper
3183 1009 3479 1068 fabricasse
3518 1029 3665 1069 com—

2078 1099 2366 1155 memorat,
2398 1091 2712 1149 facultatem
2745 1096 3038 1154 tribuimus
3067 1099 3369 1167 dedicandi,
3395 1105 3667 1175 pmipue

2081 1180 2127 1237 si
2159 1195 2224 1236 ea
2249 1181 2423 1252 spatia
2451 1182 2708 1240 Ecclesiae
2734 1193 2839 1241 tuae
2859 1185 2999 1256 juris
3028 1203 3151 1244 esse
3181 1192 3420 1257 testaris,
3460 1195 3515 1248 in
3544 1195 3668 1265 qui-

2078 1272 2179 1328 bus
2200 1271 2389 1327 eadem
2415 1282 2501 1328 est
2518 1273 2738 1330 fundata
2761 1280 3113 1346 constructio,
3130 1281 3184 1336 in
3198 1296 3307 1351 qua
3320 1282 3482 1338 etiam
3497 1285 3665 1343 bene-

2078 1362 2342 1420 dictiones
2369 1365 2435 1420 de
2457 1368 2783 1423 sanctuariis
2804 1370 3272 1442 98Apostolicis,
3298 1376 3353 1431 id
3376 1386 3482 1443 est,
3504 1388 3528 1416 ο
3552 1378 3668 1447 pal-

2078 1452 2205 1508 liola
2219 1453 2287 1508 de
2308 1469 2496 1510 eorum
2509 1457 2963 1525 confessionibus,
2986 1462 3311 1521 tradidimus
3330 1464 3663 1521 collocanda.

2076 1546 2293 1601 Providi
2334 1562 2550 1618 quoque
2580 1548 2861 1606 Pontiﬁcis
2903 1552 3191 1610 devotione
3228 1555 3565 1623 providebis,
3604 1566 3666 1611 ut

2075 1640 2473 1709 possessionem
2499 1642 2862 1698 servientibus
2883 1644 3084 1701 ibidem
3106 1644 3470 1715 profuturam,
3495 1663 3661 1717 quam

2077 1728 2145 1783 de
2162 1728 2396 1799 propriis
2422 1729 2771 1787 facultatibus
2799 1732 3092 1803 deputasti,
3115 1734 3345 1791 solemni
3376 1736 3663 1793 devotione

2006 1807 2055 1867 Β
2084 1821 2441 1878 transcribas.

2627 1916 2927 1974 TITULUS
2972 1918 3109 1974 XIII.

2611 2006 2750 2063 Item
2797 2007 3140 2079 Responsum.

2148 2114 2228 2169 Ill.
2271 2116 2327 2171 in
2361 2116 2478 2172 solo
2511 2116 2614 2173 sibi
2657 2132 2916 2175 concesso
2944 2120 3013 2176 ab
3049 2121 3128 2175 Ill.
3168 2132 3224 2177 et
3262 2122 3317 2177 in
3355 2121 3436 2177 111.
3468 2120 3661 2190 fundo,

2076 2209 2338 2278 petitione
2360 2210 2565 2277 oblata,
2585 2211 2788 2267 dudum
2815 2224 2876 2267 se
2905 2213 3103 2268 asserit
3125 2211 3512 2269 Mouasterium
3535 2228 3670 2271 con-

2079 2299 2311 2366 didisse,
2339 2300 2392 2356 in
2425 2317 2532 2373 quo
2569 2317 2744 2373 nuper
2775 2303 3100 2371 oratorium,
3130 2305 3273 2373 quod
3304 2305 3514 2371 deerat,
3541 2320 3667 2362 esse

2078 2399 2490 2457 commemorat,
2524 2399 2717 2461 petens
2746 2392 2852 2448 hoc
2878 2393 2935 2448 in
2962 2393 3226 2451 honorem
3251 2393 3438 2451 Sancti
3461 2396 3539 2449 Ill.
3575 2395 3674 2451 de—

2078 2480 2211 2535 bere
2240 2480 2502 2537 dedicari.

2155 2569 2178 2609 f
2210 2568 2279 2625 Et
2298 2570 2441 2638 ideo,
2468 2570 2639 2629 frater
2657 2574 2965 2642 carissime,
2991 2576 3038 2631 si
3063 2576 3117 2633 in
3142 2585 3246 2633 tum
3267 2577 3519 2634 dimcesis
3536 2576 3665 2646 jure

2074 2662 2332 2719 consistit
2364 2664 2640 2721 antedicta
2677 2663 2955 2732 fundatio,
2994 2667 3257 2737 presenti
3303 2669 3671 2738 prmceptione

2078 2763 2356 2824 suscepta,
2383 2755 2688 2811 oratorium
2722 2766 3084 2813 memoratum
3108 2757 3268 2813 solita
3291 2758 3668 2816 benedictione

2080 2843 2343 2899 sacrabis.
2371 2842 2463 2899 Sic
2492 2852 2675 2901 tamen
2699 2852 2760 2901 ut
2782 2861 2889 2903 non
2916 2845 3049 2903 illud
3076 2846 3291 2916 publica
3319 2849 3666 2917 processione

2080 2949 2113 2989 a
2133 2935 2416 2991 conditore
2440 2934 2782 3007 aliquatenus
2803 2945 3056 2994 teneatur
3078 2952 3093 2992 :
3119 2938 3524 3009 congregationi
3548 2948 3667 2996 tan-

2080 3026 2378 3092 tummodo,
2424 3041 2548 3097 quae
2588 3027 2701 3083 illic
2733 3041 2855 3084 esse
2882 3028 3161 3097 noscitur,
3201 3044 3358 3086 sacra
3397 3032 3658 3102 mysteria

394 3144 510 3194 atra
533 3134 817 3191 voluntate
839 3150 1118 3202 concessa,
1136 3135 1192 3190 in
1219 3136 1481 3201 oratorio,
1505 3135 1650 3206 quod
1678 3134 1730 3190 in
1759 3135 1978 3191 nomine

2093 3115 2385 3173 celebrabis
2408 3157 2424 3184 ,
2471 3124 2739 3186 quatenus
2783 3119 3048 3192 religioso
3089 3120 3436 3193 congregatio
3456 3161 3474 3188 ,
3525 3122 3665 3178 citra

391 3232 637 3304 ejusdem
669 3228 780 3302 97
816 3231 962 3286 beati
995 3232 1248 3302 martyris
1298 3232 1440 3285 intra
1485 3230 1819 3301 episcopium
1847 3231 1979 3286 civi-

389 3327 521 3384 tatis
548 3340 663 3384 sum
697 3327 896 3383 asserit
921 3326 1309 3391 construxisse,
1341 3324 1579 3396 postulat
1612 3324 1976 3391 recondenda,

389 3427 451 3473 ut
493 3418 548 3473 in
586 3417 703 3489 ejus
737 3419 1000 3474 honorem
1029 3417 1181 3473 locus
1219 3417 1336 3487 ipse
1370 3416 1564 3472 debeat
1592 3427 1612 3455 ο
1644 3414 1978 3484 consecrari,

390 3504 726 3563 fraternitati
777 3516 906 3574 tum,
955 3508 1000 3562 si
1048 3514 1230 3562 tamen
1282 3505 1488 3561 nullum
1536 3504 1649 3562 illic
1693 3506 1980 3561 humatum

389 3608 588 3667 corpus
628 3611 751 3652 esse
797 3596 1076 3663 claruerit,
1124 3609 1245 3667 qua:
1287 3596 1551 3665 postulas,
1599 3595 1977 3666 indulgemus,

389 3694 661 3755 quatenus
706 3686 963 3743 desiderii
1009 3686 1121 3752 tui,
1162 3685 1276 3740 Deo
1325 3695 1576 3752 auctore,
1630 3685 1858 3756 potiaris
1895 3684 1979 3741 cf-

392 3775 558 3833 fectu.

912 3842 1283 3901 TITULUS
1339 3843 1440 3900 XI.

950 3933 1142 3990 Petilio
1157 3934 1425 4007 Episcopi.

461 4048 542 4105 Ad
572 4047 785 4104 laudem
810 4047 1008 4103 summi
1032 4056 1241 4103 certum
1272 4055 1355 4103 est
1384 4047 1660 4119 pertinere
1678 4047 1979 4117 Pontificis,

392 4140 647 4212 quotiens
667 4147 980 4194 sanctamm
1002 4137 1357 4194 Basilicarum
1383 4140 1534 4210 cepia
1559 4140 1772 4196 videtur
1799 4156 1982 4198 accre-

388 4239 566 4282 scere.
594 4223 654 4281 In
677 4224 938 4280 fundolll.
960 4224 1014 4279 in
1041 4230 1227 4280 nostro
1244 4225 1519 4280 territorio
1545 4226 1981 4293 censtituto,Ba-

388 4317 602 4375 silicem
627 4331 715 4372 me
734 4317 971 4387 propriis
999 4315 1307 4386 sumptibus
1327 4326 1536 4373 certum
1556 4325 1642 4373 est
1663 4317 1978 4384 fabricasse,

2081 3208 2370 3277 strepitum
2403 3207 2609 3278 plebis,
2640 3208 2869 3267 Domino
2911 3210 2999 3268 die
3024 3218 3296 3283 noctuque
3325 3211 3503 3270 valeat
3539 3228 3660 3285 sup—

2078 3299 2301 3370 plicare.

2631 3389 2931 3449 TITULUS
2969 3393 3109 3450 XIV.

2618 3481 2753 3539 Item
2801 3483 3147 3556 Responsum.

2151 3592 2474 3648 Pelitionem
2497 3592 2802 3650 dilectionis
2829 3602 2958 3663 tute,
2979 3595 3107 3652 boni
3128 3596 3312 3666 operis
3331 3597 3666 3669 perfectione

2080 3688 2396 3758 gaudentes,
2421 3701 2653 3758 congrua
2681 3687 3039 3757 gratulatione
3060 3690 3433 3761 suscepimus:
3459 3700 3515 3747 et
3540 3692 3663 3749 ideo

2080 3779 2388 3841 Basilicam,
2412 3792 2575 3848 quam
2601 3778 2800 3833 dudum
2824 3780 3027 3835 asseris
3053 3780 3270 3836 Arianae
3299 3781 3524 3838 haeresis
3545 3797 3663 3854 Spe-

2080 3869 2296 3924 luncam
2324 3866 2660 3933 fuisse,nunc
2681 3867 3059 3925 sollicitudinis
3076 3877 3181 3925 tute
3200 3886 3363 3941 opera
3384 3866 3668 3930 catholicae

2082 3959 2231 4023 fidei,
2276 3959 2495 4015 Christo
2526 3956 2640 4014 Deo
2684 3968 2876 4014 nostro
2904 3976 2969 4016 ac
3017 3959 3299 4019 Salvatore
3341 3973 3525 4019 nostro
3572 3980 3662 4020 re-

2082 4058 2309 4124 gnante,
2356 4051 2628 4121 aptaveris
2661 4049 3059 4106 concedendam
3079 4093 3094 4117 ,
3123 4068 3287 4124 quam
3312 4055 3574 4125 postulas,
3605 4063 3666 4112 ut

2083 4144 2136 4199 in
2164 4144 2427 4197 honorem
2447 4142 2732 4197 beatorum
2754 4140 2834 4195 Ill.
2855 4150 3020 4212 atque
3038 4141 3118 4197 lll.
3147 4143 3446 4217 Martyrum
3469 4138 3675 4201 debeat'

2083 4235 2412 4292 consecrari.

2150 4325 2262 4396 99
2288 4325 2354 4379 Et
2376 4324 2519 4389 ideo,
2546 4320 2715 4381 frater
2738 4323 3082 4391 charissime.
3112 4324 3159 4380 si
3187 4324 3249 4379 in
3269 4331 3376 4381 tute
3394 4324 3671 4396 parochias

388 4424 582 4479 quam,
637 4409 747 4464 Deo
792 4415 1048 4471 auctore.
1104 4406 1259 4462 vobis
1305 4408 1576 4479 propitiiS,
1626 4408 1679 4463 in
1719 4408 1981 4464 honorem
2084 4414 3216 4483 memorataconstructiojureconsistit,et
3239 4416 3444 4471 nullum
3469 4431 3673 4487 corpus

389 4498 567 4555 sancti
599 4497 680 4554 lll.
711 4499 968 4571 martyris
996 4512 1318 4554 consecrare
1343 4499 1613 4565 desidero,
1645 4499 1671 4539 ά
1705 4501 1793 4555 cui
1823 4499 1977 4555 Basi-
2001 4513 2055 4574 ι)
2081 4505 2282 4563 ibidem
2323 4513 2538 4562 constat
2561 4506 2841 4561 humatum
2861 4545 2876 4570 ,
2912 4505 3223 4576 praedictam
3258 4505 3547 4562 Basilicam
3580 4519 3672 4561 re-

388 4588 504 4648 Πρω
527 4589 597 4645 ad
624 4597 770 4645 sarta
802 4596 946 4644 tecta
966 4630 981 4655 ,
1023 4588 1107 4643 vel
1128 4588 1197 4644 ad
1221 4588 1535 4645 alimoniam
1569 4589 1877 4655 custodum,
1910 4590 1977 4646 de
2079 4599 2441 4664 conciliandi,
2478 4606 2640 4668 atque
2666 4597 3046 4663 consecrandi,
3092 4597 3191 4652 tibi
3216 4598 3423 4655 nostris
3462 4612 3671 4668 praece-

387 4680 559 4753 ίρείυδ
579 4680 731 4737 fundi
760 4680 841 4737 mo
873 4690 929 4737 ει
952 4680 1035 4736 ω·
1067 4679 1238 4739 οαθτο
1272 4700 1285 4735 ε
1320 4681 1551 4751 ideoque
1578 4697 1677 4739 01³0
1712 4681 1980 4751 ³906101³·
2076 4691 2351 4762 ptionibus
2378 4690 2690 4748 facultatem
2720 4688 2939 4745 noveris
2973 4688 3312 4744 attributam.

459 4847 488 4875 ι
536 4832 1151 4907 Βαιξαὶοσὶε-ᾴεεξάενῇδ,
1180 4842 1303 4907 etc.
1324 4800 1617 4907 Desumpta
1648 4835 1881 4907 formula
1907 4854 1974 4892 ex

387 4904 484 4988 lib.
517 4919 579 4970 ιι,
609 4902 774 4988 epist.
810 4903 931 4988 ἓβμ
952 4902 1023 4988 S.
1059 4902 1308 4988 G_regorii
1350 4902 1639 4988 scribentis
1665 4908 1751 4988 Aad
1783 4906 1977 4988 Fortu-

390 4983 582 5030 natum
624 4973 1038 5044 Neapolitanum
1073 4973 1139 5029 de
1172 4973 1505 5030 monasterio
1549 4974 1815 5031 Gratiosze
1862 4978 1973 5033 Ab—

390 5045 613 5116 batissa:
658 5042 1049 5116 consecrando:
1096 5042 1286 5100 Afﬁnis
1320 5053 1413 5116 est
1439 5045 1603 5100 etiam
1624 5046 1855 5116 epistola
1878 5047 1970 5114 5‘2,

390 5114 514 5171 libri
553 5130 596 5181 ι,
642 5129 764 5185 quae
809 5122 894 5169 est
921 5113 989 5169 ad
1017 5112 1282 5177 Joannem
1331 5112 1977 5189 episcopum'Surrenti-i

388 5200 1055 5328 uulgilutracﬁswpium.
1085 5254 1224 5313 Nota
1276 5256 1618 5328 disciplinam
1677 5260 1972 5328 temporis,

388 5343 490 5401 per
513 5341 678 5399 quam
701 5325 899 5382 licebat
922 5328 1139 5398 quidem
1171 5325 1430 5400 episcopo
1451 5329 1693 5385 civitatis
1720 5325 1974 5385 suburbi-

390 5399 555 5454 caria:
573 5397 933 5453 domesticum
970 5397 1171 5454 habere
1207 5400 1532 5455 oratorium.
1573 5400 1668 5455 sed
1695 5400 1838 5455 uuod
1869 5400 1975 5454 rite

390 5399 555 5454 caris:
573 5399 933 5453 domesticum
970 5399 1171 5454 habere
1207 5399 1532 5466 oratorium,
1573 5400 1668 5455 sed
1695 5400 1838 5471 quod
1869 5400 1975 5454 rite

392 5475 847 5524 consecraretur:
876 5483 980 5525 nec
1063 5469 1177 5525 rius
1222 5478 1436 5537 tamen,
1484 5485 1649 5537 quam
1688 5483 1721 5522 a
1762 5480 1977 5524 summo

393 5537 648 5593 pontifice
695 5537 963 5593 indultum
1263 5539 1417 5593 Unde
1458 5537 1711 5593 Gelasius
1753 5538 1913 5593 epist.
1943 5538 1977 5593 9

392 5537 648 5620 pontiﬁce
695 5537 963 5620 indultum
989 5537 1219 5620 fuisset.
1263 5537 1711 5620 Unde__§'el_asius
1753 5538 1979 5620 θρίδαξ)

395 5606 464 5688 ad
489 5609 770 5688 episcopos
798 5608 1074 5673 Lucaniae,
1109 5616 1219 5688 etc.
1256 5623 1377 5678 cap.
1408 5607 1502 5673 IV,
1539 5606 1804 5688 Basilicas
1831 5609 1977 5688 novi-

393 5678 825 5749 ter__iustitutas,
876 5696 982 5734 non
1032 5678 1207 5749 petitis
1252 5694 1318 5732 ea:
1360 5678 1978 5749 morefprwceptionibus

393 5745 641 5811 dedicare
667 5761 770 5801 non
798 5745 1049 5811 audeant}
1091 5746 1297 5823 Quibus
1324 5762 1391 5811 ex
1420 5745 1602 5812 verbis
1628 5745 1805 5821 id,'ab
1835 5749 1977 5812 anti—

2078 4839 2201 4911 quis
2211 4836 2335 4963 (iam
2365 4838 2487 4893 inde
2513 4838 2863 4961 temporibus,
2897 4846 3173 4895 servatum
3200 4835 3513 4920 colligitur».

2151 4922 2173 4949 ο
2255 4909 2540 4962 onsecrari.
2629 4908 2829 4962 ondum
2866 4907 3171 4963 invaluerat
3210 4923 3343 4963 usus
3390 4905 3669 4962 cubicula-

2080 4980 2242 5043 rium,
2266 4986 2325 5033 ut
2364 4979 2445 5048 ita
2470 4979 2679 5047 loquar,
2725 4978 3225 5048 clanculariumque
3272 4978 3655 5048 oratoriorum.

2081 5050 2250 5106 Suum
2277 5046 2485 5117 singula
2518 5043 2754 5119 oratoria
2788 5047 3055 5119 lapideum
3088 5043 3258 5103 altare
3290 5045 3458 5119 fixum
3497 5043 3668 5119 habe-

2076 5121 2242 5245 lgapt,
2279 5113 2434 5173 suam
2470 5132 2501 5172 a
2554 5118 2748 5174 domus
2780 5113 3021 5188 profanae
3047 5127 3191 5175 tecto
3230 5118 3531 5189 sejunctam
3572 5113 3658 5170 fa-

2117 5204 2305 5244 ricam.

2117 5204 2305 5244 ricam.

2152 5259 2178 5299 ἀ
2201 5258 2302 5313 Cui
2319 5257 2585 5322 Basilica,
2609 5265 2716 5314 etc.
2738 5256 2877 5313 Nota
2896 5272 3089 5328 rursus
3112 5265 3412 5328 temporum
3433 5267 3662 5328 morem,

2080 5344 2210 5401 quo_
2235 5330 2480 5401 quisquis
2518 5329 2811 5401 Basilicam
2858 5327 3152 5401 aedificaret
3175 5369 3189 5395 ,
3222 5324 3458 5401 :debcret
3503 5324 3662 5401 siuml

2082 5394 2348 5463 conferre,
2374 5394 2529 5469 "quod
2557 5398 2625 5452 ad
2648 5408 2792 5469 sarta
2821 5405 2984 5461 tecta,
3014 5397 3328 5453 alimoniam
3353 5394 3660 5458 custodum,

2081 5477 2247 5543 atque
2277 5468 2441 5543 etiam
2468 5468 2756 5543 luminaria
2778 5482 2915 5543 opus
2941 5474 3105 5543 esset.

2158 5534 2181 5579 ὂ
2205 5536 2457 5594 Palliofa.
2491 5538 2736 5595 Brandea
2771 5534 2931 5592 v'ocat
2958 5538 3123 5592 etiam
3162 5544 3218 5594 et
3241 5534 3510 5595 velamina
3535 5546 3663 5590 san-

2082 5607 2537 5693 ειιιερνεβρτίυὲ
2578 5679 2594 5693 .
2727 5678 2741 5693 .
2810 5676 2834 5693 .
3236 5676 3271 5693 ,.
3351 5675 3395 5693 .,
3451 5682 3564 5693 η-..
3604 5668 3621 5693 ε

2159 5679 2179 5719 ε
2209 5679 2277 5734 Et
2319 5675 2457 5752 ideo.
2502 5678 2773 5752 Solemnis
2808 5676 2980 5734 forma
3017 5675 3419 5752 praeceptionis,
3447 5682 3566 5743 qua
3604 5675 3658 5726 in

2079 5751 2540 5830 consequentibus
2568 5749 2740 5810 titulis
2756 5749 3070 5821 usurpatur.
3180 5789 3189 5795 .
