3990 6184
261 306 324 371 93
1225 295 1670 356 ROMANORUM
1711 295 2152 354 PONTIFICUM.
2190 327 2261 338 —
2294 296 2444 352 CAP.
2484 297 2541 356 Υ.
3438 301 3506 356 9i

814 410 1113 468 TITULUS
1156 409 1272 465 XV.

741 503 817 558 De
838 503 999 557 altari
1023 502 1333 562 dedicanda.

329 597 624 660 Relationis
660 605 786 661 tum,
815 596 910 652 sed
935 605 990 651 et
1014 595 1294 666 petitionis
1321 593 1517 649 oblatae
1543 592 1613 647 ab
1641 591 1720 646 Ill.
1751 601 1834 646 te-

261 706 389 748 uorc
412 690 664 754 decurso,
680 701 901 744 necesse
925 684 1028 740 fuit
1048 683 1444 740 rationabiliter
1464 681 1795 752 respondere
1817 698 1831 734 :

264 782 482 850 ideoque
509 779 564 834 in
595 778 802 844 altare,
832 776 974 848 quod
1013 777 1069 831 in
1101 774 1337 838 Basilica
1370 773 1558 829 Sancti
1589 772 1668 826 Ill.
1699 771 1832 826 olim

261 869 502 924 dedicata
538 875 907 922 constructum
935 866 1166 930 dicitur,
1219 864 1525 920 dilectionis
1565 871 1671 917 tua:
1709 877 1835 916 con—

259 963 488 1020 secratio
510 969 690 1030 aptata
717 960 998 1030 perveniat
1035 978 1048 1013 :
1075 965 1343 1028 quatenus
1370 954 1715 1010 :edificatoris
1741 953 1835 1008 de-

257 1054 404 1111 votio
431 1052 684 1109 desiderii
710 1053 791 1108 sui
825 1051 1042 1121 plenum
1071 1049 1331 1105 sortiatur
1351 1046 1622 1103 effectum.

816 1160 1115 1218 TITULUS
1142 1159 1280 1216 XVI.

525 1251 604 1314 De
629 1250 954 1306 recondenda
980 1267 1193 1320 corpore
1221 1247 1560 1304 Sanctorum.

331 1341 499 1397 Filius
535 1351 724 1397 noster
751 1341 832 1395 Ill.
877 1341 992 1397 suis
1031 1341 1187 1395 nobis
1226 1339 1664 1412 suggestionibus
1703 1338 1840 1394 indi-

256 1434 428 1497 cavit,
449 1431 692 1503 partibus
710 1432 791 1486 Ill.
822 1447 1020 1502 corpus
1043 1432 1193 1486 Beati
1215 1431 1295 1488 Ill.
1328 1432 1541 1486 noviter
1569 1430 1733 1485 fuisse
1754 1444 1840 1484 re-

253 1531 501 1590 pertum,
541 1531 594 1578 et
619 1523 764 1592 quod
801 1522 878 1576 Ill.
923 1522 1188 1592 gloriosus
1209 1521 1418 1590 genitor
1446 1519 1565 1588 ejus
1602 1521 1654 1574 in
1688 1519 1840 1574 Basi-

254 1616 384 1681 lica,
412 1632 573 1686 quam
615 1618 826 1672 noviter
869 1617 1176 1681 aediﬁcavit,
1218 1616 1363 1670 idem
1405 1630 1606 1685 corpus
1647 1615 1838 1669 statuit

254 1706 656 1771 collocandum,
672 1707 915 1778 petitque
936 1715 996 1762 ut
1014 1707 1202 1762 eadem
1217 1705 1460 1768 Ecclesia
1474 1718 1498 1746 ι
1523 1705 1838 1761 solemniter

253 1796 452 1857 debeat
480 1801 814 1854 consecrari.

325 1885 581 1958 Ideoque,
603 1887 771 1946 frater
797 1889 1197 1954 charissime,si
1215 1889 1275 1946 in
1307 1898 1412 1945 tua:
1426 1891 1702 1960 parochiae
1723 1906 1843 1945 me-

251 1987 472 2036 morata
508 1983 847 2036 constructio
868 1981 991 2049 jure
1017 1981 1290 2047 consistit,
1319 1981 1632 2050 nullumque
1651 1997 1849 2050 corpus

248 2070 329 2124 ibi
359 2077 588 2124 constat
615 2071 896 2124 humatum
915 2113 929 2138 ,
957 2080 1214 2142 percepta
1239 2071 1493 2142 primitus
1528 2087 1557 2125 a
1591 2071 1850 2140 praedicto

246 2159 378 2211 viro
423 2158 723 2212 donatione
750 2159 1005 2232 legitima,
1045 2175 1165 2230 qua:
1191 2162 1245 2216 in
1275 2160 1577 2216 luminariis
1609 2159 1850 2229 ejusdem

249 2247 500 2312 basilicae
533 2247 698 2317 digne
725 2249 898 2318 possit
943 2247 1210 2317 sitmcere,
1246 2251 1490 2306 eamdem
1529 2249 1845 2314 Ecclesiam,

250 2336 578 2390 convocatis
608 2335 729 2391 aliis
767 2336 1026 2393 fratribus
1051 2347 1107 2394 et
1141 2338 1487 2409 CoepiscOpis
1515 2341 1716 2394 nostris
1753 2340 1846 2394 tibi

251 2424 657 2489 vicinantibus,
698 2425 855 2481 stude
902 2426 1216 2483 solemniter
1257 2427 1542 2493 dedicare,
1581 2438 1847 2500 quatenus

255 2513 564 2569 devotionis
584 2529 696 2570 suae
718 2515 772 2570 in
801 2517 1232 2584 consecratione,
1259 2533 1423 2588 quam
1447 2517 1710 2589 postulat,
1742 2533 1842 2588 po-

259 2606 436 2666 tiatur
455 2605 673 2662 effectu.

748 2701 905 2776 ιοο
947 2693 1246 2758 TITULUS
1280 2701 1442 2756 xvn.

472 2788 707 2846 Basilica
729 2809 846 2862 quae
870 2802 983 2863 post
1008 2793 1304 2846 incendium
1337 2800 1631 2862 reparatur.

336 2881 641 2945 Basilicam,
665 2898 825 2951 quam
854 2884 907 2937 in
929 2891 1110 2939 castro
1133 2883 1211 2938 Ill.
1243 2883 1460 2938 dilectio
1484 2891 1575 2937 tua
1600 2890 1723 2952 post
1756 2882 1841 2937 in-

262 2975 517 3033 cendium
555 2976 752 3029 asserit
775 2981 1079 3044 reparatam
1100 3015 1115 3040 ,
1151 2982 1207 3029 et
1235 2975 1286 3028 in
1320 2975 1582 3030 honorem
1604 2975 1747 3029 beati
1764 2975 1845 3029 III.

266 3067 604 3121 habitatores
643 3067 745 3121 loci
780 3066 948 3136 ipsius
992 3067 1298 3122 desiderant
1335 3067 1663 3132 consecrari,
1702 3068 1850 3122 dedi-
1876 3088 1922 3151 ρ

269 3157 502 3212 cationis
530 3156 630 3211 tibi
661 3157 714 3211 in
735 3173 799 3212 eo
821 3158 1192 3228 praeceptionis
1219 3167 1416 3213 nostra:
1447 3159 1588 3212 serie
1624 3157 1852 3213 faculta-

265 3254 374 3301 tem
397 3245 703 3310 tribuimus,
729 3253 788 3300 ut
813 3246 1045 3302 ﬁdelium
1069 3247 1283 3303 devotio
1313 3255 1712 3316 competentem
1733 3261 1852 3302 sor-

271 3335 436 3388 tiatur
483 3335 756 3390 eﬁectum.
791 3335 820 3376 δ
843 3334 996 3390 Scias
1036 3336 1342 3391 sanctuaria
1373 3336 1588 3389 noviter
1632 3337 1795 3389 missa
1833 3350 1849 3388 :

270 3424 578 3480 nuctuaria
620 3439 750 3481 vero
787 3434 1038 3495 suscepta
1065 3426 1147 3481 sui
1188 3441 1311 3480 cum
1355 3426 1664 3482 reverentia
1692 3425 1854 3481 collo-

276 3513 440 3569 cabis.

803 3604 1103 3664 TITULUS
1139 3605 1322 3663 XVIII.

278 3690 502 3756 Basilica
533 3709 654 3764 qua
677 3703 798 3763 post
829 3697 1037 3820 ruinam
1075 3697 1288 3820 attegias
1315 3697 1477 3768 juxta
1516 3699 1684 3770 ipsam
1725 3714 1852 3753 con-

895 3783 922 3820 s
945 3777 1092 3820 ructa
1132 3785 1184 3820 es
1214 3806 1228 3820 .

895 3777 1092 3822 structa
1132 3777 1208 3821 εει
1214 3806 1228 3821 ο

344 3853 611 3922 Quoniam
644 3856 790 3913 beati
825 3856 904 3916 Ill.
943 3856 1234 3912 Basilicam
1264 3856 1526 3914 lateribus
1563 3859 1853 3929 aliquando

280 3952 641 4006 cmistmctam
662 3943 906 4002 funditus
929 3946 1182 4016 perhibes
1207 3947 1498 4012 corruisse,
1523 3955 1577 4001 et
1598 3948 1672 4001 ita
1694 3948 1850 4006 ruina

282 4038 388 4107 ipsa
416 4038 500 4095 vel
527 4038 652 4097 aliis
679 4039 1023 4109 squaloribus
1056 4054 1178 4095 esse
1206 4039 1484 4109 repletam,
1516 4047 1578 4094 ut
1604 4040 1852 4094 mundari

283 4127 542 4194 diﬁc—ilius
566 4128 751 4192 fuerit,
781 4144 946 4199 quam
971 4128 1226 4185 aedificari
1259 4147 1273 4183 :
1312 4137 1366 4184 te
1387 4136 1567 4184 autem
1591 4130 1645 4184 in
1674 4129 1854 4185 vicino

284 4218 496 4272 omnino
528 4217 770 4286 ejusdem
799 4218 938 4284 loco,
975 4218 1258 4275 Basilicam
1298 4219 1460 4274 aliam
1488 4219 1544 4274 in
1589 4219 1851 4274 honorem

281 4307 515 4376 praedicti
559 4307 848 4380 Martyris,
876 4323 986 4367 non
1029 4309 1096 4366 de
1137 4308 1396 4364 lateribus
1419 4350 1434 4375 ,
1465 4309 1561 4364 sed
1597 4309 1665 4364 de
1709 4310 1856 4366 calce

1859 411 1916 472 Α
1939 417 2102 480 atque
2142 424 2311 468 arena
2331 411 2622 467 intrauisse
2643 425 3042 468 mmemor»
3059 453 3073 479 ,
3105 411 3201 468 sed
3226 420 3284 467 et
3319 412 3374 467 in
3401 428 3515 468 me-

1938 498 2132 558 liorem
2173 501 2334 572 longe
2357 510 2577 567 statum,
2606 518 2768 572 quam
2808 502 2900 557 illa
2939 503 3142 568 fuerat,
3184 503 3508 558 surrexisse.

1938 589 2092 649 Nunc
2122 602 2308 647 autem
2346 592 2663 648 facultatem
2685 594 2785 648 tibi
2811 593 3050 663 ejusdem
3075 593 3318 649 Basilica:
3346 593 3512 648 tribui

1936 680 2216 736 desideras
2259 683 2595 747 dedicanda,
2641 691 2695 738 et
2737 692 2801 738 ut
2837 685 2903 740 de
2939 685 3211 756 praedictis
3237 683 3409 740 ruinis
3445 685 3512 738 ad

1936 786 2134 825 novam
2164 770 2452 826 Basilicam
2476 773 2591 842 ipse
2623 774 2867 844 reliquiae
2891 773 3300 830 transferantur.

2008 859 2266 928 Ideoque,
2300 868 2359 914 ut
2388 861 2476 930 pia
2502 871 2558 915 ct
2580 860 2725 929 justa
2749 872 2899 929 sunt,
2924 879 3045 932 qua:
3083 879 3114 916 a
3142 874 3228 916 tua
3260 860 3511 916 fraterni-

1938 955 2046 1006 tate
2083 957 2394 1016 poscuntur,
2432 950 2718 1004 dedicandi
2756 951 2852 1004 tibi
2889 952 3130 1020 praadicti
3173 951 3344 1006 locum
3381 965 3511 1006 oon-

1935 1040 2197 1106 cedimus,
2227 1041 2336 1095 Deo
2357 1041 2705 1113 propitiante,
2731 1041 3004 1096 licentiam
3027 1059 3042 1106 ;
3071 1041 3164 1096 sed
3187 1050 3240 1096 et
3261 1041 3512 1108 reliquias

1934 1148 2058 1188 cum
2088 1134 2294 1188 honore
2326 1133 2507 1189 debito
2535 1145 2556 1172 ε
2593 1133 2986 1200 transferendi,
3023 1143 3187 1203 atque
3226 1135 3278 1188 in
3315 1149 3377 1188 ea
3402 1147 3518 1201 quas

1936 1237 1967 1274 a
2001 1230 2050 1276 te
2084 1228 2390 1278 constructa
2426 1228 2524 1283 est,
2572 1223 2722 1292 ιοι
2751 1221 2981 1277 Basilica
3015 1221 3338 1277 collocandi.
3389 1220 3512 1275 Haec

1935 1311 2080 1364 enim
2103 1311 2170 1364 ad
2209 1311 2440 1366 filiorum
2480 1311 2734 1366 Ecclesiae
2773 1311 3050 1382 gaudium,
3086 1320 3143 1365 et
3165 1311 3230 1364 ad
3272 1319 3374 1365 tua:
3399 1311 3516 1379 opi-

1939 1401 2137 1466 nionis,
2155 1402 2236 1457 vel
2255 1402 2419 1457 etiam
2443 1401 2727 1466 mercedis,
2762 1401 3053 1457 utilitatem
3075 1409 3376 1456 noscuntur
3404 1414 3525 1469 ρον,

1941 1490 2136 1545 tinere.

2496 1559 2791 1616 TITULUS
2825 1560 2964 1615 XIX.

2238 1649 2430 1706 Petitio
2457 1652 2520 1706 de
2541 1653 2830 1706 dedicanda
2862 1651 3190 1722 Baptisterio.

1867 1754 1914 1813 Β
2011 1741 2200 1796 V'otiva
2227 1741 2540 1796 solemnitas
2562 1743 2867 1796 animorum
2894 1742 3060 1812 exigit
3095 1749 3384 1811 augmenta
3416 1741 3520 1796 Ba-

1943 1836 2141 1898 silica,
2188 1841 2452 1904 quatenus
2483 1835 2536 1888 in
2566 1835 2766 1889 bonum
2793 1833 3066 1903 religionis
3091 1832 3268 1902 populi
3298 1834 3516 1888 devotio

1945 1923 2117 1990 major
2139 1923 2436 1977 adcrescat.
2461 1924 2737 1994 Ergoquia
2759 1925 2814 1978 in
2830 1923 3060 1978 Basilica
3083 1923 3266 1977 Sancti
3287 1924 3366 1976 Ill.
3391 1933 3446 1978 et
3469 1926 3521 1978 in

1953 2013 2122 2068 fundo
2142 2013 2221 2067 IIl.
2244 2013 2383 2083 juris
2414 2015 2520 2068 mei
2554 2014 2581 2053 ιι
2627 2013 3007 2084 Baptisterium
3046 2013 3334 2078 collocavi,
3371 2015 3441 2067 ita
3473 2025 3532 2068 ut

1950 2103 2206 2174 reliquias
2235 2105 2290 2158 in
2317 2105 2509 2160 eodem
2543 2104 2661 2160 loco
2689 2112 3000 2160 sanctorum
3031 2103 3330 2174 Martyrum
3358 2103 3439 2157 III.
3476 2112 3533 2157 et

1947 2194 2028 2250 Ill.
2053 2195 2352 2251 desiderem
2381 2195 2650 2250 introduci
2679 2213 2693 2248 :
2726 2195 2932 2250 idcirco
2959 2194 3271 2264 provolutus
3299 2194 3532 2263 Aposto-

1947 2286 2086 2341 latus
2127 2285 2292 2339 vestri
2324 2285 2581 2339 meritum
2623 2287 2883 2347 obtestor,
2928 2294 2984 2339 et
3007 2300 3106 2355 per
3135 2285 3336 2347 sedem,
3369 2299 3531 2353 quam

1946 2376 2149 2448 regitis,
2176 2375 2480 2431 divinitatis
2507 2384 2656 2430 sorte
2683 2376 2904 2440 Vicarii,
2931 2383 2990 2429 ut
3019 2375 3158 2430 datis
3187 2375 3252 2429 ad
3284 2384 3530 2429 nostrum

1948 2465 2312 2521 venerabilem
2359 2464 2439 2518 Ill.
2495 2464 2818 2536 Episcopum
2861 2465 3216 2536 jussionihus,
3267 2465 3324 2518 in
3374 2464 3529 2533 cujus

1944 2557 2166 2612 dioecesi
2191 2557 2404 2612 videtur
2426 2571 2546 2612 esse
2567 2566 2960 2622 constructum,
2993 2558 3386 2614 dedicationem
3414 2556 3520 2610 Ba-

1947 2648 2196 2716 ptisterii,
2224 2649 2496 2718 praedictis
2517 2649 2840 2720 Martyribus
2861 2649 3129 2720 propitiis,
3157 2649 3272 2703 fieri
3296 2664 3523 2704 censea-

1947 2737 2040 2802 tis,
2088 2747 2146 2792 ut
2196 2739 2251 2793 in
2299 2738 2402 2794 ﬁde
2450 2740 2739 2805 catholica,
2789 2741 3140 2795 adcrescente
3185 2739 3418 2810 populo,
3471 2750 3526 2795 et

1949 2838 2146 2899 agente
2170 2829 2496 2884 beatitudini
2524 2839 2718 2886 vestrae
2741 2831 2966 2902 gratias,
2996 2831 3239 2902 reliquiae
3265 2831 3534 2886 collocen-

1949 2930 2040 2976 tur
2072 2941 2084 2976 :
2113 2923 2200 2977 cui
2229 2935 2253 2962 ο
2273 2923 2516 2979 Basilica;
2541 2923 2683 2980 facta
2704 2925 3014 2980 donationis
3063 2923 3291 2991 cartula,
3338 2922 3533 2978 fundos

1949 3011 2028 3067 Ill.
2061 3020 2117 3068 et
2151 3011 2232 3066 Ill.
2264 3028 2351 3068 me
2379 3013 2770 3069 collocatumm
2803 3029 2927 3070 esse
2954 3015 3231 3085 promitto.

2424 3131 2580 3201 ιω
2603 3130 2906 3187 TITULUS
2933 3131 3053 3186 xx.

2246 3218 2574 3290 Responsum
2610 3220 2890 3274 dedicandi
2913 3220 3232 3289 Baptisterii.

2027 3307 2048 3348 ί
2065 3309 2233 3363 Filius
2258 3320 2444 3365 noster
2463 3312 2517 3364 in
2547 3311 2711 3365 fundo
2743 3310 2822 3365 Ill.
2850 3311 2992 3382 juris
3014 3312 3097 3365 sui
3122 3312 3411 3366 Basilicam
3439 3312 3537 3365 du.

1954 3394 2084 3448 dum
2099 3395 2336 3450 dicatam
2355 3397 2534 3450 oblata
2555 3398 2750 3450 asserit
2764 3398 3045 3466 petitione,
3061 3407 3115 3451 et
3138 3412 3194 3451 se
3206 3400 3461 3468 praedicta
3480 3401 3536 3453 in

1955 3485 2194 3540 Basilica
2223 3484 2632 3555 Baptisterium,
2663 3487 2805 3555 quod
2833 3489 3038 3550 deerat,
3069 3489 3335 3557 suggessit
3354 3489 3542 3543 condi-

1957 3574 2122 3638 disse,
2151 3575 2296 3643 quod
2333 3574 2562 3631 solemni
2590 3576 2966 3632 benedictione
3005 3578 3208 3632 sacrari
3248 3579 3540 3644 desiderat,

1955 3673 2117 3734 atque
2137 3666 2192 3719 in
2215 3665 2405 3721 eodem
2430 3665 2757 3735 Baptisterio
2779 3665 3104 3723 Sanctorum
3129 3667 3212 3724 IlI.
3237 3678 3290 3725 et
3311 3667 3387 3724 Ill.
3416 3685 3541 3726 san-

1953 3755 2163 3810 ctuaria
2200 3754 2398 3810 debere
2436 3753 2712 3810 collocari.

2022 3843 2246 3910 Idcirco,
2274 3845 2594 3902 charissime
2616 3845 2804 3912 frater,
2829 3847 2874 3902 si
2904 3848 2959 3902 in
2988 3854 3090 3904 tuae
3133 3847 3384 3905 dioecesis
3415 3865 3530 3906 me-

1954 3943 2167 3991 morata
2202 3936 2448 3992 fundatio
2485 3936 2611 4006 jure
2650 3939 2932 4004 consistit,
2964 3941 3323 4010 przeceptione
3359 3956 3542 3996 susce-

1955 4038 2067 4100 pta,
2097 4030 2384 4086 desideriis
2413 4030 2722 4086 satisfacies
2749 4032 3046 4087 conditoris
3078 4051 3090 4086 :
3127 4035 3205 4088 sic
3236 4041 3414 4092 tamen
3436 4075 3450 4098 ,
3481 4042 3542 4088 ut

1955 4122 2257 4178 oblatarum
2286 4137 2473 4176 rerum
2507 4121 2778 4192 primitias
2815 4125 2840 4163 ⁶
2871 4123 3091 4178 donatio
3118 4123 3377 4178 solemnis
3402 4140 3540 4193 prac-

1955 4214 2175 4279 veniat,
2207 4214 2625 4270 denuntiaturus
2649 4229 2717 4269 ex
2745 4229 2914 4279 more,
2949 4216 3082 4269 nihil
3121 4215 3231 4269 illic
3262 4214 3401 4282 juris
3424 4216 3544 4269 fun-

1959 4305 2136 4359 datori
2161 4305 2390 4360 ulterius
2409 4304 2520 4373 jam
2547 4305 2750 4370 deberi,
2777 4307 2880 4360 nisi
2901 4305 3263 4376 processionis
3289 4308 3538 4376 gratiam,

351 4447 377 4476 ι
405 4435 735 4512 Solemm'ter,
779 4448 884 4496 etc.
920 4439 1157 4495 Observa
1186 4441 1461 4512 geminum
1495 4443 1859 4497 consecratio-
1884 4433 1936 4492 D
1961 4438 2055 4512 bat
2081 4434 2443 4512 imaginibus
2469 4435 2859 4512 baptismorum
2905 4436 2960 4512 in
3002 4435 3151 4512 Novo
3195 4435 3542 4512 Testatur-nlo

283 4505 364 4591 gis
398 4511 666 4591 modum_:
702 4523 1044 4591 communem
1075 4505 1362 4591 unuin,_de
1402 4525 1508 4581 quo
1548 4513 1858 4591 superiores

286 4573 554 4651 formula;
593 4578 826 4635 alterum
865 4579 1190 4651 solemnem,
1223 4573 1292 4635 ad
1329 4573 1489 4651 quem
1528 4573 1691 4635 vicini
1731 4582 1856 4651 Epi-

285 4645 420 4722 scopi
443 4658 851 4722 convocantur:
891 4649 1012 4722 talis
1031 4649 1133 4704 fuit
1161 4645 1426 4722 dedicatio
1443 4651 1706 4722 Basilicm,
1737 4645 1856 4722 quae

286 4713 497 4782 Synodo
517 4720 766 4774 secundae
807 4719 1154 4774 Arausicanze
1174 4720 1513 4774 occasionem
1543 4713 1708 4774 dedit.

354 4787 380 4825 δ
412 4784 560 4842 Scias
601 4790 922 4860 sanctuaria.
975 4790 1144 4845 Roma
1187 4789 1559 4860 mittebantur
1589 4789 1850 4860 reliquiae,

287 4864 376 4929 aut
413 4865 560 4912 certe
589 4859 759 4929 accipi
796 4859 1010 4929 aliunde
1051 4859 1270 4929 speciali
1313 4859 1670 4929 praeceptione
1705 4859 1855 4913 man-

291 4923 572 5004 dabantur.
599 4927 690 4982 Sic
708 4923 861 4984 enim
883 4923 1132 4986 Pontifex
1162 4923 1341 4998 aliqua
1370 4945 1437 4985 ex
1462 4923 1614 4998 parte
1638 4929 1856 4984 videba-

288 5001 373 5056 tur
395 4996 506 5062 ipse
527 4996 708 5052 locum
731 5007 978 5054 sanctum
994 4996 1340 5056 construere.

357 5074 378 5099 ε
421 5063 809 5138 Transferendi.
845 5068 916 5138 Ut
951 5069 1067 5138 sine
1110 5069 1288 5124 missis
1321 5064 1490 5124 Roma
1535 5067 1858 5124 sanctuariis

285 5136 603 5208 consecrare
629 5153 734 5192 non
772 5137 972 5193 licebat
1011 5136 1293 5193 Basilicam
1313 5180 1327 5203 ,
1359 5139 1431 5194 ita
1466 5153 1642 5208 neque
1669 5154 1732 5192 ea
1786 5153 1852 5193 ex

287 5217 396 5280 uno
415 5203 536 5280 1900’
555 5208 610 5280 in
630 5208 1311 5280 alterumgconsecrationis
1330 5209 1502 5280 gratia
1534 5203 1852 5280 transferre.

355 5271 801 5348 {patinarium
834 5278 952 5334 Non
979 5287 1062 5333 est
1089 5276 1209 5332 fons
1237 5271 1359 5348 ipsé'
1377 5271 1551 5343 sacer,
1583 5278 1676 5348 sed
1707 5278 1851 5348 :edes

283 5340 529 5420 Basilica:
557 5347 763 5420 addita,
797 5364 966 5420 quare
995 5348 1191 5404 dicitur
1219 5340 1563 5420 Auginenturn
1585 5346 1853 5420 Basilica,

287 5415 515 5486 rotunda
538 5424 599 5470 ut
629 5415 920 5486 plurimum
945 5419 1117 5473 instar
1149 5415 1451 5481 tesmdinis,
1488 5417 1542 5471 in
1565 5416 1718 5486 cujus
1741 5433 1855 5471 me-

286 5481 380 5558 (ξὶο
403 5481 795 5558 ςοῳδαεέτηῐη
825 5487 1094 5543 nonnullis
1120 5487 1396 5552 Ecclesiis,
1429 5481 1728 5558 praesertim
1759 5502 1852 5540 ca-

288 5552 654 5621 thedralibus,
687 5555 950 5624 ejusmodi
989 5558 1129 5612 aedes
1165 5552 1515 5626 conspicitur
1535 5555 1849 5626 etiamnum,

288 5635 409 5690 quae
449 5633 508 5678 ut
535 5641 642 5682 non
679 5637 763 5683 est
801 5629 901 5684 sub
942 5626 1130 5683 eodem
1170 5624 1312 5683 tecto
1339 5641 1460 5681 cum
1487 5624 1744 5686 Basilica,
1779 5625 1852 5680 ita

293 5695 562 5779 """Priunt
602 5697 760 5756 habet
797 5697 1212 5771 consecrationis
1249 5697 1426 5755 ritum.
1459 5695 1680 5781 Iit-pingi
1714 5694 1853 5750 sole-

1964 4505 2281 4576 celebrium,
2319 4503 2591 4559 Christia
2629 4503 2855 4576 Joanne,
2905 4506 3146 4560 Eunuchi
3191 4523 3221 4559 a
3271 4506 3538 4576 Philippo,

1963 4583 2068 4630 etc.
2092 4573 2403 4644 Ornabatur
2427 4589 2640 4642 quoque
2668 4573 2990 4644 Sanctorum
3015 4576 3208 4628 statuis
3236 4583 3398 4644 atque
3415 4573 3543 4630 reli-

1964 4645 2105 4713 quiis
2137 4662 2150 4697 :
2183 4643 2292 4697 imo
2318 4650 2373 4698 et
2411 4659 2568 4697 suum
2591 4645 2764 4713 etiam
2792 4643 2980 4698 habuit
3015 4644 3142 4699 olim
3181 4643 3370 4699 altare.
3417 4645 3540 4701 llaec

1964 4712 2160 4787 partim
2187 4728 2252 4766 ex
2277 4713 2554 4787 veteribus
2583 4712 3217 4787 Scriptoribusconstat,
3243 4716 3440 4787 partim
3473 4732 3540 4772 ex

1966 4783 2170 4865 relictis
2193 4783 2735 4865 antiquze'religionis
2764 4784 3025 4865 vestigiis.

2039 4865 2062 4892 ε
2093 4852 2359 4928 Βαεὶιίειις.
2397 4852 2725 4928 _Ubicu_nque
2749 4852 3105 4928 constitutum
3131 4865 3248 4911 erat
3277 4856 3545 4928 Baptiste-

1959 4923 2126 4988 rium,
2152 4939 2302 4994 suam
2325 4923 2513 4977 habuit
2541 4924 2770 4994 plebem,
2798 4934 2958 4993 atque
2985 4925 3058 4979 ita
3083 4926 3247 4981 fiebat
3265 4967 3279 4991 ,
3308 4923 3370 4982 ut
3394 4945 3543 4983 more

1959 5003 2148 5075 nostro
2180 4993 2484 5075 loquamur,
2498 4993 2836 5075 parochialis
2872 5011 2888 5075 :_
2923 4996 3062 5075 unde
3084 4997 3374 5075 Zacharias
3403 5014 3540 5075 papa

1955 5063 2260 5132 prohibuit,
2286 5078 2354 5134 ne
2382 5063 2700 5134 Baptisteria
2734 5065 2786 5134 in
2809 5065 3034 5134 privatis
3060 5068 3312 5121 oratoriis
3338 5063 3540 5122 consti-

1959 5131 2261 5208 tuerentur.
2300 5131 2729 5208 Unde’etiamin
2759 5131 2993 5189 formula
3026 5137 3253 5203 dicitur,
3280 5148 3538 5208 quatenus

1957 5201 2138 5274 populi
2161 5202 2362 5276 deuotio
2384 5203 2560 5273 major
2588 5203 2879 5258 adcrescat.
3241 5201 3245 5203 ’
3293 5201 3304 5208 ’

2035 5273 2055 5311 ί
2092 5269 2266 5324 Filius
2296 5281 2470 5324 noster
2495 5313 2508 5324 .
2553 5281 2658 5324 etc.
2691 5272 2826 5324 Hinc
2859 5283 3079 5324 accenla
3123 5284 3206 5324 est
3251 5289 3442 5324 magna
3473 5288 3536 5324 ex

2143 5271 2272 5345 iliui
2296 5271 2508 5335 noster,
2553 5281 2658 5327 etc.
2691 5272 2826 5328 Hinc
2859 5283 3080 5345 accepta
3123 5284 3206 5329 est
3227 5288 3537 5345 Amagnacx

1957 5351 2140 5414 parte,
2163 5342 2306 5396 unde
2331 5350 2386 5396 et
2408 5356 2765 5414 consequens,
2791 5342 3330 5413 paucis'quihusdam
3349 5342 3539 5394 ’verlais

1961 5412 2178 5467 aliunde
2200 5412 2512 5480 assumptis.

2038 5487 2061 5522 Β
2094 5482 2322 5557 yenatio
2365 5475 3029 5557 solemnisaQuteMalendo
3058 5475 3541 5557 Presbytequar-

1963 5552 2154 5616 dinali,
2198 5551 2251 5604 id
2292 5559 2413 5613 est,
2457 5547 2705 5615 titillari,
2735 5551 3045 5606 sufﬁceret:
3076 5547 3305 5615 legitima
3344 5547 3541 5602 dicitur

1961 5638 1990 5674 a
2022 5621 2237 5746 Ptelagio
2262 5620 2280 5675 I
2307 5629 2362 5676 et
2384 5620 2441 5677 S.
2465 5621 2754 5693 Gregorio;
2782 5636 2810 5675 a
2835 5629 3028 5676 neutro
3053 5631 3261 5672 summa
3288 5631 3542 5691 expresse

1964 5699 2044 5746 tra
2087 5701 2209 5746 itur.

1964 5692 2209 5758 traditur,
