3990 6184
463 361 536 418 95
1818 351 2024 406 uasa
2045 317 2376 410 ptumus
3670 352 3741 407 θα

470 487 593 542 quae
615 469 946 528 Christianis
960 469 1210 525 omnibus
1236 468 1290 522 in
1311 479 1597 521 commune
1618 461 1848 518 debetur
1873 481 1887 516 :
1917 477 2047 532 qua-
2077 468 2129 527 Α
2153 465 2384 521 habetur
2403 465 2454 520 in
2485 464 2735 531 subditis,
2761 465 2812 518 in
2838 463 2957 520 loco
2979 463 3056 518 lll.
3084 462 3225 532 juris
3249 465 3332 520 sui
3353 464 3738 535 Baptisteriuui

475 570 634 616 tenus
668 568 725 615 et
751 561 1018 616 desideria
1055 557 1351 613 conditoris
1377 556 1432 610 in
1459 555 1714 610 omnibus
1736 551 2050 621 complean-

477 658 597 716 tur,
627 658 683 705 et
706 664 804 720 per
831 663 1043 704 sacrum
1071 647 1345 700 lavacrum
1367 640 1757 714 regenerandis
1790 640 1901 695 illic
1927 652 2053 710 pec-

475 750 719 799 catorum
748 740 973 797 macula:
1001 738 1298 794 deleantur.

1024 847 1325 904 TITULUS
1362 848 1505 903 XXI.

1003 939 1137 993 Item
1177 937 1526 1008 Responsum.

545 1046 572 1075 ι
609 1033 862 1088 Petitoria
893 1031 974 1086 lll.
1010 1033 1166 1086 nobis
1197 1029 1466 1102 suggessit
1499 1027 1884 1092 insinuatione,
1915 1025 2058 1097 quod

2160 571 2221 612 se
2259 555 2456 611 asserit
2482 555 2878 610 construxisse.

2232 653 2299 708 Et
2327 653 2467 717 ideo,
2500 651 2667 706 frater
2705 652 3054 716 charissime,
3082 652 3336 720 praesenti
3380 627 3743 722 pmceptione

2159 754 2432 814 suscepta,
2460 744 2744 800 desideriis
2779 743 3083 798 satisfacies
3101 743 3400 798 conditoris
3435 762 3447 798 :
3477 752 3747 814 quatenus

2158 853 2257 908 per
2289 836 2658 892 venerandum
2687 834 2960 890 lavacrum
2996 842 3344 905 peccatorum
3370 833 3480 889 illic
3516 834 3746 890 macula:

2162 932 2464 987 deleantur.

543 1181 569 1210 ι
611 1168 868 1223 Petitoria
895 1209 909 1232 ,
964 1173 1070 1221 etc.
1111 1164 1364 1220 Formula
1396 1163 1681 1234 desumpta
1729 1169 1815 1218 est
1865 1157 2051 1228 paucis
2087 1156 2386 1210 immutatis
2419 1169 2483 1209 ex
2522 1153 2616 1208 lib.
2660 1169 2713 1208 xu
2779 1149 2836 1206 S.
2866 1149 3116 1222 Gregorii
3181 1147 3405 1218 epistola
3429 1145 3500 1201 24
3534 1146 3602 1201 ad
3643 1145 3751 1200 llo.

471 1239 683 1295 norium
706 1237 1032 1309 Episcopum
1061 1235 1435 1290 Tarentinum.

1652 1357 3577 1385 _________________________________.__

3588 1355 3712 1366 -_—-

1699 1476 1854 1545 103
1921 1485 2259 1564 CAPUT
2334 1481 2471 1557 VI.

1243 1692 1323 1732 DE
1369 1688 1566 1731 REBUS
1613 1684 1924 1729 ECCLESLE
1967 1678 2406 1725 PROCURANDIS
2450 1676 2529 1718 ΕΤ
2573 1669 2970 1718 ΑιιΕΝΑΝυιε.

1751 1803 2483 1829 ‘__-_-——-—d

471 1917 869 1975 Anommmuu.
900 1943 971 1954 —
992 1911 1126 1968 Cum
1153 1910 1390 1965 mittitur
1416 1909 1484 1963 ad
1508 1923 1542 1978 p

1545 1900 1891 1959 atrimonium
1915 1894 2496 1968 gerendum‘curatqr,
2527 1885 2687 1966 datur
2709 1880 2954 1968 primum‘
2967 1878 3016 1932 ei
3044 1877 3370 1968 procurandi
3399 1879 3700 1968 auctmlitas
3728 1900 3744 1933 :

543 1950 1484 2044 ἓξὲἓὲἐἶῖιὶδῇιῖῖῖἑὲἶὲδῖόιὶοὲῖ
1507 1950 1889 2034 aiataiat;
1908 1950 2064 2044 §t_ad
2092 1961 2374 2044 Patritium
2416 1950 3472 2044 Profugietpagatfiqegtrignad
3502 1950 3746 2044 judice?

539 2058 765 2132 pariter,
795 2056 935 2132 u_t_in
965 2055 1144 2132 causis
1167 2064 1464 2132 pauperum
1499 2046 1621 2132 adju

537 2120 712 2184 ciendi
739 2120 1006 2194 legitimas
1037 2120 1610 2194 locationisgcartulas,

539 2179 1062 2262 cedendifDenique
1086 2201 1208 2262 post
1238 2192 1493 2262 rationes
1513 2179 1996 2262 administrationis
2018 2190 2064 2262 7g

547 2266 792 2321 formulre
821 2266 911 2319 hic
937 2253 1226 2327 habentur,
1259 2269 1315 2316 et
1341 2269 1452 2314 tres
1482 2260 1704 2327 insuper
1735 2253 1996 2327 alirenem

1629 2018 1939 2103 'v'éii’éi'éa'
1952 2018 2405 2105 Episcoposloci,
2437 2034 2498 2080 ut
2517 2039 2672 2105 opem
2700 2018 2896 2102 ferant.
2930 2019 3119 2105 Postea
3153 2018 3213 2072 fit
3234 2026 3475 2087 potestas
3499 2018 3554 2074 et
3575 2022 3748 2076 conli-

1634 2089 2080 2170 éi'éoﬁiniiisﬁdi
2110 2089 2223 2158 sive
2252 2089 2465 2170 fundes,
2507 2089 2625 2170 sive
2635 2089 2934 2170 mancipia,
2971 2097 3026 2142 et
3056 2104 3363 2170 s.ervos_§eu
3391 2105 3588 2159 pueros
3608 2107 3749 2170 con-

2068 2183 2198 2228 estze
2240 2158 2513 2229 redditas,
2561 2158 2838 2220 tribuitur
2866 2159 3198 2214 immunitas.
3253 2158 3451 2214 ﬂorum
3499 2163 3747 2218 omnium

2002 2229 2068 2316 pe
2098 2239 2364 2316 libertatis
2383 2253 2486 2316 qua
2515 2236 2746 2316 donatur
2773 2245 2983 2316 servus,
3004 2229 3747 2316 ettractoriarumnquibus,

536 2298 1452 2404 :ei
1470 2298 2026 2394 ἑὲᾝὲνῐρόέὶῖιίὲέξ
2043 2314 2128 2369 vel
2164 2312 2256 2382 qui
2304 2298 2542 2378 redeunt.
2569 2305 2623 2358 in
2651 2301 2880 2373 patriam
2900 2340 2914 2361 ,
2957 2307 3082 2369 post
3117 2298 3306 2354 limina
3357 2298 3748 2370 Apostolorum

543 2408 649 2463 rite
671 2405 929 2471 salutata,
955 2404 1322 2458 instruuntur.

1078 2515 1379 2573 TITULUS
1413 2515 1453 2570 l.

472 2619 796 2688 Pra'ceptum
837 2615 1048 2686 quando
1094 2613 1274 2694 laicus.
1311 2619 1638 2672 tonsuratur,
1666 2616 1715 2660 et
1761 2606 1821 2674 [it
1865 2602 2050 2674 Regio-

1157 2699 1361 2737 nanus.

541 2805 689 2869 Quos
715 2800 870 2856 bona:
909 2800 1035 2856 vita:
1074 2797 1256 2868 Opinio
1303 2805 1359 2850 et
1387 2795 1601 2866 optimae
1627 2788 2054 2848 conversationis

470 2895 728 2951 meritum
745 2891 1108 2955 commendat,
1132 2891 1232 2944 bos
1253 2898 1308 2944 et
1333 2903 1429 2942 nos
1447 2887 1589 2940 intra
1609 2881 2053 2940 Ecclesiasticum

470 2987 612 3042 ovile
643 2999 936 3056 aggregare
971 2999 1079 3037 non
1107 2981 1453 3050 despicimus.

543 3079 611 3132 Et
654 3078 778 3147 quia
818 3091 886 3132 ex
934 3074 1244 3129 narratione
1293 3072 1528 3142 plurium
1555 3083 1742 3124 sumus
1788 3063 2053 3121 satisfacti

472 3173 538 3228 dc.
566 3170 995 3228 conversationis
1028 3177 1134 3224 tuae
1162 3165 1444 3228 modestia,
1473 3162 1615 3234 quod
1641 3159 1902 3231 elegantis
1931 3157 2054 3212 vita:

471 3266 565 3330 sis,
617 3264 841 3332 dignum
869 3260 1180 3316 censuimus
1223 3257 1363 3311 inter
1395 3255 1615 3310 Clerum
1644 3251 1804 3320 hujus
1831 3250 2058 3319 Aposto-

473 3354 589 3408 lica:
630 3351 727 3407 Dei
748 3349 1003 3406 Ecclesiae
1027 3358 1081 3403 te
1109 3344 1489 3402 connumerari
1510 3385 1524 3408 ,
1551 3358 1614 3398 ac
1637 3343 1778 3396 inter
1803 3339 2055 3395 Notarios

471 3441 826 3514 chionarios
852 3482 866 3506 ,
905 3456 1002 3510 per
1029 3438 1190 3508 hujus
1234 3434 1612 3508 prmoeptionis
1658 3433 1941 3505 paginam,
1987 3446 2054 3487 ex

471 3537 796 3594 auctoritate
821 3535 964 3590 beati
996 3533 1141 3588 Petri
1165 3530 1547 3603 Apostolorum
1569 3526 1858 3596 Principis,
1899 3523 2058 3592 cujus

470 3627 598 3684 licet
640 3629 876 3696 impares
924 3624 1134 3680 meritis
1161 3664 1176 3688 ,
1217 3625 1330 3679 Deo
1363 3630 1542 3676 tamen
1574 3620 1863 3689 dignante,
1909 3616 2057 3670 vices

470 3719 732 3788 gerimus,
766 3717 835 3770 ab
856 3717 971 3774 ,bac
994 3715 1081 3769 die
1109 3713 1328 3774 noveris
1356 3721 1408 3765 te
1434 3725 1555 3767 esse
1581 3709 1896 3778 ascriptum,
1930 3723 2058 3778 qua-

474 3817 631 3861 tenus
648 3805 771 3859 talis
789 3803 1040 3859 beneficii
1070 3799 1156 3854 vel
1179 3799 1534 3869 promotionis
1561 3813 1771 3854 memor
1791 3798 2053 3861 existens,

477 3893 637 3966 ιοά.
668 3893 859 3949 diebus
887 3891 1012 3946 vitae
1041 3899 1166 3955 tute,
1196 3889 1250 3944 in
1275 3891 1360 3945 bis
1387 3905 1507 3959 quae
1535 3889 1771 3959 injuncta
1795 3888 1997 3943 fuerint
2023 3904 2054 3942 a

473 3984 792 4056 proceribus
812 3983 942 4048 tuis,
957 3981 1186 4042 ﬁdeliter
1207 3997 1272 4036 ac
1296 3980 1584 4036 sinceriter
1604 3980 1896 4044 deservias,
1913 3989 1971 4036 et
1998 3981 2054 4036 in

473 4077 686 4134 cunctis
730 4076 1094 4132 obedientiam
1141 4084 1199 4132 et
1235 4075 1612 4130 rectitudinem
1657 4074 1956 4141 exhibeas,
1997 4081 2057 4128 ut

475 4170 587 4226 Deo
635 4171 905 4239 beatoque
928 4167 1090 4225 Petro
1128 4167 1390 4238 Apostolo
1429 4168 1640 4222 auctori
1681 4175 1736 4221 et
1758 4167 2054 4237 protectori

473 4272 662 4324 nostro
691 4270 946 4332 acceptus
969 4276 1254 4331 appareas,
1273 4270 1328 4316 et
1350 4260 1490 4330 apud
1513 4275 1612 4316 nos
1631 4261 2058 4316 commendatior

474 4355 542 4410 de
568 4353 712 4415 fideli
735 4351 988 4418 servitio,
1019 4358 1183 4422 atque
1209 4351 1366 4408 laude
1389 4351 1581 4422 dignus
1607 4351 1872 4420 proberis.

1067 4463 1366 4528 TITULUS
1400 4463 1461 4520 ll.

481 4559 830 4633 I’rwceptum,
859 4557 1078 4632 quando.
1101 4555 1286 4638 abaetis
1315 4554 1756 4625 Subregionan'us
1781 4553 1841 4621 fit
1870 4553 2058 4622 Regio-

1148 4643 1351 4687 Μινυάδι

548 4745 648 4812 Qui
689 4745 743 4798 in
778 4740 1085 4798 commissis
1108 4741 1394 4801 sinceriter
1419 4739 1580 4797 ﬁdem
1608 4757 1762 4796 suam
1797 4741 2057 4796 illibatam

474 4838 714 4901 exhibet,
739 4833 882 4890 unde
902 4831 1277 4901 Apostolorum
1299 4831 1553 4900 Principi,
1579 4834 1801 4903 ejusque
1823 4835 2057 4900 Vicario,

479 4928 652 4999 possit
691 4939 814 4981 esse
849 4931 1131 4991 acceptus,
1181 4921 1378 4974 merito
1405 4923 1472 4976 ad
1503 4922 1896 4982 incrementum
1937 4941 2057 4996 pro-

480 5021 696 5077 vehitur
723 5020 1025 5090 dignitatis,
1073 5027 1129 5074 et
1158 5016 1366 5073 fortiori
1392 5059 1406 5082 ,
1436 5019 1622 5077 n'ostro
1667 5021 2060 5084 interveniente

478 5109 859 5183 praeceptionis
895 5109 1110 5174 annisu,
1134 5109 1338 5168 ditatur
1370 5109 1593 5172 limare.

2083 2503 2132 2562 B
2157 2491 2405 2551 beneficii
2437 2489 2676 2545 existens
2703 2500 2938 2548 memor,
2979 2492 3037 2539 tu
3065 2498 3280 2554 quoque
3309 2483 3528 2538 meliora
3561 2482 3750 2539 valeas

2156 2601 2221 2640 ac
2256 2584 2478 2639 festines
2501 2581 2871 2635 demonstrare
2896 2575 3139 2630 servitia.

2739 2687 3038 2744 TITULUS
3059 2687 3142 2741 Ili.

2262 2787 2586 2855 Prwceptum
2605 2823 2619 2847 ,
2651 2789 2802 2835 eunte
2831 2779 3130 2833 ordinatore
3157 2779 3209 2831 in
3234 2777 3630 2848 patrimonium.

2227 2898 2438 2953 Salubri
2463 2893 2829 2967 providentia,
2859 2890 3121 2961 quidquid
3149 2888 3533 2945 Ecclesiastica
3556 2889 3749 2958 requi-

2156 2991 2229 3045 rit
2255 2989 2482 3051 utilitas,
2511 2986 2614 3040 illis
2637 2982 3081 3039 committendum
3107 2982 3379 3037 credimus
3401 2995 3522 3037 esse
3544 2995 3740 3051 perso-

2155 3079 2256 3143 nis,
2288 3093 2425 3149 quas
2466 3075 2586 3130 fidei
2616 3074 2841 3145 puritas,
2884 3072 2967 3126 vel
2993 3072 3203 3142 placita:
3233 3070 3460 3126 actionis
3500 3070 3749 3126 studium

2157 3167 2413 3224 laudabili
2449 3166 2703 3237 opinione
2727 3163 3070 3220 commendat
3112 3182 3124 3217 :
3167 3170 3498 3234 quapropter
3533 3163 3629 3218 tibi
3655 3162 3746 3219 Ill.

2155 3263 2298 3333 quod
2321 3257 2684 3330 divina'gratia
2700 3256 3030 3327 suffragante
3043 3257 3246 3313 dictum
3271 3257 3363 3322 sit,
3389 3271 3550 3311 omne
3569 3257 3750 3325 patri-

2155 3353 2395 3406 monium
2396 3347 2544 3422 juris
2557 3357 2757 3404 sancta:
2778 3347 3058 3413 Romanae,
3079 3347 3166 3403 cui
3189 3347 3300 3402 Deo
3321 3355 3540 3402 auctore
3559 3347 3755 3403 deser-

2155 3441 2352 3506 vimus,
2374 3438 2652 3503 Ecclesiae,
2684 3452 2783 3510 per
2805 3436 3035 3492 insulam
3070 3435 3327 3506 105111.
3355 3436 3747 3502 constitutum,

2155 3531 2412 3602 praesenti
2458 3528 2824 3599 przeceptione
2864 3527 3282 3598 peraequandum
3304 3568 3318 3592 ,
3348 3528 3460 3582 sive
3487 3527 3756 3585 ordinan-

2157 3623 2284 3676 dum
2315 3619 2706 3675 committimus
2737 3638 2749 3672 :
2784 3617 3126 3687 injungentes
3155 3627 3214 3673 ut
3239 3618 3550 3674 colonorum
3578 3619 3752 3683 vires,

2159 3711 2260 3765 sub
2275 3711 2441 3766 divini
2444 3709 2640 3781 judicii
2659 3709 3133 3779 contemplatione,
3156 3709 3487 3774 consideres,
3511 3717 3753 3779 etquau-

2161 3811 2274 3858 tum
2318 3803 2596 3874 pensionis
2639 3803 2858 3858 nomine
2883 3843 2897 3868 ,
2943 3817 2975 3856 a
3016 3804 3271 3873 praesenti
3308 3802 3385 3856 lll.
3425 3802 3750 3870 indictione,

2159 3893 2360 3950 inferre
2396 3894 2649 3961 debeant,
2695 3893 2923 3949 sollicita
2971 3894 3283 3964 provisione
3331 3893 3608 3964 disponas,
3673 3910 3750 3950 ne

2157 3986 2441 4057 quisquam
2465 4000 2653 4040 eorum
2672 3984 2814 4039 ultra
2840 3999 3001 4054 quam
3016 3983 3233 4050 sufﬁcit,
3248 3983 3390 4055 exigi
3409 3991 3750 4050 coarctetur,

2157 4086 2254 4133 aut
2289 4077 2520 4148 amplius
2543 4091 2707 4147 quam
2733 4075 2934 4132 inferre
2961 4076 3234 4142 convenit,
3266 4075 3514 4131 minusve
3539 4074 3752 4145 persol-

2157 4177 2280 4234 vat;
2311 4177 2363 4224 et
2391 4167 2650 4238 quidquid
2684 4167 2801 4233 tibi,
2836 4182 2959 4222 cum
2986 4167 3081 4222 Dei
3119 4168 3336 4232 timore,
3360 4159 3586 4238 provida
3607 4165 3751 4222 deli-

2158 4260 2442 4316 beratione
2478 4259 2804 4323 constiterit,
2845 4257 3088 4328 ejusdem
3115 4258 3379 4313 creatoris
3408 4257 3582 4312 nostri
3618 4257 3755 4312 dex-

2159 4360 2276 4406 tera
2306 4358 2649 4420 protegente,
2675 4349 2934 4419 disponas
2958 4364 2972 4403 :
3005 4355 3065 4404 ut
3085 4350 3170 4405 cui
3199 4349 3512 4420 prtevi'deris
3541 4349 3753 4421 aliquid

2161 4442 2515 4498 relaxandum
2545 4442 2841 4512 pensionis,
2866 4441 3247 4514 levigationem
3275 4443 3544 4508 inveniat;
3574 4451 3630 4498 et
3653 4446 3748 4499 cui

2160 4533 2466 4590 addendum
2500 4549 2620 4591 esse
2646 4535 2960 4598 credideris,
2989 4538 3133 4605 quod
3155 4535 3362 4604 justum
3385 4544 3490 4601 est,
3519 4544 3752 4607 cogatur

2159 4625 2436 4680 exsolvere
2471 4643 2483 4678 :
2521 4627 2658 4700 quia
2679 4625 2733 4681 id
2759 4627 2903 4696 quod
2925 4627 3253 4697 pauperibus
3278 4634 3552 4696 erogatur,
3586 4626 3750 4698 longe

2163 4718 2225 4772 fit
2251 4733 2280 4772 a
2308 4719 2584 4783 mercede,
2613 4719 2658 4773 si
2687 4719 2742 4773 in
2765 4718 2871 4784 bis,
2900 4736 2930 4774 a
2957 4719 3151 4789 quibus
3173 4717 3426 4785 infertur,
3451 4733 3560 4776 non
3582 4717 3755 4773 fuerit

2155 4807 2302 4878 juste
2340 4825 2404 4865 ac
2429 4811 2853 4866 misericorditer
2886 4809 3278 4881 dispensatum.

2757 4920 3056 4977 TITULUS
3087 4920 3175 4981 IV.

2555 5010 2688 5066 Item
2717 5011 2886 5079 aliud,
2909 5014 3064 5084 fundi
3089 5013 3318 5069 Rectort’.

2235 5119 2492 5186 Quoniam
2518 5122 2570 5176 in
2589 5123 2914 5190 ordinando,
2943 5125 3058 5181 sive
3107 5126 3441 5182 discutienda
3488 5128 3748 5198 patrimo-

548 5203 616 5258 Et
652 5203 867 5258 idcirco.
892 5201 959 5256 de
1000 5201 1109 5256 tuis
1149 5200 1396 5257 fidelibus
1436 5203 1708 5268 servitiis,
1746 5220 2055 5276 quanquam
2082 5216 2135 5275 1)
2161 5211 2252 5266 nio
2277 5221 2478 5266 sancta:
2521 5211 2797 5281 Romanae,
2853 5217 2941 5271 cui
2993 5217 3104 5273 Deo
3146 5225 3338 5275 autore
3386 5218 3746 5287 deservimus,

478 5294 679 5352 dudum
697 5335 711 5357 ,
744 5301 924 5348 tamen
955 5301 1012 5349 et
1039 5293 1094 5348 in
1118 5294 1369 5362 przesenti
1397 5310 1464 5350 ex
1502 5297 1846 5367 suggestione
1867 5297 1945 5352 lll.
1973 5313 2058 5354 sa-

481 5387 704 5454 tisfacti,
724 5385 1080 5464 promationis
1098 5385 1523 5450 munificentiam
1552 5387 1646 5442 tibi
1669 5390 2017 5457 concedimus
2037 5408 2064 5458 :,-

478 5487 535 5532 et
558 5477 680 5532 ideo
707 5491 775 5531 ex
808 5475 1098 5531 autoritate
1128 5475 1272 5530 beati
1302 5475 1447 5531 Petri
1470 5475 1738 5546 Principis
1771 5479 2057 5548 Apostoloo

485 5584 624 5633 rum,
655 5568 808 5640 cujus
824 5567 958 5622 licet
982 5566 1218 5636 impares
1239 5566 1470 5630 meritis,
1500 5566 1610 5622 Deo
1633 5574 1814 5622 tamen
1834 5568 2061 5640 dignan-

483 5665 556 5718 te,
597 5657 744 5713 vices
787 5657 1058 5728 gerimus,
1086 5655 1305 5711 noveris
1343 5664 1394 5712 te
1421 5657 1488 5712 ab
1519 5656 1620 5712 ltac
1653 5658 1739 5714 die
1766 5660 1909 5716 inter
1960 5660 2061 5716 lle-

483 5747 757 5814 gionarios
791 5746 1040 5804 Notarios
1076 5761 1198 5804 esse
1241 5747 1604 5824 adscriptum,
1639 5760 1903 5820 quatenus
1939 5752 2059 5810 talis

2163 5300 2441 5369 Ecclesiae,
2469 5303 2524 5358 in
2557 5305 2834 5374 provincia
2865 5305 2944 5360 Ill.
3002 5307 3314 5375 constituto,
3362 5309 3613 5380 praesenti
3659 5309 3742 5366 lll.

2164 5391 2478 5460 indictione,
2495 5393 2748 5462 jubemus
2777 5403 2830 5452 te
2860 5405 3129 5453 rectorem
3156 5400 3414 5456 accedere
3433 5419 3454 5461 ε,
3475 5408 3529 5454 te
3555 5399 3749 5455 videli-

2162 5491 2251 5538 cet
2287 5483 2423 5540 bene
2455 5494 2667 5558 agente,
2712 5496 2768 5542 et
2805 5487 3011 5558 absque
3059 5489 3375 5545 colonorum
3429 5489 3748 5561 gravamine

2161 5586 2537 5642 conversante,
2565 5584 2625 5632 ut
2650 5576 2817 5632 diviui
2840 5577 3274 5634 consideratione
3293 5577 3503 5650 iudicii,
3544 5586 3747 5632 nostra:

2161 5681 2375 5737 quoque
2401 5668 2836 5724 cominouitlonis
2871 5683 3099 5736 memor,
3147 5671 3222 5724 ita
3268 5678 3320 5726 te
3361 5669 3652 5725 efficaciter
3687 5677 3746 5725 et

2161 5757 2393 5815 fideliter.
2436 5760 2716 5827 exhibeas,
2743 5773 2802 5817 ut
2829 5761 3026 5817 nullius
3048 5761 3342 5835 neglectus,
3385 5762 3464 5817 vel
3506 5761 3746 5826 fraudig,
