3990 6184
354 273 433 332 97
1328 267 1768 328 ROMANORUM
1811 266 2248 324 PONTlFlCde.
2289 296 2355 306 —-
2379 266 2526 320 CAP.
2571 265 2653 320 Vl.
3572 263 3638 317 98

347 393 512 461 quod
539 389 702 454 absit,
726 386 952 456 alicujus
981 386 1273 441 inveniaris
1298 387 1565 440 sustinere
1597 383 1894 452 periculum
1927 398 1939 434 :
1973 387 2023 444 Α

350 483 544 554 magis
570 489 750 536 autem
771 479 826 534 id
849 494 996 547 agas,
1026 487 1289 548 quatenus
1319 477 1385 532 de
1426 477 1529 532 lide
1581 487 1636 532 et
1679 476 1944 532 industria

355 585 465 628 tua
499 575 695 628 divina
718 573 896 643 possis
929 572 1116 642 gratia:
1163 571 1548 626 commendari.
1590 570 1670 623 Ad
1713 568 1947 623 familias

353 680 585 736 quoque
610 661 849 730 ejusdem
878 661 1210 731 patrimonii,
1235 660 1528 714 secundum
1555 673 1784 722 morem,
1809 672 1947 727 pra:—

352 765 522 826 cepta
553 753 868 818 direximus,
913 762 972 808 ut
1008 753 1159 815 nihil,
1205 753 1350 822 quod
1394 753 1462 807 ad
1505 751 1808 822 peragenda
1857 765 1942 815 ea,

352 861 486 916 quae
515 846 610 901 tibi
633 844 876 915 injuncta
904 853 1048 910 sunt,
1081 845 1137 898 in
1171 845 1348 914 aliquo
1399 845 1614 898 valeant
1660 843 1941 912 impedire.

943 976 1103 1048 103
1134 977 1430 1033 TlTULUS
1464 976 1526 1031 v.

354 1067 604 1133 Colonis,
653 1077 703 1122 et
743 1065 989 1136 Familia:
1051 1085 1346 1121 massarum
1406 1068 1510 1121 sive
1557 1067 1841 1136 fundarum
1891 1067 1946 1119 in

863 1134 1144 1190 Prouincia
1170 1138 1482 1191 constituta.

442 1256 470 1285 ι
492 1246 571 1301 Ad
603 1247 1016 1301 sollicitudinem
1042 1261 1137 1300 vos
1158 1246 1235 1300 Ill.
1275 1247 1419 1301 sedis
1441 1256 1638 1301 nostra:
1667 1245 1868 1300 Notarii
1894 1251 1950 1300 et

360 1339 619 1393 Bectoris
643 1337 925 1407 dispositio
949 1345 1133 1390 nostra
1159 1337 1431 1407 pertinere
1456 1330 1753 1391 constituit.
1787 1334 1949 1389 lube-

358 1443 490 1482 mus
511 1429 677 1493 enim,
703 1437 760 1483 ut
780 1427 916 1496 ejus,
940 1441 1040 1496 pro
1064 1426 1319 1482 Ecclesia:
1345 1428 1664 1482 utilitatibus
1683 1435 1738 1480 et
1776 1425 1949 1481 cultu-

357 1533 426 1572 ra
468 1532 742 1588 agrorum,
783 1518 1056 1572 mandatis
1093 1532 1286 1587 parere
1331 1518 1651 1586 properetis,
1693 1525 1748 1571 et
1805 1515 1952 1570 salu-

357 1609 641 1664 brioribus
661 1608 880 1662 obedire
901 1608 1184 1677 perceptis
1211 1619 1226 1660 :
1249 1608 1335 1661 cui
1361 1608 1522 1663 talem
1565 1608 1810 1662 dedimus
1857 1622 1950 1676 po-

356 1708 638 1767 testatem,
659 1711 719 1755 ut
737 1716 852 1766 eos,
873 1702 963 1770 qui
992 1710 1338 1757 contumaces
1351 1703 1681 1767 exstiterint,
1699 1702 1946 1757 districta
1976 1726 2023 1784 Β
2693 1702 3071 1809 ὀρθτωυη

353 1794 654 1848 severitate
678 1793 952 1863 corripiat.
980 1793 1250 1849 Noveritis
1280 1796 1425 1848 enim
1476 1794 1575 1848 sub
1615 1796 1716 1849 hac
1760 1794 1946 1849 condi-

355 1881 513 1936 tione
536 1897 634 1936 vos
667 1897 786 1936 esse
823 1883 1161 1949 commissos,
1189 1891 1247 1936 ut
1271 1884 1560 1953 mancipia,
1598 1884 1642 1937 si
1664 1898 1770 1951 qua
1815 1883 1948 1936 foris

351 1973 604 2038 latitant,
627 1973 711 2027 vel
744 1974 878 2028 lines
899 1990 1179 2042 pervasos,
1206 1991 1304 2030 sua
1328 1976 1585 2029 instantia
1621 1973 1732 2041 juri
1761 1975 1950 2028 Eccle-

346 2063 593 2118 siastico
616 2077 871 2116 revocare
892 2077 1000 2116 non
1025 2061 1237 2117 diﬂ’erat
1254 2081 1266 2116 :
1286 2065 1488 2133 pariter
1514 2065 1676 2119 etiam
1715 2064 1952 2133 periculo

345 2168 462 2212 suo
522 2153 696 2208 fuisse
747 2154 1154 2218 commonitum,
1205 2169 1273 2208 ne
1307 2155 1597 2224 aliquando
1643 2155 1951 2208 violentiam

344 2241 760 2314 rebus’alienis,
791 2243 876 2297 vel
903 2253 1116 2313 raptum
1135 2243 1384 2310 forsitan,
1399 2244 1575 2300 facere
1589 2244 1948 2314 pmsumatis.

936 2370 1234 2432 TITULUS
1257 2375 1340 2430 Vl.

351 2462 694 2537 Prwceptum
738 2464 809 2537 ad
862 2466 1361 2537 commendationem
1399 2457 1568 2537 glutis
1615 2461 1852 2537 Rectcris
1895 2466 1948 2518 in

609 2534 1004 2605 patrimonium,
1032 2536 1101 2588 ad
1126 2531 1364 2588 Iudicem
1398 2532 1712 2587 Provinciw.

434 2649 461 2688 δ
487 2647 589 2715 Qui
625 2647 680 2702 in
710 2647 920 2702 actione
943 2648 1147 2716 positus
1172 2647 1328 2701 bonis
1351 2662 1408 2701 se
1448 2645 1804 2714 omnipotenti
1837 2644 1948 2698 Deo

351 2742 747 2798 commendare
798 2740 977 2795 studet
1026 2741 1297 2810 operibus,
1354 2741 1495 2795 viam
1555 2739 1657 2794 sibi
1706 2723 1949 2810 profecto

353 2826 577 2892 sternit,
605 2844 704 2898 per
732 2844 892 2897 quam
921 2829 1208 2884 salubriter
1223 2830 1290 2884 ad
1311 2830 1616 2884 desiderata
1642 2831 1945 2900 perveniat,

355 2927 415 2971 et
443 2918 512 2971 ad
530 2918 734 2987 majora
765 2933 996 2988 semper,
1033 2919 1251 2974 Christo
1276 2919 1578 2988 adjuvante,
1607 2919 1876 2990 proﬁciat.

430 3009 619 3078 Itaque
636 3009 914 3080 praemisso
949 3009 1284 3064 salutationis
1309 3011 1652 3080 alloquio,lll.
1669 3009 1948 3066 Notarium

355 3102 679 3172 portitorem
707 3102 1068 3172 prmsentium,
1094 3118 1252 3171 quem
1274 3103 1340 3156 ad
1367 3103 1602 3173 regimen
1640 3103 1952 3173 patrimonii

361 3191 732 3246 Ecclesiastici
767 3191 820 3244 in
867 3190 947 3244 Ill.
987 3192 1158 3244 insula
1203 3193 1480 3247 constituti
1526 3195 1950 3260 transmisimus,

363 3291 555 3337 vestra:
570 3282 930 3354 magnitudini
959 3283 1112 3353 107
1142 3285 1680 3350 commendamus,ut
1697 3287 1955 3341 bonitatis

363 3384 557 3428 vestrae
590 3373 666 3426 illi
698 3372 947 3428 allectum
995 3383 1050 3428 et
1103 3376 1334 3443 gratiam
1361 3375 1415 3428 in
1440 3375 1617 3430 causis
1655 3391 1956 3445 pauperum

363 3465 722 3522 libentissime
755 3469 1140 3523 commendetis
1168 3488 1178 3521 :
1209 3478 1372 3539 atque
1398 3470 1470 3522 ita
1505 3485 1647 3531 eum,
1691 3471 1832 3523 sicut
1869 3485 1958 3524 re-

361 3572 489 3612 vera
516 3557 846 3612 christianos
868 3558 1041 3620 decet,
1097 3558 1151 3611 in
1191 3558 1443 3613 omnibus
1494 3557 1760 3627 adjuvetis
1785 3577 1798 3612 :
1823 3574 1957 3628 qua-

359 3655 520 3700 tenus
547 3646 696 3708 dum,
747 3646 899 3700 vobis
953 3648 1417 3712 concurrentibus,
1465 3648 1750 3703 utilitatem
1806 3665 1955 3704 com-

358 3735 586 3790 missam
625 3737 914 3807 peregerit,
950 3746 1075 3792 ante
1101 3739 1484 3807 omnipotentis
1514 3739 1607 3794 Dei
1639 3741 1846 3805 oculos,
1871 3743 1953 3795 in-

360 3828 674 3882 tercedente
700 3826 858 3881 beato
889 3823 1052 3881 Petro
1081 3827 1458 3896 Apostolorum
1479 3829 1748 3901 Principe,
1786 3833 1955 3888 actio-

358 3933 489 3973 num
539 3927 846 3972 vestrarum
887 3919 1188 3973 mercedem
1221 3920 1481 3986 invenire,
1506 3930 1562 3975 et
1589 3923 1705 3992 ejus
1741 3939 1951 3994 semper

356 4017 685 4074 debitricem
715 4018 916 4071 habere
945 4015 1240 4071 Ecclesiam
1270 4016 1512 4072 valeatis.

430 4164 458 4191 ι
484 4149 568 4230 Ad
591 4149 1137 4230 εοιιὶιςὶηᾳλιὶηεηξτραι-ἷ
1155 4147 1431 4230 Descripta
1446 4156 1554 4230 est,
1571 4149 1757 4230 paucis
1767 4151 1954 4230 admo:

357 4224 490 4276 dum
546 4220 864 4289 immutatis,
891 4232 957 4272 ex
984 4217 1076 4273 lib.
1106 4217 1158 4289 7.
1208 4218 1457 4289 Gregorii
1501 4217 1724 4287 epistola
1763 4220 1852 4283 52,
1883 4224 1950 4276 ad

357 4292 586 4348 colonos
611 4288 981 4359 Syracusanos
1005 4305 1017 4340 :
1042 4288 1268 4342 habetur
1288 4288 1417 4344 vero
1447 4289 1667 4344 totidem
1692 4291 1873 4346 verbis
1895 4292 1949 4346 in

360 4361 552 4416 codice
575 4359 871 4413 Thuanazo.

2613 379 2911 436 TITULUS
2942 378 3044 434 ΠΙ.

2403 483 2424 509 ε
2467 471 2543 524 Ad
2577 470 2862 524 Patricium
2889 467 3199 524 Provinciis.

2117 560 2219 628 Qui
2267 561 2354 615 illa
2395 562 2650 632 protegit,
2699 561 2839 615 unde
2889 559 3090 630 aliquid
3144 555 3402 616 accedere
3435 573 3636 630 cogno-

2047 650 2218 706 scitur
2244 653 2572 721 pauperibus
2595 651 2932 717 alimentum,
2952 651 3080 720 quid
3106 650 3249 706 aliud
3299 651 3429 721 agit,
3468 664 3631 720 quam

2047 741 2114 794 de
2169 741 2391 810 proprio
2442 742 2724 810 egentibus
2772 742 3168 812 eleemosynam
3231 740 3639 796 subministrat?

2047 829 2200 898 Quod
2236 840 2290 884 et
2315 832 2438 900 quia
2461 832 2536 884 ita
2581 845 2702 886 esse
2752 833 3088 887 excellentia:
3143 839 3333 886 vestrae
3379 831 3636 885 indicium

2048 935 2155 973 non
2206 919 2353 983 latet,
2399 920 2632 973 libenter
2677 921 2969 976 scribimus
3010 937 3096 988 ea,
3151 936 3269 992 qua:
3316 919 3496 976 lacere
3540 935 3636 974 vos

2049 1019 2238 1080 Sponte
2261 1009 2596 1064 conﬁdimus.

2120 1102 2369 1162 Proinde.
2395 1103 2598 1157 honore
2634 1102 2818 1157 debito
2854 1103 3171 1168 salutantes,
3233 1105 3459 1160 latorem
3495 1119 3632 1176 prte-

2051 1192 2382 1247 sentiumlll.
2407 1193 2491 1245 cui
2513 1187 2823 1261 patrimonii
2855 1192 3218 1246 Ecclesiastici
3261 1195 3312 1248 in
3362 1194 3468 1248 illis
3511 1209 3634 1263 par-

2052 1283 2195 1338 tibus
2215 1284 2490 1337 constituti
2516 1299 2643 1337 cura
2671 1285 2959 1338 commissa
2987 1289 3089 1347 est,
3115 1284 3332 1351 scriptis
3362 1284 3638 1353 pra-senti-

2052 1375 2153 1429 bus
2171 1373 2630 1437 commendantes,
2661 1374 2915 1442 petimus,
2943 1379 3002 1425 ut
3040 1372 3088 1426 ei
3125 1372 3308 1425 auxilii
3344 1375 3510 1426 vestri
3552 1387 3640 1428 sa-

2056 1468 2142 1522 lus
2165 1469 2448 1536 dignanter
2461 1468 2698 1533 assistat,
2725 1477 2886 1537 atque
2912 1467 3080 1531 illum,
3101 1478 3454 1538 quacumque
3470 1483 3635 1523 causa

2051 1557 2378 1630 poposcerit,
2405 1557 2618 1626 adjuvet
2648 1576 2660 1611 :
2691 1566 2954 1627 quatenus
2987 1571 3086 1628 pro
3118 1558 3376 1627 impensis
3399 1559 3635 1626 patroci-

2053 1652 2264 1706 niorum
2294 1652 2470 1715 bonis,
2503 1659 2556 1705 et
2586 1666 2683 1705 nos
2705 1666 2863 1704 orare
2915 1664 3013 1719 pro
3063 1647 3391 1704 excellentiae
3440 1660 3633 1704 vestra:

3103 1746 3158 1792 et
3198 1739 3389 1792 beatus
3437 1737 3632 1793 Petrus

2047 1829 2426 1900 Apostolorum
2451 1827 2732 1899 Princeps,
2759 1830 2843 1884 cui
2878 1838 3116 1882 vestrum
3149 1829 3464 1898 obsequium
3487 1845 3635 1883 com-

2049 1919 2300 1982 modatis,
2330 1917 2544 1988 dignam
2573 1920 2725 1974 vobis
2759 1928 2814 1974 et
2839 1919 3312 1973 hicetinfuturum
3330 1921 3640 1975 retributio-

2051 2025 2173 2064 nem
2198 2009 2664 2078 compenset.Nec
2710 2011 2854 2065 enim
2900 2026 3099 2064 novum
3151 2010 3304 2064 vobis
3363 2018 3464 2074 est,
3514 2011 3638 2074 ista,

2052 2116 2172 2170 qum
2195 2102 2495 2170 poscimus,
2520 2117 2715 2170 agere:
2752 2118 2875 2156 nam
2917 2101 3072 2155 multi
3120 2101 3313 2155 exinde
3369 2103 3644 2156 venientes

2051 2198 2202 2244 tanta
2227 2191 2291 2244 de
2315 2192 2466 2244 vobis
2495 2192 2671 2245 testati
2705 2201 2850 2255 sunt,
2891 2199 2952 2245 ut
2998 2191 3258 2259 majorem
3303 2192 3368 2246 de
3407 2192 3646 2246 sublimi-

2054 2281 2177 2335 tatis
2205 2289 2400 2335 vestrze
2429 2283 2672 2336 bonitate
2723 2261 2973 2337 fiduciam
3022 2298 3237 2352 capere,
3300 2299 3461 2352 quam
3508 2283 3636 2339 olim

2049 2373 2354 2437 habuimus,
2381 2373 2704 2428 debeamus:
2744 2375 2903 2444 108
2931 2375 3183 2444 quoniam
3210 2375 3511 2444 postulatus
3545 2391 3636 2429 ra-

2048 2464 2177 2518 tioni
2193 2465 2309 2519 sine
2325 2465 2488 2520 dubio
2500 2466 2704 2520 creditu
2713 2482 2739 2519 r
2751 2466 3027 2530 exhibere,
3045 2481 3165 2536 qua:
3179 2467 3456 2522 consuevit
3471 2467 3637 2522 etiam

2049 2571 2155 2610 non
2186 2557 2490 2627 postulatus
2517 2566 2793 2627 praestare.

2121 2647 2473 2718 Omnipotens
2496 2650 2638 2704 Deus
2677 2650 2745 2704 ab
2782 2650 2929 2703 omni
2975 2650 3120 2703 malo
3150 2664 3247 2704 vos
3285 2657 3552 2717 protegat,
3587 2658 3642 2704 et

2051 2738 2118 2793 de
2155 2747 2334 2793 vestra
2356 2755 2456 2795 nos
2486 2755 2697 2810 semper
2722 2739 2888 2794 faciat
2916 2739 3090 2794 salute
3112 2740 3364 2811 gaudere.

2583 2851 2885 2908 TITULUS
2921 2846 3052 2906 Vill.

2551 2921 2684 2975 Item
2709 2923 2778 2974 ad
2802 2920 3106 2992 EpiscOpos.

2125 3008 2153 3051 τι
2184 3011 2409 3066 Notario
2424 3010 2504 3066 lll.
2529 3022 2730 3072 sancta:
2753 3022 2952 3067 nostra:
2978 3013 3232 3069 Ecclesia:
3252 3016 3639 3084 patrimonium

2055 3105 2109 3159 in
2132 3104 2302 3159 insula
2323 3104 2404 3158 Ill.
2435 3119 2464 3158 a
2485 3107 2736 3175 praesenti
2760 3104 2837 3158 Ill.
2863 3106 3175 3170 indictione,
3205 3107 3314 3162 Deo
3328 3109 3641 3172 auxiliante.

2052 3197 2416 3266 peragendum
2456 3197 2714 3252 noveritis
2760 3211 2883 3251 esse
2934 3199 3280 3252 commissum
3308 3214 3321 3252 :
3349 3215 3517 3268 quare
3561 3201 3642 3253 di-

2052 3288 2211 3342 lectio
2242 3296 2418 3342 vestra
2467 3296 2763 3342 memorato
2794 3287 3034 3351 Notario,
3074 3289 3380 3359 ubicunque
3422 3305 3647 3346 necesse

2053 3380 2324 3442 habuerit,
2375 3379 2562 3432 solatia
2605 3379 2823 3433 festinet
2859 3379 3170 3447 impendere
3196 3390 3496 3448 :quatenus
3546 3382 3642 3434 ad-

2049 3470 2202 3539 jutus
2225 3476 2408 3522 vestro
2437 3470 2656 3532 auxilio,
2692 3484 2812 3537 quae
2827 3471 2876 3522 ei
2909 3471 3262 3538 injunximus,
3307 3472 3424 3524 sine
3474 3474 3643 3541 impe-

2056 3559 2301 3615 dimento
2320 3557 2496 3612 valeat
2524 3557 2794 3627 explicare
2818 3575 2830 3610 :
2857 3567 2916 3611 ut
2941 3559 3066 3612 dum
3094 3559 3247 3612 nobis
3262 3560 3330 3614 de
3341 3561 3648 3615 obedientia

2053 3657 2233 3706 vestra
2265 3647 2527 3712 retulerit,
2561 3647 2701 3718 apud
2730 3655 2948 3704 nostros
2988 3649 3200 3705 animos
3241 3650 3486 3720 possitis,
3534 3651 3645 3708 Deo

2050 3745 2305 3818 propitio,
2335 3743 2529 3800 melius
2568 3743 2958 3799 commendari.

2619 3833 2917 3890 TITULUS
2947 3833 3016 3890 IX

2659 3935 2680 3964 ε
2706 3923 2996 3979 Tractoria.

2121 4017 2520 4073 Ecclesiasticm
2548 4032 2724 4072 causa:
2745 4032 2850 4072 non
2873 4019 3294 4088 recepitulilitas
3311 4022 3639 4086 tarditatem,

2050 4153 2218 4222 scopis
2242 4168 2275 4222 a
2301 4150 2537 4222 paribus.
2564 4149 2630 4204 Et
2652 4157 2838 4222 postea
2871 4167 2884 4204 :
2912 4148 3170 4222 Notarius
3188 4150 3519 4222 VIll_.Asanctw
3543 4169 3608 4222 no
3625 4183 3640 4192 -

2049 4219 2172 4278 δετὰς
2227 4219 2479 4275 Ecclesia:
2525 4221 2898 4288 patrimonium
2949 4221 3228 4288 ininsula
3260 4219 3346 4272 Ill.
3383 4221 3540 4273 situm
3574 4219 3639 4274 ab

2050 4295 2146 4362 hoc
2194 4291 2439 4362 pra'seuti
2483 4287 2622 4362 anno
2666 4289 2940 4362 dominica:
2999 4287 3391 4362 Incarmztionis
3441 4289 3518 4341 Μ.
3549 4290 3640 4362 Ill.

2055 4361 2163 4414 Deo
2191 4358 2502 4422 auxiliante,
2525 4358 2922 4426 gubernandum
2955 4358 3198 4411 noveritis
3243 4373 3354 4411 esse
3399 4361 3644 4414 commis-

437 4411 480 4470 ἶ
497 4411 605 4494 Qui
628 4411 690 4482 in
714 4411 936 4482 actione.
969 4426 1205 4482 Habetur
1225 4427 1278 4480 in
1305 4427 1490 4482 codice
1530 4427 1802 4484 Thuanzeo
1851 4430 1953 4485 hac
1982 4411 2031 4469 D
2055 4411 2337 4492 iamIQua
2363 4428 2426 4479 de
2454 4411 2652 4488 refetc.

359 4500 720 4570 inscriptione
742 4518 760 4570 :7
781 4498 870 4552 Ill.
901 4497 1208 4570 Episcopus,
1234 4514 1410 4570 servus
1434 4515 1698 4570 seruorum
1725 4499 1844 4570 Dei,
1860 4499 1949 4554 Ill.

356 4567 569 4624 lnsulic
596 4568 688 4622 Ill.
711 4569 936 4638 glorioso
957 4567 1156 4638 Iudici.
1201 4569 1256 4622 ln
1288 4568 1391 4620 line
1438 4569 1729 4638 adduntur
1752 4568 1957 4638 aliquot

359 4640 541 4705 lineze,
581 4637 776 4709 quzein
807 4637 1035 4709 formula
1084 4638 1325 4709 sequenti
1379 4637 1614 4709 totidem
1655 4639 1830 4692 verbis
1877 4639 1954 4692 le-

357 4705 680 4781 gunturfut
707 4708 969 4781 suspicari
996 4705 1195 4781 merito
1230 4707 1406 4781 liceat,
1440 4705 1952 4781 exscriptoremAco‘

359 4777 498 4834 dicis
530 4780 786 4833 Thuanmi
815 4777 1074 4833 formulas
1121 4778 1256 4832 duas
1304 4777 1358 4830 in
1406 4791 1567 4830 unam
1615 4777 1952 4833 contraxisse

356 4865 474 4920 prae
495 4850 808 4920 oscitantia.

436 4931 458 4958 ε
493 4921 578 4973 Ad
601 4918 912 4973 Patricium.
936 4916 1223 4972 Praefectos
1241 4916 1536 4987 Provinciae
1567 4916 1803 4987 intellige
1835 4916 1950 4972 sive

359 4991 455 5061 qui
479 4993 554 5046 ab
567 4991 988 5061 imperatoribus
1028 4985 1634 5061 constantinopolitanis
1665 4985 1947 5061 mitteban-

361 5055 451 5114 t'ur
495 5061 552 5138 in
598 5055 961 5138 Occidentem,
1017 5056 1084 5111 ad
1126 5055 1770 5138 regendas-Provincia's‘,
1812 5071 1948 5138 quas

363 5132 606 5184 nondum
633 5131 721 5184 alii
759 5131 933 5198 Reges
985 5126 1312 5196 occuparant
1338 5126 1486 5198 gsive
1537 5127 1626 5195 qui
1654 5126 1950 5198 aiRegibus

361 5200 661 5256 Galliarum
677 5202 730 5254 in
751 5195 866 5255 suis
879 5195 1172 5254 ditionihus
1184 5195 1666 5251 constituebantur.
1686 5197 1779 5249 Est
1799 5195 1948 5261 apud

361 5269 684 5341 Gregorium
714 5287 820 5325 non
847 5267 1206 5341 una‘epistola
1247 5265 1314 5341 ad
1356 5265 1649 5341 Patricium
1699 5265 1941 5341 Sicilire:

362 5334 505 5394 sunt“
510 5351 566 5395 et
589 5341 830 5410 epistolae
857 5334 1038 5409 plures
1063 5338 1132 5410 ad
1174 5336 1436 5389 Patricios
1480 5334 1775 5410 Galliarum
1825 5335 1950 5410 Ari-

361 5412 534 5481 gium,
558 5403 904 5482 Dinamium,
929 5417 1037 5464 etc.
1063 5407 1200 5460 Sunt
1230 5413 1408 5458 autem
1453 5403 1692 5482 epistola:
1715 5403 1818 5458 illa:
1874 5406 1948 5458 ita

361 5473 736 5546 similesliuic,
768 5489 828 5534 ut
852 5494 1018 5533 unum
1059 5491 1248 5533 omnes
1293 5484 1534 5528 antorem
1582 5473 1782 5528 habere
1835 5489 1948 5528 me-

368 5555 850 5626 erudiciqueapt.
940 5619 968 5626 __
1064 5616 1123 5626 __
1361 5613 1375 5626 ,
1433 5614 1515 5626 __
1623 5612 1637 5626 ,
1758 5614 1769 5626 ,
1904 5614 1916 5626 ,

431 5626 457 5668 ἀ
491 5612 742 5682 Νοωὲἱο.
767 5622 828 5676 In
851 5619 1037 5676 codice
1064 5616 1332 5672 Thuanzeo
1361 5613 1590 5668 habetur
1623 5612 1737 5666 htec
1757 5614 1946 5668 inscri-

356 5699 471 5764 ptio
495 5711 509 5748 :
531 5695 626 5752 ιιι.
650 5693 968 5756 Episcopus,
999 5703 1175 5744 servus
1203 5699 1467 5742 servorum
1491 5682 1634 5756 ‘Dei,
1686 5681 1775 5736 Ill.
1820 5683 1944 5752 Epi-

2129 4510 2154 4537 ο
2187 4496 2482 4550 Tractoria.
2507 4497 2644 4549 Ante
2669 4511 2859 4549 novem
2887 4511 3076 4558 annos,
3125 4510 3247 4550 cum
3285 4496 3351 4550 ad
3388 4496 3458 4551 Μ.
3497 4497 3641 4552 Mer-

2055 4568 2255 4624 catoris
2307 4566 2788 4620 Commonitorium
2835 4575 2992 4620 notas
3032 4566 3308 4629 adderem,
3355 4575 3640 4635 utramque

2055 4638 2216 4702 edidi,
2241 4636 2525 4690 occasione
2554 4635 2793 4701 epistolae
2824 4635 2983 4694 illius,
3018 4649 3178 4705 quam
3213 4635 3463 4689 Zozimus
3491 4635 3639 4705 Papa

2055 4709 2122 4762 ad
2149 4704 2521 4778 omne-sorbis
2549 4705 2844 4772 Episcopos
2867 4705 2937 4778 de
2962 4704 3636 4778 condemnationepPela’gii

2055 4786 2107 4832 et
2139 4775 2375 4830 C(elestii
2404 4774 2569 4843 misit,
2596 4789 2865 4843 quamque
2888 4773 3157 4843 Mercator
3188 4775 3520 4830 Tractoriam
3560 4773 3640 4830 (ti-

2056 4855 2196 4901 ctam
2224 4845 2406 4898 tradit‘.
2437 4843 2515 4898 Eo
2544 4841 2644 4897 loci
2688 4841 2944 4898 Jacobum
2990 4842 3376 4900 Gothofredum
3431 4848 3634 4903 codicis

2057 4915 2410 4970 Theodosiani
2446 4923 2924 4969 commentatorem
2955 4917 3157 4980 notavi,
3198 4917 3340 4980 quod
3380 4916 3467 4970 ubi
3504 4916 3634 4970 Ber-

2055 4986 2338 5056 nardinum
2365 4984 2668 5038 Ferrarium
2697 4985 3143 5056 arguere_vo|uit,
3185 4984 3477 5056 Episcopos
3495 4989 3632 5040 seri-

2055 5055 2272 5124 psisset,
2325 5053 2783 5124 cum_tractoriis'
2815 5056 2880 5108 ad
2926 5053 3201 5124 Sync-lum
3225 5053 3254 5108 a
3286 5053 3636 5110 Pontilicilans

2053 5121 2426 5186 evocarentur,
2455 5121 2622 5178 fuisse
2641 5124 2857 5192 quidem
2886 5139 2915 5177 a
2942 5121 3186 5179 fidelibus
3223 5125 3518 5191 christiana
3546 5140 3634 5177 ca-

2054 5195 2213 5248 ritate
2242 5201 2488 5260 acceptos
2522 5194 2576 5245 in
2605 5194 2688 5245 via
2716 5192 2849 5264 {sed
2875 5194 2928 5248 id
2961 5196 3232 5248 tractoriis
3267 5210 3439 5264 neque
3490 5208 3628 5264 prte-

2059 5271 2295 5331 ceptum,
2325 5276 2496 5330 neque
2517 5263 2983 5329 comprehensum,
3020 5264 3128 5317 imo
3165 5279 3264 5318 nec
3307 5260 3368 5317 id
3406 5260 3634 5316 ex‘ullo

2058 5334 2232 5386 adhuc
2261 5332 2376 5386 loco
2401 5332 2636 5400 probari.
2668 5332 2788 5384 Dixi
2810 5333 2951 5386 enim
2968 5345 3034 5387 ex
3067 5334 3152 5388 his
3187 5334 3394 5387 duabus
3433 5338 3635 5400 tracto-

2057 5403 2170 5466 riis,
2187 5402 2382 5471 quibus
2396 5398 2952 5469 inl'eriorisdignltatis
2968 5403 3273 5456 hominibus
3294 5398 3628 5471 providemr,

2052 5465 2428 5526 exhortatione
2450 5479 2506 5524 et
2532 5465 2802 5540 praecepto
2836 5471 2903 5526 ad
2932 5471 3134 5534 ﬁdeles,
3159 5484 3264 5540 non
3296 5465 3629 5540 improbabi-

2051 5541 2177 5596 liter
2203 5541 2388 5611 colligi
2427 5533 2605 5610 posse,
2627 5533 2754 5608 quid
2780 5541 2847 5611 de
2874 5541 3080 5611 vocatis
3103 5533 3170 5611 ad
3199 5533 3479 5611 Synodum
3501 5533 3629 5605 Epi~

2050 5613 2226 5680 scopis
2259 5605 2458 5665 sen'tire
2492 5605 2904 5680 Oporteret.Non
2943 5607 3190 5680 probavit
3226 5605 3630 5680 autor‘disser-

2047 5670 2264 5735 tationis
2279 5682 2343 5735 de
2354 5670 2877 5744 Litteriscanonicls,
2889 5670 3064 5732 notari
3075 5689 3105 5726 a
3119 5686 3206 5726 me
3219 5670 3627 5737 Gothofredum:
