3990 6184
425 277 493 338 99
1785 266 1988 332 LIBER
2029 263 2340 336 DIURNUS

423 398 653 464 ideoque
673 390 813 462 apud
859 388 1370 447 excellentissimum
1420 377 1586 444 filium
1635 395 1880 443 nostrum
1927 389 2008 443 lll.
2041 393 2091 451 Α

423 478 626 549 Regem
654 480 734 534 lll.
765 480 1046 536 Notarium
1083 487 1282 534 sanctae
1316 472 1514 533 nostrae
1543 474 1800 532 Ecclesia:
1836 479 2004 534 desti-

423 570 690 624 navimus.
729 571 1112 634 Exhortamnr,
1137 577 1194 622 ut
1215 569 1262 624 ei
1287 567 1540 631 caballos,
1569 583 1692 622 cum
1726 569 1922 637 quibus
1943 571 2011 624 ad

422 660 656 717 vicinam
685 661 844 730 109
869 661 1139 715 civitatem
1157 658 1308 712 facile
1323 658 1814 727 possitoccurrere,
1831 660 2008 713 citari-'-

427 760 510 807 tas
524 761 702 807 vestra
726 755 841 806 sine
856 765 1004 806 mora
1025 749 1184 805 faciat
1206 765 1526 820 procurare:
1547 758 1811 819 quatenus
1841 751 2005 815 actio,

424 857 544 912 quae
575 844 625 898 ei
653 842 888 911 injuncta
918 849 1018 908 est,
1049 857 1172 897 cum
1195 841 1377 897 divino
1407 842 1589 898 favore
1615 850 1902 913 vestroque
1919 859 2008 900 so-

423 929 574 998 latio,
613 932 857 988 celeriter
882 942 1158 987 mereatur
1177 931 1448 988 effectum.

1015 1036 1316 1100 TITULUS
1349 1038 1417 1099 X.

964 1148 990 1177 ι
1022 1135 1157 1190 Item
1185 1137 1453 1190 tractoria.

483 1245 839 1302 Pmsentium
879 1243 1082 1300 latores
1123 1260 1220 1314 pro
1248 1261 1344 1299 sua
1391 1245 1675 1300 devotione
1729 1235 2005 1302 liminibus

415 1339 695 1393 beatorum
725 1336 1040 1406 Principum
1066 1336 1448 1406 Apostolorum
1477 1337 1808 1406 praesentati,
1835 1338 2005 1407 petie-

414 1434 653 1491 runt,.ut
678 1442 710 1480 a
737 1426 891 1481 nobis
919 1426 1167 1491 relaxati,
1183 1426 1396 1481 valeant
1420 1428 1484 1480 ad
1497 1429 1715 1497 propria
1729 1444 1998 1485 remeare:

415 1517 644 1586 ideoque
666 1517 1025 1586 praecipimus,
1053 1526 1320 1586 quatenus
1347 1519 1465 1574 sine
1506 1521 1889 1590 impedimento
1915 1536 2002 1577 so—

413 1605 602 1662 latium
628 1607 708 1662 eis
737 1622 800 1662 ac
821 1608 1124 1664 consultum
1149 1609 1536 1678 impertientes,
1551 1626 1644 1666 eos
1666 1612 1695 1650 b
1721 1612 2000 1669 absolvere

413 1695 681 1762 debeatis,
711 1697 957 1752 videlicet
981 1705 1042 1752 ut
1070 1713 1133 1752 ex
1176 1708 1354 1753 vestra
1395 1701 1748 1756 subventione
1786 1702 1994 1793 refecti,
2025 1736 2071 1793 Β

413 1785 641 1855 sospites
665 1788 879 1842 valeant
907 1796 962 1842 et
989 1789 1228 1844 insontes
1257 1791 1325 1844 ad
1363 1791 1579 1859 prepria
1606 1792 1884 1860 repedare.
1914 1792 1996 1848 Ad

413 1888 604 1930 eorum
657 1891 788 1932 vero
848 1879 1324 1944 sustentationem,
1371 1880 1582 1935 itineris
1627 1880 1996 1948 adjumentum

413 1977 576 2036 atque
597 1969 740 2023 vires
781 1969 1094 2038 impendite,
1131 1972 1554 2027 vicissitudinem
1594 1972 1744 2028 vobis
1764 1988 1796 2028 a
1817 1989 1997 2029 remu-

414 2066 664 2114 neratore
687 2060 928 2114 omnium
947 2061 1210 2116 bonorum
1226 2062 1337 2116 Deo
1352 2063 1765 2133 impertiendam
1789 2065 1997 2136 absque

413 2147 573 2202 dubio
599 2148 991 2218 praestolantes.

981 2261 1140 2330 ιιο
1161 2260 1460 2318 TITULUS
1484 2263 1576 2317 x1.

549 2347 877 2421 Praeceptum
911 2354 1210 2407 autoritatis
1243 2355 1308 2407 de
1333 2355 1588 2424 faciendis
1615 2367 1852 2412 curtum.

481 2461 844 2533 Quaecumque
869 2464 936 2519 ad
965 2465 1469 2523 Ecclesiasticarum
1493 2485 1675 2524 rerum
1699 2470 1994 2529 locationes

405 2563 824 2624 contractusque
859 2557 1173 2627 reSpiciunt,
1211 2560 1354 2615 sicut
1390 2561 1606 2617 salubre
1631 2571 1734 2627 est,
1770 2563 1994 2619 Pontifi-

405 2647 523 2704 cale
545 2647 831 2716 providere
865 2649 1170 2704 consultum
1199 2668 1211 2703 :
1237 2651 1311 2705 ita
1339 2652 1576 2721 providae
1625 2652 1743 2721 ejus
1790 2655 1992 2709 autori-

407 2739 535 2792 tatis
557 2738 816 2792 interesse
839 2752 1144 2804 censuram,
1177 2755 1400 2796 necesse
1428 2750 1531 2806 est,
1561 2751 1621 2797 ut
1648 2759 1755 2799 non
1785 2753 1989 2799 tantum

405 2816 672 2899 iegaliter,
696 2830 788 2882 sed
817 2830 980 2884 etiam
1006 2833 1346 2901 regulariter,
1375 2835 1549 2904 possit
1599 2849 1688 2890 res
1736 2836 1990 2892 Ecclesia:

408 2904 504 2971 Dei
536 2917 796 2971 committi
819 2921 1184 2986 poscentibus.

475 3007 610 3074 Quia
640 3009 804 3079 igitur
828 3008 1011 3064 vineas
1041 3018 1200 3081 atque
1225 3013 1432 3070 cas’ales
1453 3005 1592 3084 juris
1629 3023 1831 3072 sanctae
1875 3006 1985 3072 Ro.

403 3112 597 3163 manas,
625 3099 735 3163 cui,
763 3099 873 3154 Deo
901 3108 1106 3164 autore,
1140 3103 1474 3158 deservimus
1506 3105 1778 3171 Ecclesia},
1809 3107 1865 3161 in
1891 3124 1987 3177 pa-

405 3187 662 3242 trimonio
686 3188 761 3242 lll.
793 3191 936 3259 quod
965 3206 1108 3245 cura:
1133 3199 1238 3245 tute
1267 3194 1611 3248 commissum
1647 3205 1749 3261 est,
1780 3199 1985 3252 consti-

403 3288 568 3344 tutas,
597 3281 794 3336 diversi
850 3282 952 3337 sibi
977 3282 1134 3338 factis
1189 3284 1410 3339 cartulis
1463 3286 1735 3356 postulant
1789 3286 1987 3343 debere

402 3373 649 3438 conduci,
666 3375 1013 3443 atqueipsam
1037 3375 1446 3432 conductiOnem
1471 3377 1654 3432 multis
1675 3378 1988 3434 desiderant

400 3465 558 3519 annis
583 3467 833 3522 extendi:
857 3468 1186 3538 experientia
1209 3477 1317 3533 tua,
1344 3469 1446 3525 hac
1464 3471 1757 3526 autoritate
1796 3473 1985 3527 sufful—

402 3563 476 3620 ta,
527 3557 814 3625 praedictas
862 3557 1052 3614 vineas
1075 3567 1130 3613 et
1158 3559 1382 3624 easales,
1435 3575 1556 3616 cum
1605 3562 1860 3617 omnibus
1904 3565 1984 3619 eis

396 3647 814 3718 pertinentibus,
843 3649 1002 3705 factis
1035 3651 1349 3706 solemniter‘
1392 3653 1633 3718 cartulis,
1695 3655 1796 3709 sub
1836 3655 1982 3723 jnsta

395 3738 672 3806 pensione,
730 3740 1032 3794 rationibus
1105 3741 1489 3796 ecclesiasticis
1560 3742 1719 3798 annis
1759 3745 1982 3813 singulis

394 3827 765 3896 persolvenda,
795 3829 924 3884 dare
967 3842 1073 3882 non
1095 3828 1328 3884 differat.

464 3917 542 3970 lta
566 3931 712 3980 sane,
742 3925 802 3970 ut
827 3917 970 3973 nulla
1001 3920 1208 3979 ratione
1237 3935 1555 3992 praesumas,
1593 3919 1812 3982 colonos
1857 3944 1981 3983 san-

392 4017 494 4064 ctae
517 4015 715 4063 nostra
741 4008 993 4064 Ecclesia;
1013 4012 1275 4077 emittere,
1299 4028 1476 4084 neque
1503 4014 1677 4070 locum
1700 4018 1780 4073 eis
1808 4020 1977 4089 perti-

391 4105 606 4152 nentem
631 4097 734 4152 ulla
767 4099 974 4154 ratione
1001 4115 1282 4170 usurpare,
1307 4110 1362 4157 et
1393 4103 1480 4158 alii
1523 4105 1746 4160 cuilibet
1774 4109 1975 4164 condu-

391 4203 515 4244 cere
538 4189 620 4242 vel
660 4189 1026 4246 locareznam
1071 4202 1196 4248 sunt
1238 4197 1418 4250 omnia
1471 4197 1629 4254 irrita
1674 4209 1729 4255 et
1783 4217 1973 4269 vacua,

389 4295 509 4348 qua:
531 4278 746 4346 feceris,
779 4281 826 4335 si
845 4283 1120 4338 exstiteris
1142 4291 1452 4342 temerator.

3600 278 3701 337 530

2703 374 3000 448 "rrruLus
3022 378 3153 448 xri.~

2403 482 2536 536 Item
2582 481 2750 547 aliud,
2780 483 2843 536 de
2875 483 3132 551 faciendis
3156 486 3398 541 cartulis.

2136 612 2139 614 .
2179 571 2436 640 Quamvis
2460 590 2543 638 ea,
2575 588 2693 641 qua:
2723 573 2966 642 legaliter
2999 584 3283 644 geruntur,
3315 575 3458 633 nulla
3488 577 3704 638 valeant

2109 662 2470 733 refragatione
2493 664 2742 729 convelli,
2777 677 2845 718 ne
2872 667 2979 734 qua
3008 673 3190 720 tamen
3219 668 3393 736 possit
3423 684 3544 726 esse
3571 686 3703 728 con-

2107 752 2356 806 trahendi
2384 754 2649 819 dubietas,
2694 755 3007 809 necessario
3035 765 3221 811 nostra
3253 757 3582 817 intervenire
3610 763 3712 819 de-

2106 843 2199 898 bet
2228 845 2512 900 autoritas.

2181 933 2222 1000 1
2236 933 2278 1000 1
2292 934 2333 1001 1
2365 932 2498 1000 Quia
2515 934 2676 1005 igitur
2687 935 2766 990 lll.
2786 937 2957 992 vinea:
2973 938 3183 994 tabulas
3196 938 3318 1009 plus
3331 942 3512 998 minus
3525 945 3701 1014 totju-

2110 1022 2187 1076 ris
2217 1036 2418 1079 sanctae
2454 1026 2728 1092 Romanae,
2755 1029 2862 1094 cui,
2881 1029 2990 1085 Deo
3005 1033 3566 1098 autore,deservimus
3595 1037 3702 1092 Ec-

2106 1112 2310 1179 clesiae,
2340 1115 2393 1169 in
2428 1117 2773 1186 patrimonio,
2816 1120 2959 1189 quod
3001 1134 3146 1176 cura:
3194 1131 3299 1178 tuas
3349 1127 3701 1183 commissum

2103 1210 2207 1268 est,
2236 1206 2578 1273 constitutas,
2612 1209 2713 1264 sibi
2748 1209 2908 1266 factis
2952 1212 3178 1268 cartulis
3227 1216 3465 1284 postulat
3501 1219 3701 1278 debere

2103 1297 2359 1362 conduci,
2384 1308 2544 1368 atque
2573 1301 2747 1371 ipsam
2771 1303 3186 1360 conductioncm
3213 1307 3398 1364 multis
3430 1310 3704 1369 desiderat

2103 1386 2260 1440 annis
2283 1390 2502 1443 extendi
2528 1408 2540 1443 :
2565 1393 2897 1460 experientia
2922 1402 3032 1458 tua,
3058 1396 3162 1450 hac
3193 1406 3378 1452 nostra
3409 1402 3702 1456 autoritate

2101 1475 2337 1544 suffulta,
2368 1481 2683 1549 praedictam
2722 1483 2958 1549 vineam,
2985 1500 3106 1540 cum
3148 1487 3400 1543 omnibus
3447 1490 3496 1544 ei
3528 1492 3701 1560 perti-

2101 1567 2374 1633 nentibus,
2407 1568 2564 1626 factis
2589 1572 2900 1628 solemniter
2923 1568 3170 1639 cartulis,
3191 1578 3292 1632 sub
3314 1579 3474 1635 unius
3497 1591 3519 1619 ο
3547 1573 3701 1636 aurei

2101 1657 2257 1711 solidi
2283 1661 2598 1727 pensionem
2627 1663 2929 1720 rationibus
2967 1663 3368 1723 Ecclesiasticis
3395 1670 3553 1725 annis
3586 1671 3702 1726 sin-

2100 1747 2237 1818 gulis
2258 1751 2689 1822 persolvendam,
2714 1755 2845 1810 dare
2874 1772 2981 1812 non
3009 1757 3243 1813 diti‘erat.

2170 1838 2446 1906 Quatenus
2479 1843 2582 1898 hoc
2609 1844 2768 1900 modo
2800 1846 3198 1904 interveniente
3246 1849 3530 1906 locationis
3566 1869 3699 1908 cons

2099 1925 2473 2000 ductionisque
2507 1942 2810 2000 contractu,
2834 1945 2888 1991 et
2915 1937 3021 1993 illis
3047 1955 3181 1994 suus
3223 1939 3374 1996 labor
3413 1942 3485 1997 sit
3525 1943 3699 2017 utilis,

2097 2025 2152 2072 et
2179 2030 2384 2077 sancta:
2412 2034 2613 2081 nostrae
2639 2026 2895 2084 Ecclesia:
2919 2039 3242 2100 procuretur
3268 2033 3495 2090 utilitas.

2667 2141 2968 2199 TITULUS
2997 2140 3132 2199 Xlll.

2400 2216 2694 2300 Prwceptio
2717 2231 2782 2287 de
2815 2238 3183 2292 commutando
3220 2228 3406 2309 fundo.

2169 2310 2487 2389 Quanquam
2517 2323 2596 2376 rei
2617 2326 2968 2380 commutatio
2996 2341 3062 2382 ex
3106 2329 3221 2400 ipsa
3266 2331 3536 2401 corporali
3583 2341 3695 2388 tra-

2097 2410 2300 2468 ditione
2318 2415 2490 2482 possit
2525 2415 2683 2472 ﬁrma
2733 2419 3052 2486 consistere,
3083 2423 3167 2477 vel
3197 2438 3263 2478 ea
3289 2439 3408 2494 qua:
3447 2424 3697 2497 legaliter

2094 2509 2378 2568 geruntur,
2405 2503 2552 2559 nulla
2573 2505 2788 2562 valeant
2811 2507 3176 2581 refragatione
3198 2514 3426 2569 convelli
3452 2533 3465 2570 :
3491 2532 3557 2571 ne
3579 2526 3690 2588 qua

2097 2599 2276 2647 tamen
2311 2595 2481 2663 possit
2511 2611 2631 2652 esse
2659 2601 3010 2658 contrahendi
3043 2603 3310 2672 dubietas,
3344 2617 3546 2663 nostra:
3594 2610 3696 2666 de-

2094 2673 2188 2734 bet
2221 2681 2551 2741 intervenire
2581 2691 2890 2747 autoritatis
2917 2695 3163 2751 annisus.

2166 2768 2233 2823 Et
2255 2774 2508 2840 quoniam
2545 2775 2625 2831 Ill.
2657 2776 2882 2835 fundum
2925 2783 3003 2837 Ill.
3057 2787 3294 2855 positum
3335 2781 3554 2865 in‘loco
3601 2792 3686 2848 lli.

2085 2859 2225 2930 juris
2243 2873 2441 2920 sancta:
2468 2865 2742 2936 Romanae,
2789 2874 2897 2938 cui,
2947 2872 3056 2931 Deo
3085 2889 3303 2936 anetorc
3352 2859 3688 2942 deservimus

2094 2948 2367 3020 Ecclesim,
2395 2959 2664 3026 p0poscit,
2695 2968 2858 3031 atque
2896 2963 3168 3022 desiderat
3203 2980 3560 3037 commutare,
3614 2975 3683 3028 ad

2092 3040 2441 3133 cujusvicem
2465 3045 2688 3103 fundum
2735 3042 2814 3106 Ill.
2865 3055 3099 3124 positum
3152 3059 3204 3112 in
3261 3059 3380 3116 loco
3425 3059 3506 3116 Ill.
3545 3063 3687 3133 juris

2089 3130 2293 3198 proprii
2325 3135 2622 3190 concedere
2647 3138 2777 3192 velit
2806 3158 2818 3193 :
2847 3143 3181 3212 experientia
3206 3155 3318 3213 tua,
3349 3148 3452 3204 hac
3490 3130 3679 3206 nostra

2089 3217 2306 3313 suffulta
2334 3224 2641 3292 autoritate,
2681 3230 2997 3297 prmdictum
3030 3233 3257 3291 fundum
3283 3235 3361 3292 Ill.
3392 3238 3444 3293 in
3475 3239 3686 3313 integro

2081 3296 2224 3373 juris
2275 3317 2474 3365 sancta:
2512 3296 2769 3370 Romanae
2793 3316 3065 3387 Ecclesim,
3101 3327 3161 3378 ut
3187 3326 3525 3395 praemissum
3575 3296 3681 3397 est,

2087 3397 2429 3467 existentcm,
2459 3417 2489 3456 a
2512 3407 2760 3474 praesenti
2786 3408 2862 3463 ΠΙ.
2897 3410 3192 3469 indictione
3223 3417 3566 3474 denominato
3587 3420 3678 3477 Ill.

2086 3489 2372 3543 contradat
2400 3500 2564 3561 atque
2593 3505 2906 3562 commutet,
2955 3503 3258 3572 suscipiens
3294 3506 3363 3560 ab
3412 3522 3476 3562 eo
3520 3511 3685 3566 nimi-

2087 3589 2205 3630 rum
2231 3579 2298 3633 ad
2325 3579 2555 3636 invicem
2580 3582 2818 3651 ejusdem
2841 3586 3012 3655 fundi,
3047 3592 3100 3645 in
3142 3592 3235 3662 jus
3275 3595 3683 3670 dominiumque

2084 3673 2283 3721 sancta:
2328 3678 2528 3724 nostrre
2596 3672 2855 3731 Roxnanze
2925 3679 3197 3749 Ecclesiae,
3274 3669 3678 3748 denominatum

2084 3755 2304 3812 fundum
2333 3759 2412 3814 lll.
2449 3761 2500 3815 in
2531 3763 2759 3836 integro,
2792 3779 2846 3823 et
2871 3773 3120 3830 omnibus
3163 3777 3213 3832 ei
3255 3781 3672 3849 pertinentibus,

2081 3846 2164 3900 vel
2191 3864 2524 3920 quaecunque
2542 3854 2582 3921 1
2597 3853 2697 3924 12
2720 3865 2844 3912 sunt
2877 3863 3092 3918 nomina
3108 3846 3346 3932 ejusdem
3366 3869 3531 3936 fundi,
3552 3888 3677 3942 qurc

2081 3935 2136 3989 in
2166 3936 2544 3996 Ecclesiastico
2560 3953 2746 3999 nostro
2762 3945 2974 4005 Scrinio
2988 3953 3264 4022 profuturi
3283 3961 3536 4030 temporis
3546 3935 3678 4017 cau-

2081 4027 2185 4080 tela
2207 4033 2529 4088 contradere
2557 4034 2871 4096 Scriniariis
2909 4052 3110 4100 sancta:
3157 4027 3416 4104 Ecclesiae
3469 4062 3674 4108 nostrae

2079 4121 2353 4174 convenit.

2148 4211 2424 4278 Quatenus
2445 4215 2547 4271 hoc
2567 4218 2726 4274 modo
2753 4220 3166 4293 interveniente,
3199 4235 3256 4283 et
3282 4228 3371 4285 ille
3400 4245 3511 4286 suae
3527 4233 3671 4302 peti.

2079 4298 2240 4354 tionis
2277 4303 2518 4370 potiatur
2559 4305 2773 4374 effectu,
2817 4318 2872 4365 ct
2897 4322 3111 4383 sancta:
3158 4325 3360 4373 nostrze
3411 4298 3670 4377 Ecclesiae

459 4368 732 4435 Quatenus
755 4371 858 4426 hoc
883 4374 1060 4439 modo,
1094 4375 1484 4433 interveniente
1519 4380 1804 4440 locationis
1843 4401 1972 4441 cono
1998 4419 2052 4478 Β
2078 4368 2399 4460 procuretur
2423 4395 2765 4455 indemnitas.

389 4458 761 4529 ductionisque
795 4471 1096 4529 contractu,
1121 4473 1175 4519 et
1198 4465 1301 4521 illis
1323 4482 1509 4523 eorum
1531 4471 1684 4527 labor
1707 4474 1778 4528 sit
1802 4477 1967 4542 utilis,

387 4555 443 4602 ct
484 4559 681 4604 sancta:
707 4559 907 4607 nostra:
934 4552 1188 4609 Ecclesiae
1217 4567 1538 4626 procuretur
1577 4563 1781 4618 utilitas
1810 4576 1972 4636 atque

385 4639 727 4697 indemnitas.

385 4819 563 4877 sedut
599 4820 800 4901 cursim
822 4805 1046 4903 legerat,
1088 4838 1208 4904 quae
1248 4826 1464 4948 scripsi,
1508 4831 1581 4884 ita
1632 4833 1964 4890 contrarium

385 4899 548 4948 atque
589 4888 723 4948 dun.
770 4893 904 4945 mlh!
947 4901 1219 4948 Imposuit.
1272 4893 1352 4948 Vo
1374 4907 1451 4948 uit
1498 4915 1585 4948 me
1618 4901 1852 4948 locutum
1899 4906 1964 4948 (In.

384 4899 548 4958 atque
589 4888 723 4962 dixi,
770 4888 904 4945 mihi
947 4888 1219 4962 imposuit.
1272 4888 1460 4950 Voluit
1498 4915 1585 4953 me
1618 4901 1852 4958 locutum
1899 4888 1967 4962 de

385 4957 660 5013 tractoriis
689 4957 1051 5041 Imperatoris,
1079 4977 1204 5041 cum
1230 4963 1299 5041 de
1325 4964 1619 5022 Pontificiis
1653 4985 1888 5041 agerem,
1907 4957 1966 5030 et

385 5043 583 5111 negare
629 5030 1069 5111 praeceptuntnde
1115 5031 1333 5111 ferenda
1367 5050 1488 5111 ope,
1538 5054 1660 5111 cum
1688 5030 1966 5111 “63mg”

386 5099 710 5175 afﬁrmarent
739 5114 860 5168 quae
884 5099 988 5175 fuit
1015 5101 1224 5156 incuria
1261 5099 1471 5175 legendi
1496 5124 1508 5160 :
1538 5109 1680 5164 absit
1718 5099 1863 5168 enim
1906 5099 1966 5169 ut

381 5167 550 5241 aliud“
548 5167 840 5241 quidquam
864 5169 1114 5241 cogitem.

677 5233 1052 5318 quadam'est
1097 5242 1540 5318 mteruepistolas
1592 5243 1791 5318 Pelagii
1821 5251 1861 5305 1.
1887 5252 1956 5306 ab

379 5306 661 5364 liolstenio
682 5306 748 5363 ex
770 5309 1088 5366 collectione
1123 5306 1425 5370 Cardin'alis
1457 5306 1750 5373 Deusdedit
1768 5337 1956 5376 excer-

377 5384 684 5454 ptas,qt_tas
735 5377 929 5434 Joanni
973 5379 1191 5446 Comiti,
1235 5383 1418 5439 malim
1460 5384 1736 5454 geratori,
1781 5390 1958 5444 Patri-

371 5452 560 5528 monii,
590 5452 946 5528 Luminosum
983 5455 1395 5528 Presbyterum,
1440 5452 1508 5514 ad
1549 5452 1840 5528 gerendum
1871 5463 1968 5518 ali-

373 5521 722 5645 qtgdh
771 5523 1099 5596 Apostolicte
1151 5521 1450 5598 negotium,
1504 5521 1770 5586 directum
1819 5545 1968 5586 com-

374 5604 428 5643 m
597 5629 612 5645 .

374 5601 612 5648 πιοῦσαι

443 5657 545 5715 Est
565 5663 709 5732 apud
738 5661 1065 5722 Nuculfum
1109 5666 1207 5734 lib.
1234 5679 1276 5736 1,
1327 5667 1558 5724 formula
1598 5671 1686 5738 ll,
1736 5669 1966 5730 celebris

2642 4489 2939 4547 TITULUS
2967 4492 3102 4549 XIV.

2318 4575 2649 4650 Prrrceptum
2676 4583 2740 4636 de
2764 4591 3129 4644 commutando
3157 4595 3436 4665 mancipio.

2147 4661 2367 4721 Constat
2392 4671 2768 4728 strenuitatem
2791 4682 2958 4740 tuam,
2981 4675 3122 4745 juris
3151 4661 3350 4738 sancta:
3382 4686 3661 4764 Romanas,

2066 4839 2310 4962 22:33:!!!
2337 4847 2594 4902 tractoria
2635 4848 2796 4922 Regis
2817 4857 3152 4915 evectionem
3203 4860 3409 4935 Legato
3471 4867 3658 4926 decen

2066 4922 2264 4963 uenus.

2137 4977 2322 5072 ἱ
2352 4985 2622 5072 tractoria.
2650 4988 2787 5072 Huic
2807 5002 3006 5072 nostras
3041 5003 3314 5058 tractoria
3341 5003 3513 5061 afﬁnis
3551 5015 3653 5072 est,

2065 5061 2188 5145 quae
2197 5049 2360 5145 inter
2375 5052 2634 5145 formulas
2657 5049 3652 5145 veteresdecimanumerate-almis:

2064 5121 2925 5217 Sﬁﬁvfir'léz‘lﬁ'tﬁernﬂ
2961 5121 3654 5217 ἐφιενὶἕέῐέἰῖάῖῥὲτέἑιὲ-

2065 5189 2244 5276 nando
2263 5189 2378 5276 loca
2412 5203 2594 5276 sancta
2619 5189 2827 5263 invisit,
2857 5189 3651 5276 ndeiihué'ébxiﬁéédiiiif’lit

2064 5259 2432 5355 ωξηξίρὲεξςιξζ
2441 5259 2946 5355 [οςιξξῐιᾲνμρξιιιιςὲηυρι
2972 5259 3647 5355 aqnad'iifiii'EEéiiiia'iI

2131 5322 2160 5362 ι»
2185 5322 2477 5398 Αθεοιυεη.
2506 5322 2731 5391 Liberos
2755 5322 3049 5398 diem}:

2141 5396 2357 5481 gntum;
2403 5402 2585 5481 solidi.
2631 5403 2690 5460 Si
2745 5422 2942 5481 aureus
2984 5396 3186 5472 solidus
3235 5418 3513 5478 Romanus
3549 5439 3646 5481 sex

2059 5465 2654 5549 millibusdenariqrum
2677 5465 3006 5549 aestimetur;
3020 5465 3186 5549 £666
3208 5465 3644 5549 vult-"6a.ng

2059 5540 2480 5629 resiﬁt‘singuli
2493 5543 2708 5629 denarii
2734 5548 2960 5629 liotnani
2984 5540 3645 5629 'tri'buslassibusetvseuii,

2058 5613 2122 5689 ut
2146 5606 2634 5689 habeteémmunis
2688 5617 2890 5689 opinio,
2921 5606 3392 5684 aureus—solide:
3403 5606 3649 5689 militia-li:

2060 5675 2186 5731 bras
2214 5675 2448 5736 Gallicas
2478 5691 2534 5737 et
2552 5689 2712 5766 paulo
2724 5675 2966 5760 'amplius
2983 5675 3144 5748 valet.
