3990 6184
332 256 425 312 iiii

328 371 438 434 cui,
469 369 579 424 Deo
600 378 809 434 autore,
839 369 1173 426 deservimus
1215 371 1492 436 Ecclesiae,
1539 387 1768 440 puerum
1815 385 1912 424 no-
1940 376 1990 432 Α

327 457 478 516 utine
502 460 577 514 Ill.
605 461 912 525 nutrivisse,
957 463 1238 531 ipsumque
1287 463 1341 516 in
1389 463 1749 517 ministerium
1806 471 1911 516 tua:

329 553 522 607 domus
542 567 639 620 per
663 560 740 605 tot
764 566 935 606 annos
967 553 1130 607 etiam
1157 553 1431 618 habuisse,
1463 569 1624 622 quam
1648 561 1754 608 tua:
1777 563 1913 608 stre-

329 643 524 696 nuitati
545 649 796 710 precatus
819 658 879 697 es
905 659 1006 697 nos
1028 651 1386 707 commutare,
1439 646 1508 700 ad
1538 642 1692 711 cujus
1737 644 1912 698 vicem

327 731 408 784 Ill.
439 747 666 800 puerum
690 733 906 786 natione
929 732 1007 786 lll.
1036 734 1286 804 juvenem
1314 735 1552 789 tribuere
1597 735 1907 804 poposcisti.

401 822 532 875 Tuis
553 823 783 891 denique
802 823 1052 891 precibus
1074 824 1215 886 ﬂexi,
1247 840 1340 894 per
1364 824 1521 893 hujus
1547 833 1746 880 nostra:
1776 841 1913 895 prte-

324 914 593 984 ceptionis
616 921 780 982 atque
825 915 1260 969 commutationis
1302 916 1572 985 paginam,
1613 915 1910 971 antefatum

324 1019 556 1072 puerum
587 1003 642 1054 in
659 1002 780 1071 jura
805 1011 1003 1057 nostra:
1031 1011 1228 1059 sanctae
1250 1003 1504 1058 Ecclesiae
1536 1006 1910 1075 suscipientes,

326 1095 435 1148 sibi
464 1094 554 1164 Qui
583 1109 747 1164 supra
780 1094 858 1148 lli.
881 1109 911 1147 a
936 1097 1187 1164 praesenti
1215 1095 1295 1149 ill.
1323 1096 1640 1160 indictione,
1683 1110 1912 1166 puerum

326 1193 459 1239 ante
489 1185 690 1240 dictum
714 1185 793 1239 ΙΙΙ.
818 1185 935 1243 iure
971 1187 1306 1241 irrevocabili
1339 1188 1708 1251 concedimus,
1751 1196 1914 1256 atque

327 1274 616 1338 donamus,
640 1274 838 1329 nullam
856 1274 1250 1345 jurisdictionis
1272 1286 1480 1346 partem
1502 1285 1701 1332 sanctas
1716 1286 1915 1333 nostra:

326 1362 584 1418 Ecclesia?
613 1365 667 1419 in
693 1379 818 1419 cum
843 1366 910 1419 de
934 1373 1130 1420 caetero
1157 1366 1356 1421 habere
1374 1367 1748 1422 decernentes.

387 1452 444 1506 In
465 1469 616 1522 cujus
648 1454 806 1508 ﬁdem
841 1455 1221 1524 praeceptionis
1263 1464 1426 1524 atque
1477 1457 1916 1512 commutationis

323 1543 577 1613 paginam
606 1559 768 1597 manu
807 1552 990 1597 nostra
1013 1544 1318 1598 roboratam
1344 1545 1438 1599 tibi
1469 1545 1806 1600 tradidimus.

890 1634 1189 1691 TITULUS
1209 1635 1324 1690 XV.

565 1717 700 1778 Item
731 1723 898 1788 aliud,
930 1725 996 1778 de
1019 1727 1387 1780 commutando
1419 1727 1698 1797 mancipio.

396 1803 578 1869 Abbas
598 1814 909 1869 Monasterii
938 1813 1021 1868 lli.
1044 1816 1265 1885 propria
1290 1815 1444 1870 nobis
1490 1811 1753 1872 relatione
1792 1831 1915 1888 sug-

319 1904 516 1972 gessit,
539 1905 822 1958 memorati
844 1905 1153 1960 Monasterii
1176 1907 1463 1974 quemdam
1487 1920 1703 1960 servum
1723 1907 1776 1961 in
1799 1924 1920 1978 pos-

315 1997 568 2052 sessione
578 1997 661 2051 lli.
675 1995 932 2050 famulam
943 2005 1144 2051 nostra
1156 1996 1412 2050 Ecclesia:
1424 1996 1587 2050 fuisse
1599 2009 1626 2036 ι
1640 1997 1773 2051 sorti
1781 2004 1912 2051 tum.

399 2086 566 2154 113
619 2086 728 2141 Pro
771 2087 1014 2155 quibush
1058 2093 1164 2140 tum
1213 2087 1585 2155 etperientize,
1630 2089 1918 2157 praesentis

310 2174 714 2242 praeceptionis
742 2181 942 2228 nostra;
970 2174 1263 2228 autoritate
1288 2172 1638 2245 iniungimus,
1674 2183 1732 2228 ut
1757 2190 1917 2230 acce-

315 2265 464 2318 dens
510 2263 655 2331 apud
700 2262 880 2317 locum
922 2262 1003 2317 ill.
1047 2264 1102 2316 in
1150 2263 1482 2330 patrimonio
1521 2264 1598 2318 Ill.
1640 2265 1735 2320 tibi
1776 2280 1917 2320 com-

321 2357 520 2419 misso,
544 2369 646 2424 pro
672 2355 927 2424 praedicta
954 2353 1212 2409 Ecclesiae
1239 2353 1440 2408 famula
1463 2356 1720 2410 vicariam
1749 2357 1914 2411 susci-

319 2447 444 2516 pias
483 2462 510 2500 a
540 2446 786 2515 pmdieti
815 2446 1126 2501 Monasterii
1161 2446 1492 2512 hominibus,
1523 2456 1578 2501 et
1605 2455 1910 2502 commuta-

277 2564 281 2565 ν
323 2536 474 2591 tione
511 2536 786 2605 propriam
824 2535 1078 2590 Ecclesia:
1110 2536 1349 2600 emittas,
1393 2549 1459 2590 eo
1484 2537 1625 2604 quod
1656 2537 1906 2591 colonum

320 2627 632 2684 Monasterii
679 2636 767 2683 est
800 2628 1014 2691 sortita,
1053 2635 1116 2681 ut
1157 2627 1414 2696 deinceps
1459 2626 1514 2680 in
1561 2628 1908 2696 possessione

321 2717 636 2774 Monasterii
668 2719 875 2787 absque
903 2717 1011 2772 ulla
1032 2718 1352 2788 repetitione
1381 2717 1573 2772 debeat
1601 2719 1902 2774 deservire.

388 2808 498 2863 Pro
555 2807 712 2877 cujus
762 2809 842 2863 rei
889 2809 1208 2879 peragenda
1256 2807 1536 2872 ﬁrmitate,
1583 2817 1905 2878 prmacntern

317 2901 739 2970 praceptionem
790 2909 1034 2956 nostram
1079 2901 1406 2956 intervenire
1455 2902 1788 2965 censuimus,
1848 2909 1907 2954 ut

315 2993 578 3062 prmdieta
607 2993 959 3048 commutatio
987 3007 1149 3047 omne
1192 2993 1244 3046 in
1272 2999 1549 3062 posterum
1591 2992 1904 3048 stabilitatis

317 3087 485 3141 robur
508 3086 776 3142 obtineat.

868 3175 1167 3232 TITULUS
1208 3171 1346 3229 XVI.

630 3283 654 3310 ο
683 3271 1008 3340 Prwceptum
1040 3270 1103 3323 de
1136 3268 1382 3323 donando
1407 3283 1591 3337 puero.

380 3363 534 3420 Nihil
555 3362 659 3418 sibi
686 3361 978 3425 subtrahit,
1000 3360 1093 3428 qui
1116 3357 1299 3414 sedule
1328 3356 1432 3410 sibi
1465 3355 1901 3411 ministrantibus

316 3456 520 3524 aliquid
553 3453 804 3523 largitur,
839 3451 1066 3505 Domino
1104 3448 1215 3502 Deo
1250 3455 1440 3500 nostro
1493 3445 1745 3499 dicente:
1773 3445 1905 3498 Bea-

315 3556 397 3600 tus
424 3561 605 3600 servus
635 3542 744 3608 ille,
774 3558 923 3613 quem
961 3555 1078 3594 cum
1111 3538 1304 3592 venerit
1345 3535 1623 3600 Dominus,
1649 3534 1901 3588 invenerit

314 3637 615 3708 rigilantem
653 3633 802 3706 (Luc.
827 3648 924 3696 xu,
966 3648 1017 3686 v.
1048 3630 1160 3701 57).

382 3727 618 3795 Ideoque
652 3739 721 3779 es
748 3722 1054 3792 Apostolica
1091 3719 1386 3774 autoritate
1414 3717 1508 3772 tibi
1539 3729 1768 3786 puerum
1798 3729 1898 3769 no-

310 3816 457 3876 mine
496 3819 583 3873 ill.
626 3831 694 3872 ex
726 3818 848 3887 jure
892 3814 1230 3870 Xenodochii
1267 3813 1348 3867 lli.
1379 3811 1645 3882 largimur
1677 3809 1745 3865 ad
1785 3825 1898 3865 scr-

311 3913 594 3976 viendum,
624 3905 1018 3978 compassionis
1060 3905 1219 3960 modo
1249 3920 1277 3958 a
1309 3904 1465 3959 nobis
1497 3903 1594 3957 tibi
1631 3902 1895 3970 impenso,

309 4018 411 4072 pro
443 4000 871 4071 gratitudinibus
921 3998 1043 4062 tuis,
1087 4006 1247 4064 atque
1291 3993 1436 4049 ﬁdeli
1485 3992 1711 4047 servitio
1746 3992 1899 4046 nobis

309 4096 584 4158 exhibito,
632 4108 790 4160 quem
822 4091 876 4145 in
921 4098 1013 4144 tuo
1041 4089 1300 4152 dominio,
1358 4087 1458 4141 sub
1489 4101 1552 4139 ea
1586 4084 1895 4139 conditione

308 4187 608 4239 statuimus
654 4197 794 4248 esse,
835 4189 899 4235 ut
941 4188 1064 4248 post
1107 4179 1184 4233 tui
1236 4178 1378 4232 diem
1421 4176 1621 4238 obitus,
1673 4175 1716 4228 si
1760 4173 1896 4228 bene

308 4277 586 4340 servierit,
628 4273 757 4344 jugo
786 4273 1065 4328 servitutis
1108 4269 1440 4335 absolvatur,
1489 4267 1740 4320 libertate
1783 4281 1813 4318 a
1844 4272 1896 4318 te

309 4369 578 4422 munitus.

383 4459 558 4526 Quam
589 4466 832 4513 nostram
862 4454 1201 4510 auctoritatis
1219 4451 1634 4521 praeceptionem
1663 4448 1890 4517 quicun-

307 4565 419 4621 que
441 4549 698 4604 maluerit
715 4548 944 4612 violare,
981 4547 1050 4601 sit
1071 4553 1286 4599 acterna:
1312 4540 1780 4598 condemnatiouis
1813 4541 1894 4594 in-

307 4644 548 4698 nodatus
573 4641 813 4696 vinculo.

387 4811 414 4839 ⁸
439 4797 723 4852 Sortitum.
751 4794 846 4848 Vel
873 4801 1083 4864 optare,
1104 4788 1188 4864 vel
1209 4790 1375 4845 etiam
1401 4787 1622 4864 duxisse
1641 4801 1888 4864 uxorem.

387 4869 414 4907 ιι
440 4867 570 4921 Ture
617 4857 965 4938 experientiae.
1004 4863 1088 4915 Ad
1125 4861 1442 4938 Curatorem
1472 4857 1783 4938 patrimonii
1815 4857 1896 4909 di-

310 4939 414 5010 rigi
437 4927 795 5019 prmcept'um,
825 4940 1036 4988 constat
1063 4947 1129 4986 ex
1157 4930 1535 5056 appellatione,
1558 4943 1662 5010 qua
1694 4927 1895 5008 ubique

310 5023 515 5056 maxim
540 5007 685 5056 anud
724 5004 1046 5056 Gregorium
1068 5001 1134 5056 ill
1201 5009 1446 5056 uratores
1464 5007 1778 5056 patrimonii
1801 5011 1895 5056 ap-

309 5001 515 5079 pissim
540 5001 685 5076 apud
724 5004 1046 5075 Gregorium
1068 5001 1134 5057 ill
1157 5001 1446 5056 Curatores
1464 5001 1778 5070 patrimonii
1801 5011 1895 5066 ap-

311 5079 603 5149 pellantur.

386 5160 408 5187 ε
438 5147 771 5216 Ρτωεερτηπι
798 5146 862 5218 de
890 5142 1173 5218 domando,
1211 5149 1315 5197 etc.
1359 5137 1719 5218 Similesﬂdute
1747 5143 1892 5218 sunt,

312 5227 407 5273 aut
446 5226 601 5272 certe
625 5207 743 5271 'nou
781 5216 1071 5271 admodum
1107 5213 1348 5274 diversas,
1392 5209 1532 5278 apud
1569 5207 1886 5278 Gregorium

311 5289 566 5362 {tignum
586 5304 605 5362 _:
633 5286 824 5362 altera,
879 5286 973 5338 lib.
1020 5282 1075 5336 2.
1107 5283 1262 5350 epist.
1310 5275 1563 5362 $7,'qua

311 5346 636 5414 Corisiliario
664 5346 976 5412 Acosimum
999 5346 1227 5423 puerum,
1245 5346 1482 5423 ,altera,
1509 5347 1600 5423 lib_.
1624 5346 1888 5423 i9,_epist.

311 5429 401 5490 52,
431 5444 540 5499 qua
574 5425 843 5499 Joannem
863 5415 1095 5499 puerum
1123 5421 1284 5476 Felici
1311 5417 1597 5474 Portuensi
1626 5415 1892 5485 Episcopo

311 5513 407 5568 per
431 5491 720 5568 epistolam
753 5491 896 5552 dono
925 5491 1037 5568 dat.

382 5567 406 5606 ἀ
436 5557 805 5632 Ρνωρεριανπ,
861 5573 969 5619 etc.
1023 5561 1149 5632 fiam
1208 5570 1264 5632 et
1308 5557 1413 5632 alia
1475 5567 1893 5632 consequensna

310 5638 491 5708 priore
530 5623 730 5705 diﬂert,
947 5634 1102 5702 prior
1133 5629 1424 5700 largiendae
1465 5623 1786 5680 testamento
1828 5623 1897 5677 ii-

1293 259 1732 318 ΒΟΜΑΝΟΙΠῩΜ
1770 258 2210 317 PONTIFICUM.
2249 292 2319 301 -—
2357 261 2508 316 CAP.
2549 263 2635 317 Vl.

1919 4411 1974 4470 D

2447 370 2606 442 ιιι
2654 369 2951 427 Ti'l‘ULUS
2996 371 3157 427 XVII.

2207 462 2341 516 Item
2363 461 2389 502 ει
2426 470 2738 531 pret-cptum
2767 461 2832 516 de
2857 464 3188 518 concedendo
3207 481 3388 534 puero.

2086 553 2346 622 Exemplo
2373 553 2662 624 pastoralis
2696 554 3040 622 benignitatis
3067 557 3441 612 accenduntur
3465 559 3592 614 ﬁde-

2014 643 2142 698 lium
2181 645 2396 707 animte,
2436 651 2494 698 et
2529 645 2763 699 maxime
2804 645 3171 700 ministrorum
3198 647 3594 705 Ecclesiastica:

2013 735 2318 804 dignitatis;
2363 739 2425 788 ut
2457 735 2637 789 ﬁdelia
2661 735 2880 789 servitia
2921 736 2975 789 in
3001 737 3324 803 commissis,
3358 753 3465 794 non
3501 755 3593 794 so-

2011 821 2122 875 lum
2153 822 2254 892 ipsi
2298 830 2610 888 exerceant,
2642 837 2833 878 verum
2881 824 3014 880 alios
3061 825 3318 881 adbibere
3356 843 3594 883 comme-

2012 920 2246 966 morent.
3631 895 3636 902 ’

2082 1000 2424 1071 Quapropter
2463 1000 2713 1056 ﬁdelibus
2751 1004 2990 1058 servitiis
3025 1005 3134 1060 tuis
3188 1006 3473 1072 satisfacti,
3506 1007 3593 1062 di-

2012 1093 2233 1149 lectioni
2267 1103 2374 1148 tuae
2403 1093 2482 1148 lli.
2516 1107 2764 1162 puerum,
2808 1095 2900 1162 qui
2927 1110 2995 1149 ex
3025 1096 3280 1151 colonatu
3307 1113 3496 1152 massae
3523 1097 3596 1151 ill.

2013 1185 2324 1252 patrimonii
2363 1183 2442 1237 ill.
2471 1183 2613 1251 juris
2659 1192 2862 1238 sancue
2904 1183 3187 1251 Romanae,
3222 1188 3327 1253 cui,
3376 1189 3601 1243 Deoau-

2016 1283 2152 1340 tore,
2218 1276 2553 1330 descrvimus
2606 1274 2863 1329 Ecclesia:
2914 1277 3279 1346 cognoscitur,
3335 1279 3597 1334 collocata

2018 1367 2112 1421 tibi
2166 1366 2559 1431 munificentia,
2606 1365 2912 1435 Apostolica
2959 1367 3255 1420 autoritate
3313 1368 3598 1432 donamus,

2015 1457 2279 1521 cedimus,
2306 1465 2470 1527 atque
2512 1454 2794 1526 largimur,
2829 1465 2886 1510 et
2911 1455 3015 1512 iuri
3045 1466 3207 1525 atque
3233 1458 3475 1512 dominio
3508 1468 3602 1513 tuo

2016 1547 2263 1601 eumdem
2293 1546 2372 1600 ill.
2405 1561 2631 1614 puerum
2661 1545 3010 1600 conferimus.
3037 1546 3115 1601 ita
3145 1555 3227 1610 ut,
3267 1547 3336 1600 ab
3368 1546 3471 1600 hac
3513 1548 3600 1600 die

2016 1647 2078 1692 ut
2103 1640 2356 1709 proprius
2380 1638 2652 1702 dominus,
2682 1639 2800 1706 ejus
2826 1638 3049 1693 servitio
3073 1637 3298 1708 patiaris
3322 1653 3336 1702 ;
3366 1644 3421 1690 et
3442 1636 3599 1707 quid-

1943 1722 1990 1779 B
2017 1729 2145 1797 quid
2171 1728 2237 1782 de
2266 1741 2332 1781 eo
2371 1727 2554 1782 facere
2579 1727 2834 1791 volueris,
2879 1727 3104 1782 liberam
3131 1741 3199 1782 ex
3228 1737 3414 1782 nostra
3444 1734 3599 1780 auto-

2017 1819 2179 1872 ritate
2233 1818 2438 1872 habeas
2482 1817 2795 1872 facultatem
2825 1834 2837 1870 :
2867 1826 3134 1887 quatenus
3191 1817 3292 1871 hoc
3335 1815 3598 1871 beneﬁcio

2016 1907 2242 1974 potitus,
2277 1907 2440 1960 etiam
2473 1906 2701 1961 meliora
2745 1905 2902 1961 nobis
2952 1920 3018 1962 ac
3058 1905 3299 1961 ﬁdeliora
3338 1905 3598 1975 obsequia

2017 1999 2280 2052 exhibere
2300 1997 2563 2052 imiteris.

2545 2085 2846 2142 TITULUS
2885 2086 3071 2141 XVIII.

2333 2172 2466 2228 Item
2505 2183 2818 2243 pra’ceptum
2848 2173 2912 2228 de
2933 2173 3284 2227 concedendo.

2086 2265 2368 2321 Credimus
2407 2266 2476 2319 ad
2525 2273 2872 2335 augmentum
2905 2273 2963 2318 et
3003 2264 3215 2318 laudem
3258 2271 3458 2319 sancta:
3497 2264 3598 2318 Ec-

2012 2355 2190 2411 clesiae
2211 2355 2505 2424 pertinere,
2539 2354 2585 2407 si
2611 2367 2678 2407 ex
2703 2352 2857 2406 donis
2882 2352 3024 2405 beati
3057 2351 3593 2421 PetriApostolorum

2008 2445 2295 2514 Principis,
2325 2443 2500 2513 cujus,
2527 2443 2656 2498 licet
2680 2443 2914 2512 impares
2949 2441 3177 2506 meritis,
3205 2442 3351 2497 vices
3387 2452 3590 2508 tamen,

2007 2536 2103 2590 Dei
2159 2536 2489 2604 dignatione,
2551 2533 2808 2604 gerimus,
2855 2530 2972 2599 ejus
3039 2531 3369 2586 utilitatibus
3415 2531 3592 2587 ﬁdelia

2007 2627 2387 2683 exhibentibus
2412 2626 2654 2689 servitia,
2685 2623 2890 2694 aliquid
2931 2622 3228 2692 largiamur
3259 2638 3272 2673 :
3307 2637 3415 2676 non
3446 2623 3593 2675 enim

2007 2718 2228 2787 respicit
2273 2717 2340 2772 ad
2383 2715 2746 2785 dispendium,
2795 2713 2940 2782 quod
2983 2714 3064 2766 eis
3115 2713 3405 2781 irrogatur,
3463 2712 3591 2766 dum

2006 2807 2274 2876 largitatis
2295 2806 2618 2876 Apostolicae
2663 2801 3031 2857 muniﬁcentia
3064 2800 3367 2854 invitantur
3399 2800 3591 2870 majori

2005 2899 2186 2953 studio
2215 2905 2378 2966 atque
2400 2896 2684 2951 alacritate
2713 2894 2767 2948 in
2796 2891 3101 2948 commissis
3128 2891 3408 2962 invigilare
3433 2892 3591 2946 minis

2007 2989 2210 3052 steriis,
2241 2996 2296 3042 et
2324 2987 2510 3042 solerti
2534 2999 2666 3040 cura
2690 2997 2820 3054 erga
2845 2982 3084 3037 creditas
3105 2980 3365 3035 utilitates
3384 2979 3592 3050 impen-

1929 3056 1974 3116 (ἶ
2006 3081 2136 3136 dere
2158 3081 2347 3135 devota
2375 3087 2554 3134 mente
2583 3076 2904 3131 certamina;

2079 3171 2236 3242 115
2258 3172 2424 3241 igitur
2445 3171 2550 3224 tuis
2580 3168 2828 3223 ﬁdelibus
2854 3173 3014 3234 atque
3043 3165 3272 3220 sinceris
3298 3161 3580 3233 provocati

2004 3264 2265 3325 servitiis,
2306 3262 2374 3316 ad
2405 3258 2793 3329 aliquantulam
2839 3267 2942 3311 tute
2969 3256 3222 3325 puritatis
3273 3270 3589 3310 remunera-

2005 3354 2232 3414 tionem,
2255 3366 2322 3404 ex
2351 3350 2602 3417 largitate
2637 3347 2780 3401 beati
2813 3345 2959 3400 Petri
2985 3346 3359 3413 Apostolorum
3381 3344 3590 3397 Princi-

2005 3445 2111 3513 pis,
2145 3443 2198 3495 in
2228 3442 2484 3509 pmsenti
2525 3439 2610 3492 lli.
2639 3439 2954 3500 indictione,
2997 3437 3260 3489 donamus
3288 3435 3383 3488 tibi
3425 3441 3586 3501 atque

2007 3533 2270 3603 largimur
2301 3544 2530 3598 puerum
2569 3528 2788 3582 nomine
2807 3520 2889 3579 ιιι.
2925 3525 3143 3579 natione
3170 3522 3253 3577 ill.
3289 3538 3357 3577 ex
3385 3523 3586 3576 familia

2007 3631 2207 3678 sancte
2235 3622 2514 3684 Romanae,
2569 3618 2678 3681 cui,
2710 3616 2820 3671 Deo
2863 3625 3074 3678 sutore,
3108 3612 3446 3668 deservimus
3484 3613 3588 3666 Ee-

2004 3715 2202 3778 clesite,
2238 3713 2291 3766 in
2320 3723 2410 3766 tua
2439 3709 2833 3765 transferentes
2857 3706 3006 3776 jura,
3042 3707 3114 3761 ita
3147 3712 3205 3759 ut
3231 3705 3283 3758 in
3311 3719 3376 3758 eo
3393 3702 3482 3772 jus
3509 3713 3590 3757 at-

2003 3820 2108 3874 que
2159 3802 2475 3865 dominium,
2524 3807 2584 3854 ut
2623 3800 2676 3853 in
2717 3798 2954 3869 propriis
2989 3794 3209 3850 famulis
3253 3793 3454 3849 habere
3497 3793 3588 3848 dc-

2000 3898 2169 3952 beas:
2202 3909 2303 3948 nec
2327 3892 2544 3948 licentia
2587 3891 2660 3946 sit
2687 3890 2929 3954 cuilibet,
2970 3904 3002 3942 a
3033 3897 3126 3943 tuo
3154 3887 3446 3958 aliquando
3464 3885 3588 3954 jure

2001 3989 2234 4052 auferre,
2282 3984 2541 4056 quidquid
2587 3993 2798 4037 tuorum
2831 3983 2899 4036 ad
2944 3980 3332 4051 aliquantulam
3378 3995 3587 4035 recom-

1999 4079 2370 4150 pensationem
2416 4075 2764 4130 servitiorum
2806 4074 2946 4128 bona
2989 4071 3266 4126 voluntate
3313 4070 3584 4139 dignosci-

1999 4187 2123 4226 mur
2159 4168 2473 4225 contulisse.

2071 4261 2243 4329 Quam
2276 4257 2582 4314 donationis
2619 4256 2869 4328 paginam
2912 4253 3162 4308 manibus
3201 4249 3402 4304 nostris
3423 4248 3582 4301 robo-

2001 4362 2176 4409 ratam
2203 4359 2308 4406 tum
2335 4349 2611 4406 dilectioni
2652 4347 2974 4402 tradidimus
3001 4358 3100 4412 pro
3128 4341 3314 4395 futura
3344 4339 3577 4395 cautela.

2547 4435 2847 4492 TITULUS
2883 4433 3024 4488 XIX.

2624 4539 2646 4566 ο
2677 4526 2966 4582 Securitas.

2071 4625 2301 4681 Justitim
2357 4628 2780 4678 consentaneum
2832 4631 2954 4670 esse
3002 4612 3352 4684 dignoscitur,
3402 4617 3463 4664 ut
3519 4608 3578 4674 ii,

1995 4782 2223 4838 bertatis
2250 4776 2612 4836 conditionem
2647 4779 2898 4845 apponat,
2925 4769 3270 4845 posteriores
3282 4767 3502 4845 nullam.

2071 4865 2094 4892 ο
2124 4851 2411 4906 Securitas.
2454 4847 2569 4902 Non
2599 4840 2696 4900 est
2719 4840 2944 4898 tantum
2965 4841 3313 4911 acceptilatio
3339 4840 3421 4895 vel
3449 4855 3579 4910 apo-

1997 4924 2115 4985 cita,
2147 4921 2242 4976 sed
2268 4920 2534 4974 rationum
2559 4917 2662 4971 rite
2685 4915 3019 4985 redditarum
3042 4911 3438 4985 testimonium,
3462 4926 3574 4985 quo

1996 4982 2188 5046 muniti
2219 4989 2605 5044 Procuratores
2627 5000 2805 5040 rerum
2847 4982 3350 5038 Ecclesiasticarum
3392 4983 3573 5035 securi

1996 5063 2268 5116 vivebant.
2316 5059 2430 5113 Vox
2472 5058 2572 5111 ista
2617 5057 2696 5110 sic
2749 5054 3017 5123 accipitur
3039 5052 3199 5122 epist.
3251 5049 3340 5113 42,
3390 5049 3484 5104 lib.
3521 5051 3568 5114 l,

1998 5130 2245 5202 Gregorii
2271 5128 2468 5200 Magni.

2070 5188 2682 5271 Suspicorfsecuritatis
2703 5192 2963 5250 formulas
2985 5191 3290 5271 istasuduas.
3305 5188 3369 5271 a‘d
3395 5196 3578 5259 poste-

1996 5255 2140 5328 riora
2163 5255 2404 5338 tempo'ra
2437 5267 2737 5338 pertinere:
2765 5278 2888 5318 nam
2919 5259 3305 5338 subscribendi
3324 5255 3575 5336 formam,

1998 5357 2103 5412 qua
2137 5329 2342 5394 Notarii
2367 5329 2565 5391 nomen
2594 5336 2649 5389 in
2669 5333 3226 5412 utraqueapponitur,
3250 5329 3575 5412 virslgreperi:

1997 5394 2088 5465 tjur
2129 5419 2255 5465 ante
2298 5421 2525 5472 nonum,
2555 5413 2651 5460 aut
2685 5394 2848 5478 etiam
2883 5394 3152 5478 decimum
3174 5394 3448 5478 _wtlurn
3475 5400 3575 5478 {et

1999 5461 2293 5536 insinua
2333 5461 2610 5548 portarum
2640 5474 2812 5538 urbis,
2848 5471 3001 5539 cujus
3042 5461 3370 5549 mentiti
3384 5462 3577 5549 inlig-

1999 5529 2232 5605 iii-{6E
2245 5529 2499 5618 566155
2511 5529 2746 5618 tempus,
2783 5529 3436 5618 qtio_sttmmi_
3459 5531 3572 5618 ἔπῃ

2001 5599 2424 5677 assignauit
2470 5599 2670 5670 uomat.
2716 5599 2959 5675 Accedit,
2993 5603 3138 5674 quod
3177 5599 3438 5657 terribilis
3469 5601 3570 5658 illa
