3990 6184
404 274 504 332 103

1745 259 1950 315 Lmen
1989 246 2298 315 multst

3550 246 3652 317 ιω

399 396 492 468 qui
518 370 914 448 Ecclesiasticis
949 383 1266 442 utilitatibus
1303 377 1532 436 ﬁdeliter
1558 375 1820 439 serviunt,
1847 390 1970 468 per-
1998 372 2048 431 A
2250 369 2612 468 securitatem
2649 369 2902 468 duximus
2954 369 3325 468 muniendam,
3354 379 3520 468 quam
3571 366 3656 424 Ill.

404 465 546 544 fecta
593 482 824 539 debeant
877 477 1167 534 securitate
1211 471 1431 533 muniri,
1462 475 1730 536 quatenus
1769 465 1974 519 nullam

405 577 760 645 imposterum
785 586 816 626 a
842 581 1112 641 quoquam
1133 563 1408 634 patiantur
1429 560 1722 628 jacturam.

476 663 547 719 Et
570 662 822 733 quoniam
850 655 1232 730 patrimonium
1261 651 1339 704 Ill.
1367 649 1506 720 juris
1542 656 1746 702 sanctae
1773 648 1977 702 Roma-

407 767 513 818 mn,
539 752 646 813 cui,
671 752 782 805 Deo
801 756 1006 811 autore,
1038 743 1369 799 deservimus
1396 740 1674 803 Ecclesiae,
1701 754 1846 793 curae
1879 748 1983 793 tuae

411 841 755 898 commissum
797 845 903 900 est,
955 837 1109 905 cujus
1155 833 1516 897 exactionem,
1574 845 1672 900 per
1733 838 1982 885 nostrum

411 930 750 1000 dispositum,
801 927 992 980 fecisse
1035 921 1386 993 dignosceris,
1417 919 1670 988 praesenti
1709 918 1788 972 lll.
1839 918 1983 971 indi-

409 1021 589 1076 ctione
615 1020 680 1074 de
727 1017 1044 1079 nuntiatica,
1091 1013 1174 1068 vel
1213 1014 1280 1068 de
1307 1013 1429 1067 aliis
1460 1013 1830 1068 accidentibus
1856 1027 1984 1067 cau-

410 1109 507 1173 sis,
535 1107 789 1176 prmdicta
817 1105 896 1159 ιιι.
928 1103 1241 1166 indictione,
1265 1118 1365 1171 pro
1393 1116 1501 1170 quo
1527 1101 1796 1154 tradidisti
1828 1099 1986 1154 nobis

415 1199 479 1254 de
505 1198 869 1268 suprascripto
890 1194 1218 1264 patrimonio
1246 1194 1298 1247 in
1327 1208 1458 1246 auro
1480 1193 1684 1246 scilicet
1715 1192 1918 1246 solidos
1951 1206 1986 1242 ι

411 1288 575 1341 boves
614 1301 842 1340 numero
877 1285 994 1354 pari
1022 1300 1078 1349 χ,
1109 1283 1344 1339 caballos
1388 1295 1439 1346 x,
1484 1298 1678 1337 vaccas
1711 1297 1766 1345 ι,
1793 1297 1988 1350 porcos

409 1373 686 1444 accepturi
715 1372 791 1425 tui
819 1380 1083 1425 tenorem.

882 1461 1042 1531 ιιθ
1079 1459 1376 1516 TlTULUS
1413 1461 1530 1515 xx.

1063 1549 1352 1606 Securitas.

487 1638 713 1694 Constat
741 1653 842 1694 nos
864 1640 1217 1710 magnitudini
1248 1649 1439 1694 vestrae
1457 1640 1794 1695 commisisse
1823 1648 1995 1695 actio-‘-

2079 455 2300 512 Notario
2325 465 2379 511 et
2407 456 2701 512 Scriniario
2739 458 2882 513 sedis
2907 466 3106 512 nostra:
3144 456 3489 511 scribendam
3516 470 3657 526 pra:—

2079 547 2326 617 cipimus,
2348 548 2540 616 cuique
2561 563 2720 602 manu
2745 557 2929 602 nostra
2958 547 3398 616 subscripsimus,
3427 554 3485 600 et
3506 548 3659 603 vobis

2081 638 2528 705 contradidimus,
2556 638 2658 693 sub
2685 639 2772 694 die
2799 637 2880 692 lll.
2913 638 3106 707 lmpen
3131 637 3381 702 Domino,
3419 635 3665 718 ﬁlioque,

2081 736 2138 783 et
2158 736 2374 783 cratera.
2605 737 2609 741 ‘

2631 843 2932 905 TITULUS
2969 836 3112 903 XXI.

2525 951 2555 998 δ
2586 957 2916 1028 Prwceptum
2938 943 3212 1015 libertatis.

2157 1097 2384 1143 oommo
2406 1087 2679 1143 credimus
2707 1089 2825 1143 Deo
2850 1096 3036 1143 nostro
3063 1087 3294 1157 placere,
3329 1089 3470 1158 quod
3499 1090 3671 1161 pieta-

2089 1177 2158 1232 tis
2203 1179 2399 1232 intuitu
2445 1177 2674 1232 discreta
2719 1179 3066 1249 prosequitur
3106 1179 3432 1248 compassio,
3474 1196 3540 1235 eo
3590 1182 3672 1236 d‘r-

2088 1273 2242 1321 cente
2273 1266 2429 1334 117
2457 1283 2469 1319 :
2507 1266 2924 1320 Misericordiam
2954 1266 3092 1332 volo,
3137 1276 3188 1321 et
3217 1284 3321 1320 non
3349 1269 3673 1337 sacriﬁcium

2092 1352 2236 1424 (Ose.
2263 1369 2336 1419 vt,
2365 1354 2427 1418 6;
2473 1353 2662 1408 Matth.
2699 1371 2774 1419 ix,
2809 1355 2916 1426 l3).
2947 1356 3064 1424 ipse
3092 1371 3323 1424 namque
3365 1357 3417 1410 in
3448 1358 3562 1411 suis
3592 1357 3674 1412 le-

2093 1446 2236 1516 gitur
2285 1445 2515 1514 eloquiis
2571 1447 2850 1502 conductis
2897 1448 3162 1516 operariis
3207 1447 3464 1503 tribuisse
3522 1464 3657 1504 mer-

2094 1535 2301 1590 cedem.

2164 1626 2247 1680 Ad
2282 1627 2435 1696 cujus
2463 1627 2838 1693 imitationem,
2876 1642 2995 1694 nos,
3024 1626 3115 1698 qui
3144 1631 3376 1699 pastoris
3407 1632 3571 1697 vices,
3602 1633 3671 1688 eo

417 1733 570 1786 naria
594 1730 660 1786 de
683 1731 908 1785 diversis
937 1732 1108 1800 portis
1135 1731 1293 1802 hujus
1323 1731 1580 1786 Romana:
1604 1732 1753 1786 urbis
1782 1733 1847 1786 ad
1869 1748 1991 1801 per-
2019 1721 2066 1779 B
2095 1714 2460 1784 dispensante“,
2495 1717 2752 1787 εθτίιηυεν
2785 1716 2964 1772 ﬁdelia
3001 1713 3380 1773 exhibemibus
3417 1719 3664 1786 εετνίιὶιο

416 1821 684 1890 agendum
739 1820 794 1874 in
843 1820 950 1875 (Ide
993 1831 1020 1860 ι
1063 1820 1408 1884 dominicale,
1445 1820 1512 1875 de
1564 1821 1666 1875 hac
1715 1829 1995 1876 transacta

418 1908 733 1972 indictione,
779 1909 933 1978 cujus
959 1911 1242 1965 exactione
1275 1909 1469 1964 fecisse
1497 1911 1830 1979 dignosceris
1871 1911 2000 1966 ﬁde

422 1996 567 2062 liter,
604 1997 963 2067 quodcunque
988 1999 1184 2053 exinde
1220 1999 1511 2054 abstollere
1548 2001 1872 2069 exigereque
1909 2015 2000 2053 va-

419 2085 618 2150 luistis,
650 2086 767 2140 sine
794 2085 900 2139 ulla
931 2085 1120 2142 fraude
1146 2094 1476 2156 prasentare
1518 2096 1681 2156 atque
1711 2087 1999 2158 adsignare

424 2174 478 2228 in
505 2175 714 2244 integro
743 2175 843 2230 visi
865 2176 1020 2242 estis,
1050 2184 1106 2231 et
1146 2177 1200 2230 in
1228 2178 1481 2232 omnibus
1506 2193 1537 2231 a
1564 2179 1718 2235 vobis
1747 2179 1998 2248 completi

427 2281 615 2322 sumus
639 2268 705 2322 de
731 2268 922 2323 eadem
968 2269 1266 2324 actionaria
1294 2288 1306 2322 :
1334 2269 1573 2338 nihilque
1603 2270 1746 2339 apud
1789 2285 1888 2324 vos
1915 2284 2002 2323 re-

427 2357 694 2412 mansisse
715 2356 1061 2412 manifestum
1086 2367 1192 2422 est,
1216 2359 1342 2413 dum
1370 2360 1553 2414 omnia
1586 2360 1794 2428 puriter
1832 2359 2007 2414 ﬁdeli-

425 2455 618 2516 terque
663 2463 786 2502 cum
840 2450 989 2503 omni
1044 2450 1351 2518 integritate
1398 2450 1747 2507 manifestum
1790 2459 1877 2507 est
1910 2466 2004 2506 vos

425 2545 806 2606 prmsentasse.

499 2625 815 2680 Statuentes
843 2627 1154 2697 Apostolica
1182 2643 1434 2697 censura,
1462 2641 1518 2686 et
1545 2631 1834 2686 autoritate
1861 2631 2004 2687 beati

427 2715 576 2773 Petri
616 2715 885 2787 Principis
911 2719 1315 2790 Apostolorum,
1361 2732 1420 2778 ut
1445 2723 1622 2778 nullus
1649 2739 1907 2794 unquam,
1937 2724 2008 2778 sit

427 2805 559 2862 licet
604 2821 796 2877 magna
843 2824 1118 2879 parvaque
1158 2825 1406 2880 persona,
1454 2821 1745 2882 praesumat
1791 2827 2008 2882 quoquo

430 2894 594 2950 modo
621 2909 718 2950 vos
749 2896 1095 2966 bteredesque
1118 2909 1326 2955 vestros
1355 2916 1452 2970 pro
1489 2902 1677 2956 eadem
1708 2901 2008 2956 actionaria

431 2984 744 3050 molestare,
789 2994 882 3040 aut
934 2989 1232 3057 quamlibet
1280 2991 1646 3059 requisitionis
1693 2998 2008 3044 controver-

2094 1808 2314 1876 praemia
2330 1807 2586 1862 laborum
2616 1807 2842 1864 reddere
2877 1808 3156 1874 debemus,
3186 1817 3246 1863 ut
3273 1810 3367 1874 illi,
3396 1812 3539 1881 quod
3569 1812 3672 1867 mi-

2097 1898 2331 1954 serendo
2352 1897 2660 1966 fecerimus,
2685 1900 2755 1954 sit
2791 1899 3138 1969 acceptabile.

2167 1985 2335 2056 Igitur
2382 1987 2616 2041 servitiis
2643 1988 2919 2053 exhibitis,
2971 2003 3162 2057 prona,
3209 1989 3265 2044 in
3294 1999 3554 2060 quantum
3587 2007 3679 2047 vo»

2099 2074 2266 2139 luisti,
2292 2083 2494 2141 mente,
2521 2075 2718 2145 quibus
2749 2085 2938 2131 nostro
2981 2077 3035 2131 in
3065 2079 3369 2134 commissis
3395 2081 3574 2136 animo
3597 2096 3684 2137 sa-

2102 2166 2374 2233 tisfecisti,
2405 2176 2457 2222 te
2485 2167 2564 2221 lll.
2614 2177 2836 2233 sanctte,
2873 2170 2983 2234 cui,
3024 2170 3134 2224 Deo
3162 2179 3371 2237 autore,
3399 2174 3683 2230 'servimus

2101 2259 2377 2324 Ecclesiae,
2410 2259 2690 2326 famulum,
2714 2261 3005 2315 autoritate
3040 2261 3188 2316 beati
3217 2262 3366 2318 Petri
3391 2263 3682 2333 Apostolo-

2102 2365 2222 2404 rum
2251 2349 2536 2419 Principis,
2566 2364 2662 2420 per
2690 2349 2849 2418 hujus
2877 2359 3078 2406 nostra!
3114 2354 3492 2422 pmeeptionis
3521 2357 3681 2425 pagi-

2102 2453 2248 2502 nam,
2274 2440 2790 2509 recompensationis
2818 2455 3063 2502 munere,
3095 2455 3126 2493 a
3154 2443 3408 2510 prtesenti
3434 2442 3513 2496 ω.
3539 2443 3686 2498 india

2104 2531 2302 2594 ctione,
2335 2541 2358 2568 ο
2386 2529 2601 2584 cumulo
2642 2529 2912 2584 libertatis
2958 2530 3173 2600 largito,
3212 2532 3281 2586 ab
3304 2533 3451 2586 omni
3495 2532 3686 2588 servili

2105 2621 2322 2676 fortuna
2348 2629 2404 2676 et
2425 2621 2734 2676 conditione
2756 2621 2986 2675 liberum
3005 2635 3127 2676 esse
3145 2636 3447 2688 censemus,
3473 2624 3650 2679 civem
3662 2653 3686 2666 -

2105 2732 2211 2784 que
2250 2714 2552 2770 Romanum
2600 2715 2836 2771 solutum
2876 2716 2947 2771 ab
2972 2718 3120 2772 omni
3160 2717 3511 2786 subiectionis
3538 2729 3687 2771 noxa

2106 2804 2450 2860 decernimus
2475 2822 2487 2858 :
2516 2819 2617 2860 nec
2647 2804 2790 2859 aliud
2812 2807 3042 2871 cunctis,
3073 2807 3178 2861 nisi
3206 2807 3378 2861 solam
3398 2806 3685 2861 salutatio-

2109 2912 2231 2951 nem
2261 2897 2480 2962 debere,
2504 2905 2566 2952 ut
2583 2897 2844 2968 perfecto,
2883 2898 3165 2954 absolutus
3183 2897 3313 2968 iugo
3341 2898 3547 2962 servili,
3571 2898 3689 2952 ritu

2110 2987 2284 3056 possis
2313 2987 2531 3056 degere,
2558 2988 2754 3056 quibus
2794 2989 3066 3043 advixeris
3092 2989 3300 3052 diebus,
3340 2996 3396 3043 et
3440 3000 3590 3042 more
3619 2987 3693 3042 li-

429 3076 567 3130 siam
596 3076 748 3131 vobis
775 3054 1078 3148 vestrisque
1110 3054 1414 3139 haeredibus
1436 3081 1636 3136 inferre
1664 3100 1676 3134 :
1708 3081 1850 3136 unde
1877 3095 2005 3134 am-
2033 3054 2077 3115 (ἶ
2109 3054 2403 3140 berorum,
2419 3078 2527 3131 Deo
2551 3054 2716 3147 agens
2733 3078 2955 3147 gratias,
2989 3092 3087 3147 pro
3112 3075 3263 3146 cujus
3289 3078 3393 3133 hoc
3420 3092 3602 3131 amore
3625 3085 3693 3130 et

427 3165 673 3237 piissima
709 3167 863 3222 vobis
899 3169 1308 3240 haeredibusque
1334 3172 1531 3226 vestris
1572 3171 1783 3226 cautela
1820 3171 2005 3242 plena-

429 3296 800 3376 c'omminatio,
840 3314 960 3369 qum
992 3300 1164 3376 eidem
1186 3302 1470 3376 posteriori
1508 3301 1758 3376 formula:
1771 3302 2008 3376 subjun-

429 3367 595 3445 gitur,
625 3367 890 3445 fervorem
927 3367 1291 3445 nonisaec'uli,
1328 3372 1629 3445 decimique
1665 3367 2008 3445 genium'sae

430 3435 544 3504 piat
564 3435 764 3512 iadde,
785 3438 1117 3512 sivolueris,
1142 3443 1533 3512 corruptiorem
1544 3435 1931 3497 'Lati'nitatem.

504 3514 529 3542 ι
553 3502 898 3560 Dominicale.
931 3502 1028 3562 Jus
1060 3502 1282 3564 demini.

489 3572 532 3651 ,δ
558 3570 884 3651 Praeceptum
925 3576 1198 3651 libertatis.
1267 3581 1802 3651 Desumptaivifdcri”
1827 3587 2008 3651 ρτξιθεῑ

432 3640 788 3722 aliquatenus
815 3646 943 3722 hinc
971 3646 1200 3722 formula
1241 3665 1307 3704 ex
1338 3640 1499 3722 eplsi.
1532 3650 1618 3711 12,
1640 3650 1744 3722 lib.
1775 3640 1846 3713 5;
1867 3649 2006 3722 Gre-

433 3710 574 3794 gorii
617 3710 816 3794 Magni,
856 3716 946 3768 ubi
991 3716 1244 3794 Montano
1265 3727 1320 3772 et
1340 3710 1613 3794 _Tbomas
1640 3710 1890 3772 libertate
1914 3719 2009 3772 do-

436 3787 656 3851 nantur,
688 3781 928 3851 ﬁuntque
957 3785 1102 3838 cives
1129 3785 1376 3840 Romani.

508 3842 676 3927 Porro
708 3842 888 3927 autem
919 3852 1100 3927 plures
1127 3863 1254 3927 sunt
1302 3857 1352 3909 in
1374 3853 1712 3927 collectione
1735 3855 1800 3910 ν.
1831 3854 2010 3927 ϐηΒί-

437 3921 620 3986 gnonii
643 3921 994 3987 ingenuitatis
1024 3921 1265 3978 formulae
1296 3938 1310 3978 :
1339 3923 1517 3994 plures
1543 3940 1756 3995 quoque
1783 3925 2010 3981 erudita:

457 4061 1110 4087 “.—

2107 3167 2360 3222 mandato
2395 3175 2446 3222 te
2475 3175 2689 3223 constat
2719 3169 3106 3238 promeruisse.

2107 3301 2175 3354 ad
2203 3313 2322 3370 eas,
2349 3297 2462 3353 sive
2491 3313 2610 3368 qua:
2650 3297 2789 3370 apud
2824 3297 3160 3370 Marculfum,
3197 3299 3310 3353 sive
3340 3311 3459 3370 qua:
3482 3297 3691 3370 intri-

2108 3369 2208 3422 bus
2237 3369 2358 3423 aliis
2376 3367 2619 3423 veterum
2659 3367 3011 3423 formularum
3038 3367 3443 3424 collectionibus
3479 3368 3692 3423 haben-

2111 3447 2216 3502 tur,
2247 3449 2407 3494 notte.
2435 3437 2586 3492 Nulla
2613 3447 2793 3492 tamen
2818 3438 2942 3493 huic
2970 3447 3169 3493 nostrae
3195 3438 3542 3499 conferenda,
3565 3449 3698 3506 qua

2112 3509 2195 3578 cui
2225 3507 2790 3578 cumulumlibertatis,
2823 3506 3068 3578 largitur,
3093 3509 3251 3578 civerit
3282 3505 3697 3578 Romanumgde-

2112 3576 2312 3639 clarat;
2358 3594 2456 3631 nec
2489 3575 2611 3644 jure
2642 3573 3117 3645 cuiquam'debere
3163 3576 3332 3642 aliud,
3376 3577 3478 3630 nisi
3517 3573 3694 3645 solam

2111 3643 2505 3726 salutationem,
2537 3643 2872 3726 perfectoque
2904 3648 3008 3700 ritu
3049 3646 3463 3726 possejegere‘:
3494 3643 3698 3726 quibus

2113 3715 2296 3796 omnia
2335 3714 2684 3796 ingenuitatis
2707 3714 2830 3796 jura
2850 3714 3262 3796 comprehendi
3292 3714 3535 3796 apertum
3582 3723 3694 3796 est.

2116 3783 2306 3854 Merito
2342 3783 2651 3854 igiturhrec
2691 3783 3190 3854 singularis’forma
3214 3783 3553 3854 observanda
3580 3791 3694 3836 est.

2191 3865 2212 3892 ε
2234 3852 2454 3925 Qumulo
2471 3852 2746 3925 libertatis.
2770 3852 2826 3925 [ᾳ
2846 3862 2947 3918 est,
2970 3853 3281 3925 plenissima
3305 3853 3396 3907 illa
3419 3854 3695 3925 libertate,

2117 3936 2235 3992 qua:
2260 3921 2405 3992 justa
2436 3923 2758 3992 appellatur,
2790 3921 3064 3978 Iustitiae
3088 3922 3364 3989 libertinis,
3393 3924 3474 3977 tit.
3502 3922 3554 3976 5.

1765 4193 2100 4271 CAPUT
2175 4193 2354 4271 VII.

612 4379 874 4425 DIVBMA
921 4380 1274 4448 Ριηγξιιιῦιιι
1324 4379 1712 4426 ΔΡΟΒΤΟΙᾸΟΕ
1757 4383 2214 4426 AUCTORITATIS
2257 4381 2562 4426 CONCESSA
2609 4376 3046 4436 ΜοΝΔεΤΕιιιιε,
3094 4378 3407 4422 οιΑοοΝιιε
3449 4377 3529 4423 ET

1850 4482 2298 4528 XENODOCEHS.

444 4700 822 4774 Ancugsnruu
841 4734 931 4759 .—
943 4701 1488 4774 Comprclienduntur
1504 4705 1605 4758 hoc
1621 4705 1797 4774 capite
1811 4703 2022 4758 diversa
2041 4704 2322 4774 privilegia
2335 4702 2656 4774 Apostolicte
2673 4703 3011 4774 auctoritatis
3033 4699 3390 4774 Monasteriis,
3407 4699 3702 4770 Diaconiis,

520 4781 578 4828 et
605 4770 997 4844 Xenodocbiis,
1016 4770 1244 4842 aliisque
1289 4775 1394 4844 piis
1425 4773 1569 4844 locis
1599 4770 1760 4843 118
1791 4770 2086 4844 concessa;
2122 4770 2296 4843 neque
2323 4770 2472 4828 visus
2513 4782 2599 4828 est
2626 4773 2828 4828 debere
2869 4773 3012 4844 ullus
3036 4772 3173 4826 alius
3209 4771 3364 4844 ordoA
3380 4775 3703 4829 statuendus

521 4843 805 4913 quamqui
829 4843 1098 4913 reperitur
1125 4840 1189 4913 in_
1205 4840 1390 4913 codice
1420 4840 1747 4913 asinina
1771 4843 2082 4913 perturbate
2115 4840 2296 4897 omnia
2329 4844 2770 4913 permiscentur:
2801 4843 3021 4913 ponitur
3051 4851 3228 4913 tamen
3255 4841 3310 4894 in
3341 4840 3540 4913 fronte,
3571 4858 3700 4912 pro-

519 4907 641 4982 pter
669 4907 1117 4982 singularitatem,
1151 4907 1408 4982 Prologus
1447 4914 1500 4982 in
1526 4907 1849 4982 Iudicatu'm.
1873 4942 1953 4982 -ί
1969 4912 2084 4967 Non
2114 4922 2311 4982 praesto
2329 4907 2552 4982 aetatem
2597 4907 3130 4982 omniumcjusmodi
3176 4909 3532 4982 formularum
3565 4907 3591 4968 Ξ
3609 4928 3706 4968 su-

523 4979 702 5049 spicor
727 4979 872 5052 enim
905 4979 957 5034 id
993 4981 1266 5052 accedisse
1289 4979 1591 5052 cellectioni
1621 4981 1729 5042 isti,
1759 4983 1900 5048 quod
1929 4979 2129 5038 Ordini‘
2146 4981 2411 5052 Romano,
2439 4981 2532 5050 qui
2563 4996 2684 5035 cum
2710 4981 3010 5052 simplicior
3035 4988 3177 5052 esset
3198 4980 3434 5052 primum
3463 4981 3708 5052 brevior-

524 5063 651 5118 que,
681 5049 1062 5104 additamentis
1089 5059 1278 5120 auctus
1311 5058 1411 5120 est.
1454 5049 1655 5120 Opinor
1675 5052 1743 5104 ab
1789 5052 1979 5106 audaci
2021 5067 2183 5106 manu
2210 5051 2414 5105 inserta
2464 5065 2586 5105 esse
2630 5052 2756 5106 huic
2792 5049 2932 5120 parti
2979 5051 3223 5118 quaedam
3265 5051 3530 5118 sequioris
3553 5051 3699 5120 aevi:

523 5117 698 5192 neque
722 5121 867 5174 enim
893 5117 1446 5192 prmeedentistctatis
1468 5117 1654 5192 leniori
1683 5121 1874 5189 spiritu
1903 5122 2058 5192 plena
2095 5128 2239 5183 sunt,
2268 5120 2363 5192 sed
2387 5120 2704 5192 terribiliter
2731 5117 3038 5192 minantur;
3071 5120 3165 5190 qui
3187 5117 3378 5192 genius
3404 5121 3526 5192 novi
3563 5119 3708 5192 deci-

531 5191 713 5258 mique
753 5188 956 5244 saeculi.
1006 5219 1073 5228 —
1112 5189 1442 5259 Paucissima
1483 5188 1728 5258 quietiam
1773 5188 2181 5246 observavimus
2227 5189 2295 5244 ad
2355 5189 2592 5259 singulas
2632 5189 2909 5252 formulas,
2943 5188 3208 5259 quoniam
3249 5189 3383 5243 nihil
3407 5188 3708 5259 admodum

524 5251 922 5315 Ecclesiasticae
949 5260 1229 5328 vetustatis
1259 5251 1644 5323 habent,'nibil
1683 5261 2060 5316 reconditioris
2097 5259 2354 5313 doctrina:
2381 5251 2577 5314 :voccs
2615 5269 2792 5313 autem
2821 5251 3093 5314 inclinata:
3137 5257 3467 5325 Latinitatis,
3508 5259 3552 5313 si
3583 5270 3706 5328 qua

521 5337 832 5394 occurrant,
871 5343 938 5384 ex
978 5327 1250 5384 Glossario
1279 5328 1339 5383 γ.
1375 5329 1518 5383 Clar.
1547 5329 1758 5400 Cangaei
1789 5330 1945 5385 facile
1975 5329 2363 5399 intelligentur.

2051 5443 2108 5502 1)
2133 5453 2230 5494 nos
2273 5440 2620 5494 vehementer
2665 5454 2960 5510 provocem
3009 5441 3363 5513 dignoscatur
3407 5439 3712 5495 sollicitudo

2135 5543 2280 5584 cura:
2310 5545 2324 5583 :
2354 5531 2556 5586 idcirco
2583 5531 2892 5604 vigilantius
2914 5532 3238 5597 insistimus,
3265 5541 3348 5597 ut,
3373 5532 3419 5588 si
3443 5547 3546 5602 qua
3575 5531 3715 5585 inter

2133 5627 2318 5688 partes
2341 5621 2586 5691 deceptio
2625 5625 2896 5691 exoritur,
2936 5623 3140 5694 liquida
3183 5624 3434 5695 protinus
3461 5621 3717 5686 indagine

783 5438 1151 5497 PROLOGUS
1188 5439 1256 5495 ΙΝ
1293 5439 1699 5496 JUDICATUM.

531 5531 662 5587 Cum
706 5548 804 5604 pro
847 5532 1177 5603 exequendis
1207 5530 1432 5600 justitiie
1459 5529 1810 5602 profectibus,
1867 5536 1920 5582 et
1953 5527 2030 5580 al-

466 5623 783 5678 tercantium
832 5623 1108 5692 sopiendis
1149 5619 1704 5690 tergiversationibus,
1741 5617 2028 5685 pastoralis
