3990 6184
253 350 343 405 I05

1173 341 1611 399 ROMANORUM
1649 339 2087 396 PONTIFICUM.
2127 370 2161 379 —
2222 339 2373 397 CAP.
2400 337 2502 392 VII.

3363 337 3464 391 106

240 465 319 533 jus
357 461 698 533 perscrutari,
751 468 804 513 et
853 458 1123 527 tequitatis
1179 454 1568 517 moderamine,
1614 452 1793 522 quoad
1822 465 1870 522 Α
1900 462 2187 518 parvteque
2210 462 2448 517 personae
2471 444 2701 510 auferre,
2731 454 2789 499 ut
2824 443 3066 533 profecto
3094 443 3265 499 isdem
3303 458 3468 500 vene-

242 563 418 608 cuncta
443 558 762 623 congruant,
790 548 965 602 limari
989 555 1169 616 queat.

303 643 366 697 Et
385 642 636 712 quoniam
661 647 890 700 constat,
924 646 1030 691 etc.

827 817 1189 888 Privilegium.

300 929 325 957 ι
352 916 613 983 Quoniam
655 927 870 981 semper
903 920 1029 965 sunt
1069 909 1433 973 concedenda,
1468 923 1589 978 qua:
1640 908 1799 962 ratio-

241 1008 496 1062 nabilibus
542 1013 846 1075 congruunt
888 1002 1191 1065 desideriis,
1237 1009 1448 1071 oportet
1490 1008 1551 1053 ut
1581 1000 1798 1055 devotio

238 1098 493 1154 conditori
538 1097 642 1165 pia:
688 1094 1108 1151 constructionis
1150 1092 1354 1148 oraculi
1401 1091 1457 1144 in
1501 1089 1799 1159 privilegiis

236 1190 541 1260 praestandis
568 1187 792 1243 minime
816 1185 1130 1257 denegetur.

300 1279 461 1350 igitur
482 1278 609 1348 quia
639 1275 924 1347 postulasti
951 1290 983 1330 a
1012 1274 1191 1339 nobis,
1221 1279 1492 1343 quatenus
1531 1270 1799 1325 Monaste-

237 1370 364 1423 rium
394 1368 581 1423 Sancti
619 1366 699 1421 lll.
743 1366 907 1421 situm
937 1365 993 1420 in
1042 1365 1163 1420 loco
1191 1363 1272 1417 Ill.
1318 1361 1617 1433 privilegiis
1655 1362 1801 1416 sedis

233 1457 545 1528 Apostolicae
566 1456 871 1521 decoretur,
903 1453 1063 1524 119
1081 1460 1141 1508 ut
1165 1453 1266 1508 sub
1274 1451 1650 1521 jurisdictione
1672 1466 1800 1506 san-

233 1556 347 1611 ctze,
376 1547 483 1613 cui,
536 1547 648 1601 Deo
676 1554 888 1608 autore,
919 1544 1256 1599 deservimus
1284 1542 1561 1607 Ecclesiae,
1601 1543 1802 1596 consti-

235 1646 395 1691 tutum
425 1677 438 1699 ,
490 1636 688 1691 nullius
739 1634 965 1690 alterius
1021 1633 1278 1689 Ecclesiae
1332 1632 1801 1701 jurisdictionibus

230 1727 586 1783 submittatur.

1909 536 2095 591 rabilis
2126 536 2277 590 locus
2316 534 2471 604 juxta
2498 534 2552 588 id
2587 534 2728 604 quod
2754 533 2914 603 120
2939 531 3214 601 subjectus
3239 533 3470 603 Aposto-

1902 627 1990 682 lici
2022 626 2302 681 constituti
2333 633 2499 694 atque
2522 624 2782 695 privilegii
2810 632 2963 678 tenor
2982 623 3256 687 consistit,
3288 623 3471 677 incon-

1898 724 2058 771 cusse‘
2071 716 2339 770 dotandus
2366 723 2697 784 permaneat.

1968 808 2027 862 Si
2051 808 2176 878 quis
2221 816 2426 870 autem,
2451 808 2595 877 quod
2639 822 2746 862 non
2779 814 3049 876 optamus,
3090 805 3298 860 nefario
3333 819 3466 859 ausu

1897 899 2328 971 praesumpserit,
2369 899 2486 952 haec
2514 912 2637 967 quae
2664 913 2695 951 a
2724 900 2882 953 nobis
2902 899 2971 953 ad
3003 898 3211 953 laudem
3251 898 3344 952 Dei
3371 911 3470 966 pro

1897 989 2196 1046 stabilitate
2213 986 2328 1055 jam
2355 987 2487 1042 dicti
2526 986 2837 1042 Monasterii
2877 996 3083 1044 statuta
3119 994 3266 1053 sunt,
3298 986 3470 1042 nafra-

1900 1080 2039 1150 gari,
2067 1078 2241 1134 autin
2266 1092 2541 1147 quoquam
2566 1077 2896 1145 transgredi,
2917 1078 3057 1133 sciat
3081 1093 3141 1133 se
3166 1078 3476 1131 anathema-

1902 1169 1972 1223 tis
1995 1168 2214 1223 vinculo
2240 1167 2578 1232 innodatum,
2610 1175 2666 1221 et
2689 1181 2813 1221 cum
2851 1167 3079 1223 Diabolo
3105 1177 3162 1223 et
3187 1168 3306 1238 ejus
3337 1176 3479 1222 atro-

1900 1257 2134 1313 cissimis
2166 1267 2189 1295 ε
2216 1256 2458 1328 Pompis,
2486 1266 2649 1327 atque
2678 1254 2816 1311 Juda
2848 1257 3113 1312 traditore
3142 1258 3353 1312 Domini
3378 1273 3479 1311 no-

1902 1349 2003 1403 stri
2040 1348 2171 1404 Jesu
2198 1347 2426 1413 Christi,
2462 1347 2649 1401 aeterni
2695 1346 2926 1402 incendii
2956 1345 3223 1416 supplicio
3256 1362 3479 1402 concre-

1902 1440 2159 1495 mandnm
2184 1439 2451 1511 deputari.
2479 1439 2549 1494 At
2568 1454 2700 1495 vero
2711 1440 2805 1509 qui
2823 1439 2915 1510 pio
2938 1439 3137 1494 intuitu
3155 1438 3478 1494 observator

1904 1530 1959 1583 in
1984 1530 2237 1585 omnibus
2252 1530 2511 1593 extiterit,
2542 1530 2852 1585 custodiens
2871 1527 3030 1598 hujus
3049 1529 3219 1584 nostri
3246 1528 3477 1598 Aposto-

1901 1619 1990 1674 lici
2025 1620 2309 1675 constituti
2339 1620 2407 1673 ad
2429 1619 2632 1673 cultum
2664 1619 2758 1674 Dei
2793 1620 3135 1689 respicientis
3158 1620 3477 1690 prmeeptio—

1908 1724 2053 1774 nem,
2084 1710 2473 1765 benedictionis
2499 1709 2730 1780 gratiam
2754 1723 2785 1762 a
2827 1708 3334 1765 misericordissimo
3366 1709 3474 1763 Do-

290 1817 395 1872 Pro
440 1834 545 1888 qua
586 1833 644 1873 re
684 1818 788 1889 piis
830 1817 1115 1874 desideriis
1160 1817 1424 1882 faventes,
1471 1817 1574 1871 hac
1613 1824 1801 1871 nostra

1915 1798 2051 1853 mino
2077 1807 2262 1852 nostro
2284 1797 2655 1867 multipliciter
2679 1807 3063 1867 consequatur,
3083 1807 3140 1853 et
3165 1799 3290 1854 vita:
3313 1808 3473 1854 atter-

229 1910 534 1972 autoritate,
567 1909 618 1962 id
641 1909 781 1978 quod
803 1909 1134 1978 exposcitur,
1157 1907 1370 1963 effectui
1396 1909 1796 1977 mancipamns:

227 2009 272 2053 et
319 2000 448 2055 ideo
494 2016 709 2055 omnem
743 2000 1033 2069 cujuslibet
1070 1999 1326 2054 Ecclesia:
1363 1999 1713 2055 Sacerdotem
1749 2001 1804 2053 in

223 2092 455 2161 prmfato
487 2090 813 2144 Monasterio
852 2091 1109 2145 ditionem
1138 2090 1433 2159 quamlibet
1477 2092 1695 2155 habere,
1721 2091 1807 2144 vel

223 2181 599 2244 autoritatem,
661 2188 858 2250 praeter
902 2181 1086 2234 sedem
1133 2179 1518 2249 Apostolicam,
1557 2179 1807 2250 prohibe-

226 2286 338 2326 mus
367 2288 381 2323 :
418 2270 495 2323 ita
519 2277 577 2323 ut
614 2270 720 2324 nisi
748 2270 817 2324 ab
844 2269 1055 2324 Abbate
1086 2267 1399 2323 Monasterii
1430 2268 1593 2323 fuerit
1615 2269 1806 2322 invita-

230 2370 323 2427 tus,
362 2375 471 2416 nec
518 2359 806 2413 Missurum
854 2360 1056 2415 ibidem
1100 2359 1500 2414 solemnitatem
1534 2360 1804 2430 quispiam

230 2458 515 2521 prtesumat
560 2449 859 2515 celebrare,
908 2450 1223 2505 omnimodo
1273 2452 1663 2507 constituentes
1708 2468 1807 2521 per

233 2541 376 2611 hujus
409 2542 617 2597 decreti
668 2542 841 2596 nostri
883 2542 1156 2613 paginam,
1207 2550 1371 2611 atque
1421 2542 1804 2598 interdicentes

234 2632 468 2687 omnibus
489 2632 711 2687 omnino
738 2632 1030 2701 cujuslibet
1057 2632 1314 2687 Ecclesia:
1338 2631 1688 2698 Prmsulibus,
1718 2632 1804 2686 vel

237 2724 609 2793 cujuscumque
635 2723 914 2795 dignitatis
942 2730 1213 2794 potestate
1250 2723 1511 2793 prmditis,
1542 2722 1643 2777 sub
1671 2737 1803 2777 ana-

240 2814 475 2870 thematis
504 2815 917 2886 interpositione
944 2833 956 2867 :
986 2816 1078 2885 qui
1105 2815 1530 2885 praesumpserit,
1558 2827 1802 2884 praesen-

241 2905 300 2961 tis
336 2908 617 2964 constituti
658 2923 689 2962 a
731 2907 888 2963 nobis
937 2906 1164 2978 praefato
1211 2906 1539 2962 Monasterio
1583 2906 1803 2975 indulti,

242 2997 456 3063 quolibet
485 2997 654 3051 modo
681 2998 919 3053 existere
946 3006 1256 3062 temerator,
1285 3007 1393 3053 etc.

978 3111 1042 3165 ll.

832 3200 1171 3274 Pririlcgium
1182 3243 1194 3256 .

304 3294 615 3363 l’Quoniam
642 3308 877 3365 semper,
914 3304 971 3348 ut
990 3311 1150 3366 supra
1190 3312 1351 3366 usque
1391 3294 1460 3350 ad
1489 3295 1602 3351 Iure
1628 3298 1809 3361 uerba,

251 3386 451 3442 existere
480 3395 806 3443 temerator.

304 3479 610 3537 Statuentes
649 3481 865 3550 insuper
885 3479 1195 3549 Apostolica
1224 3493 1478 3543 censura,
1510 3479 1612 3533 sub
1641 3476 1812 3531 divini

250 3571 406 3640 iudicii
444 3575 839 3640 obtestatione,
904 3583 960 3628 et
1000 3574 1194 3629 validis
1242 3581 1406 3642 atque
1451 3571 1812 3628 atrocioribus

255 3665 590 3721 anathematis
628 3664 1117 3730 interdictionibus,
1145 3675 1207 3719 ut
1238 3679 1410 3734 neque
1448 3664 1587 3719 ullus
1617 3663 1813 3719 Sacer-

256 3752 335 3809 dos
355 3772 590 3829 unquam
624 3767 939 3828 praesumat,
984 3757 1072 3811 vel
1105 3756 1371 3827 quispiam
1412 3756 1571 3821 alius,
1599 3772 1719 3826 quae
1753 3756 1808 3810 in

257 3843 408 3899 eodem
451 3854 653 3901 sancto
688 3845 806 3900 loco
839 3845 1033 3915 largita
1067 3854 1230 3916 atque
1252 3845 1433 3901 oblata
1478 3855 1620 3910 sunt,
1664 3855 1720 3901 et
1751 3848 1808 3901 in

260 3938 567 3997 postmodum
616 3936 726 3991 illic
778 3951 1035 3991 concessa
1091 3935 1312 4002 fuerint,
1354 3936 1651 4001 vindicare,
1714 3936 1811 3992 sed

263 4024 384 4080 ﬁrma
410 4028 733 4091 stabilitate,
756 4028 895 4098 juris
916 4029 1084 4098 ipsius
1106 4029 1314 4099 praelati
1349 4028 1662 4084 Monasterii
1688 4030 1809 4083 exi-

262 4118 437 4183 stenda,
476 4129 653 4189 atque
700 4119 754 4173 in
797 4128 1055 4188 perpetuo
1092 4121 1457 4189 permanenda
1497 4119 1806 4174 statuimus.

265 4199 347 4259 Nec
370 4205 588 4262 licentia
618 4207 711 4272 sit,
751 4216 810 4261 nt
843 4207 1044 4262 dictum
1069 4217 1174 4273 est,
1197 4222 1265 4262 ex
1294 4206 1414 4276 ejus
1440 4207 1527 4262 vel
1559 4208 1814 4262 omnibus

264 4291 403 4352 eidem
447 4298 784 4353 Monasterio
830 4298 1247 4367 pertinentibus,
1296 4297 1546 4367 cuiquam
1603 4313 1812 4370 magnae

319 4436 344 4504 θ’
360 4426 770 4504 Ωιιοιιὶαιιιιεις.
794 4432 1087 4504 zacharias
1104 4432 1246 4504 Papa
1271 4433 1369 4487 hac
1399 4431 1627 4504 formula
1647 4433 1811 4503 privi-

319 4447 338 4462 α
360 4447 642 4495 quoniam,
664 4447 770 4486 etc.
795 4447 1086 4486 Lacnartas
1106 4447 1177 4486 ra
1217 4448 1246 4486 a
1271 4447 1369 4487 nac
1399 4447 1468 4486 ιυι

266 4491 427 4563 legium
484 4501 774 4556 Bonifacio
824 4501 1093 4557 fundatori
1156 4447 1468 4558 ifonasterii

265 4571 497 4624 emicessit
532 4588 687 4626 anno
707 4573 927 4627 circiter
957 4572 1080 4626 750.

290 4702 297 4708 ,
324 4636 346 4672 δ
367 4636 642 4707 Quoniam,
672 4651 777 4695 etc.
814 4642 926 4696 Hae
969 4643 1220 4707 formula,
1254 4642 1498 4763 pluribus
1526 4643 1813 4711 interpola-

290 4718 340 4763 ις,
365 4722 483 4763 usus
518 4723 602 4763 est
651 4711 958 4763 Stenhanns
997 4712 1060 4763 ll.
1092 4728 1232 4763 anno
1295 4713 1383 4763 57.
1414 4728 1536 4763 cum
1578 4712 1809 4763 Fnlrado

272 4709 483 4782 nanetus
518 4723 602 4766 est
651 4711 958 4782 Stephanus
997 4712 1060 4777 ll,
1092 4728 1232 4766 anno
1256 4709 1383 4775 ⁷757,
1414 4728 1536 4766 cum
1578 4709 1809 4767 Fulrado

271 4773 438 4853 Abbati
456 4780 513 4834 S.
540 4773 783 4853 Dionysii
808 4773 1303 4850 diplomavmitteret
1327 4773 1395 4836 de
1426 4782 1675 4853 libertate
1700 4782 1810 4836 Mo-

274 4849 621 4921 nasteriornm,
646 4849 767 4922 qua:
787 4849 878 4908 vel
898 4853 1030 4922 ipse,
1059 4852 1141 4907 vel
1164 4867 1508 4908 successores
1532 4868 1627 4924 per
1642 4852 1810 4906 Fran-

273 4926 386 4968 ctant
408 4923 675 4977 condituri
708 4931 909 4979 essent.

329 4987 613 5063 °_1fompis.
655 4994 762 5048 Leo
790 4993 881 5057 lx,
922 4994 1206 5049 undecimo
1231 4993 1426 5048 saeculo
1459 4992 1681 5063 epistola
1724 4993 1808 5054 ll,

276 5053 651 5134 9d_Episctipum
679 5053 1076 5119 Salernitanum
1109 5082 1120 5117 :
1152 5082 1170 5114 ι
1200 5063 1257 5117 Si
1278 5065 1399 5134 quis
1420 5053 1599 5118 autem
1621 5053 1812 5118 contra

278 5124 408 5189 h“ius
432 5124 625 5205 nostra:
671 5135 1049 5205 praeceptionis
1098 5124 1442 5205 privilegium
1478 5149 1639 5203 agere
1671 5150 1811 5203 pra:-

277 5202 553 5275 suiupserit,
568 5202 686 5275 aut
701 5202 1155 5275 praesumentibus
1182 5202 1538 5266 consenserit,
1575 5205 1814 5275 attt_fau-g

281 5270 347 5340 tur
375 5271 629 5339 extiterit,
671 5270 801 5340 etc.,
851 5275 991 5329 sciat
1044 5290 1104 5328 se
1152 5276 1442 5329 autoritate
1495 5274 1637 5327 beati
1668 5273 1814 5327 Petri

281 5333 626 5415 Apostoloruni
650 5333 934 5415 Principis,
956 5346 1210 5402 caelorum
1240 5346 1387 5414 regni
1411 5345 1683 5413 clavigeri.
1727 5360 1819 5396 no-

282 5412 468 5485 §If9qtte
498 5412 854 5470 anathematis
881 5415 1093 5472 vinculo
1126 5412 1461 5478 innodatttnt,
1494 5412 1612 5477 etsi
1654 5428 1817 5483 regno

285 5471 357 5555 1)ῖί
378 5471 678 5555 alienatum,
709 5496 868 5554 atque
890 5471 1012 5541 cum
1050 5487 1292 5550 Diabolo,
1321 5494 1376 5539 et
1403 5471 1520 5553 ejus
1545 5471 1820 5538 atrocissi-

287 5553 1077 5629 “lisl’ompistransgressurum
1110 5558 1433 5611 Sanctorum
1478 5556 1694 5607 Patrum
1727 5571 1817 5609 ca-

288 5626 448 5696 nonica
476 5626 757 5681 traditione
788 5629 1122 5696 deputatum,
1155 5637 1259 5682 etc.
1294 5650 1310 5679 ι

290 5687 555 5771 “Ioannes
580 5696 713 5771 XIII,
764 5687 1190 5771 anteducetitos
1235 5712 1406 5771 annos
1440 5697 1491 5771 in
1539 5694 1818 5771 privilegio

290 5760 559 5820 LI'mastvrii
580 5760 949 5823 Tortiuticttsis
970 5784 1069 5837 pro
1086 5769 1299 5837 Pompis
1324 5760 1553 5835 Angelos“
1576 5760 1812 5820 dixerat:

650 5861 917 5920 PATROL.
954 5860 1077 5919 CV.

1832 3168 1878 3233 C

1905 1906 1985 1943 me
2025 1890 2298 1958 particeps
2331 1890 2467 1944 etlici
2497 1898 2795 1944 mereatur.

2651 2001 2736 2056 Ill.

2347 2091 2684 2163 Pririlegium
2713 2092 3041 2149 Monasterii.

1978 2206 2213 2261 Credita:
2269 2205 2657 2275 spccnlationis
2724 2205 3050 2278 impellimur
3109 2224 3259 2278 cura,
3322 2220 3485 2283 atque

1904 2299 2069 2353 etiam
2111 2298 2307 2352 ardore
2336 2299 2646 2353 christiana:
2691 2300 2986 2370 religionis,
3014 2308 3071 2355 et
3111 2303 3288 2358 studio
3314 2305 3482 2361 divini

1903 2397 2078 2442 ettttus
2098 2385 2472 2457 promovéndi,
2504 2404 2603 2457 pro
2635 2390 3023 2446 venerabilium
3050 2392 3291 2449 locorum
3318 2406 3483 2467 atque

1904 2475 2014 2530 Deo
2042 2478 2417 2540 servientium,
2455 2478 2695 2548 cogitare
2721 2479 3039 2546 stabilitate,
3072 2490 3135 2536 ut
3163 2481 3267 2539 hoc
3288 2501 3482 2555 prove-

1902 2569 2082 2623 niente
2098 2569 2188 2639 pio
2207 2569 2392 2624 labore
2414 2577 2470 2626 et
2495 2571 2689 2627 anima:
2712 2570 2929 2627 Christo
2962 2574 3174 2640 dicatae,
3203 2590 3324 2646 qua:
3345 2593 3403 2632 se
3428 2579 3483 2634 in

1905 2659 2011 2714 illis
2057 2661 2247 2715 diebus
2296 2660 2420 2715 vita:
2473 2676 2685 2726 earum,
2742 2664 3042 2720 serviturus
3101 2665 3485 2736 decreverunt,

1903 2759 2254 2822 perseverent
2300 2752 2738 2823 imperturbata,
2783 2753 2937 2824 121
2971 2769 3181 2811 necnon
3225 2756 3317 2813 illa
3359 2775 3478 2814 ma-

1906 2850 2069 2899 neant
2100 2841 2206 2897 line
2237 2852 2389 2897 tenus
2419 2842 2596 2908 ﬁrma,
2619 2858 2741 2913 quae
2763 2859 2794 2896 a
2824 2845 3136 2901 christianis
3165 2846 3222 2902 in
3247 2847 3343 2904 Dei
3364 2848 3478 2903 lan-

1903 2934 2026 2992 dem
2052 2944 2366 2997 constructa
2394 2944 2539 2991 sunt.

1976 3029 2113 3098 Quia
2138 3029 2304 3101 igitur
2334 3029 2722 3085 monasterium
2765 3032 2938 3086 sancti
2985 3031 3187 3088 Christi
3228 3034 3484 3105 martyris

1904 3126 1933 3167 ιι
1960 3123 2241 3196 Stephani,
2271 3123 2411 3193 quod
2458 3124 2601 3178 intra
2636 3123 2835 3178 atrium
2879 3123 3023 3179 beati
3047 3125 3295 3196 Apostoli
3330 3124 3484 3180 Pauli

1908 3216 2191 3272 fundatum
2217 3224 2320 3279 est,
2346 3216 2566 3270 omnino
2588 3223 2826 3281 constat,
2857 3216 2969 3286 jam
2998 3216 3181 3286 elapso
3214 3224 3481 3286 tempore,

1908 3307 2325 3378 congregatione
2350 3320 2631 3361 servorum
2667 3314 2761 3359 aut
2806 3305 3122 3361 ancillarum
3172 3306 3289 3372 Dei,
3317 3306 3487 3361 nuda-

1910 3409 2025 3454 tum
2053 3407 2108 3452 et
2133 3396 2430 3459 solitudini,
2475 3395 2622 3450 nullo
2660 3394 2958 3463 Praeposito
3010 3396 3064 3449 in
3096 3410 3163 3449 eo
3189 3403 3283 3450 aut
3302 3410 3489 3449 mona-

1911 3490 2030 3546 chis
2076 3485 2468 3549 habitantibus,
2501 3485 2796 3538 traditum:
2832 3485 3064 3554 permoti
3088 3484 3313 3553 proinde
3340 3499 3490 3540 com-

1910 3576 2165 3649 passione
2196 3572 2331 3628 tanti
2380 3570 2598 3643 piaculi,
2627 3586 2691 3627 ac
2716 3571 2979 3643 compulsi
3034 3572 3239 3637 dolore,
3271 3582 3487 3643 aposto-

1910 3667 2014 3721 lica
2062 3663 2354 3719 autoritate
2380 3702 2396 3727 ,
2450 3660 2787 3731 providimus
2841 3660 3174 3717 monasterio
3211 3662 3306 3716 tibi
3343 3677 3493 3717 com-

1911 3757 2078 3813 misso
2116 3756 2259 3811 idem
2307 3752 2693 3809 monasterium
2726 3751 2958 3819 sociare,
2993 3760 3259 3823 quatenus
3294 3769 3324 3807 a
3344 3769 3487 3825 prae-

1911 3847 2052 3904 senti
2075 3846 2154 3901 Ill.
2188 3845 2483 3901 indictione
2508 3853 2669 3913 atque
2693 3843 2747 3898 in
2771 3850 3116 3916 perpetuum,
3139 3858 3170 3898 a
3198 3852 3249 3898 te
3276 3846 3490 3917 tuisque

1910 3937 2334 4004 successoribus,
2374 3951 2497 3992 cum
2528 3935 2632 3992 sibi
2685 3936 2937 3990 omnibus
2971 3933 3394 4004 subjacentibus,
3433 3938 3487 3993 in

1913 4032 2124 4102 integro
2179 4029 2517 4100 di‘Sponatur,
2556 4036 2719 4097 atque
2746 4042 2870 4082 cum
2902 4027 2997 4083 Dei
3026 4030 3219 4084 timore
3246 4038 3488 4099 regatur,

1913 4134 1973 4178 ut
2012 4131 2196 4178 vestro
2230 4119 2580 4188 coniunctum
2605 4120 2867 4175 subsistat
2910 4122 3243 4177 monasterio
3274 4139 3287 4174 :
3321 4122 3393 4173 ita
3432 4128 3492 4173 ut

1910 4218 1966 4271 in
1999 4215 2191 4271 eodem
2213 4212 2512 4268 venerabili
2539 4211 2657 4266 loco
2679 4211 2907 4266 Domino
2958 4212 3068 4266 Deo
3091 4219 3279 4266 nostro
3308 4208 3492 4263 laudes

1912 4304 2190 4361 exsolvere
2224 4303 2486 4367 debeatis,
2536 4302 2736 4357 nullam
2759 4317 2855 4358 vos
2891 4302 3156 4356 rationem
3185 4299 3381 4355 exinde
3406 4299 3492 4355 vel

1916 4450 2067 4492 more
2105 4435 2400 4505 Scriptura:
2434 4451 2447 4487 :
2479 4432 2621 4505 Cumg
2646 4433 2864 4487 Diabolo
2894 4442 2942 4486 et
2975 4431 3185 4502 Angelis
3225 4432 3340 4501 ejus
3381 4450 3493 4503 per-

1526 4503 1810 4559 Fuldensis
1835 4503 1888 4563 D
1912 4518 2066 4578 petua
2105 4503 2344 4558 incendio
2376 4503 2733 4578 c‘remqndum.

1987 4576 2044 4630 Si
2082 4583 2358 4645 pateretur
2398 4573 2500 4645 hic
2528 4572 2675 4625 locus
2711 4571 3086 4645 reconditioris
3106 4570 3365 4645 doctrinm
3394 4572 3493 4645 ali-

1912 4648 2042 4717 quid
2072 4640 2431 4717 comminisci,
2452 4641 2723 4717 diceretur
2745 4641 2928 4717 forsan
2951 4640 3283 4717 emendanda
3306 4641 3487 4717 lectio,

1914 4709 2303 4788 lcgendmnqne
2330 4711 2606 4788 Po‘ntpq't's.
2637 4712 2775 4788 Sunt
2800 4709 3209 4788 enimnPomptei
3233 4710 3490 4788 deducto-

1915 4779 2004 4842 ι’οέ
2019 4779 2325 4839 animorum
2348 4782 2417 4837 ad
2445 4779 2663 4847 inferos,
2685 4779 2891 4851 fuitque
2909 4780 3036 4834 olim
3060 4789 3325 4851 πομπαῑθς
3349 4782 3488 4837 Mer-

1914 4858 2052 4912 curii
2091 4869 2389 4925 cognomen
2428 4852 2569 4921 apud
2616 4850 2937 4925 SophoCIem
2974 4852 3027 4905 in
3066 4850 3273 4925 Ajaee:
3305 4869 3490 4923 qnam-

1915 4941 2077 4996 quam
2109 4922 2330 4996 retineri
2348 4931 2525 4996 potest
2552 4938 2654 4996 vox
2683 4922 2916 4996 l’ontpis,
2946 4933 3006 4996 ut
3033 4923 3298 4996 signiticet
3330 4922 3491 4996 satel-

1913 4992 2058 5059 lites,
2108 5007 2163 5048 et
2200 5004 2258 5048 ut
2311 4992 2548 5063 loquitur
2596 4993 2897 5063 Scriptura,
2946 4992 3153 5048 Diaboli
3204 4993 3483 5064 Angelos:

1914 5083 2038 5121 nam
2062 5065 2275 5134 Pompa:
2305 5064 2535 5134 nomine,
2558 5064 2936 5117 intellexerunt
2968 5071 3198 5127 vetezes,
3235 5081 3337 5119 non
3369 5082 3491 5133 spe-

1913 5136 2123 5192 ctacula
2173 5133 2399 5197 tantum,
2447 5133 2542 5187 sed
2569 5143 2624 5187 et
2666 5134 2955 5203 stipatores
2985 5143 3149 5201 atque
3192 5143 3492 5203 gestatorcs

1914 5206 2291 5277 speetahilium
2346 5217 2528 5257 rerum
2572 5222 2584 5256 ;
2639 5208 2781 5257 unde
2830 5204 3022 5259 Cicero
3061 5203 3197 5257 dixit
3247 5205 3491 5256 lictorum

1914 5293 2177 5348 pontpqm.

1989 5337 2521 5439 u'Steliqhani.”Lco
2588 5343 2678 5439 HL,
2728 5344 2817 5439 (ιιιιὶ
2874 5351 3108 5439 creatus)
3138 5337 3493 5429 cstporrtifev

1918 5434 2047 5472 ann.
2109 5412 2232 5481 847,
2284 5416 2577 5483 collapsum
2634 5412 2691 5469 S.
2748 5415 3009 5482 Stephani
3072 5412 3493 5475 Protomartyris

1921 5488 2308 5557 monasterium
2349 5485 2649 5540 restituisse
2691 5486 2946 5557 scribitur
2974 5504 2986 5539 :
3018 5491 3356 5557 \‘Cl‘tltll'CUIll
3386 5492 3493 5557 litt):

1920 5561 2215 5612 nasterium
2251 5556 2376 5610 illud
2423 5557 2662 5611 vicinum
2713 5555 2944 5627 basilica:
2983 5546 3491 5627 _s_;:ncti._Laur.entti

1922 5631 2084 5683 fuisse
2115 5629 2362 5687 dicatur;
2394 5627 2536 5681 istud
2561 5640 2709 5686 vero,
2735 5625 2801 5675 de
2855 5638 2960 5689 quo
2983 5621 3071 5695 hic
3107 5621 3304 5695 agitur,
3351 5621 3490 5669 intra

1920 5702 2089 5753 sancti
2124 5699 2272 5750 Pauli
2308 5686 2520 5757 atrium,
2559 5707 2779 5747 necesse
2805 5686 2887 5743 est
2909 5700 2967 5741 ut
2999 5690 3069 5739 sit
3093 5686 3380 5739 diversum.

2950 5842 2990 5904 ῐι
