3990 6184
391 375 490 432 lO‘l

393 493 442 547 ei
463 479 879 562 pertinentibus,

399 578 685 637 autoritatc
727 568 1013 627 statuimus
1044 579 1056 612 :

401 675 607 730 riorum
661 656 1000 721 concinnatio
1042 645 1424 706 indifferenter,

401 755 834 836 procurantibus,
863 744 1142 802 efficiatur.

911 836 965 889 in
993 822 1332 884 exsolvendis
1371 819 1481 873 Deo
1509 805 1888 915 laudibusuvel
1910 803 1962 856 in

405 896 706 1001 luminariris
731 917 1114 988 concinnandis
1134 928 1284 970 mora
1313 903 1633 976 proveniat:
1663 898 1758 954 sed
1776 896 1967 950 devota

406 1030 716 1092 sinceritate
757 1027 1017 1091 peragere
1065 1005 1336 1064 festinate,
1396 1011 1457 1052 ac
1500 1009 1570 1050 ne
1600 1005 1698 1062 per
1741 987 1970 1041 incauta:

407 1072 713 1092 mnuum.--
760 1072 844 1091 τ--
893 1072 923 1086 ν

405 1119 623 1178 desidia:
645 1110 858 1181 culpam
887 1099 1077 1173 iudicii
1119 1109 1217 1150 vos
1251 1086 1418 1144 futuri
1443 1091 1621 1139 metus
1671 1072 1967 1132 concutiat,

407 1169 915 1284 politis—elaborare
941 1189 1172 1249 studete,
1220 1188 1280 1236 ut
1305 1177 1485 1234 divina
1518 1171 1761 1242 placetur
1793 1169 1972 1218 vestro

1120 1281 1131 1284 ’
1512 1283 1521 1284 ί
1595 1266 1615 1284 ι
1640 1278 1697 1284 ⁸-
1770 1255 1907 1284 aut“!
1945 1269 1972 1284 η

408 1255 601 1360 Iconatu
646 1290 954 1354 clementia,
990 1281 1267 1356 possitque
1312 1283 1532 1328 manere
1595 1266 1720 1360 hoc,
1767 1255 1910 1328 quod
1945 1269 1976 1308 a

411 1393 565 1450 nobis
598 1389 738 1460 iusta
792 1347 1193 1438 delibemtione
1231 1368 1508 1422 decretum
1535 1364 1638 1420 est,
1673 1350 1870 1406 futuris
1897 1347 1978 1400 in-

413 1456 666 1542 convulse
687 1471 1065 1546 perpetuisque
1090 1456 1438 1530 temporibus.

1015 1552 1372 1692 Priuiievqium.

492 1727 860 1806 Spiritualium
883 1690 1230 1792 praemiorum
1252 1701 1679 1764 munificentiam
1717 1690 1985 1765 religiosis

1103 555 1302 611 fabrica
1353 556 1528 604 autem
1583 557 1676 596 seu
1724 535 1956 592 lumina-

1473 635 1624 691 vobis
1651 633 1768 687 sine
1797 627 1958 683 dubio

1754 332 1952 389 LIBER
1991 323 2296 384 DIURNUS

909 473 1010 530 nisi
1049 469 1145 524 so“
1177 460 1318 526 nco,
1348 458 1573 517 solvere,
1628 452 1732 506 hac
1767 452 1952 501 nostra
1983 451 2030 508 Α
2061 433 2216 504 123
2246 428 2416 500 gloria
2446 425 2562 494 ejus
2598 419 2790 475 divina:
2843 409 3160 478 maiestatis,
3219 400 3623 458 venerabilibus

2486 525 2497 530 -
2580 510 2823 530 ,,,.,_|:_..-
2857 504 2989 530 Lux...
3045 501 3108 530 ηἶι
3151 492 3482 530 ηηιιιιηίοΙιῖιρ
3528 506 3623 530 nn.

2059 492 2392 580 noscertum
2421 492 2505 572 est
2537 510 2826 568 contulisse
2857 504 3012 566 locis,
3045 501 3115 556 sit
3151 492 3502 565 aceeptabile,
3528 506 3624 545 no-

2058 613 2248 682 bisque
2271 609 2338 664 ah
2366 605 2484 676 ejus
2502 597 2922 670 locupletissima
2952 605 3115 647 manu
3140 587 3298 658 digna
3320 581 3636 652 huiusmodi

2060 705 2134 774 pii
2169 699 2352 770 operis
2401 698 2457 750 in
2485 691 2711 749 sidereis
2743 685 3056 743 conferatur
3109 678 3326 732 arcibus
3378 687 3628 728 remune-

2065 793 2220 846 ratio.

3516 292 3616 344 108

2135 880 2300 950 Igitur
2328 875 2456 946 quia
2491 869 2726 944 petiistis
2748 883 2780 923 a
2815 863 2995 928 nobis,
3021 865 3288 930 quatenus
3333 854 3527 909 fundos
3549 853 3627 906 ΙΙΙ.

2069 944 2230 1040 atque
2281 944 2362 1020 ιιιζ
2413 963 2547 1019 sitos
2581 961 2638 1014 in
2678 957 2798 1012 loco
2829 953 2910 1008 ιιι.
2943 959 3050 1008 tua:
3086 945 3427 1018 religiositati
3453 944 3523 998 ad
3557 952 3634 996 te-

2073 1059 2328 1122 nendum,
2357 1055 2555 1112 emissa
2581 1047 2966 1122 praeceptione,
3013 1043 3070 1096 in
3099 1045 3418 1111 perpetuum
3445 1048 3635 1090 conce«

2073 1151 2200 1206 dere
2227 1149 2545 1204 deberemus
2572 1160 2585 1196 :
2620 1141 2693 1195 ita
2725 1152 2854 1193 sane
2889 1143 2949 1189 ut
2975 1147 3007 1188 a
3033 1129 3206 1194 vobis,
3231 1135 3336 1182 etc.

2146 1238 2454 1294 Statuentes
2491 1227 2783 1302 apostolica
2833 1237 3062 1280 censura
3094 1260 3108 1284 ,
3165 1217 3456 1272 antoritate
3495 1212 3642 1268 beati

2063 1327 2442 1401 apostolorum
2491 1317 2776 1392 principis,
2808 1314 2908 1371 sub
2963 1311 3130 1368 divini
3185 1305 3375 1376 jndicii
3408 1304 3646 1358 obtesta-

2081 1397 2226 1475 tione
2275 1426 2330 1472 et
2381 1409 2740 1468 anathematis
2795 1403 3100 1466 interdicto,
3160 1407 3219 1454 ut
3249 1397 3377 1452 nulli
3409 1408 3646 1464 unquam

2084 1521 2395 1567 nostrorum
2432 1512 2805 1560 successorum
2835 1492 3170 1566 pontificum,
3194 1488 3275 1542 vel
3306 1487 3394 1541 alii
3430 1483 3652 1540 cuilibet

2085 1615 2292 1671 magna:
2313 1606 2598 1667 parvaeque
2640 1601 2906 1660 persouaz,
2955 1583 3071 1652 ipsa
3121 1574 3508 1649 prtenominata
3535 1571 3653 1624 loca

2087 1709 2116 1746 a
2151 1661 2419 1762 potestate
2479 1661 2536 1738 et
2587 1679 2790 1733 ditione
2829 1673 2940 1742 jam
2977 1668 3188 1742 praefati
3218 1661 3535 1720 monasterii
3561 1675 3657 1712 au-

516 1749 524 1752 “
569 1749 860 1788 ll’lluallulu
925 1749 1679 1776 ramum-um..........---.-______
1722 1749 1770 1750 η
1821 1749 1850 1765 υ
2155 1749 2168 1762 _

421 1749 566 1880 vis:
583 1749 1080 1882 castamquepvitam
1101 1797 1436 1870 degentibus,
1457 1806 1582 1847 cum
1603 1787 1987 1854 mittitpraesu-
2017 1781 2062 1838 Β
2092 1780 2232 1836 ferre
2257 1777 2340 1832 γει
2369 1775 2607 1830 alienare
2649 1768 2722 1823 si;
2751 1765 2976 1828 licitum,
3005 1760 3098 1815 sed
3127 1757 3306 1830 potius
3352 1755 3406 1808 in
3436 1749 3654 1824 propri"

425 1869 554 1968 fa
766 1869 1030 1956 autoritas
1051 1891 1118 1946 ad
1151 1887 1344 1943 futurae
1365 1895 1588 1952 prorsus
1606 1869 1991 1932 vicissitudinis

426 1961 734 2060 eumnTuTn—
747 1989 1056 2066 proficiens,
1081 1977 1334 2036 laudabili
1363 1971 1563 2044 poterit
1584 1966 1725 2038 apud
1749 1961 1990 2018 omnium

427 2065 763 2151 conditorem
815 2077 1167 2141 mercimonio
1206 2081 1462 2142 teternam
1508 2065 1755 2120 obtinere
1790 2069 1996 2112 memo-

431 2189 584 2242 riam.
1545 2155 1551 2160 ’

509 2274 647 2328 llinc
685 2266 906 2341 proinde
935 2267 1140 2319 certam
1185 2255 1446 2311 habentes
1488 2239 1864 2304 sollicitudinis
1893 2244 2000 2292 tute

433 2365 698 2436 religiosa:
745 2353 1127 2414 constantiam,
1176 2345 1280 2416 piis
1328 2353 1540 2409 semper
1590 2333 1788 2390 studiis
1835 2329 2003 2383 inlue-

1274 2433 1285 2436 ι
1525 2425 1560 2436 --
1641 2423 1673 2436 -.
1794 2415 1998 2436 κωρμ.-

439 2415 628 2517 rantis,
665 2457 722 2506 et
743 2445 932 2508 sobria
984 2415 1399 2496 conversatione
1455 2423 1729 2497 pollentis,
1779 2415 2004 2490 praefata

441 2506 764 2599 tegetibus
817 2534 934 2588 loca
989 2529 1068 2584 ιιι.
1105 2526 1388 2579 beatorum
1437 2516 1516 2572 ιιι.
1557 2513 1730 2584 posita
1781 2510 1836 2564 in
1888 2506 2004 2560 loco

442 2635 517 2689 111.
547 2629 716 2686 nimia
767 2632 1009 2696 egestate
1055 2614 1212 2671 obrui
1261 2617 1497 2680 reperta,
1550 2603 2007 2675 praedecessorum

443 2723 651 2780 incuria
680 2760 695 2781 ,
737 2688 834 2772 tibi
886 2727 984 2784 per
1039 2707 1198 2777 hujus
1261 2709 1459 2756 nostrze
1489 2688 1864 2766 praeceptionis
1917 2701 2011 2756 pa-

443 2815 620 2887 ginam
668 2804 918 2864 omnibus
953 2799 1140 2854 diebus
1189 2791 1312 2847 vitat
1361 2797 1484 2850 tum,
1533 2783 1602 2838 ad
1633 2777 1923 2851 regendum
1949 2786 2010 2827 ac

444 2869 861 2973 dispensandum
883 2886 1297 2948 committimus,
1329 2887 1434 2934 tum
1457 2869 1792 2945 religiositati
1815 2875 1870 2923 et
1891 2879 2016 2921 suc-

449 2978 759 3051 cessoribus
815 2987 921 3041 tuis
973 2983 1027 3036 in
1059 2983 1382 3051 perpetuum
1439 2970 1703 3026 donantes
1743 2966 2014 3017 monaste-

453 3086 592 3140 rium
619 3081 695 3134 ιιι.
732 3079 894 3134 situm
925 3074 979 3127 in
1023 3069 1140 3125 loco
1169 3065 1249 3120 111.
1303 3077 1423 3118 cum
1450 3073 1558 3128 quo
1593 3055 1796 3128 pariter
1829 3065 2018 3108 conso-

2092 1887 2189 1927 sno
2215 1867 2530 1924 consistant.

2165 1962 2357 2028 Siqua
2407 1964 2584 2008 autem
2621 1945 2910 2004 temerario
2959 1957 3096 1998 ausu
3147 1951 3312 2011 parva
3359 1947 3663 2006 magnaque

2096 2069 2324 2128 persona
2349 2059 2539 2106 contra
2573 2047 2678 2101 hoc
2724 2048 2972 2097 nostrum
3001 2033 3352 2108 apostolicum
3388 2031 3664 2086 decretum

2099 2157 2256 2216 agere
2293 2134 2718 2212 prmsumpserit,
2771 2130 2910 2185 sciat
2931 2141 3006 2183 se
3054 2121 3412 2180 anathematis
3456 2115 3668 2170 vinculo

2101 2251 2222 2292 esse
2273 2231 2607 2292 innodatam,
2657 2235 2764 2280 eta
2814 2235 2980 2293 regno
3026 2217 3122 2272 Dei
3175 2215 3426 2274 alienam,
3465 2217 3667 2264 etcum

2101 2329 2352 2386 omnibus
2401 2322 2580 2393 impiis
2606 2327 2810 2374 aeterno
2872 2313 3114 2370 incendic
3143 2318 3199 2365 et
3247 2304 3512 2376 supplicio
3539 2317 3668 2356 con-

2106 2425 2412 2478 demnatam
2443 2435 2456 2470 :
2489 2423 2546 2470 at
2587 2425 2719 2466 vero
2748 2409 2840 2479 qui
2865 2407 3184 2463 observator
3230 2395 3504 2454 exstiterit
3533 2407 3670 2464 prm-

2107 2513 2268 2583 cepti,
2339 2507 2565 2580 gratiam
2645 2509 2809 2572 atque
2883 2493 3332 2555 misericordiam,
3401 2489 3676 2556 vitamque

2109 2613 2364 2658 aeternam
2399 2613 2431 2652 a
2473 2589 2980 2651 misericordissimo
3027 2584 3139 2639 Deo
3188 2588 3375 2638 nostro
3419 2575 3677 2644 consequi

2112 2695 2404 2760 mereatur.

2861 2745 2946 2800 Vl.

2731 2838 3084 2909 Privifegium.

2190 2956 2211 2980 η
2232 2937 2493 2996 Convenit
2509 2932 2804 3006 apostolico
2825 2925 3172 2984 moderamini
3199 2923 3284 2994 pia
3307 2919 3564 2990 religione
3587 2931 3683 2986 po-

2121 3031 2393 3088 scentibus
2444 3025 2702 3084 benevola
2742 3018 3112 3090 compassione
3145 3026 3480 3072 succurrere,
3507 3017 3560 3063 et
3587 3022 3686 3077 po-

453 3103 592 3140 l'tttm
621 3103 695 3134 Illo
732 3103 894 3134 suum
927 3103 979 3127 Ill
1023 3103 1140 3125 ιυιιυ
1173 3103 1249 3120 luo
1303 3103 1423 3118 νυη-
1451 3103 1554 3128 ιιι-ν
1596 3103 1785 3128 ι.------
1836 3103 1975 3108 *νννη

451 3176 662 3230 ciantes
703 3168 753 3223 ei
777 3175 834 3222 et
881 3163 1026 3219 dicto
1051 3158 1130 3213 111.
1165 3155 1258 3225 qui
1292 3151 1509 3223 ponitur
1537 3149 1590 3201 in
1638 3146 1758 3200 loco
1783 3141 1862 3197 111.
1897 3155 2016 3195 cum
2046 3154 2089 3215 ρ
2122 3123 2387 3180 sccntium
2425 3119 2620 3174 animis
2642 3113 2808 3169 alacri
2854 3109 3138 3166 devotione
3190 3103 3452 3176 impertiri
3503 3115 3689 3154 assen-

2324 3223 2447 3230 -ακςρ
2479 3207 2614 3230 -..ἓ-.-
2643 3202 2980 3230 -Αιιηηῑηη-ηη
3011 3197 3286 3230 unm-mium
3334 3191 3470 3230 επὶηῆ
3509 3187 3689 3230 nnmli-

451 3263 702 3320 omnibus
750 3256 817 3312 ad
841 3253 1031 3310 eadem
1074 3243 1404 3303 venerabilia
1455 3239 1574 3295 loca
1629 3231 2022 3307 pertinentibus

454 3355 678 3414 urbanis
712 3352 798 3406 vel
827 3345 1048 3403 rusticis
1093 3339 1312 3413 prtediis
1352 3337 1406 3390 in
1434 3335 1744 3403 integrum:
1782 3342 1844 3382 ea
1873 3340 2024 3395 pror-

454 3461 546 3502 sus
577 3442 806 3502 ratione,
839 3442 898 3490 nt
920 3412 1160 3493 omnem,
1188 3441 1293 3498 qua
1328 3423 1570 3493 indigent
1587 3416 1835 3490 prmfata,
1869 3412 2028 3468 fabri-

456 3550 576 3591 cam
605 3545 668 3586 ac
705 3523 1178 3584 restaurationem,
1240 3529 1334 3572 seu
1360 3510 1773 3568 luminat-iurum
1811 3504 2030 3561 concin—

457 3625 755 3686 nationem,
785 3617 932 3674 omni
950 3613 1188 3684 seposito
1211 3607 1476 3678 neglectu,
1504 3602 1769 3673 perficere
1791 3596 2030 3660 studeas,

461 3728 516 3773 ut
547 3719 664 3771 hzec
705 3711 994 3783 perficiens
1045 3704 1196 3760 nullo
1243 3697 1404 3754 modo
1429 3713 1460 3750 a
1486 3693 1740 3764 quopiam
1771 3689 1920 3758 cjicl,
1941 3697 2035 3742 aut

465 3810 688 3867 alienari
719 3805 952 3862 dubites.
989 3801 1104 3854 lmo
1131 3795 1309 3865 magis
1332 3791 1575 3848 omnium
1604 3784 1919 3841 earumdem
1945 3795 2037 3835 ve-

469 3900 791 3956 nerabilium
839 3896 1105 3958 locorum,
1139 3898 1198 3942 ut
1243 3884 1525 3957 praefatum
1551 3887 1654 3944 est,
1693 3882 2038 3948 augmentum

471 4004 525 4050 et
549 3991 950 4063 compendium,
997 3985 1260 4041 fabricam
1309 3993 1374 4034 ac
1405 3975 1836 4033 meliorationem
1881 3967 2041 4040 perfl-

473 4099 598 4140 eere
620 4082 855 4144 studeas,
883 4079 984 4134 sub
1011 4076 1206 4130 divina:
1253 4065 1630 4128 retributionis
1667 4063 1884 4118 intuitu.
1935 4057 2044 4112 Nos

474 4182 652 4228 autem
681 4169 933 4227 omnibus
956 4166 1178 4222 omnino
1233 4161 1526 4218 indicimus
1567 4153 1770 4210 nostris
1810 4149 2044 4223 posteris

475 4281 538 4321 ac
567 4259 979 4319 successoribus
1010 4253 1170 4324 hujus
1211 4253 1316 4324 pia:
1364 4245 1732 4320 dispositionis
1761 4254 2046 4298 censuram

477 4360 583 4413 fine
615 4365 771 4412 tenus
807 4350 1118 4407 inviolatam
1145 4359 1388 4400 servare.

1077 4503 1435 4574 Privifegium.

552 4607 686 4664 Cum
720 4617 911 4674 magna
947 4599 1104 4655 nobis
1153 4591 1513 4651 sollicitudine
1541 4588 1757 4642 insistat
1789 4597 1918 4639 cura
1950 4596 2050 4652 pro

481 4697 750 4756 universis
799 4691 1054 4748 Ecclesiis
1076 4703 1140 4742 ac
1186 4685 1291 4757 piis
1340 4681 1472 4736 locis
1519 4674 1801 4748 vigilandi,
1851 4687 1918 4727 ne
1954 4671 2054 4726 ali-

487 4801 651 4858 quam
706 4780 1050 4838 necessitatis
1069 4775 1339 4844 iacturam
1378 4768 1700 4829 sustineant,
1750 4761 1844 4816 sed
1886 4760 2056 4831 magis

491 4851 710 4946 propria
735 4869 986 4925 utilitatis
1015 4863 1281 4935 stipendia
1321 4865 1720 4926 consequantur
1746 4870 1761 4906 :
1793 4851 1910 4906 ideo
1933 4865 2059 4906 con-

498 4941 646 5023 venit
665 4976 764 5018 nos
779 4959 1034 5032 pastorali
1063 4964 1171 5011 tota
1193 4950 1391 5007 mentis
1412 4947 1720 5016 integritate
1745 4941 2056 4998 eorumdem

495 5029 881 5112 venerabilium
917 5049 1152 5104 locorum
1195 5041 1446 5097 maxima:
1476 5033 1788 5092 stabilitatis
1839 5029 2061 5102 integri-

497 5155 665 5202 tatem
689 5152 1001 5214 proeurare,
1045 5143 1100 5190 ct
1130 5130 1314 5189 sedule
1342 5141 1530 5184 eorum
1560 5123 1853 5179 utilitatum
1885 5117 2063 5175 subsi-

496 5239 582 5296 dia
621 5209 910 5294 conferre:
940 5241 1000 5285 ut
1050 5230 1158 5284 Deo
1202 5231 1389 5280 nostro
1425 5215 1802 5288 omnipotenti,
1842 5212 1894 5266 id
1921 5209 2065 5280 quod

500 5347 596 5406 pro
621 5328 739 5401 ejus
766 5320 1158 5382 sanctimoniis,
1190 5318 1392 5370 honore
1429 5311 1593 5367 etiam
1628 5317 1683 5362 et
1711 5304 1869 5360 laude
1906 5311 2066 5370 atque

575 5482 600 5510 α
659 5462 944 5523 Convenit,
1014 5467 1117 5511 etc.
1193 5453 1464 5522 Agapetus
1510 5443 1773 5523 lluhujus
1829 5434 2069 5523 formabo

504 5504 794 5594 exordium.
825 5504 1290 5598 usurpavitucn‘m
1311 5504 1458 5574 'a'nn.
1508 5513 1611 5598 91:9
1645 5504 1914 5581 A'ymardo
1942 5504 2068 5582 Cht—

503 5573 974 5662 ιίἷὲἑέἒιέἒᾌιιῖίιιι¹
1008 5573 1343 5664 privilegium
1383 5573 1709 5664 concederet
1727 5597 1741 5664 ξ
1791 5573 2071 5656 usurpavit

510 5643 671 5728 etiam
699 5643 930 5726 laoannes
949 5643 1084 5730 ιιιῗι,
1114 5643 1597 5730 cut'r’rlierengario
1617 5645 1934 5730 \[irdun'ensi
1967 5643 2076 5712 epi-

515 5758 674 5812 διιορο
701 5739 962 5796 scriberet
987 5716 1600 5792 devvntonasteriofquod
1643 5720 1780 5774 idem
1807 5716 2073 5780 Bereuga-

2074 4493 2126 4552 1)

2123 3231 2239 3271 sum
2275 3231 2291 3268 :
2323 3207 2618 3266 tunecnim
2643 3202 2982 3275 potissimum
3011 3197 3288 3269 prmmium
3333 3191 3472 3263 apud
3509 3187 3692 3243 condi-

2125 3313 2295 3359 torem
2321 3298 2560 3356 omnium
2586 3292 2864 3365 reponitur
2889 3288 3082 3353 Deum,
3122 3283 3337 3354 quando
3363 3277 3693 3336 venerabilia

2126 3398 2239 3450 loca
2273 3398 2571 3462 opportune
2617 3384 2864 3440 ordinata
2897 3377 3056 3450 124
3100 3376 3166 3432 ad
3192 3373 3468 3430 meliorem
3496 3368 3699 3424 fuerint

2129 3484 2249 3537 sine
2277 3479 2440 3534 dubio
2465 3482 2664 3532 statum
2699 3470 2982 3542 perducta.

2200 3572 2366 3640 Igitur
2415 3566 2542 3635 quia
2598 3555 3098 3638 petiistisanobis,
3151 3560 3420 3622 quatenus
3474 3546 3700 3600 fundum

2133 3661 2209 3714 Ill.
2239 3671 2344 3712 etc.

2207 3752 2519 3806 Statucrttes
2541 3744 2683 3801 beati
2723 3741 2871 3796 Petri
2917 3737 3178 3809 principis
3206 3731 3572 3804 apostolorum
3603 3743 3701 3780 au-

2139 3843 2378 3903 toritate,
2404 3836 2556 3906 cujus
2591 3849 2692 3890 nos
2737 3831 2839 3888 etsi
2869 3832 3101 3900 impares
3145 3823 3370 3888 meritis,
3402 3818 3578 3876 divina
3617 3825 3705 3870 ta-

2140 3951 2261 3992 men
2289 3931 2461 4005 gratia
2511 3927 2856 3998 suffragante,
2889 3922 3036 3976 vices
3072 3917 3328 3990 gerimus,
3359 3912 3458 3968 sub
3485 3909 3712 3964 anathe-

2142 4001 2316 4085 matis.
2358 4021 2735 4079 interdictione
2781 4023 2836 4071 et
2885 4013 3052 4068 divini
3083 4008 3269 4082 judicii
3316 4001 3706 4062 obtestatione,

2143 4124 2258 4178 hate
2298 4133 2416 4190 qua:
2439 4133 2469 4170 a
2493 4113 2647 4169 nobis
2682 4087 3070 4180 compasiionis
3097 4101 3256 4157 modo
3301 4099 3513 4154 decreta
3559 4099 3712 4153 sunt,

2144 4209 2450 4282 quempiam
2479 4205 2532 4257 in
2557 4214 2828 4272 quoquam
2857 4193 3178 4257 convellere,
3207 4187 3301 4246 sed
3335 4185 3518 4258 potius
3551 4180 3713 4236 firma

2147 4301 2436 4358 stabilitate
2463 4289 2775 4350 ineonvulsa
2811 4284 3089 4358 perpetuis
3137 4291 3458 4351 permanere
3508 4282 3717 4342 tempo-

2149 4395 2300 4448 ribus
2326 4385 2630 4443 definimus.

2879 4469 2986 4525 Vll.

2756 4558 3112 4628 Privifegium.

2224 4663 2398 4718 Tanto
2435 4657 2558 4729 plus
2589 4649 2968 4710 ecclesiastica:
3013 4660 3101 4700 res
3153 4638 3483 4714 protensiori
3540 4637 3722 4690 incre-

2157 4766 2339 4813 mento
2361 4751 2670 4826 proficiunt,
2705 4752 2969 4816 quantum
3016 4755 3080 4795 ex
3107 4737 3222 4799 eis;
3246 4732 3428 4787 studio
3478 4725 3724 4798 pietatis,

2158 4815 2438 4918 egentibus
2487 4838 2690 4910 aliquid
2720 4815 2907 4898 fuerit,
2950 4829 3034 4885 vel
3078 4825 3294 4883 Christo
3339 4815 3726 4876 servientibus,

2161 4948 2254 4993 aut
2307 4934 2442 4990 locis
2492 4925 2892 4985 venerati-ilibus
2935 4916 3350 4978 commodatum.
3402 4907 3554 4964 Unde
3581 4903 3731 4959 enim

2162 5027 2390 5089 credita,
2409 5021 2704 5076 miserante
2729 5017 2860 5078 Deo,
2899 5009 3254 5078 suscepimus,
3287 4999 3488 5071 optima
3516 4993 3734 5060 dispen-

2164 5115 2374 5172 satione
2395 5112 2513 5183 ejns
2545 5107 2796 5180 potentite
2821 5100 3032 5160 restitui
3065 5113 3170 5153 non
3215 5092 3543 5149 dubitamus,
3568 5091 3738 5149 atque

2168 5222 2264 5263 nos
2318 5204 2590 5264 fiduciam,
2668 5198 2734 5253 de
2789 5193 3080 5250 obtinendo
3115 5185 3335 5260 prmmio
3386 5180 3594 5239 futuro,
3654 5182 3738 5226 te-

2169 5311 2377 5352 nemus.

2173 5430 2286 5482 rius
2313 5427 2368 5479 in
2396 5438 2492 5478 suo
2517 5417 2788 5492 episcopio
2831 5415 3236 5492 construxerat,
3289 5395 3585 5492 privilegiis
3610 5406 3741 5492 ap:-

2176 5459 2286 5482 ιιυδ
2315 5459 2368 5479 III
2397 5459 2492 5478 auv
2517 5459 2539 5476 ι
2589 5459 2697 5473 ιουν
2715 5459 2787 5471 ιιν
2834 5459 3005 5470 ...νη-ι--
3022 5459 3142 5464 νη---
3160 5459 3205 5461 v,

2173 5497 2379 5552 stolicis
2435 5459 2841 5547 contirmatltdo:
2880 5479 3159 5552 usurpavit
3206 5459 3437 5552 denique
3484 5459 3594 5552 Leo
3644 5459 3738 5522 IX,

2173 5582 2292 5622 cum
2341 5578 2480 5618 anno
2520 5560 2653 5615 1049
2703 5535 3296 5627 llugoni‘Clbniacensi
3346 5535 3742 5596 immunitatem

2177 5636 2482 5708 largiretur.
