3990 6184
181 2718 194 2757 t

342 294 437 350 l09
1176 290 1615 347 ROMANORUM
1656 282 2094 345 PONTIFICUM.
2135 279 2381 336 —-CAP.
2412 283 2514 338 VII.

3488 271 3591 326 llO

399 412 567 485 Igitur
601 410 730 480 quia
783 400 1015 478 petiistis
1061 418 1091 459 a
1140 407 1320 471 nobis,
1372 412 1642 475 quatenus
1680 402 1903 457 fundum
1932 403 1983 463 Α
2009 398 2156 452 tibus
2176 395 2262 451 vel
2286 394 2553 451 universis
2590 393 2693 450 sibi
2722 391 3137 485 pertinentibus,
3166 382 3479 485 apostolicae

336 506 408 561 lii.
435 514 539 559 etc.

404 595 714 651 Statucntes
750 600 1077 663 quapropter
1109 592 1399 664 apostolica
1440 592 1750 653 autoritate,
1804 589 1906 645 sub

340 686 766 742 interminatione
792 683 959 739 futuri
996 682 1206 753 judicii,
1234 683 1366 738 nulli
1394 683 1561 739 licere
1593 690 1904 738 nostrorum

335 792 727 841 successorum,
753 776 838 832 vel
871 776 962 831 alii
987 775 1233 843 cuilibet,
1281 777 1399 830 bare
1421 790 1543 847 qua:
1567 790 1597 829 a
1624 774 1784 830 nobis
1814 774 1903 830 in-

336 868 568 923 tentione
605 867 822 922 decreta
855 873 982 920 sunt
1002 866 1117 935 pia,
1167 865 1223 919 in
1247 880 1523 936 quoquam
1572 861 1900 930 cenvellere,

334 960 508 1030 potius
550 957 707 1012 ﬁrma
756 955 1052 1011 stabilitate
1086 954 1401 1010 incenvulsa
1460 970 1702 1021 manere,
1741 964 1905 1025 atque

333 1051 431 1106 sub
462 1050 826 1106 anathematis
875 1046 1090 1104 vinculo
1125 1048 1403 1119 perpetuis
1435 1048 1772 1119 temporibus
1805 1049 1902 1103 ob-

332 1142 592 1197 servanda
620 1140 925 1196 definimus.

1080 1227 1214 1285 VIII.

932 1320 1294 1391 Privilegium.

399 1410 587 1465 Divina
609 1426 709 1465 nos
755 1425 820 1465 ac
850 1409 1207 1466 saluberrima
1267 1419 1557 1481 praecepta,
1601 1418 1657 1467 et
1681 1421 1900 1469 sancto-

322 1517 451 1557 rum
482 1501 763 1557 Canonum
796 1518 862 1558 ac
909 1502 1300 1559 venerabilium
1354 1503 1577 1559 Palmm
1626 1506 1905 1562 instruunt

318 1592 617 1649 cﬂicaciter
667 1593 1015 1659 documenta,
1075 1595 1317 1650 omnium
1366 1594 1725 1652 ecclesiarum
1779 1595 1901 1660 Dei,

318 1683 414 1751 pio
440 1682 886 1738 considerationis
933 1683 1153 1750 intuitu,
1183 1685 1295 1741 imo
1331 1694 1387 1741 ct
1411 1686 1694 1757 apostolici
1721 1687 1901 1743 mode-

1956 545 1966 556 ,
2010 489 2095 543 dis
2130 488 2429 558 privilegiis
2465 485 2759 557 poposcitis
2803 482 3127 540 continuare
3151 479 3462 543 detinenda,
3490 478 3593 532 sic-

2008 580 2088 633 uti
2134 578 2364 634 inferius
2407 578 2670 649 ascripta,
2735 576 2926 633 eadem
2968 575 3085 630 loca
3132 580 3294 643 atque
3337 582 3591 642 agrorum

2005 672 2208 741 praedia
2245 670 2525 727 continere
2566 676 2921 734 monstratur,
2948 666 3176 729 scilicet,
3202 670 3311 720 etc.

2752 758 2821 814 Χ.

2604 848 2970 921 Privilegium.

2077 943 2345 1000 Convenit
2363 941 2667 1013 apostolico
2697 942 3083 1007 moderamini,
3114 941 3202 1011 pia
3225 940 3480 1012 religione
3500 953 3591 1010 po.

2007 1037 2318 1103 seentibus,
2352 1035 2616 1092 benevola
2642 1036 3025 1106 compassione
3056 1048 3401 1100 succurrere,
3424 1042 3481 1088 et
3505 1046 3590 1102 po-

2006 1129 2272 1184 scentium
2315 1127 2514 1182 animis
2558 1125 2726 1181 alacri
2777 1125 3065 1181 devotione
3099 1124 3379 1195 impertire
3406 1137 3589 1178 essen.

2007 1233 2168 1273 sum:
2224 1233 2291 1273 ex
2323 1218 2428 1273 hoc
2476 1216 2623 1272 enim
2660 1215 2801 1271 lucri
2836 1215 3189 1286 potissimum
3239 1217 3523 1286 praemium
3562 1231 3592 1268 a

2005 1309 2287 1365 conditore
2315 1309 2558 1364 omnium
2608 1307 2718 1363 Deo
2742 1305 2936 1380 procul
2970 1306 3136 1363 dubio
3185 1322 3592 1377 promcremur,

2007 1402 2134 1456 dum
2172 1403 2501 1459 venerabilia
2534 1403 2653 1459 loca
2686 1411 2991 1474 opportune
3023 1401 3272 1458 ordinata
3310 1400 3378 1455 ad
3406 1400 3590 1454 melio-

2004 1505 2121 1546 rem
2153 1492 2359 1547 fuerint
2381 1493 2500 1548 sine
2528 1492 2694 1548 dubio
2721 1501 2923 1548 statum
2948 1491 3234 1561 perducta.

2077 1580 2251 1651 igitur
2296 1582 2425 1653 quia
2476 1582 2683 1651 petiisti
2710 1597 2741 1636 a
2772 1582 2953 1647 nobis,
3005 1589 3277 1653 quatenus
3310 1590 3588 1637 monaste-

2008 1675 2149 1729 rium
2204 1674 2392 1731 Sancti
2441 1675 2520 1730 lll.
2573 1676 2813 1747 positum
2843 1674 3042 1731 inloco
3072 1675 3154 1731 lll.
3194 1673 3339 1745 juris
3382 1686 3584 1732 sanctis

318 1772 552 1826 raminis
614 1772 832 1839 annisu,
886 1773 1184 1829 utilitatum
1216 1753 1683 1840 commoditatem,
1738 1786 1897 1846 atque

2009 1764 2287 1832 Romanae,
2331 1766 2421 1820 cui
2449 1806 2466 1831 ,
2506 1765 2617 1820 Deo
2650 1773 2862 1829 autore,
2926 1764 3268 1821 deservimus
3311 1763 3587 1825 Ecclesize,

313 1860 605 1917 {ig-mimis
653 1862 917 1932 perﬁcere
970 1864 1128 1935 125
1182 1864 1574 1936 integritatem,
1639 1875 1907 1936 quatenus
2006 1856 2107 1912 tibi
2136 1856 2203 1910 ad
2226 1858 2540 1927 regendum,
2566 1874 2629 1914 ac
2649 1875 2773 1915 cum
2800 1857 2899 1913 Dei
2926 1857 3122 1913 timore
3141 1856 3587 1929 dispensandum,

307 1960 619 2020 procurata
642 1967 829 2007 earum
852 1954 1150 2008 utilitatum
1173 1955 1414 2009 subsidia
1440 1955 1702 2021 existunt,
1727 1957 1909 2011 incon-
2008 1949 2207 2004 emissa
2246 1951 2630 2022 praeceptione.
2681 1952 2983 2007 concedere
3034 1950 3359 2006 deberemus
3387 1969 3401 2004 ε
3436 1950 3588 2006 ίῐιοιί·

305 2055 489 2094 cussa
515 2050 893 2110 permaneant,
922 2050 1084 2112 atque
1120 2058 1368 2113 personae
1408 2044 1596 2099 divino
1624 2045 1791 2099 cultui
1822 2046 1911 2100 de-
2010 2041 2124 2094 nali
2155 2042 2409 2110 precibus
2432 2043 2561 2108 luis,
2591 2057 2687 2112 per
2704 2041 2873 2111 huius
2902 2041 3158 2112 praecepti
3182 2041 3400 2105 seriem,
3425 2056 3588 2110 supra

303 2133 526 2186 dicata:
556 2132 610 2186 in
636 2132 884 2189 laudibus
920 2135 1016 2189 Dei
1062 2136 1366 2191 diutissime
1413 2138 1788 2208 persolvendis
1817 2156 1910 2194 va-

304 2223 473 2278 leant
498 2222 787 2292 proiicere.

379 2312 530 2368 Nam
591 2312 836 2384 profecto
891 2315 1037 2371 inter
1087 2325 1286 2372 cmtcra
1336 2317 1626 2387 pastoralis
1650 2335 1902 2391 congruae

303 2404 655 2475 operationis
699 2406 1022 2473 certamina,
1049 2422 1171 2477 quae
1219 2408 1597 2465 indeﬁcienter
1622 2414 1902 2470 studemus

306 2511 638 2565 procurare,
689 2497 794 2552 hoc
828 2497 1017 2567 procul
1053 2499 1217 2553 dubio
1246 2502 1536 2557 commissa
1593 2502 1900 2562 sollicitudo

309 2601 421 2642 nos
452 2595 732 2657 provocat,
756 2588 846 2657 pia
871 2589 1325 2657 consideratione,
1349 2594 1582 2660 sancire,
1614 2604 1673 2649 ut
1694 2596 1899 2651 nullam

311 2670 633 2748 indigentia:
664 2680 924 2750 inopiam,
973 2696 1308 2753 quaecunque
1353 2684 1603 2752 ecclesia,
1642 2689 1894 2766 qumﬁb

206 2815 213 2848 ἒ
309 2769 616 2840 episcopali
678 2770 937 2840 regimine
994 2772 1290 2827 constituta
1344 2783 1450 2841 est,
1511 2781 1898 2848 quoquomodo

203 2834 213 2887 τ
308 2834 532 2931 perpeti
566 2834 777 2916 debeat.
816 2862 883 2917 Et
914 2863 1033 2919 ideo
1072 2864 1153 2921 fas
1187 2868 1355 2939 exigit
1394 2834 1771 2940 mquanimiter
1798 2890 1901 2930 nos

315 2950 749 3020 uniuscujusque
776 2952 1019 3009 ecclesia:
1043 2956 1340 3028 privilegia,
1368 2960 1599 3031 juraque
1619 2966 1900 3033 parochia-

318 3058 462 3104 rnm,
512 3056 579 3097 ac
616 3041 945 3107 diteccscon,
1000 3055 1054 3101 et
1087 3053 1540 3108 monasteriorum
1598 3058 1895 3126 apostolica

933 3106 939 3107 ί
1601 3106 1895 3126 arm---“

314 3148 555 3187 censura
604 3135 949 3205 promulgare
996 3139 1341 3207 possidenda,
1373 3152 1435 3199 ut
1463 3160 1529 3200 ex
1558 3146 1662 3202 hoc
1692 3156 1747 3204 et
1774 3165 1898 3204 san—
1924 3106 1970 3168 Ο

314 3234 536 3280 ciorum
583 3225 863 3281 Canonum
909 3228 1153 3285 instituta
1184 3232 1384 3288 illibata
1419 3247 1796 3305 permaneant,
1844 3250 1901 3296 et

316 3319 473 3373 nobis
514 3317 654 3373 lucri
694 3319 1033 3387 potissimum
1083 3323 1369 3391 praemium
1393 3339 1424 3378 a
1447 3328 1731 3383 mnditore
1779 3344 1898 3383 om-

319 3407 463 3461 nium
497 3406 613 3461 Deo
640 3407 964 3462 conferatur.

382 3499 580 3570 Igitur,
611 3509 719 3554 etc.

1109 3593 1195 3648 IX.

937 3682 1295 3755 Privilegium.

384 3767 527 3824 Cum
550 3769 660 3839 piae
707 3769 1034 3824 desiderium
1062 3771 1379 3838 voluntatis,
1434 3780 1490 3830 et
1536 3775 1803 3832 laudanda
1830 3780 1898 3835 de

319 3860 472 3918 bonis
497 3862 729 3916 intentio
755 3862 1064 3931 apostolicis
1083 3864 1154 3918 sit
1179 3878 1394 3935 semper
1418 3866 1614 3921 studiis
1637 3867 1897 3937 adjuvan-

319 3952 405 4016 «ιιι,
434 3969 573 4009 cura
600 3961 685 4008 est
710 3953 1089 4010 sollicitudinis
1134 3956 1460 4023 adhibenda,
1487 3966 1549 4012 ut
1577 3974 1641 4014 ea
1673 3974 1794 4029 quae
1822 3960 1897 4015 le-

321 4045 518 4109 galitcr
563 4055 846 4115 geruntur,
886 4052 942 4099 et
980 4045 1251 4115 aequitatis
1303 4046 1493 4103 forma:
1545 4051 1892 4114 conveniunt,

320 4136 459 4190 nulla
486 4136 705 4190 valeant
728 4134 1089 4207 refragatione
1111 4138 1444 4205 perturbari,
1486 4140 1581 4194 sed
1604 4138 1896 4212 irrefraga—

320 4223 407 4279 bili
451 4224 605 4294 jure,
657 4226 766 4279 Deo
816 4233 1039 4288 autore,
1087 4224 1318 4280 debeant
1344 4241 1708 4296 permanere:
1742 4237 1796 4284 et
1825 4232 1895 4285 ob

318 4318 416 4374 hoc
472 4317 789 4388 apostolicis
836 4317 1191 4387 promulgatis
1239 4318 1627 4383 sanctionibus,
1675 4323 1892 4392 propria

2009 2130 2272 2201 scriptum
2305 2134 2697 2189 monasterium
2728 2134 3001 2204 integrum
3032 2148 3155 2187 cum
3179 2132 3434 2187 omnibus
3460 2148 3587 2202 per-

2010 2210 2327 2291 liuentibus,
2356 2241 2385 2279 a
2409 2226 2662 2296 praesenti
2710 2223 2791 2279 Ill.
2825 2223 3141 2290 indictione,
3176 2231 3234 2279 et
3254 2223 3444 2288 donec,
3479 2222 3591 2277 Deo

1997 2312 2245 2381 jubente,
2296 2315 2590 2381 advixeris,
2624 2315 2721 2370 tibi
2749 2313 3120 2379 concedimus,
3157 2328 3282 2369 cum
3310 2312 3403 2368 Dci
3435 2314 3588 2368 timo-

2005 2420 2063 2459 re
2094 2405 2391 2476 regendum
2442 2413 2605 2476 atque
2664 2405 3130 2476 dispensandum:
3187 2417 3253 2459 ea
3304 2403 3588 2457 dumtaxat

2005 2495 2238 2560 ratione,
2264 2504 2324 2549 ut
2359 2510 2548 2551 servos
2577 2495 2673 2552 Dei
2703 2496 3022 2561 monachos,
3051 2496 3143 2567 qui
3176 2496 3230 2550 in
3254 2495 3445 2550 eodem
3477 2510 3588 2548 mo-

2005 2586 2247 2641 nasterio
2271 2595 2419 2651 sunt,
2450 2586 2538 2641 vel
2563 2602 2699 2657 quos
2726 2590 3027 2659 aggregare
3048 2585 3322 2657 potueris,
3359 2586 3461 2641 sub
3496 2600 3587 2640 ca-

2004 2678 2189 2734 stitate
2215 2688 2270 2735 et
2322 2680 2613 2747 modestia,
2663 2681 2764 2736 sub
2814 2680 3048 2751 regulari
3078 2688 3243 2752 atque
3270 2679 3585 2735 monachica

2002 2768 2307 2839 disciplina,
2334 2779 2394 2825 ut
2437 2771 2848 2841 paterfamilias,
2887 2771 3072 2827 foveas
3107 2780 3162 2827 ct
3184 2772 3477 2843 gubernes,
3509 2773 3585 2825 ita

2001 2870 2061 2915 ut
2095 2862 2426 2934 quotidianis
2457 2863 2645 2919 diebus
2676 2878 2741 2920 ac
2778 2864 3031 2919 noctibus
3053 2863 3211 2935 juges
3260 2863 3372 2918 Deo
3394 2861 3583 2916 laudes

2001 2964 2200 3008 canere
2230 2952 2502 3008 debeant:
2542 2962 2598 3009 et
2630 2961 2692 3009 ut
2746 2954 3161 3009 luminariorum
3212 2952 3586 3009 concinnatic-

2002 3058 2127 3098 nem
2175 3050 2339 3114 atque
2388 3045 2841 3100 restaurationem
2880 3060 3095 3100 omnem
3125 3045 3245 3101 sine
3283 3059 3432 3099 mora
3459 3059 3585 3114 pro-

2003 3149 2181 3192 cures.
2229 3134 2372 3190 Loca
2405 3136 2574 3191 etiam
2621 3136 2938 3190 monasterii
2998 3136 3208 3190 urbana
3238 3133 3320 3189 vel
3352 3133 3578 3197 rustica,

2003 3225 2048 3279 si
2076 3224 2303 3279 forsitan
2329 3226 2398 3279 ab
2432 3225 2703 3295 aliquibus
2754 3225 2933 3281 ablata
2962 3224 3047 3280 vel
3082 3239 3336 3295 perversa
3386 3237 3584 3294 cogno-

2003 3316 2173 3381 veris,
2201 3317 2320 3370 bmc
2346 3327 2440 3370 tuo
2484 3317 2664 3371 studio
2702 3318 2811 3386 juri
2851 3319 3008 3389 127
3042 3317 3372 3373 venerabilis
3395 3332 3583 3372 mona-

2005 3404 2157 3459 sterii
2187 3404 2435 3458 elabores
2478 3406 2770 3461 reducere:
2805 3418 2867 3461 ut
2898 3408 3055 3476 juxta
3092 3407 3236 3477 quod
3275 3421 3306 3460 a
3342 3406 3499 3461 nobis
3526 3421 3587 3462 es

2005 3495 2311 3560 institutus,
2339 3494 2394 3548 in
2448 3495 2706 3551 omnibus
2761 3506 2815 3551 et
2843 3511 2972 3568 erga
3002 3509 3214 3562 omnes,
3267 3493 3585 3551 sollicitudio

2003 3601 2128 3642 nem
2163 3585 2237 3656 pii
2283 3586 2447 3641 studii
2486 3600 2702 3657 gerens,
2734 3588 2910 3659 possis
2935 3602 2965 3643 a
2994 3586 3105 3641 Deo
3159 3587 3465 3643 mercedem
3492 3603 3582 3643 su-

2001 3676 2231 3746 scipere,
2259 3684 2422 3746 atque
2452 3676 2506 3731 id
2529 3678 2673 3747 quod
2702 3694 2733 3734 a
2759 3678 2913 3735 nobis
2935 3680 3209 3735 decretum
3235 3687 3336 3741 est,
3368 3681 3579 3737 cunctis

2001 3768 2191 3824 diebus
2219 3768 2343 3822 vitae
2380 3776 2486 3824 tua:
2556 3769 2875 3826 inconcussa
2922 3769 3179 3826 firmitate
3231 3769 3413 3827 valeat
3445 3773 3571 3829 sub-

2000 3861 2215 3916 sistere.

2748 3953 2841 4010 XI.

2596 4043 2961 4116 Privilegium.

2069 4132 2297 4204 Semper
2319 4134 2586 4205 religiosis
2613 4145 2931 4207 castamque
2972 4137 3139 4191 vitam
3173 4137 3484 4200 viventibus
3508 4141 3579 4195 li-

1996 4226 2190 4281 benter
2225 4226 2279 4280 in
2326 4228 2433 4293 bis,
2466 4243 2587 4297 qua:
2631 4229 2929 4298 postulant,
2959 4232 3292 4286 annuimus:
3351 4234 3581 4306 ideoque

2000 4324 2212 4386 petente
2238 4325 2291 4371 te
2318 4333 2347 4371 a
2382 4319 2559 4384 nobis,
2596 4334 2721 4373 cum
2760 4328 2849 4375 tua
2901 4323 3340 4392 congregatione,
3381 4340 3572 4381 mona-

316 4410 633 4478 unicuique,
664 4423 784 4479 quae
807 4415 1116 4477 suppetunt,
1158 4408 1385 4463 rationis
1429 4406 1511 4464 fas
1540 4411 1726 4480 exigit,
1758 4426 1886 4481 pos—
1923 4450 1974 4508 D
2002 4406 2225 4459 sterium
2258 4406 2402 4460 beati
2435 4406 2515 4459 Ill.
2541 4405 2684 4473 juris
2709 4416 2910 4463 sancta:
2946 4416 3150 4463 nostra:
3180 4410 3433 4469 Ecclesia:
3450 4432 3577 4471 con-

316 4500 539 4554 sidenda
563 4498 877 4554 confirmari
902 4510 951 4553 α.

382 4587 451 4641 Et
479 4587 624 4649 ideo,
654 4587 911 4657 quoniam
947 4594 1180 4653 constat,
1222 4587 1599 4642 excellentiam
1652 4598 1891 4644 vestram

317 4678 548 4745 plurima
578 4679 907 4733 monasteria
939 4687 1048 4732 tam
1093 4679 1491 4743 construxisse,
1518 4694 1681 4747 quam
1709 4683 1894 4750 acqui-

315 4769 526 4831 sivisse,
560 4778 616 4823 et
651 4779 846 4826 cuncta
894 4773 948 4825 in
974 4772 1179 4827 honore
1208 4778 1264 4826 et
1287 4771 1505 4827 nomine
1534 4771 1759 4828 fautoris
1799 4789 1895 4828 ve-

315 4859 412 4911 stri
442 4859 594 4913 beati
617 4857 764 4914 Petri
791 4861 1137 4915 constituisse
1180 4860 1432 4916 dedicare
1459 4878 1472 4914 :
1505 4862 1701 4931 quibus
1725 4871 1780 4917 et
1809 4863 1892 4917 di-

316 4962 474 5003 versa
501 4964 757 5020 agromm
806 4951 1006 5020 prmdia
1040 4965 1106 5006 ac
1134 4952 1528 5020 possessiones,
1561 4962 1618 5007 et
1662 4952 1895 5008 famulo-

317 5053 434 5092 rum
467 5039 869 5096 multitudinem
899 5041 1158 5097 videmini
1187 5042 1482 5098 contulisse
1506 5061 1521 5098 :
1568 5058 1689 5113 quae
1711 5044 1895 5098 omnia

314 5129 412 5181 sub
465 5136 571 5184 tum
619 5131 952 5187 excellentiae
1005 5132 1230 5198 ditioue,
1261 5132 1345 5186 vel
1379 5131 1626 5204 conjugis
1678 5143 1782 5189 tua:
1811 5134 1891 5188 lll.

314 5221 518 5286 regina:
546 5229 603 5275 et
629 5230 877 5276 natorum
922 5231 1226 5278 vestrorum
1252 5223 1597 5295 genealogize,
1628 5224 1680 5277 in
1705 5240 1896 5294 perpe-

314 5318 468 5364 tuum
497 5312 688 5367 eadem
738 5314 1068 5370 monasteria
1118 5322 1175 5369 et
1198 5322 1451 5386 agrorum
1502 5316 1890 5384 possessiones,

310 5416 434 5457 cum
475 5406 639 5476 123
665 5408 919 5462 omnibus
947 5407 1301 5479 originalibus
1326 5407 1545 5463 famulis
1568 5424 1633 5463 ac
1676 5425 1896 5466 manen-

386 5570 416 5600 ι
453 5558 734 5633 Paschalis
766 5559 788 5613 I
822 5559 889 5613 ad
920 5559 1305 5633 Petronacium
1362 5560 1731 5617 Ravennatem
1779 5566 1893 5633 epi-

313 5641 542 5701 scopum
569 5630 742 5684 utitur
780 5638 892 5683 toto
919 5631 1020 5684 boc
1048 5633 1269 5689 exordio
1303 5634 1371 5685 ad
1396 5647 1459 5685 ea
1506 5647 1675 5701 usque
1703 5630 1888 5697 verba,

310 5710 357 5751 ct
397 5699 541 5759 ideo,
581 5701 828 5765 quoniam
850 5711 1056 5754 ronstat
1085 5716 1102 5753 .·
1136 5703 1230 5756 sed
1257 5717 1415 5755 voces
1444 5703 1496 5755 in
1524 5699 1888 5759 Conciliornm

2001 4498 2244 4552 stitutum
2277 4499 2330 4552 in
2363 4498 2464 4553 bac
2490 4498 2732 4553 Romana
2758 4501 2997 4566 civitate,
3033 4503 3254 4573 regione
3280 4504 3358 4558 Ill.
3388 4517 3575 4577 quate-

2003 4605 2103 4644 nus
2140 4588 2337 4643 ibidcm
2392 4598 2821 4657 commaneutes,
2852 4601 2907 4645 et
2937 4591 3141 4661 jugiter
3182 4595 3285 4664 piis
3321 4598 3577 4666 operibus

2003 4688 2277 4742 vacantes,
2308 4681 2546 4748 quotidie
2568 4681 2678 4735 Deo
2704 4680 2890 4739 laudes
2918 4686 3210 4745 decantare
3238 4692 3499 4750 debeatis.

2071 4771 2150 4827 Ob
2181 4774 2304 4838 hoc,
2344 4787 2443 4843 per
2477 4772 2635 4843 bujus
2683 4785 2883 4833 nostra:
2932 4784 3309 4853 praeceptionis
3353 4790 3573 4855 seriem,

2006 4864 2098 4917 tibi
2145 4870 2356 4933 tuaeque
2405 4867 2808 4937 congregationi
2840 4870 3016 4940 ipsum
3065 4877 3453 4932 monasterium
3485 4897 3574 4951 pe—
3610 4922 3615 4933 .

1998 4955 2242 5009 rennitcr
2266 4959 2657 5023 concessimus,
2680 4959 2930 5015 videlicet
2950 4971 3010 5016 ut
3037 4978 3312 5036 nunquam
3338 4977 3390 5021 te
3416 4969 3575 5023 liccat

1999 5054 2254 5115 tuamque
2305 5049 2777 5119 congregationem
2828 5054 3026 5108 exinde
3063 5057 3267 5128 egredi,
3302 5064 3398 5115 sed
3432 5078 3573 5116 seni-

1997 5154 2095 5208 per
2127 5139 2325 5193 ibidem
2382 5140 2686 5197 inhabitare
2714 5161 2727 5196 ε
2762 5144 2909 5214 quia,
2938 5153 3000 5200 ut
3037 5148 3241 5204 dictum
3287 5159 3391 5215 est,
3421 5167 3449 5205 a
3478 5168 3576 5206 no-

1998 5231 2081 5285 bis
2108 5232 2326 5301 pietatis
2361 5233 2554 5288 intuitu
2592 5238 3047 5306 eompatientibus
3096 5252 3293 5298 vestra:
3342 5244 3576 5311 pcregri-

1996 5323 2223 5387 nationi,
2276 5323 2450 5393 ipsum
2479 5327 2868 5382 monasterium
2904 5330 3058 5387 vobis
3092 5341 3178 5385 est
3222 5345 3564 5384 concessum.

2067 5411 2174 5467 Sed
2204 5412 2344 5467 sicut
2385 5413 2677 5470 statuimus
2721 5431 2818 5471 vos
2844 5420 3043 5475 exinde
3096 5420 3321 5474 minime
3363 5419 3569 5486 egredi,

1995 5563 2326 5648 generalium
2351 5571 2501 5648 torno
2528 5564 2638 5629 νη,
2668 5582 2789 5637 pag.
2823 5568 2985 5648 i502,
3017 5568 3091 5648 ita
3139 5562 3398 5646 mutilatre
3420 5576 3570 5630 sunt,

1997 5638 2180 5703 itaque
2213 5645 2484 5704 corrupta:
2531 5651 2594 5687 ac
2631 5638 2978 5703 perturbula‘.
3033 5644 3090 5687 ut
3123 5638 3270 5687 omni
3300 5651 3458 5692 sensu
3485 5655 3567 5693 ca-

1996 5712 2149 5760 reant
2174 5722 2188 5768 ',
2224 5706 2348 5758 binc
2373 5716 2552 5758 tamen
2584 5707 2859 5757 eincnlari
2889 5714 3131 5771 possunt.
