3990 6184
417 282 507 339 lll

1749 257 1943 312 LIBER
1984 255 2284 311 DlURNUS

3559 249 3658 303 ΗΞ

417 398 490 449 ita
548 394 840 449 firnnuuus,
907 396 1065 455 atque
1131 380 1487 436 decernimus,
1520 372 1721 427 nullum
1779 371 1980 423 habere
2013 374 2055 431 Α
2085 367 2402 421 obedientia:
2442 365 2581 419 linea
2618 365 2752 418 bene
2796 364 3093 418 servientes
3136 361 3424 416 exhibeant
3456 370 3660 433 tempo-

421 489 484 541 de
507 485 708 541 nostris
749 476 1149 537 successoribus
1178 470 1468 531 licentiam,
1504 480 1598 519 vos
1623 463 1819 517 exinde
1845 461 1981 529 deji-

422 574 597 628 ciendi
625 590 639 638 ;
674 571 768 626 sed
794 582 1005 636 semper
1058 577 1176 616 esse
1226 555 1636 618 monasterium,
1667 553 1718 605 in
1744 566 1851 620 quo
1882 552 1985 604 Do-

424 666 568 719 mino
614 668 800 715 nostro
846 656 972 710 Iesu
998 651 1211 707 Christo
1260 645 1481 700 humani
1523 641 1739 712 generis
1774 640 1983 693 redem-

422 755 560 825 ptori
588 752 771 807 laudes
799 748 1083 802 decantare
1141 740 1391 795 omnibus
1422 736 1611 791 diebus
1636 730 1985 801 congregatio

423 856 597 902 vestra
625 846 834 900 debeat.

474 940 530 993 In
553 952 656 1005 qua
702 929 1077 1002 praeceptionis
1105 932 1303 979 nostra:
1332 922 1541 990 piasque
1588 918 1784 972 mentis
1807 916 1986 986 dispo-

423 1030 614 1082 sitione
649 1018 1175 1087 subterscripsimus,
1212 1021 1267 1068 et
1294 1011 1387 1065 tibi
1416 1007 1641 1079 proinde
1678 1014 1840 1075 atque
1884 1015 1987 1060 tua:

421 1111 821 1186 congregationi
846 1124 947 1180 pro
994 1115 1197 1161 aeterno
1236 1100 1535 1157 munimine
1559 1107 1740 1153 vestro
1768 1095 1989 1150 tradidi-

424 1224 561 1261 lllllS.

584 1362 919 1431 Privilegium
950 1355 1251 1411 monasterii
1298 1357 1350 1405 in
1396 1350 1501 1403 alia
1537 1348 1819 1418 provincia.

496 1478 554 1531 Si
590 1488 804 1544 semper
849 1479 975 1526 sunt
1023 1463 1387 1527 concedenda,
1412 1476 1532 1531 quae
1559 1460 1665 1529 piis
1703 1457 1989 1513 desideriis

424 1575 748 1639 congruunt,
798 1569 999 1633 quanto
1033 1560 1210 1630 potius
1240 1572 1303 1611 ea
1351 1570 1470 1625 quae
1495 1569 1592 1624 pro
1619 1553 1785 1607 divini
1815 1551 1991 1606 cultus

426 1656 779 1729 praerogativa
812 1658 1132 1723 poscuntur,
1169 1660 1275 1699 non
1300 1651 1426 1699 sunt
1470 1642 1617 1697 omni
1644 1641 1802 1697 modo
1835 1641 1992 1695 abne-

2089 458 2240 521 ralia,
2282 465 2338 511 et
2374 457 2441 510 ad
2468 455 2661 526 gaudia
2688 455 2918 510 emlestis
2949 454 3139 523 patriae
3180 455 3496 523 perveniant
3521 469 3656 510 sent-

2084 549 2311 617 piterna.
2344 548 2407 601 Et
2434 547 2547 601 hate
2576 544 2815 614 quidem,
2848 562 2967 615 qua:
2995 546 3062 598 ad
3090 544 3502 599 sollicitudinem
3542 561 3663 614 per—

2087 640 2279 702 tinent,
2310 638 2511 693 dixisse
2539 634 2790 690 sufﬁciat.

2153 728 2293 781 Anta
2335 727 2515 781 omnia
2558 741 2688 780 vero
2731 724 3105 794 Redemptoris
3148 724 3316 779 nostri
3348 725 3659 779 misericor-

2085 822 2226 875 diam
2250 861 2263 883 ,
2303 822 2390 875 cui
2423 820 2827 891 ingemiseimus
2855 820 3279 889 redemptionem
3306 828 3548 875 nostram
3573 836 3665 874 ex-

2086 918 2368 978 pectantes
2397 950 2411 974 ,
2470 910 2685 965 enixius
2731 925 2855 964 cum
2908 910 3232 981 singultibus
3282 917 3337 965 et
3378 911 3667 979 gemititus

2086 1007 2467 1066 expectemus,
2519 1007 2579 1052 ut
2624 1014 2687 1053 ea
2737 1014 2856 1068 qutr
2894 999 3068 1066 pietas
3118 998 3360 1068 flagitat,
3405 999 3667 1070 fragilitas

2089 1086 2335 1139 humana:
2385 1086 2713 1140 conditionis
2766 1084 3095 1140 sufﬁcienter
3141 1096 3303 1155 atque
3339 1088 3670 1143 confidenter

2089 1178 2155 1230 de
2180 1177 2259 1231 sui
2292 1177 2497 1231 autoris
2527 1177 2933 1248 suffragatione,
2976 1178 3281 1247 adimpleat.

2294 1359 2620 1429 Prmccptum
2649 1359 2712 1412 de
2748 1289 3079 1412 cotigdendo
3112 1358 3470 1414 Xenodochio.

2161 1482 2186 1509 α
2213 1469 2515 1524 Petentium
2542 1467 2821 1523 desideriis
2862 1469 2934 1521 ita
2970 1483 3069 1523 nos
3097 1469 3348 1524 convenit
3395 1469 3671 1539 impertire

2092 1581 2392 1631 assensum,
2439 1573 2498 1619 ut
2525 1573 2705 1619 tamen
2740 1564 3090 1633 sequentibus
3118 1564 3470 1634 temporibus,
3510 1565 3672 1619 nullis

2092 1661 2467 1716 Ecelesiastiea
2490 1660 2693 1714 utilitas
2720 1659 2895 1712 valeat
2914 1658 3154 1713 submitti
3180 1658 3479 1728 dispendiis
3502 1676 3516 1711 :
3548 1674 3673 1712 nam

426 1724 618 1820 ganda,
653 1754 713 1799 ut
760 1757 880 1814 quae.
930 1746 1057 1795 sunt
1084 1734 1488 1805 alargitoribus
1546 1747 1652 1786 non
1700 1730 1870 1785 solum
1897 1744 1992 1799 po-

2109 1769 2227 1807 .unc
2248 1753 2540 1822 petitorum
2581 1750 2875 1822 postulatio
2924 1764 3219 1819 congruum
3261 1724 3475 1803 videtur
3505 1749 3676 1803 susei-

426 1839 644 1902 scenda,
683 1835 776 1891 sed
813 1832 975 1887 etiam
1015 1831 1067 1885 vi
1101 1825 1389 1882 eharitatis
1448 1822 1633 1894 procul
1666 1822 1830 1876 dubio
1879 1821 1993 1875 exi-

427 1927 619 1995 genda.

501 2015 647 2068 Petis
668 2028 767 2068 nos
793 2010 978 2081 igitur,
994 2016 1049 2061 ut
1072 2006 1399 2060 monasterio
1418 2003 1494 2056 lll.
1515 2002 1687 2057 sancti
1701 2001 1779 2054 lll.
1806 2000 1859 2054 in
1880 1999 1998 2052 loco

426 2107 502 2160 Ill.
527 2104 846 2165 constituto,
869 2101 922 2154 in
951 2114 1057 2168 quo
1076 2109 1312 2166 prmesse
1331 2092 1685 2164 dignosceris,
1713 2088 1996 2158 privilegia

426 2197 568 2252 sedis
603 2192 925 2265 Apostolieae
975 2188 1270 2258 largiamur
1298 2204 1311 2239 :
1344 2193 1611 2255 quatenus
1655 2182 1754 2235 sub
1776 2178 1996 2247 jurisdi-

426 2289 603 2342 ctione
631 2291 833 2341 sanctze
863 2290 1082 2345 nostras,
1110 2280 1219 2344 cui,
1267 2278 1377 2331 Deo
1421 2283 1630 2338 autore,
1664 2270 1999 2326 deservimus

431 2379 699 2441 Ecclesiae,
733 2374 1105 2437 constitutum,
1157 2369 1355 2424 nullius
1409 2367 1650 2422 ecclesia:
1673 2363 2001 2433 jurisdietio—

431 2473 587 2527 nibus
618 2469 988 2525 submittatur.

500 2562 603 2615 Pro
630 2575 734 2630 qua
765 2574 823 2612 re
852 2556 957 2627 piis
989 2555 1131 2609 votis
1174 2552 1414 2607 faventes
1459 2551 1561 2605 hac
1608 2557 1791 2603 nostra
1847 2554 1999 2599 auto-

432 2656 612 2718 ritate,
645 2652 697 2706 id
724 2650 866 2720 quod
895 2666 923 2703 a
955 2656 1047 2702 tua
1103 2645 1365 2714 religione
1408 2640 1743 2712 exposcitur,
1782 2636 1998 2692 effectui

433 2744 843 2813 mancipamus:
900 2749 956 2794 et
991 2739 1109 2793 ideo
1166 2749 1382 2790 omnem
1427 2729 1710 2809 cujuslibet
1756 2727 1999 2783 ecclesiae

432 2835 769 2890 sacerdotem
824 2832 879 2885 in
906 2828 1187 2900 praefatum
1227 2823 1616 2879 monasterium
1661 2817 1999 2889 jurisdictio—

433 2942 554 2982 nem
606 2924 937 2994 quamlibet,
995 2921 1405 2975 autoritatemve
1454 2914 1788 2977 extendere,
1836 2920 1998 2979 atque

432 3034 527 3071 sua
574 3015 889 3077 autoritate,
931 3012 1032 3066 nisi
1074 3027 1106 3065 a
1152 3008 1444 3078 Praaposito
1482 3003 1797 3060 monasterii
1836 3002 1998 3057 fuerit

433 3108 710 3170 imitatus,
744 3100 1029 3160 missarum
1076 3100 1473 3156 solemnitatem
1502 3095 1797 3161 celebrare,
1826 3094 1997 3149 omni-

434 3197 593 3251 modo
619 3195 945 3250 inhibemus.

499 3285 655 3341 Curae
707 3299 839 3356 ergo
896 3293 999 3339 tute
1043 3284 1136 3348 sit,
1187 3280 1501 3338 monasterii
1551 3280 1768 3343 fratres,
1821 3278 1875 3333 in
1898 3291 2005 3348 quo

431 3391 623 3445 przees,
678 3375 915 3445 egregiis
967 3376 1209 3429 moribus
1256 3389 1321 3428 ac
1373 3373 1484 3426 vita
1543 3368 2004 3440 irreprehensihili

430 3481 716 3532 exornare,
748 3475 808 3519 ut
832 3465 1072 3521 cbaritas
1098 3474 1211 3528 tua,
1242 3478 1377 3532 quos
1403 3461 1663 3530 subjectis
1689 3457 2005 3529 apostolicis

431 3558 727 3628 privilegiis
788 3556 981 3610 maluit
1030 3556 1353 3609 inconcusse
1392 3551 1673 3613 dotandos,
1712 3549 2003 3612 desideret,

432 3656 525 3700 aut
561 3648 739 3715 potius
791 3645 1030 3709 anhelet,
1066 3641 1363 3697 inviolabili
1425 3640 1666 3694 cmlestis
1720 3638 2006 3692 afﬂuentia:

435 3752 679 3800 munere,
714 3735 923 3789 diurnis
973 3741 1173 3788 sancta:
1228 3732 1527 3800 disciplinze
1556 3730 1807 3799 precibus
1842 3731 2004 3785 deco-

438 3829 654 3883 randos.

506 3919 590 3974 Sit
612 3917 853 3988 profecto
898 3917 1199 3973 communis
1228 3925 1283 3971 et
1312 3916 1528 3971 sincera
1555 3916 1687 3978 vita,
1720 3916 1793 3970 sit
1820 3916 2004 3971 sobria

436 4008 827 4063 communionis
852 4007 1159 4072 sinceritas,
1185 4016 1247 4061 ut
1269 4005 1466 4075 quibus
1497 4003 1727 4059 mundus
1750 4012 1835 4059 est
1863 4019 2006 4058 mor-

439 4108 558 4154 tuus
584 4114 648 4153 ac
702 4097 966 4168 sepultus,
1027 4112 1124 4167 per
1151 4094 1419 4151 incentiva
1472 4093 1837 4149 contentionis
1874 4093 2005 4161 vitia

437 4191 656 4245 minime
696 4189 989 4245 suscitetur
1020 4207 1033 4242 :
1067 4187 1196 4258 quia
1251 4186 1523 4259 incassum
1569 4185 1692 4253 quis
1724 4192 1780 4239 et
1804 4182 2005 4237 frustra

436 4283 680 4338 laborare
700 4281 1063 4353 cognoscitur,
1093 4280 1138 4335 si
1182 4278 1453 4350 superbiae
1480 4277 1740 4331 vitiorum
1779 4273 2005 4329 auetrici

434 4374 571 4430 colla
609 4373 926 4429 submittere
973 4372 1257 4428 sentiatur.
1316 4370 1401 4425 Sit
1437 4369 1653 4425 excelsa
1691 4369 1744 4423 in
1775 4368 1883 4423 Deo
1907 4367 2006 4421 hu-

437 4466 656 4529 militas,
684 4465 808 4534 quia
845 4479 942 4534 per
965 4463 1104 4519 hanc
1131 4462 1288 4518 electi
1323 4476 1504 4515 arcem
1555 4459 1854 4515 cretestium
1885 4472 2004 4512 mu-

435 4573 625 4612 nerum
659 4556 1027 4628 possidebunt.

504 4649 589 4703 Sit
616 4649 780 4719 igitur
803 4656 927 4703 ante
953 4647 1140 4704 oculos
1165 4646 1365 4701 mentis
1394 4650 1450 4698 et
1493 4641 1736 4711 corporis
1760 4638 2004 4695 traditio-

440 4756 567 4795 num
598 4738 781 4808 regula
822 4747 1192 4807 paternarum,
1233 4744 1293 4790 ut
1331 4733 1703 4802 unusquisque
1747 4729 2007 4785 Praelatus

442 4832 676 4896 noverit,
715 4832 947 4901 qualiter
982 4830 1143 4900 129
1179 4830 1375 4885 debeat
1411 4830 1682 4898 imperare
1728 4826 2003 4895 subjectis,

442 4940 510 4980 ne
537 4923 664 4978 dum
699 4937 916 4992 aspera,
968 4930 1023 4975 et
1050 4935 1155 4974 non
1181 4918 1471 4988 unicuique
1519 4918 1673 4973 fratri
1704 4918 2003 4988 aptissima,

443 5014 693 5070 videntur
716 5012 942 5082 imponi,
974 5024 1143 5080 usque
1170 5010 1239 5065 ad
1261 5016 1625 5079 contemptum
1652 5015 2008 5079 prorumpant

440 5106 505 5162 de
531 5104 848 5175 imperantis
871 5100 1253 5158 indiscretione
1275 5099 1523 5170 subjecti.

508 5195 593 5252 Sit
618 5194 801 5265 itaque
827 5192 1106 5248 moderata
1124 5190 1404 5253 vivacitas,
1418 5189 1491 5244 sit
1512 5190 1893 5245 sollicitudinis
1918 5204 2006 5243 su-

434 5288 774 5357 pereminens
802 5284 855 5339 in
885 5284 1143 5339 fratribus
1178 5282 1471 5337 Strenuitas
1493 5322 1508 5347 ,
1549 5292 1610 5336 ut
1644 5282 1770 5338 dum
1801 5282 2009 5352 regula-

436 5382 570 5435 riter
596 5392 808 5443 omnes,
846 5377 938 5446 qui
963 5392 1024 5434 se
1052 5375 1162 5431 Deo
1200 5375 1543 5444 integerrime
1572 5371 1879 5437 conferunt,
1909 5388 2007 5440 pro

507 5551 533 5578 ι
566 5538 876 5599 Petentium,
901 5543 1006 5590 etc.
1038 5536 1169 5589 Tota
1206 5534 1320 5588 hare
1354 5530 1684 5602 prmfatioad
1709 5530 1808 5584 ista
1840 5545 2006 5597 usque

440 5606 620 5675 verba,
656 5606 827 5673 Igitur
867 5608 989 5675 quia
1015 5605 1227 5675 petiisti,
1270 5599 1462 5675 legith
1488 5599 1868 5675 in_diplomate,
1901 5616 2006 5668 quo

441 5669 744 5743 Stephanus
784 5676 841 5727 ll
879 5669 1113 5729 Fulrado
1158 5669 1350 5728 Abbati
1393 5669 1663 5739 llospitale
1692 5677 1745 5723 et
1790 5669 2003 5723 domum

2097 1859 2223 1913 pere
2260 1842 2540 1905 efl‘retum,
2589 1841 2804 1910 quando
2841 1839 3168 1893 venerabilia
3206 1838 3323 1893 loca
3373 1846 3674 1909 opportune

2096 1933 2366 1996 ordinata,
2396 1931 2462 1985 ad
2487 1930 2761 1985 meliorem
2790 1928 2986 1982 fuerint
3012 1929 3129 1982 sine
3153 1927 3315 1981 dubio
3336 1935 3534 1981 statum
3556 1941 3678 1995 pcr-

2099 2024 2278 2079 ducta.

2167 2116 2336 2186 Igitur
2383 2113 2510 2182 quia
2546 2111 2747 2182 petiisti
2793 2124 2823 2163 a
2869 2110 3056 2169 nobis,
3117 2116 3386 2176 quatenus
3431 2106 3679 2163 Xenodo-

2099 2206 2298 2271 chium,
2336 2202 2477 2273 quod
2505 2201 2803 2271 appellatur
2829 2200 2909 2253 Ill.
2963 2198 3311 2253 constitutum
3343 2198 3395 2251 in
3436 2197 3676 2251 Romana

2100 2294 2317 2364 regione
2342 2292 2420 2346 lll.
2452 2291 2593 2360 juris
2621 2300 2820 2345 sanctae
2864 2289 3137 2352 Romanae,
3180 2288 3292 2352 cui,
3323 2287 3435 2342 Deo
3465 2295 3675 2348 autore,

2100 2386 2435 2441 descrvimus
2465 2383 2736 2446 Ecclesia),
2766 2381 2862 2436 tibi
2890 2382 2957 2434 ad
2984 2380 3295 2450 regendum,
3322 2380 3519 2434 emissa
3539 2394 3677 2447 prm-

2101 2480 2377 2549 eeptione,
2412 2476 2710 2532 concedere
2756 2472 3114 2527 deberemus:
3164 2469 3402 2524 inclinati
3431 2468 3680 2537 precibus

2102 2569 2229 2633 tuis,
2266 2583 2364 2637 per
2392 2566 2549 2635 hujus
2572 2563 2826 2634 prmeepti
2857 2561 3074 2626 seriem,
3103 2574 3264 2628 supra
3294 2559 3554 2629 scriptum
3581 2557 3682 2612 Xe-

2101 2659 2444 2733 nodochium,
2491 2671 2616 2711 cum
2657 2653 2910 2707 erunibus
2938 2651 2988 2706 ei
3022 2650 3437 2720 pertinentibus,
3486 2664 3517 2702 a
3546 2662 3682 2718 prm-

2101 2750 2239 2805 senti
2288 2748 2367 2802 Ill.
2421 2745 2715 2800 indictione
2745 2784 2759 2807 ,
2809 2742 2998 2796 diebus
3046 2740 3169 2794 vita:
3221 2748 3359 2804 tum,
3407 2739 3508 2794 sub
3543 2736 3681 2792 infe-

2103 2842 2215 2896 rius
2271 2838 2506 2908 ascripta
2571 2834 2880 2892 conditione
2949 2831 3296 2888 concedimus
3360 2831 3681 2901 dispensan-

2103 2932 2251 2987 dunL

2123 3049 2130 3057 -
2177 3020 2334 3090 130
2367 3018 2441 3072 Ea
2477 3031 2699 3088 prorsus
2729 3015 2955 3081 ratione,
2989 3024 3048 3069 ut
3078 3015 3133 3068 in
3162 3014 3350 3069 eodem
3388 3011 3685 3067 venerabili

2108 3109 2224 3165 loco
2247 3109 2369 3163 lecti
2391 3122 2515 3161 cum
2541 3105 2726 3161 stratis
2753 3104 2865 3159 suis
2888 3112 2980 3159 tuo
3016 3103 3192 3157 studio
3212 3094 3603 3171 prarparent'ur,
3630 3101 3687 3153 in

2106 3200 2301 3270 quibus
2329 3212 2501 3268 aegros
2526 3210 2741 3265 semper
2775 3194 3038 3265 suscipias
3061 3201 3116 3247 et
3139 3206 3356 3262 egenos,
3383 3190 3570 3260 eisque
3597 3206 3691 3246 eu-

2106 3305 2220 3344 ram
2267 3289 2542 3352 adhibeas,
2578 3296 2635 3342 et
2665 3285 2973 3342 necessaria
3016 3285 3244 3348 tribuas,
3292 3281 3688 3338 confectionem

2107 3381 2351 3436 idoneam
2376 3378 2773 3434 infirmantibus
2794 3386 2956 3447 atque
2986 3376 3348 3446 indigentibus
3384 3388 3562 3428 annue
3604 3370 3687 3427 fa-

2104 3473 2236 3538 cias,
2278 3480 2439 3541 atque
2462 3484 2752 3541 prmpares,
2800 3469 2883 3524 vel
2912 3469 3110 3533 omnia,
3141 3483 3260 3536 qua:
3291 3465 3681 3521 infirmantium

2105 3563 2414 3619 necessitati
2439 3570 2566 3617 sunt
2593 3561 2781 3615 utilia:
2828 3560 3065 3616 medicos
3100 3559 3467 3621 introdueens,
3499 3564 3554 3610 et
3581 3571 3683 3609 cu-

2106 3669 2221 3707 ram
2260 3653 2419 3724 mgris
2455 3652 2791 3721 impendens,
2844 3660 2903 3706 ut
2948 3651 3043 3705 tali
3087 3659 3179 3705 tuo
3215 3648 3394 3704 studio
3437 3646 3689 3702 Christus

2105 3743 2246 3798 Deus
2280 3750 2465 3799 noster
2492 3740 2664 3813 possit
2690 3740 2916 3811 placari,
2947 3750 3106 3809 atque
3133 3754 3371 3809 prmscns
3394 3735 3688 3808 pneceptio

2106 3835 2314 3890 cunctis
2338 3833 2527 3889 diebus
2551 3832 2674 3887 vitae
2700 3840 2803 3887 tuae
2834 3841 3048 3886 maneat
3071 3829 3481 3901 imperturbata,
3510 3842 3600 3891 ne,
3633 3827 3687 3881 si

2107 3926 2430 3998 neglexeris,
2456 3925 2695 3980 divinam
2717 3922 3137 3992 indignationem
3163 3922 3431 3984 incurras,
3460 3928 3514 3973 et
3534 3919 3685 3988 justa

2107 4018 2355 4073 mercede
2377 4027 2481 4072 tua:
2514 4014 2932 4085 dispensationis
2960 4013 3259 4069 frustreris.

2819 4124 2957 4179 XIV.

2728 4195 2862 4250 Item
2894 4193 3062 4248 aliud.

2178 4295 2279 4362 Qui
2306 4294 2358 4348 in
2387 4289 2690 4347 commissis
2717 4288 2821 4344 sibi
2852 4287 3010 4342 fidem
3055 4284 3330 4355 propriam
3369 4282 3567 4338 illibate
3587 4296 3690 4338 ex-

2032 4402 2083 4461 D
2110 4387 2295 4442 bibere
2340 4382 2614 4445 festinant,
2652 4379 2886 4434 maxime
2931 4392 2996 4433 ex
3027 4376 3224 4445 quibus
3251 4388 3543 4445 pauperum
3588 4388 3691 4441 po-

2110 4485 2211 4531 test
2234 4473 2516 4546 provenire
2538 4471 2858 4533 consultum,
2898 4467 2966 4523 ab
2991 4468 3059 4523 iis
3083 4465 3217 4521 nihil
3261 4465 3403 4519 aliud
3447 4464 3532 4534 agi
3560 4477 3686 4518 cre~

2108 4566 2271 4628 ditur,
2318 4579 2481 4634 quam
2517 4561 2656 4618 side
2696 4559 2917 4631 proprio
2957 4557 3238 4629 egentibus
3281 4554 3687 4625 eleemosynam

2107 4655 2505 4711 administrent.

2177 4748 2330 4815 Quod
2366 4747 2493 4818 quia
2538 4747 2615 4801 ita
2652 4758 2772 4800 esse
2812 4758 2918 4798 non
2952 4748 3037 4797 est
3069 4739 3417 4809 ambiguum,
3453 4736 3549 4791 tibi
3597 4734 3683 4790 lll.

2108 4848 2307 4895 sanctae
2350 4844 2549 4893 nostra:
2580 4834 2833 4910 Ecclesia:
2876 4831 3121 4896 Notario,
3160 4844 3284 4886 eum
3318 4828 3413 4883 Dei
3458 4824 3684 4890 auxilio,

2109 4929 2514 4987 Xenodochium
2542 4926 2623 4980 ιιι.
2672 4925 2924 4980 omnibus
2952 4922 3141 4978 diebus
3164 4920 3289 4974 vita:
3317 4925 3421 4973 tua:
3448 4914 3687 4987 providi-

2108 5036 2227 5074 mus
2252 5012 2695 5073 committendum
2721 5028 2735 5066 :
2785 5028 2850 5067 ea
2874 5010 3125 5067 videlicet
3151 5009 3379 5072 ratione,
3424 5014 3481 5061 ut
3505 5004 3686 5061 omni~

2108 5109 2339 5180 potentis
2380 5108 2476 5162 Dei
2520 5123 2631 5178 pra:
2657 5104 2828 5160 oculis
2876 5104 3081 5159 habens
3109 5100 3394 5170 judicium,
3436 5110 3568 5168 pure
3615 5109 3685 5150 ac

2109 5202 2337 5257 fideliter
2361 5213 2707 5263 conversaris,
2738 5195 2939 5251 nullius
2973 5194 3277 5257 hominum,
3322 5206 3421 5261 pro
3445 5186 3584 5243 fideli
3624 5194 3685 5240 et

2106 5296 2193 5365 pia
2243 5295 2421 5363 operis
2457 5288 2871 5347 conversatione
2895 5328 2910 5352 ,
2960 5284 3120 5355 hujus
3164 5284 3244 5339 rei
3284 5279 3546 5338 cautelam
3578 5277 3684 5331 ha-

2108 5386 2239 5439 bens
2265 5399 2374 5453 pra:
2403 5382 2594 5445 oculis,
2626 5381 2701 5436 ita
2727 5388 2779 5433 te
2811 5380 2864 5433 in
2898 5375 3202 5432 commissis
3224 5372 3464 5441 ejusdem
3502 5367 3685 5423 Xeno-

2108 5543 2292 5623 Romge
2325 5539 2591 5604 concedit,
2644 5552 2787 5592 anno
2837 5534 2957 5600 772,
3008 5532 3196 5588 lndiet.
3252 5530 3337 5594 10,
3381 5538 3565 5583 mense
3597 5520 3687 5577 Ja-

2108 5628 2315 5668 nuarto.
