3990 6184
368 249 457 303 “5

1313 239 1749 296 ROMANORUM
1790 236 2227 294 PONTIFICUM.
2266 266 2332 274 —
2364 234 2518 292 CAP.
2546 232 2650 288 Vll.

3506 236 3601 288 ita

366 362 527 417 dochii
570 360 889 414 utilitatibus
916 373 1090 428 geras,
1132 365 1189 411 ut
1226 373 1409 411 curam
1452 357 1790 410 infirmorum
1821 354 1920 409 ibi-
1949 359 1997 415 Α
2096 350 2204 405 Nec
2233 350 2449 403 licentia
2479 348 2550 402 sit
2593 350 2842 418 cuiquam
2874 350 3105 418 aliquem
3134 347 3474 409 subtrahere,
3508 360 3599 401 aut

367 455 472 509 dem
515 451 808 521 iacentium
841 449 1091 503 solertem
1134 463 1197 501 ac
1245 446 1457 500 ﬁdelem
1494 460 1706 499 necnon
1747 443 1927 498 ellica-

366 559 470 600 cem
522 541 779 596 exhibere
832 538 1089 602 festines;
1145 545 1408 605 quatenus
1458 535 1597 603 apud
1646 533 1925 587 hominum

365 631 629 701 opiniones
652 628 864 681 laudem
893 626 1175 694 acquiras,
1206 632 1255 679 et
1285 623 1642 692 omnipotenti
1671 623 1782 676 Deo
1809 621 1929 674 nul-

365 724 426 777 lis
479 720 543 776 de
592 719 835 789 neglectu
890 717 1365 787 reprehensionum
1422 714 1646 769 maculis
1700 712 1929 768 submit-

365 818 506 872 laris.

426 906 821 961 Constituentes
840 902 1091 957 videlicet
1109 901 1246 964 haec,
1274 913 1393 967 qua:
1412 913 1442 951 a
1469 897 1645 960 nobis,
1672 910 1770 964 per
1795 909 1932 964 pra:—

364 998 523 1051 sentis
546 1002 748 1049 nostrae
759 990 1137 1062 praeceptionis
1158 988 1527 1050 autoritatem,
1547 985 1760 1039 decreta
1784 991 1928 1047 sunt,

365 1095 570 1141 nostros
598 1084 762 1139 etiam
798 1082 853 1135 in
883 1079 1066 1134 futuro
1101 1090 1445 1134 successores
1470 1075 1790 1128 inconcussa
1817 1085 1933 1126 mo-
1973 1067 1986 1079 '

365 1183 444 1239 dis
475 1181 726 1238 omnibus
754 1189 1095 1234 conservare.

645 1360 795 1431 131
838 1285 1259 1427 Pi'mceptzt‘rxae
1284 1352 1654 1422 Prwpositatu.

428 1452 695 1519 Quantum
734 1449 893 1504 nobis
918 1447 1156 1502 fidelium
1200 1445 1477 1499 moderata
1519 1441 1801 1497 sinceritas
1828 1480 1841 1503 ,
1882 1446 1938 1492 et

363 1544 795 1611 dispensatorum
826 1539 1058 1594 discreta
1086 1535 1320 1591 laetificat
1346 1533 1571 1604 paritas,
1604 1540 1812 1585 tantum
1842 1544 1937 1599 pa-

362 1630 575 1685 storalis
618 1628 966 1700 providentia:
995 1642 1126 1682 cura
1162 1640 1262 1680 nos
1286 1623 1565 1688 sollicitat,
1595 1622 1648 1676 in
1676 1620 1941 1689 subjectis

358 1723 677 1777 meritorum
705 1720 977 1776 cumulare
1000 1718 1250 1789 suffragia
1275 1733 1289 1771 :
1318 1718 1444 1772 hinc
1470 1717 1613 1772 enim
1639 1723 1693 1771 ct
1721 1715 1937 1783 pictatis
1965 1711 2009 1769 Β

360 1811 644 1882 integritas
681 1810 1055 1880 compendium
1091 1808 1355 1871 sustinet,
1404 1814 1462 1862 et
1490 1805 1796 1875 Apostolica
1842 1803 1936 1856 Dei

359 1900 605 1956 Ecclesia
646 1899 805 1969 digne
836 1898 1123 1954 commissa
1175 1896 1388 1952 meliori
1436 1903 1646 1949 tantum
1693 1893 1941 1964 flagravit

356 2000 533 2045 statu.

432 2083 652 2136 idcirco
674 2081 839 2137 certis
874 2081 1124 2152 verisque
1152 2080 1367 2136 indiciis
1392 2079 1603 2148 experti
1627 2079 1693 2133 dc
1722 2076 1945 2132 sinceri-

357 2171 496 2227 tatis
537 2179 649 2225 tua:
679 2172 980 2229 certissima
1008 2171 1244 2227 efﬁcacia
1268 2211 1283 2236 ,
1322 2170 1464 2238 quod
1492 2170 1659 2224 Deum
1686 2183 1795 2237 pra:
1820 2181 1946 2221 ocu—

358 2259 425 2315 lis
468 2259 763 2331 praeferas,
813 2275 912 2330 per
941 2261 1102 2332 hujus
1151 2268 1351 2315 nostra:
1394 2257 1766 2329 prazceptionis
1794 2256 1944 2326 pagi-

360 2366 510 2415 nam,
550 2349 903 2420 Praepositum
936 2358 988 2405 te
1025 2348 1079 2404 in
1120 2356 1420 2404 memorata
1445 2347 1670 2403 Basilica
1691 2347 1840 2402 Beati
1861 2345 1938 2399 ιιι.

359 2454 481 2507 qua:
508 2438 618 2493 sita
646 2445 734 2493 est
774 2437 831 2492 in
866 2438 988 2493 loco
1030 2436 1110 2492 ιιι.
1153 2452 1273 2493 esse
1320 2438 1530 2492 cunctis
1578 2436 1771 2492 diebus
1820 2436 1943 2491 vita:

362 2538 484 2595 tunc,
518 2546 554 2583 a
580 2529 833 2599 praesenti
858 2528 938 2583 lll.
972 2528 1288 2593 indictione,
1318 2528 1680 2582 decernimus.

428 2622 497 2675 Et
554 2634 687 2676 vero
726 2620 935 2676 ratione
962 2627 1176 2675 servata
1202 2660 1218 2685 ,
1264 2618 1397 2674 utsi
1444 2633 1549 2688 qua
1578 2632 1811 2688 expensa
1850 2625 1944 2671 aut

363 2709 637 2771 mercede,
686 2708 740 2762 in
782 2722 1121 2778 quacumque
1152 2723 1215 2769 re
1250 2707 1508 2777 pratdicta
1531 2748 1553 2773 ,
1588 2722 1813 2762 necesse
1847 2706 1943 2762 ba-

363 2800 550 2854 buerit
584 2798 819 2855 Basilica
858 2813 957 2854 seu
983 2797 1392 2854 luminariorum
1429 2797 1865 2863 conciunatione,
1912 2812 1945 2851 a

364 2898 449 2943 tua
480 2888 756 2945 industria
784 2888 1152 2959 expendatur:
1185 2886 1257 2941 ita
1286 2886 1559 2951 videlicet,
1586 2894 1646 2940 ut
1679 2899 1945 2941 summam

364 2979 790 3035 sollicitudinem
817 2985 871 3032 et
899 2992 1084 3032 curam
1117 2992 1245 3048 erga
1274 2977 1503 3032 eandem
1546 2982 1944 3031 sacrosanctam

2026 442 2286 507 alienare,
2337 441 2429 495 sed
2454 441 2575 510 jure
2604 450 2861 511 perpetuo
2908 441 3024 496 loco
3066 440 3391 495 venerabilis
3420 440 3601 495 Mona—

2027 537 2199 601 stcrii,
2246 536 2328 590 vel
2368 535 2638 589 Diaconim
2682 535 2885 589 servire
2912 533 3222 603 subiaceant
3261 534 3314 588 in
3345 534 3601 588 omnibus

2026 628 2245 683 servitia
2293 628 2609 682 exhibentes
2633 669 2647 692 ,
2682 628 2735 681 in
2774 628 2965 697 quibus
2990 625 3189 680 fuerint
3236 627 3511 696 imperati,
3545 637 3601 679 ct

2025 719 2257 774 ordinati
2306 733 2337 771 a
2390 720 2805 789 congregatione
2851 718 2959 773 illic
2986 718 3308 784 constituta,
3359 727 3418 773 ut
3454 728 3602 774 certe

2027 807 2260 877 prepriac
2284 805 2693 862 dominationis.

2098 899 2253 966 Quod
2279 898 2324 955 si
2352 898 2636 968 quisquam
2668 908 2858 954 contra
2886 900 3047 970 hujus
3073 908 3269 955 nostra:
3288 903 3600 971 prazceptio-

2030 991 2116 1047 nis
2141 999 2304 1060 atque
2338 989 2643 1045 donationis
2690 989 2943 1060 paginam
2978 992 3162 1047 venire
3189 992 3489 1058 tentavcrit,
3535 993 3606 1047 sit

2032 1083 2321 1140 autoritate
2371 1083 2516 1138 beati
2554 1081 2700 1136 Petri
2743 1082 3122 1152 Apostolorum
3167 1083 3434 1154 Principis
3478 1100 3604 1137 ana-

2033 1174 2287 1230 tbematis
2322 1172 2538 1228 vinculo
2564 1172 2872 1236 innodatus,
2909 1181 2962 1227 et
2989 1182 3264 1242 perpetua:
3286 1175 3605 1230 condemna-

2035 1265 2168 1321 tioni
2195 1264 2532 1321 summissus.
3502 1264 3517 1279 '

2105 1354 2277 1421 Quam
2306 1352 2682 1423 praeceptionis
2710 1352 2962 1422 paginam
2998 1367 3028 1405 a
3061 1350 3219 1406 nobis
3247 1353 3608 1421 subscriptam

2037 1445 2132 1499 tibi
2167 1444 2358 1499 Abbati
2402 1443 2481 1498 lli.
2537 1452 2734 1513 tuoque
2785 1440 3106 1497 Monasterio
3156 1441 3606 1505 contradidimus,

2035 1550 2133 1604 pro
2154 1533 2331 1589 futura
2359 1532 2588 1589 cautela.
3282 1533 3317 1562 '

2491 1620 2831 1693 Privilegium
2858 1621 3159 1676 Diaconias.

2744 1712 2904 1769 XVII.

2105 1809 2242 1862 Dum
2271 1823 2370 1877 pro
2392 1806 2754 1877 adipiscendis
2780 1804 3020 1861 crelestis
3046 1805 3196 1875 regni
3225 1803 3438 1874 gaudiis
3460 1812 3610 1857 acter-

2038 1899 2125 1952 nis
2151 1905 2276 1952 sunt
2301 1897 2485 1967 procul
2523 1897 2688 1951 dubio
2733 1896 2801 1951 ad
2838 1895 3043 1950 cultum
3077 1894 3271 1949 divina:
3314 1892 3610 1961 maiestatis

2040 1983 2367 2040 conferenda
2392 1985 2675 2054 stipendia,
2707 1984 2928 2040 omnino
2962 1981 3048 2038 fas
3068 1982 3256 2053 exigit,
3280 1998 3369 2048 eo,
3396 1997 3504 2052 quo
3524 1998 3615 2036 va-

2042 2074 2233 2141 lemus,
2264 2075 2478 2141 annisu,
2506 2088 2859 2144 quaecumque
2885 2074 2953 2128 ad
2984 2073 3299 2129 stabilitatis
3334 2073 3613 2145 integrita-

2044 2174 2150 2221 tem
2176 2173 2232 2220 et
2256 2165 2554 2235 profectum
2585 2165 2972 2220 venerabilium
3003 2165 3278 2236 pertinere
3319 2177 3618 2223 noscuntur

2040 2254 2304 2319 locorum,
2325 2254 2604 2310 enucleate
2629 2253 2910 2325 perficere,
2943 2254 3180 2310 maxime
3204 2254 3257 2309 in
3285 2256 3481 2327 quibus
3505 2273 3616 2313 om«

2040 2345 2302 2414 nipotenti
2329 2345 2440 2400 Deo
2467 2345 2654 2401 laudes
2689 2345 3021 2413 referuntur,
3056 2354 3111 2402 et
3139 2346 3320 2401 sedula
3352 2347 3614 2403 fratribus

2040 2436 2239 2491 nostris
2275 2436 2719 2491 subministratur
2746 2437 3026 2504 alimonia,
3077 2446 3345 2508 quatenus
3374 2442 3613 2505 omnium

2041 2525 2391 2597 indigentium
2415 2567 2430 2592 ,
2478 2527 2698 2596 inopum
2740 2527 2903 2583 etiam
2935 2527 3360 2599 prosclytorum,
3399 2532 3614 2601 copiosa

2039 2616 2327 2685 proliCiant
2364 2617 2640 2673 subsidia:
2691 2626 2746 2673 et
2784 2633 2852 2673 ex
2892 2618 2997 2672 hoc
3038 2618 3386 2689 Redemptori
3433 2628 3617 2676 nostro

2041 2711 2145 2765 hoc
2172 2710 2367 2781 ipsum,
2396 2712 2542 2782 quod
2570 2712 2639 2767 ad
2682 2712 2911 2783 gloriam
2939 2712 3112 2768 sancti
3140 2714 3373 2769 nominis
3393 2715 3511 2786 ejus
3539 2717 3617 2770 dio

2042 2802 2353 2871 gnoscimur
2378 2813 2718 2873 procurassc,
2771 2804 2844 2859 sit
2876 2804 3225 2873 acceptabile,
3263 2806 3523 2876 nobisque
3551 2807 3619 2858 ab

2042 2891 2231 2947 eodem
2260 2892 2416 2963 133
2450 2893 2691 2949 omnium
2703 2901 2951 2948 creatore
2973 2893 3201 2949 Domino
3220 2895 3331 2950 Deo
3355 2902 3540 2950 nostro
3565 2896 3616 2949 in

2041 2983 2290 3036 aethereis
2316 2983 2533 3038 arcibus
2568 2981 2880 3038 conferatur
2908 2984 3291 3039 remuneratio.

363 3071 659 3127 Basilicam
711 3068 1061 3124 nihilominus
1103 3067 1363 3124 exhibeas
1383 3108 1398 3130 ,
1452 3074 1718 3136 quatenus
1762 3065 1943 3121 valeas
1970 3052 2013 3112 (ἶ
2113 3072 2279 3143 Igitur
2303 3074 2427 3143 quia
2449 3075 2687 3145 postulat
2712 3091 2742 3131 a
2773 3074 2927 3132 nobis
2958 3084 3048 3131 tua
3078 3075 3323 3141 fidelitas,
3352 3084 3618 3145 quatenus

366 3161 469 3215 Deo
496 3160 866 3230 omnipotenti
897 3157 1118 3227 ejusque
1143 3156 1365 3229 Martyri
1398 3156 1753 3227 complacere.

434 3252 756 3308 Statueutes
795 3265 895 3320 per
930 3248 1089 3319 huius
1138 3258 1336 3305 nostra:
1382 3248 1758 3318 praeceptionis
1797 3246 1947 3316 pagi-

374 3359 512 3409 nam,
551 3349 613 3397 et
639 3343 739 3396 sub
768 3339 934 3395 divini
972 3338 1160 3410 iudicii
1191 3338 1550 3393 obtestatione
1580 3336 1946 3406 prohibentes,

377 3434 416 3487 si
439 3432 686 3489 studiose
720 3429 839 3499 eius
862 3444 901 3483 a
937 3437 990 3483 te
1017 3427 1184 3482 fuerit
1225 3427 1278 3481 iu
1315 3426 1568 3481 omnibus
1592 3425 1800 3479 utilitas
1828 3439 1951 3492 pro-

377 3535 579 3591 curata,
634 3521 765 3577 nulli
792 3521 955 3575 licere
987 3518 1180 3574 diebus
1223 3517 1351 3572 vita:
1379 3524 1482 3572 tua:
1508 3518 1574 3571 de
1598 3515 1787 3570 eodem
1811 3514 1955 3570 Prm-

378 3614 607 3682 positatu
640 3619 695 3668 te
720 3611 947 3666 suadere
965 3649 982 3676 ,
1016 3608 1198 3679 potius
1224 3607 1367 3677 quod
1412 3622 1442 3660 a
1472 3606 1628 3662 nobis
1654 3605 1949 3670 decretum,

382 3704 577 3759 servari
616 3703 809 3758 devote
830 3698 1139 3755 statuimus.

1094 3808 1232 3865 XVI.

460 3881 798 3954 Praeceptum
818 3881 882 3936 de
916 3880 1243 3936 concedendo
1272 3896 1431 3951 puero
1456 3881 1507 3934 in
1532 3881 1866 3933 monasterio.

440 3973 587 4027 Nihil
616 3972 886 4027 credimus
912 3970 1080 4025 minui
1103 3970 1170 4025 ab
1198 3969 1450 4025 Ecclesia:
1468 3968 1613 4037 jure,
1650 3970 1859 4039 quoties
1887 3984 1953 4025 ex

383 4063 528 4119 bonis
555 4062 886 4133 Apostolicis
922 4061 1127 4131 aliquid
1158 4060 1262 4131 piis
1305 4060 1437 4115 locis
1463 4059 1723 4115 fuerimus
1753 4061 1951 4131 largiti,

383 4154 651 4225 praecipue
681 4160 861 4206 tamen
890 4150 989 4217 eis,
1033 4150 1370 4225 providentia
1396 4149 1632 4215 favente,
1657 4150 1748 4219 qui
1778 4150 1833 4203 in
1860 4165 1956 4203 no-

385 4241 519 4296 mine
559 4239 697 4296 Jesu
756 4238 961 4295 Christi
1010 4239 1105 4294 Dei
1155 4239 1324 4296 nostri
1386 4239 1569 4295 laudes
1611 4239 1814 4310 iugiter
1850 4238 1955 4294 sol-

386 4339 531 4385 vunt.

447 4418 621 4491 Igitur
643 4419 740 4475 tibi
778 4418 861 4474 lll.
900 4419 1103 4474 Abbati
1119 4418 1463 4490 Presbytero,
1512 4426 1567 4472 et
1595 4433 1692 4489 per
1721 4427 1772 4474 te
1805 4427 1956 4475 ante-
1980 4390 2034 4449 Β

388 4506 491 4564 fato
513 4508 815 4566 venerabili
856 4508 1182 4565 Monasterio
1215 4507 1562 4563 irrevocabili
1574 4507 1697 4576 iure
1720 4525 1818 4579 pro
1844 4509 1955 4564 Mo-

389 4601 683 4656 nacborum
698 4599 950 4654 Fratrum
971 4598 1129 4670 132
1158 4599 1592 4669 congregatione,
1618 4607 1674 4653 et
1702 4599 1957 4670 stipendii

387 4692 668 4763 victusque
710 4690 1034 4747 necessitate
1080 4690 1415 4760 procuranda
1442 4728 1457 4755 ,
1511 4703 1542 4743 a
1588 4690 1841 4758 praesenti
1872 4688 1951 4744 lll.

389 4780 706 4848 indictione,
736 4781 1021 4847 donamus,
1048 4780 1307 4845 cedimus,
1352 4788 1515 4850 atque
1557 4779 1818 4850 largimur
1845 4779 1954 4849 iuri

390 4872 733 4943 dominioque
758 4871 1067 4928 Monasterii
1092 4912 1106 4935 ,
1160 4878 1220 4925 ut
1252 4871 1586 4942 praemissum
1634 4880 1746 4937 est,
1787 4874 1960 4942 possi-

391 4961 613 5030 dendus,
642 4980 710 5019 ex
746 4962 1069 5034 patrimonio
1093 4960 1173 5017 Ill.
1202 4960 1287 5017 vel
1321 4960 1644 5018 Monasterio
1669 4962 1749 5017 ΙΙΙ.
1783 4977 1876 5018 seu
1904 4964 1957 5018 in

392 5054 760 5125 suprascripta
788 5053 993 5108 familia
1020 5051 1157 5109 tales
1199 5053 1419 5109 natione
1450 5052 1530 5108 lll.
1560 5054 1635 5109 ita
1664 5061 1723 5109 ut
1747 5056 1958 5109 cunctis

394 5143 581 5198 diebus
606 5143 732 5199 vitze
754 5158 944 5198 eorum
975 5142 1030 5197 in
1060 5142 1245 5197 eodem
1271 5142 1579 5197 deserviant
1610 5141 1956 5208 Monasterio,

394 5239 445 5284 ct
464 5247 654 5288 omnes
673 5231 1035 5289 obedientiam
1060 5229 1210 5287 vobis
1233 5231 1543 5295 exhibeant,
1575 5230 1655 5284 vel
1678 5232 1769 5300 qui
1787 5245 1851 5285 ex
1881 5235 1961 5287 eis

392 5318 594 5376 fuerint
618 5323 917 5392 procreati,
947 5321 1086 5378 sicut
1114 5328 1261 5376 certe
1290 5319 1431 5376 servi
1464 5318 1693 5390 propria:
1720 5320 1960 5376 domina-

396 5411 578 5468 tionis.

2046 3162 2269 3219 fundum
2307 3164 2397 3218 lli.
2420 3173 2528 3220 etc.

2116 3253 2281 3317 Eum,
2311 3254 2615 3322 apmsenti
2653 3254 2731 3308 lll.
2764 3254 3075 3320 indictione,
3100 3262 3205 3310 tua;
3241 3253 3617 3324 magnitudini,

2050 3349 2106 3395 et
2137 3356 2235 3409 per
2273 3341 2409 3395 tein
2433 3342 2621 3396 eadem
2657 3342 2953 3398 venerabili
2990 3343 3279 3407 Diaconia,
3328 3344 3383 3397 in
3424 3358 3619 3412 perpe-

2053 3436 2205 3482 tuum
2234 3427 2581 3483 concedimus
2607 3429 2977 3482 detinendam.
3026 3429 3135 3483 Sed
3159 3430 3493 3498 dispensator
3532 3432 3623 3499 qui

2053 3530 2153 3585 pro
2196 3522 2440 3585 tempore
2483 3514 2650 3571 fuerit
2684 3516 2740 3570 in
2783 3516 2973 3572 eadem
3005 3517 3298 3573 venerabili
3347 3518 3622 3583 Diaconia,

2055 3605 2107 3660 id
2135 3613 2240 3670 est,
2274 3618 2300 3647 α
2324 3606 2541 3675 quando
2570 3606 2749 3662 lucina
2777 3607 3080 3677 perficitur,
3125 3608 3181 3664 in
3220 3609 3408 3666 eadem
3437 3610 3627 3668 Diaco-

2055 3696 2143 3750 nia
2170 3711 2271 3766 pro
2310 3697 2629 3753 remissione
2671 3706 3018 3768 peccatorum
3062 3708 3407 3769 nostrorum,
3438 3718 3626 3758 omnes

2052 3785 2349 3843 diaconites
2387 3796 2442 3845 et
2466 3803 2730 3859 pauperes
2771 3788 3011 3858 Christi,
3054 3792 3149 3862 qui
3177 3792 3377 3850 ibidem
3426 3809 3622 3850 conve-

2055 3877 2230 3944 aiunt,
2257 3876 2420 3949 lt'yrie
2460 3879 2657 3938 eleison
2683 3882 2990 3939 exclamare
3019 3886 3270 3941 studeant
3295 3904 3307 3939 :
3351 3886 3424 3941 ita
3454 3903 3584 3941 sane
3608 3910 3620 3940 ι

2054 3975 2115 4023 ut
2154 3968 2378 4040 singulis
2416 3971 2721 4041 quibusque
2756 3972 3142 4030 lndictionibus
3179 3975 3369 4045 pensio
3404 3975 3625 4031 rationi-

2054 4058 2154 4113 bus
2171 4058 2565 4115 Ecclesiasticis
2594 4069 2676 4116 ter
2714 4076 2745 4115 a
2773 4070 2865 4117 tua
2912 4063 3300 4133 magnitudine,
3346 4078 3626 4119 successo-

2057 4153 2313 4223 ribusque
2338 4153 2443 4209 tuis
2469 4153 2953 4224 dispensatoribus,
2973 4154 3287 4211 difficultate
3308 4156 3623 4224 postposita,

2057 4242 2111 4297 in
2155 4251 2483 4312 perpetuum
2506 4244 2862 4313 persolvatur,
2913 4245 3236 4314 omnisque,
3278 4258 3383 4312 qua
3427 4245 3627 4315 indiget

2058 4332 2300 4387 defensio
2325 4373 2340 4397 ,
2380 4348 2478 4388 seu
2525 4334 2859 4399 melioratio,
2913 4334 3278 4389 indifferenter
3323 4336 3477 4391 vobis
3511 4337 3627 4392 sine

2061 4421 2225 4477 dubio
2270 4423 2706 4492 procurantibus,
2745 4423 3036 4487 efficiatur,
3077 4422 3328 4493 nullaque
3368 4435 3626 4495 praeterea

2063 4511 2129 4568 ad
2174 4512 2407 4569 dandam
2462 4528 2643 4568 annue
2689 4514 3001 4583 pensionem
3045 4530 3075 4567 a
3126 4522 3215 4568 tua
3265 4516 3629 4586 magnitudine

2062 4602 2570 4672 successoribusque
2609 4603 2716 4658 tuis
2761 4604 3223 4672 dispensatoribus
3254 4619 3403 4659 mora
3434 4621 3627 4676 prove-

2062 4693 2195 4757 niat,
2240 4695 2333 4748 sed
2371 4694 2513 4748 ultro
2551 4693 2862 4749 actionariis
2907 4702 3106 4750 sanctm
3155 4703 3354 4751 nostra:
3377 4695 3628 4755 Ecclesia:

2062 4792 2188 4854 apto
2212 4792 2450 4854 tempore
2481 4784 2833 4854 persolvatur.

2131 4872 2439 4931 Statuentes
2470 4874 2760 4931 autoritate
2805 4876 2945 4931 beati
2987 4875 3131 4933 Petri
3180 4876 3448 4951 Principis
3485 4879 3627 4951 Apo-

2059 4963 2342 5030 stolorum,
2379 4966 2478 5021 sub
2501 4966 2666 5021 divini
2697 4965 2889 5036 iudicii
2913 4967 3288 5035 obtestatione,
3319 4979 3374 5025 et
3401 4974 3628 5028 anathe-

2061 5054 2220 5109 matis
2266 5055 2589 5122 interdicto,
2636 5065 2697 5111 ut
2726 5057 2856 5112 nulli
2894 5072 3127 5127 unquam
3161 5067 3472 5116 nostrorum
3510 5077 3632 5115 suc-

2064 5158 2340 5201 cessorum
2380 5144 2723 5212 Pontificum,
2763 5144 2846 5202 vel
2876 5145 2968 5201 alii
3015 5147 3234 5203 cuilibet
3272 5163 3479 5218 magna:
3509 5163 3632 5216 par-

2064 5248 2250 5305 vaeque
2286 5250 2528 5307 persona:
2552 5278 2566 5301 ,
2609 5235 2771 5292 liceat
2812 5237 2985 5307 ipsum
3028 5239 3473 5308 praenominatum
3504 5236 3630 5290 fun-

2066 5324 2191 5380 dum
2238 5328 2614 5396 quoquomodo
2664 5326 2914 5395 auferre,
2970 5327 3052 5384 vel
3111 5327 3396 5382 alienare:
3452 5326 3634 5393 potius

2066 5424 2244 5473 autem
2283 5418 2338 5471 in
2376 5418 2590 5489 propria
2619 5418 2852 5473 utilitate
2876 5458 2890 5482 ,
2919 5431 3022 5472 usu
3048 5427 3102 5473 ct
3128 5420 3390 5487 potestate
3417 5428 3634 5468 venera-

465 5554 489 5582 ³
516 5541 738 5607 Quando
772 5543 969 5599 Lucina
1022 5543 1307 5613 perﬁcitur.
1353 5541 1413 5595 ld—
1468 5548 1580 5606 est,
1608 5555 1713 5608 quo
1757 5548 1995 5610 tempore
2020 5542 2302 5601 luminaria
2353 5547 2735 5610 accenduntur,
2770 5554 2929 5612 atque
2979 5543 3110 5597 adeo
3156 5539 3404 5595 serotina:
3446 5557 3633 5612 preces

399 5614 751 5683 complentur.
