  <div class='ocr_page' id='page_1' title='image "/cluster/home/n/w/nwhite01/storage/ocr_20150623/105/hvd.32044054759709/063.png"; bbox 0 0 3990 6184; ppageno 0'>
   <div class='ocr_carea' id='block_1_1' title="bbox 387 250 486 304">
    <p class='ocr_par' dir='ltr' id='par_1_1' title="bbox 387 250 486 304">
     <span class='ocr_line' id='line_1_1' title="bbox 387 250 486 304; baseline 0.01 -1"><span class='ocrx_word' id='word_1_1' title='bbox 387 250 486 304; x_wconf 68' lang='grc'><strong>115</strong></span> 
     </span>
    </p>
   </div>
   <div class='ocr_carea' id='block_1_2' title="bbox 1723 245 2263 302">
    <p class='ocr_par' dir='ltr' id='par_1_2' title="bbox 1723 245 2263 302">
     <span class='ocr_line' id='line_1_2' title="bbox 1723 245 2263 302; baseline 0 -3"><span class='ocrx_word' id='word_1_2' title='bbox 1723 246 1918 300; x_wconf 84' lang='lat' dir='ltr'><strong>LIBER</strong></span> <span class='ocrx_word' id='word_1_3' title='bbox 1960 245 2263 302; x_wconf 78' lang='lat' dir='ltr'><strong>DIURNUS</strong></span> 
     </span>
    </p>
   </div>
   <div class='ocr_carea' id='block_1_3' title="bbox 3528 244 3627 299">
    <p class='ocr_par' dir='ltr' id='par_1_3' title="bbox 3528 244 3627 299">
     <span class='ocr_line' id='line_1_3' title="bbox 3528 244 3627 299; baseline 0.01 -1"><span class='ocrx_word' id='word_1_4' title='bbox 3528 244 3627 299; x_wconf 71' lang='lat' dir='ltr'><strong>HG</strong></span> 
     </span>
    </p>
   </div>
   <div class='ocr_carea' id='block_1_4' title="bbox 385 355 3631 429">
    <p class='ocr_par' dir='ltr' id='par_1_4' title="bbox 385 355 3631 429">
     <span class='ocr_line' id='line_1_4' title="bbox 385 355 3631 429; baseline 0 -17"><span class='ocrx_word' id='word_1_5' title='bbox 385 359 505 413; x_wconf 83' lang='lat' dir='ltr'><strong>bilis</strong></span> <span class='ocrx_word' id='word_1_6' title='bbox 541 357 830 421; x_wconf 62' lang='lat' dir='ltr'><strong>Diaeoniar,</strong></span> <span class='ocrx_word' id='word_1_7' title='bbox 878 371 975 425; x_wconf 89' lang='lat' dir='ltr'><strong>pro</strong></span> <span class='ocrx_word' id='word_1_8' title='bbox 1016 355 1403 410; x_wconf 85' lang='lat' dir='ltr'><strong>sustentatione</strong></span> <span class='ocrx_word' id='word_1_9' title='bbox 1443 362 1497 408; x_wconf 93' lang='lat' dir='ltr'><strong>et</strong></span> <span class='ocrx_word' id='word_1_10' title='bbox 1525 355 1794 409; x_wconf 88' lang='lat' dir='ltr'><strong>alimouiis</strong></span> <span class='ocrx_word' id='word_1_11' title='bbox 1841 355 1949 408; x_wconf 79' lang='lat' dir='ltr'><strong>fra—</strong></span> <span class='ocrx_word' id='word_1_12' title='bbox 1975 361 2025 417; x_wconf 87' lang='grc' dir='ltr'>Λ</span> <span class='ocrx_word' id='word_1_13' title='bbox 2052 358 2156 422; x_wconf 88' lang='lat' dir='ltr'><strong>cia,</strong></span> <span class='ocrx_word' id='word_1_14' title='bbox 2200 372 2297 425; x_wconf 87' lang='lat' dir='ltr'><strong>pro</strong></span> <span class='ocrx_word' id='word_1_15' title='bbox 2329 356 2662 426; x_wconf 86' lang='lat' dir='ltr'><strong>impetranda</strong></span> <span class='ocrx_word' id='word_1_16' title='bbox 2686 357 2840 412; x_wconf 86' lang='lat' dir='ltr'><strong>venia</strong></span> <span class='ocrx_word' id='word_1_17' title='bbox 2863 356 3207 423; x_wconf 82' lang='lat' dir='ltr'><strong>delictorum,</strong></span> <span class='ocrx_word' id='word_1_18' title='bbox 3237 367 3494 413; x_wconf 72' lang='lat' dir='ltr'><strong>aztcrnam</strong></span> <span class='ocrx_word' id='word_1_19' title='bbox 3524 360 3631 429; x_wconf 66' lang='grc' dir='ltr'><strong>νίας</strong></span> 
     </span>
    </p>
   </div>
   <div class='ocr_carea' id='block_1_5' title="bbox 382 445 1954 515">
    <p class='ocr_par' dir='ltr' id='par_1_5' title="bbox 382 445 1954 515">
     <span class='ocr_line' id='line_1_5' title="bbox 382 445 1954 515; baseline -0.003 -11"><span class='ocrx_word' id='word_1_20' title='bbox 382 460 526 504; x_wconf 89' lang='lat' dir='ltr'><strong>trum</strong></span> <span class='ocrx_word' id='word_1_21' title='bbox 553 456 860 507; x_wconf 85' lang='lat' dir='ltr'><strong>nostrorum</strong></span> <span class='ocrx_word' id='word_1_22' title='bbox 888 445 1086 502; x_wconf 98' lang='lat' dir='ltr'><strong>Christi</strong></span> <span class='ocrx_word' id='word_1_23' title='bbox 1122 460 1409 515; x_wconf 78' lang='lat' dir='ltr'><strong>pauperum</strong></span> <span class='ocrx_word' id='word_1_24' title='bbox 1439 446 1712 513; x_wconf 91' lang='lat' dir='ltr'><strong>perpetuis</strong></span> <span class='ocrx_word' id='word_1_25' title='bbox 1736 456 1954 501; x_wconf 86' lang='lat' dir='ltr'><strong>maneat</strong></span> 
     </span>
    </p>
   </div>
   <div class='ocr_carea' id='block_1_6' title="bbox 385 540 736 610">
    <p class='ocr_par' dir='ltr' id='par_1_6' title="bbox 385 540 736 610">
     <span class='ocr_line' id='line_1_6' title="bbox 385 540 736 610; baseline -0.003 -16"><span class='ocrx_word' id='word_1_26' title='bbox 385 540 736 610; x_wconf 87' lang='lat' dir='ltr'><strong>temporibus.</strong></span> 
     </span>
    </p>
   </div>
   <div class='ocr_carea' id='block_1_7' title="bbox 453 626 1953 700">
    <p class='ocr_par' dir='ltr' id='par_1_7' title="bbox 453 626 1953 700">
     <span class='ocr_line' id='line_1_7' title="bbox 453 626 1953 700; baseline -0.002 -16"><span class='ocrx_word' id='word_1_27' title='bbox 453 633 526 685; x_wconf 80' lang='lat' dir='ltr'><strong>At</strong></span> <span class='ocrx_word' id='word_1_28' title='bbox 551 646 679 687; x_wconf 79' lang='lat' dir='ltr'><strong>vero</strong></span> <span class='ocrx_word' id='word_1_29' title='bbox 717 631 807 700; x_wconf 89' lang='lat' dir='ltr'><strong>qui</strong></span> <span class='ocrx_word' id='word_1_30' title='bbox 851 628 1219 685; x_wconf 75' lang='lat' dir='ltr'><strong>observaverit</strong></span> <span class='ocrx_word' id='word_1_31' title='bbox 1265 626 1370 680; x_wconf 92' lang='lat' dir='ltr'><strong>hoc</strong></span> <span class='ocrx_word' id='word_1_32' title='bbox 1411 634 1657 681; x_wconf 81' lang='lat' dir='ltr'><strong>nostrum</strong></span> <span class='ocrx_word' id='word_1_33' title='bbox 1684 626 1953 696; x_wconf 77' lang='lat' dir='ltr'><strong>Apostoli-</strong></span> 
     </span>
    </p>
   </div>
   <div class='ocr_carea' id='block_1_8' title="bbox 381 718 1953 794">
    <p class='ocr_par' dir='ltr' id='par_1_8' title="bbox 381 718 1953 794">
     <span class='ocr_line' id='line_1_8' title="bbox 381 718 1953 794; baseline -0.004 -14"><span class='ocrx_word' id='word_1_34' title='bbox 381 739 507 780; x_wconf 89' lang='lat' dir='ltr'><strong>cum</strong></span> <span class='ocrx_word' id='word_1_35' title='bbox 532 730 880 794; x_wconf 75' lang='lat' dir='ltr'><strong>pneceptum,</strong></span> <span class='ocrx_word' id='word_1_36' title='bbox 922 721 1117 775; x_wconf 90' lang='lat' dir='ltr'><strong>habeat</strong></span> <span class='ocrx_word' id='word_1_37' title='bbox 1140 718 1367 788; x_wconf 77' lang='lat' dir='ltr'><strong>gratiam</strong></span> <span class='ocrx_word' id='word_1_38' title='bbox 1409 718 1724 781; x_wconf 76' lang='lat' dir='ltr'><strong>maximam,</strong></span> <span class='ocrx_word' id='word_1_39' title='bbox 1761 718 1953 774; x_wconf 91' lang='lat' dir='ltr'><strong>vitam-</strong></span> 
     </span>
    </p>
   </div>
   <div class='ocr_carea' id='block_1_9' title="bbox 382 805 1953 884">
    <p class='ocr_par' dir='ltr' id='par_1_9' title="bbox 382 805 1953 884">
     <span class='ocr_line' id='line_1_9' title="bbox 382 805 1953 884; baseline -0.004 -15"><span class='ocrx_word' id='word_1_40' title='bbox 382 829 488 884; x_wconf 87' lang='lat' dir='ltr'><strong>que</strong></span> <span class='ocrx_word' id='word_1_41' title='bbox 507 822 763 869; x_wconf 69' lang='lat' dir='ltr'><strong>aaternam</strong></span> <span class='ocrx_word' id='word_1_42' title='bbox 792 826 823 864; x_wconf 88' lang='lat' dir='ltr'><strong>a</strong></span> <span class='ocrx_word' id='word_1_43' title='bbox 844 807 1351 865; x_wconf 81' lang='lat' dir='ltr'><strong>misericordissima</strong></span> <span class='ocrx_word' id='word_1_44' title='bbox 1374 806 1603 861; x_wconf 87' lang='lat' dir='ltr'><strong>Domino</strong></span> <span class='ocrx_word' id='word_1_45' title='bbox 1628 805 1740 862; x_wconf 90' lang='lat' dir='ltr'><strong>Deo</strong></span> <span class='ocrx_word' id='word_1_46' title='bbox 1767 816 1953 862; x_wconf 87' lang='lat' dir='ltr'><strong>nostro</strong></span> 
     </span>
    </p>
   </div>
   <div class='ocr_carea' id='block_1_10' title="bbox 383 902 956 972">
    <p class='ocr_par' dir='ltr' id='par_1_10' title="bbox 383 902 956 972">
     <span class='ocr_line' id='line_1_10' title="bbox 383 902 956 972; baseline -0.01 -14"><span class='ocrx_word' id='word_1_47' title='bbox 383 902 638 972; x_wconf 83' lang='lat' dir='ltr'><strong>consequi</strong></span> <span class='ocrx_word' id='word_1_48' title='bbox 665 906 956 957; x_wconf 89' lang='lat' dir='ltr'><strong>mereatur.</strong></span> 
     </span>
    </p>
   </div>
   <div class='ocr_carea' id='block_1_11' title="bbox 1083 992 1266 1048">
    <p class='ocr_par' dir='ltr' id='par_1_11' title="bbox 1083 992 1266 1048">
     <span class='ocr_line' id='line_1_11' title="bbox 1083 992 1266 1048; baseline 0 -2"><span class='ocrx_word' id='word_1_49' title='bbox 1083 992 1266 1048; x_wconf 77' lang='lat' dir='ltr'><strong>XVIII.</strong></span> 
     </span>
    </p>
   </div>
   <div class='ocr_carea' id='block_1_12' title="bbox 883 1081 1443 1155">
    <p class='ocr_par' dir='ltr' id='par_1_12' title="bbox 883 1081 1443 1155">
     <span class='ocr_line' id='line_1_12' title="bbox 883 1081 1443 1155; baseline -0.032 0"><span class='ocrx_word' id='word_1_50' title='bbox 883 1082 1043 1155; x_wconf 62' lang='grc'><strong>134</strong></span> <span class='ocrx_word' id='word_1_51' title='bbox 1078 1081 1443 1153; x_wconf 81' lang='lat' dir='ltr'><strong>Privilegium.</strong></span> 
     </span>
    </p>
   </div>
   <div class='ocr_carea' id='block_1_13' title="bbox 450 1174 1955 1248">
    <p class='ocr_par' dir='ltr' id='par_1_13' title="bbox 450 1174 1955 1248">
     <span class='ocr_line' id='line_1_13' title="bbox 450 1174 1955 1248; baseline -0.003 -15"><span class='ocrx_word' id='word_1_52' title='bbox 450 1178 706 1248; x_wconf 64' lang='lat' dir='ltr'><strong>Supernae</strong></span> <span class='ocrx_word' id='word_1_53' title='bbox 731 1174 1095 1230; x_wconf 83' lang='lat' dir='ltr'><strong>miserationis</strong></span> <span class='ocrx_word' id='word_1_54' title='bbox 1133 1180 1383 1244; x_wconf 88' lang='lat' dir='ltr'><strong>respectu</strong></span> <span class='ocrx_word' id='word_1_55' title='bbox 1419 1175 1487 1228; x_wconf 90' lang='lat' dir='ltr'><strong>ad</strong></span> <span class='ocrx_word' id='word_1_56' title='bbox 1533 1174 1639 1228; x_wconf 91' lang='lat' dir='ltr'><strong>hoc</strong></span> <span class='ocrx_word' id='word_1_57' title='bbox 1680 1175 1955 1244; x_wconf 85' lang='lat' dir='ltr'><strong>regiminis</strong></span> 
     </span>
    </p>
   </div>
   <div class='ocr_carea' id='block_1_14' title="bbox 377 1262 1955 1336">
    <p class='ocr_par' dir='ltr' id='par_1_14' title="bbox 377 1262 1955 1336">
     <span class='ocr_line' id='line_1_14' title="bbox 377 1262 1955 1336; baseline -0.003 -12"><span class='ocrx_word' id='word_1_58' title='bbox 377 1276 563 1325; x_wconf 83' lang='lat' dir='ltr'><strong>curam</strong></span> <span class='ocrx_word' id='word_1_59' title='bbox 596 1266 966 1336; x_wconf 86' lang='lat' dir='ltr'><strong>suscepimus,</strong></span> <span class='ocrx_word' id='word_1_60' title='bbox 1021 1272 1080 1318; x_wconf 93' lang='lat' dir='ltr'><strong>ut</strong></span> <span class='ocrx_word' id='word_1_61' title='bbox 1112 1262 1259 1332; x_wconf 92' lang='lat' dir='ltr'><strong>juste</strong></span> <span class='ocrx_word' id='word_1_62' title='bbox 1303 1264 1640 1335; x_wconf 88' lang='lat' dir='ltr'><strong>precantium</strong></span> <span class='ocrx_word' id='word_1_63' title='bbox 1688 1266 1825 1319; x_wconf 89' lang='lat' dir='ltr'><strong>votis</strong></span> <span class='ocrx_word' id='word_1_64' title='bbox 1848 1304 1863 1326; x_wconf 92' lang='lat'><strong>,</strong></span> <span class='ocrx_word' id='word_1_65' title='bbox 1900 1274 1955 1319; x_wconf 89' lang='lat' dir='ltr'><strong>et</strong></span> 
     </span>
    </p>
   </div>
   <div class='ocr_carea' id='block_1_15' title="bbox 376 1354 1953 1428">
    <p class='ocr_par' dir='ltr' id='par_1_15' title="bbox 376 1354 1953 1428">
     <span class='ocr_line' id='line_1_15' title="bbox 376 1354 1953 1428; baseline -0.004 -13"><span class='ocrx_word' id='word_1_66' title='bbox 376 1358 662 1415; x_wconf 83' lang='lat' dir='ltr'><strong>libramine</strong></span> <span class='ocrx_word' id='word_1_67' title='bbox 684 1356 977 1428; x_wconf 65' lang='lat' dir='ltr'><strong>aequitatis,</strong></span> <span class='ocrx_word' id='word_1_68' title='bbox 1005 1355 1215 1411; x_wconf 90' lang='lat' dir='ltr'><strong>cunctis</strong></span> <span class='ocrx_word' id='word_1_69' title='bbox 1246 1355 1299 1409; x_wconf 87' lang='lat' dir='ltr'><strong>in</strong></span> <span class='ocrx_word' id='word_1_70' title='bbox 1325 1354 1739 1410; x_wconf 86' lang='lat' dir='ltr'><strong>necessitatibus</strong></span> <span class='ocrx_word' id='word_1_71' title='bbox 1763 1355 1953 1409; x_wconf 84' lang='lat' dir='ltr'><strong>subve-</strong></span> 
     </span>
    </p>
   </div>
   <div class='ocr_carea' id='block_1_16' title="bbox 377 1445 1956 1517">
    <p class='ocr_par' dir='ltr' id='par_1_16' title="bbox 377 1445 1956 1517">
     <span class='ocr_line' id='line_1_16' title="bbox 377 1445 1956 1517; baseline -0.004 -11"><span class='ocrx_word' id='word_1_72' title='bbox 377 1451 499 1506; x_wconf 90' lang='lat' dir='ltr'><strong>nire</strong></span> <span class='ocrx_word' id='word_1_73' title='bbox 517 1449 828 1512; x_wconf 83' lang='lat' dir='ltr'><strong>debeamus,</strong></span> <span class='ocrx_word' id='word_1_74' title='bbox 878 1446 1179 1517; x_wconf 61' lang='lat' dir='ltr'><strong>prmsertim</strong></span> <span class='ocrx_word' id='word_1_75' title='bbox 1218 1446 1308 1509; x_wconf 92' lang='lat' dir='ltr'><strong>iis,</strong></span> <span class='ocrx_word' id='word_1_76' title='bbox 1357 1445 1448 1515; x_wconf 89' lang='lat' dir='ltr'><strong>qui</strong></span> <span class='ocrx_word' id='word_1_77' title='bbox 1477 1462 1576 1516; x_wconf 91' lang='lat' dir='ltr'><strong>pro</strong></span> <span class='ocrx_word' id='word_1_78' title='bbox 1622 1446 1840 1500; x_wconf 83' lang='lat' dir='ltr'><strong>nomine</strong></span> <span class='ocrx_word' id='word_1_79' title='bbox 1871 1461 1956 1500; x_wconf 83' lang='lat' dir='ltr'><strong>rc-</strong></span> 
     </span>
    </p>
   </div>
   <div class='ocr_carea' id='block_1_17' title="bbox 379 1535 1955 1610">
    <p class='ocr_par' dir='ltr' id='par_1_17' title="bbox 379 1535 1955 1610">
     <span class='ocr_line' id='line_1_17' title="bbox 379 1535 1955 1610; baseline -0.006 -14"><span class='ocrx_word' id='word_1_80' title='bbox 379 1539 679 1610; x_wconf 90' lang='lat' dir='ltr'><strong>demptoris</strong></span> <span class='ocrx_word' id='word_1_81' title='bbox 694 1537 935 1592; x_wconf 82' lang='lat' dir='ltr'><strong>-Domiui</strong></span> <span class='ocrx_word' id='word_1_82' title='bbox 970 1535 1095 1593; x_wconf 80' lang='lat' dir='ltr'><strong>Jesu</strong></span> <span class='ocrx_word' id='word_1_83' title='bbox 1138 1536 1360 1601; x_wconf 79' lang='lat' dir='ltr'><strong>Christi,</strong></span> <span class='ocrx_word' id='word_1_84' title='bbox 1412 1536 1541 1592; x_wconf 89' lang='lat' dir='ltr'><strong>totis</strong></span> <span class='ocrx_word' id='word_1_85' title='bbox 1576 1550 1635 1591; x_wconf 88' lang='lat' dir='ltr'><strong>se</strong></span> <span class='ocrx_word' id='word_1_86' title='bbox 1664 1535 1789 1589; x_wconf 68' lang='lat' dir='ltr'><strong>vita:</strong></span> <span class='ocrx_word' id='word_1_87' title='bbox 1820 1544 1955 1588; x_wconf 79' lang='lat' dir='ltr'><strong>teni-</strong></span> 
     </span>
    </p>
   </div>
   <div class='ocr_carea' id='block_1_18' title="bbox 376 1625 1954 1704">
    <p class='ocr_par' dir='ltr' id='par_1_18' title="bbox 376 1625 1954 1704">
     <span class='ocr_line' id='line_1_18' title="bbox 376 1625 1954 1704; baseline -0.006 -16"><span class='ocrx_word' id='word_1_88' title='bbox 376 1632 624 1704; x_wconf 88' lang='lat' dir='ltr'><strong>poribus,</strong></span> <span class='ocrx_word' id='word_1_89' title='bbox 663 1631 730 1687; x_wconf 90' lang='lat' dir='ltr'><strong>ad</strong></span> <span class='ocrx_word' id='word_1_90' title='bbox 763 1630 1064 1686; x_wconf 77' lang='lat' dir='ltr'><strong>exhibenda</strong></span> <span class='ocrx_word' id='word_1_91' title='bbox 1097 1629 1282 1685; x_wconf 87' lang='lat' dir='ltr'><strong>sedula</strong></span> <span class='ocrx_word' id='word_1_92' title='bbox 1313 1628 1532 1684; x_wconf 87' lang='lat' dir='ltr'><strong>servitia</strong></span> <span class='ocrx_word' id='word_1_93' title='bbox 1554 1669 1569 1693; x_wconf 94' lang='lat'><strong>,</strong></span> <span class='ocrx_word' id='word_1_94' title='bbox 1599 1637 1655 1682; x_wconf 90' lang='lat' dir='ltr'><strong>et</strong></span> <span class='ocrx_word' id='word_1_95' title='bbox 1682 1625 1954 1682; x_wconf 78' lang='lat' dir='ltr'><strong>canendus</strong></span> 
     </span>
    </p>
   </div>
   <div class='ocr_carea' id='block_1_19' title="bbox 377 1719 1954 1796">
    <p class='ocr_par' dir='ltr' id='par_1_19' title="bbox 377 1719 1954 1796">
     <span class='ocr_line' id='line_1_19' title="bbox 377 1719 1954 1796; baseline -0.006 -15"><span class='ocrx_word' id='word_1_96' title='bbox 377 1725 649 1796; x_wconf 86' lang='lat' dir='ltr'><strong>potentias</strong></span> <span class='ocrx_word' id='word_1_97' title='bbox 685 1722 833 1792; x_wconf 86' lang='lat' dir='ltr'><strong>ejus,</strong></span> <span class='ocrx_word' id='word_1_98' title='bbox 883 1722 983 1777; x_wconf 91' lang='lat' dir='ltr'><strong>sub</strong></span> <span class='ocrx_word' id='word_1_99' title='bbox 1010 1720 1285 1792; x_wconf 76' lang='lat' dir='ltr'><strong>religionis</strong></span> <span class='ocrx_word' id='word_1_100' title='bbox 1314 1720 1524 1786; x_wconf 88' lang='lat' dir='ltr'><strong>habitu,</strong></span> <span class='ocrx_word' id='word_1_101' title='bbox 1570 1719 1739 1788; x_wconf 89' lang='lat' dir='ltr'><strong>septis</strong></span> <span class='ocrx_word' id='word_1_102' title='bbox 1768 1732 1954 1772; x_wconf 89' lang='lat' dir='ltr'><strong>mona-</strong></span> 
     </span>
    </p>
   </div>
   <div class='ocr_carea' id='block_1_20' title="bbox 379 1814 1955 1893">
    <p class='ocr_par' dir='ltr' id='par_1_20' title="bbox 379 1814 1955 1893">
     <span class='ocr_line' id='line_1_20' title="bbox 379 1814 1955 1893; baseline -0.003 -19"><span class='ocrx_word' id='word_1_103' title='bbox 379 1818 687 1893; x_wconf 77' lang='lat' dir='ltr'><strong>sterialibus</strong></span> <span class='ocrx_word' id='word_1_104' title='bbox 707 1816 1088 1874; x_wconf 88' lang='lat' dir='ltr'><strong>contulerunt:</strong></span> <span class='ocrx_word' id='word_1_105' title='bbox 1139 1830 1266 1869; x_wconf 89' lang='lat' dir='ltr'><strong>nam</strong></span> <span class='ocrx_word' id='word_1_106' title='bbox 1294 1814 1697 1885; x_wconf 83' lang='lat' dir='ltr'><strong>pontificalibus</strong></span> <span class='ocrx_word' id='word_1_107' title='bbox 1746 1815 1955 1870; x_wconf 89' lang='lat' dir='ltr'><strong>meritis</strong></span> 
     </span>
    </p>
   </div>
   <div class='ocr_carea' id='block_1_21' title="bbox 378 1906 1954 1975">
    <p class='ocr_par' dir='ltr' id='par_1_21' title="bbox 378 1906 1954 1975">
     <span class='ocr_line' id='line_1_21' title="bbox 378 1906 1954 1975; baseline -0.002 -14"><span class='ocrx_word' id='word_1_108' title='bbox 378 1912 702 1964; x_wconf 83' lang='lat' dir='ltr'><strong>decoramur</strong></span> <span class='ocrx_word' id='word_1_109' title='bbox 724 1947 741 1973; x_wconf 94' lang='lat'><strong>,</strong></span> <span class='ocrx_word' id='word_1_110' title='bbox 770 1908 899 1963; x_wconf 89' lang='lat' dir='ltr'><strong>dum</strong></span> <span class='ocrx_word' id='word_1_111' title='bbox 928 1921 997 1962; x_wconf 81' lang='lat' dir='ltr'><strong>ex</strong></span> <span class='ocrx_word' id='word_1_112' title='bbox 1037 1906 1292 1964; x_wconf 82' lang='lat' dir='ltr'><strong>mandato</strong></span> <span class='ocrx_word' id='word_1_113' title='bbox 1320 1906 1531 1970; x_wconf 87' lang='lat' dir='ltr'><strong>divino,</strong></span> <span class='ocrx_word' id='word_1_114' title='bbox 1574 1906 1825 1975; x_wconf 83' lang='lat' dir='ltr'><strong>exigente</strong></span> <span class='ocrx_word' id='word_1_115' title='bbox 1868 1920 1954 1958; x_wconf 87' lang='lat' dir='ltr'><strong>ra-</strong></span> 
     </span>
    </p>
   </div>
   <div class='ocr_carea' id='block_1_22' title="bbox 378 1995 1955 2068">
    <p class='ocr_par' dir='ltr' id='par_1_22' title="bbox 378 1995 1955 2068">
     <span class='ocr_line' id='line_1_22' title="bbox 378 1995 1955 2068; baseline -0.003 -14"><span class='ocrx_word' id='word_1_116' title='bbox 378 2000 543 2064; x_wconf 86' lang='lat' dir='ltr'><strong>tione,</strong></span> <span class='ocrx_word' id='word_1_117' title='bbox 577 1996 703 2068; x_wconf 88' lang='lat' dir='ltr'><strong>jure</strong></span> <span class='ocrx_word' id='word_1_118' title='bbox 729 1996 1058 2068; x_wconf 88' lang='lat' dir='ltr'><strong>pertinentia</strong></span> <span class='ocrx_word' id='word_1_119' title='bbox 1092 1997 1289 2066; x_wconf 88' lang='lat' dir='ltr'><strong>cuique</strong></span> <span class='ocrx_word' id='word_1_120' title='bbox 1329 1995 1683 2059; x_wconf 88' lang='lat' dir='ltr'><strong>restituimus,</strong></span> <span class='ocrx_word' id='word_1_121' title='bbox 1728 2004 1783 2051; x_wconf 90' lang='lat' dir='ltr'><strong>et</strong></span> <span class='ocrx_word' id='word_1_122' title='bbox 1807 2010 1955 2051; x_wconf 87' lang='lat' dir='ltr'><strong>com—</strong></span> 
     </span>
    </p>
   </div>
   <div class='ocr_carea' id='block_1_23' title="bbox 375 2087 1952 2162">
    <p class='ocr_par' dir='ltr' id='par_1_23' title="bbox 375 2087 1952 2162">
     <span class='ocr_line' id='line_1_23' title="bbox 375 2087 1952 2162; baseline -0.003 -15"><span class='ocrx_word' id='word_1_123' title='bbox 375 2091 630 2162; x_wconf 84' lang='lat' dir='ltr'><strong>passione</strong></span> <span class='ocrx_word' id='word_1_124' title='bbox 660 2087 944 2160; x_wconf 84' lang='lat' dir='ltr'><strong>pastorali,</strong></span> <span class='ocrx_word' id='word_1_125' title='bbox 991 2088 1039 2144; x_wconf 89' lang='lat' dir='ltr'><strong>si</strong></span> <span class='ocrx_word' id='word_1_126' title='bbox 1085 2101 1222 2157; x_wconf 86' lang='lat' dir='ltr'><strong>quos</strong></span> <span class='ocrx_word' id='word_1_127' title='bbox 1249 2094 1426 2143; x_wconf 84' lang='lat' dir='ltr'><strong>arctat</strong></span> <span class='ocrx_word' id='word_1_128' title='bbox 1454 2087 1773 2153; x_wconf 86' lang='lat' dir='ltr'><strong>necessitas,</strong></span> <span class='ocrx_word' id='word_1_129' title='bbox 1820 2101 1952 2143; x_wconf 88' lang='lat' dir='ltr'><strong>con-</strong></span> 
     </span>
    </p>
   </div>
   <div class='ocr_carea' id='block_1_24' title="bbox 377 2167 833 2240">
    <p class='ocr_par' dir='ltr' id='par_1_24' title="bbox 377 2167 833 2240">
     <span class='ocr_line' id='line_1_24' title="bbox 377 2167 833 2240; baseline -0.009 0"><span class='ocrx_word' id='word_1_130' title='bbox 377 2183 633 2240; x_wconf 86' lang='lat' dir='ltr'><strong>solamur.</strong></span> <span class='ocrx_word' id='word_1_131' title='bbox 829 2167 833 2172; x_wconf 59' lang='grc'><em>’</em></span> 
     </span>
    </p>
   </div>
   <div class='ocr_carea' id='block_1_25' title="bbox 447 2271 1950 2346">
    <p class='ocr_par' dir='ltr' id='par_1_25' title="bbox 447 2271 1950 2346">
     <span class='ocr_line' id='line_1_25' title="bbox 447 2271 1950 2346; baseline -0.004 -15"><span class='ocrx_word' id='word_1_132' title='bbox 447 2276 585 2343; x_wconf 87' lang='lat' dir='ltr'><strong>Quia</strong></span> <span class='ocrx_word' id='word_1_133' title='bbox 606 2290 736 2331; x_wconf 89' lang='lat' dir='ltr'><strong>vero</strong></span> <span class='ocrx_word' id='word_1_134' title='bbox 760 2275 1007 2346; x_wconf 86' lang='lat' dir='ltr'><strong>plurimis</strong></span> <span class='ocrx_word' id='word_1_135' title='bbox 1027 2273 1316 2329; x_wconf 88' lang='lat' dir='ltr'><strong>transactis</strong></span> <span class='ocrx_word' id='word_1_136' title='bbox 1341 2273 1521 2336; x_wconf 91' lang='lat' dir='ltr'><strong>annis,</strong></span> <span class='ocrx_word' id='word_1_137' title='bbox 1546 2271 1950 2331; x_wconf 73' lang='lat' dir='ltr'><strong>Monasterium,</strong></span> 
     </span>
    </p>
   </div>
   <div class='ocr_carea' id='block_1_26' title="bbox 376 2360 1953 2438">
    <p class='ocr_par' dir='ltr' id='par_1_26' title="bbox 376 2360 1953 2438">
     <span class='ocr_line' id='line_1_26' title="bbox 376 2360 1953 2438; baseline -0.006 -15"><span class='ocrx_word' id='word_1_138' title='bbox 376 2368 464 2424; x_wconf 90' lang='lat' dir='ltr'><strong>cui</strong></span> <span class='ocrx_word' id='word_1_139' title='bbox 495 2375 690 2438; x_wconf 76' lang='lat' dir='ltr'><strong>przcest</strong></span> <span class='ocrx_word' id='word_1_140' title='bbox 713 2373 806 2421; x_wconf 90' lang='lat' dir='ltr'><strong>tua</strong></span> <span class='ocrx_word' id='word_1_141' title='bbox 845 2364 1057 2435; x_wconf 79' lang='lat' dir='ltr'><strong>religio,</strong></span> <span class='ocrx_word' id='word_1_142' title='bbox 1102 2364 1181 2419; x_wconf 80' lang='grc'><strong>111.</strong></span> <span class='ocrx_word' id='word_1_143' title='bbox 1228 2363 1435 2429; x_wconf 81' lang='lat' dir='ltr'><strong>Abbas,</strong></span> <span class='ocrx_word' id='word_1_144' title='bbox 1482 2376 1664 2417; x_wconf 89' lang='lat' dir='ltr'><strong>coram</strong></span> <span class='ocrx_word' id='word_1_145' title='bbox 1712 2360 1953 2432; x_wconf 84' lang='lat' dir='ltr'><strong>synodali</strong></span> 
     </span>
    </p>
   </div>
   <div class='ocr_carea' id='block_1_27' title="bbox 376 2452 1954 2528">
    <p class='ocr_par' dir='ltr' id='par_1_27' title="bbox 376 2452 1954 2528">
     <span class='ocr_line' id='line_1_27' title="bbox 376 2452 1954 2528; baseline -0.006 -14"><span class='ocrx_word' id='word_1_146' title='bbox 376 2458 632 2528; x_wconf 90' lang='lat' dir='ltr'><strong>Collegio,</strong></span> <span class='ocrx_word' id='word_1_147' title='bbox 667 2464 918 2527; x_wconf 90' lang='lat' dir='ltr'><strong>porrecta</strong></span> <span class='ocrx_word' id='word_1_148' title='bbox 944 2455 1203 2526; x_wconf 89' lang='lat' dir='ltr'><strong>petitione</strong></span> <span class='ocrx_word' id='word_1_149' title='bbox 1223 2494 1240 2520; x_wconf 93' lang='lat'><strong>,</strong></span> <span class='ocrx_word' id='word_1_150' title='bbox 1289 2453 1603 2518; x_wconf 87' lang='lat' dir='ltr'><strong>innotuisti,</strong></span> <span class='ocrx_word' id='word_1_151' title='bbox 1652 2452 1954 2522; x_wconf 87' lang='lat' dir='ltr'><strong>possedisse</strong></span> 
     </span>
    </p>
   </div>
   <div class='ocr_carea' id='block_1_28' title="bbox 377 2543 1955 2620">
    <p class='ocr_par' dir='ltr' id='par_1_28' title="bbox 377 2543 1955 2620">
     <span class='ocr_line' id='line_1_28' title="bbox 377 2543 1955 2620; baseline -0.005 -15"><span class='ocrx_word' id='word_1_152' title='bbox 377 2551 493 2620; x_wconf 82' lang='lat' dir='ltr'><strong>iure</strong></span> <span class='ocrx_word' id='word_1_153' title='bbox 517 2550 838 2604; x_wconf 85' lang='lat' dir='ltr'><strong>inconcusso</strong></span> <span class='ocrx_word' id='word_1_154' title='bbox 865 2546 1087 2601; x_wconf 84' lang='lat' dir='ltr'><strong>fundum</strong></span> <span class='ocrx_word' id='word_1_155' title='bbox 1114 2545 1195 2600; x_wconf 83' lang='lat' dir='ltr'><strong>ill.</strong></span> <span class='ocrx_word' id='word_1_156' title='bbox 1243 2554 1300 2600; x_wconf 90' lang='lat' dir='ltr'><strong>et</strong></span> <span class='ocrx_word' id='word_1_157' title='bbox 1322 2544 1400 2599; x_wconf 92' lang='grc'><strong>111.</strong></span> <span class='ocrx_word' id='word_1_158' title='bbox 1433 2553 1487 2598; x_wconf 91' lang='lat' dir='ltr'><strong>et</strong></span> <span class='ocrx_word' id='word_1_159' title='bbox 1517 2543 1661 2613; x_wconf 89' lang='lat' dir='ltr'><strong>quod</strong></span> <span class='ocrx_word' id='word_1_160' title='bbox 1681 2543 1805 2620; x_wconf 87' lang='lat' dir='ltr'><strong>talis</strong></span> <span class='ocrx_word' id='word_1_161' title='bbox 1831 2558 1955 2597; x_wconf 54' lang='lat' dir='ltr'><strong>san-</strong></span> 
     </span>
    </p>
   </div>
   <div class='ocr_carea' id='block_1_29' title="bbox 376 2619 1952 2708">
    <p class='ocr_par' dir='ltr' id='par_1_29' title="bbox 376 2619 1952 2708">
     <span class='ocr_line' id='line_1_29' title="bbox 376 2619 1952 2708; baseline -0.006 -13"><span class='ocrx_word' id='word_1_162' title='bbox 376 2619 476 2697; x_wconf 67' lang='lat' dir='ltr'><strong>etas</strong></span> <span class='ocrx_word' id='word_1_163' title='bbox 503 2638 893 2697; x_wconf 87' lang='lat' dir='ltr'><strong>recordationis</strong></span> <span class='ocrx_word' id='word_1_164' title='bbox 934 2651 1229 2708; x_wconf 67' lang='lat' dir='ltr'><strong>pimcessor</strong></span> <span class='ocrx_word' id='word_1_165' title='bbox 1261 2650 1423 2705; x_wconf 89' lang='lat' dir='ltr'><strong>supra</strong></span> <span class='ocrx_word' id='word_1_166' title='bbox 1445 2634 1706 2703; x_wconf 88' lang='lat' dir='ltr'><strong>scriptum</strong></span> <span class='ocrx_word' id='word_1_167' title='bbox 1732 2619 1952 2690; x_wconf 79' lang='lat' dir='ltr'><strong>l&#39;undum</strong></span> 
     </span>
    </p>
   </div>
   <div class='ocr_carea' id='block_1_30' title="bbox 377 2723 1956 2804">
    <p class='ocr_par' dir='ltr' id='par_1_30' title="bbox 377 2723 1956 2804">
     <span class='ocr_line' id='line_1_30' title="bbox 377 2723 1956 2804; baseline -0.008 -14"><span class='ocrx_word' id='word_1_168' title='bbox 377 2746 481 2790; x_wconf 71' lang='lat' dir='ltr'><strong>tua:</strong></span> <span class='ocrx_word' id='word_1_169' title='bbox 506 2730 908 2804; x_wconf 75' lang='lat' dir='ltr'><strong>congregationi</strong></span> <span class='ocrx_word' id='word_1_170' title='bbox 954 2727 1279 2785; x_wconf 85' lang='lat' dir='ltr'><strong>restituisset</strong></span> <span class='ocrx_word' id='word_1_171' title='bbox 1313 2745 1325 2781; x_wconf 91' lang='lat'>:</span> <span class='ocrx_word' id='word_1_172' title='bbox 1376 2724 1583 2794; x_wconf 84' lang='lat' dir='ltr'><strong>justum</strong></span> <span class='ocrx_word' id='word_1_173' title='bbox 1623 2723 1739 2780; x_wconf 88' lang='lat' dir='ltr'><strong>fore</strong></span> <span class='ocrx_word' id='word_1_174' title='bbox 1767 2724 1956 2779; x_wconf 90' lang='lat' dir='ltr'><strong>decer-</strong></span> 
     </span>
    </p>
   </div>
   <div class='ocr_carea' id='block_1_31' title="bbox 378 2815 1955 2889">
    <p class='ocr_par' dir='ltr' id='par_1_31' title="bbox 378 2815 1955 2889">
     <span class='ocr_line' id='line_1_31' title="bbox 378 2815 1955 2889; baseline -0.007 -10"><span class='ocrx_word' id='word_1_175' title='bbox 378 2826 589 2889; x_wconf 87' lang='lat' dir='ltr'><strong>nimus,</strong></span> <span class='ocrx_word' id='word_1_176' title='bbox 641 2822 935 2877; x_wconf 86' lang='lat' dir='ltr'><strong>autoritate</strong></span> <span class='ocrx_word' id='word_1_177' title='bbox 980 2820 1125 2877; x_wconf 88' lang='lat' dir='ltr'><strong>beati</strong></span> <span class='ocrx_word' id='word_1_178' title='bbox 1155 2818 1303 2875; x_wconf 81' lang='lat' dir='ltr'><strong>Petri</strong></span> <span class='ocrx_word' id='word_1_179' title='bbox 1334 2816 1718 2887; x_wconf 83' lang='lat' dir='ltr'><strong>Apostolorum</strong></span> <span class='ocrx_word' id='word_1_180' title='bbox 1747 2815 1955 2869; x_wconf 83' lang='lat' dir='ltr'><strong>Princi-</strong></span> 
     </span>
    </p>
   </div>
   <div class='ocr_carea' id='block_1_32' title="bbox 376 2909 1952 2984">
    <p class='ocr_par' dir='ltr' id='par_1_32' title="bbox 376 2909 1952 2984">
     <span class='ocr_line' id='line_1_32' title="bbox 376 2909 1952 2984; baseline -0.006 -15"><span class='ocrx_word' id='word_1_181' title='bbox 376 2916 487 2984; x_wconf 88' lang='lat' dir='ltr'><strong>pis,</strong></span> <span class='ocrx_word' id='word_1_182' title='bbox 535 2911 687 2982; x_wconf 90' lang='lat' dir='ltr'><strong>cujus</strong></span> <span class='ocrx_word' id='word_1_183' title='bbox 714 2912 842 2968; x_wconf 89' lang='lat' dir='ltr'><strong>licet</strong></span> <span class='ocrx_word' id='word_1_184' title='bbox 868 2911 1076 2966; x_wconf 91' lang='lat' dir='ltr'><strong>meritis</strong></span> <span class='ocrx_word' id='word_1_185' title='bbox 1105 2910 1340 2980; x_wconf 87' lang='lat' dir='ltr'><strong>impares</strong></span> <span class='ocrx_word' id='word_1_186' title='bbox 1364 2950 1379 2974; x_wconf 95' lang='lat'><strong>,</strong></span> <span class='ocrx_word' id='word_1_187' title='bbox 1427 2909 1741 2979; x_wconf 85' lang='lat' dir='ltr'><strong>dignatione</strong></span> <span class='ocrx_word' id='word_1_188' title='bbox 1773 2917 1952 2961; x_wconf 89' lang='lat' dir='ltr'><strong>tamen</strong></span> 
     </span>
    </p>
   </div>
   <div class='ocr_carea' id='block_1_33' title="bbox 376 3000 1957 3076">
    <p class='ocr_par' dir='ltr' id='par_1_33' title="bbox 376 3000 1957 3076">
     <span class='ocr_line' id='line_1_33' title="bbox 376 3000 1957 3076; baseline -0.005 -14"><span class='ocrx_word' id='word_1_189' title='bbox 376 3007 577 3071; x_wconf 87' lang='lat' dir='ltr'><strong>divina,</strong></span> <span class='ocrx_word' id='word_1_190' title='bbox 609 3005 755 3060; x_wconf 83' lang='lat' dir='ltr'><strong>vices</strong></span> <span class='ocrx_word' id='word_1_191' title='bbox 780 3004 1046 3076; x_wconf 81' lang='lat' dir='ltr'><strong>gerimus,</strong></span> <span class='ocrx_word' id='word_1_192' title='bbox 1089 3012 1209 3056; x_wconf 91' lang='lat' dir='ltr'><strong>uta</strong></span> <span class='ocrx_word' id='word_1_193' title='bbox 1253 3002 1505 3071; x_wconf 65' lang='lat' dir='ltr'><strong>praesenti</strong></span> <span class='ocrx_word' id='word_1_194' title='bbox 1546 3001 1624 3055; x_wconf 90' lang='grc'><strong>111.</strong></span> <span class='ocrx_word' id='word_1_195' title='bbox 1666 3000 1957 3055; x_wconf 78' lang='lat' dir='ltr'><strong>indictione</strong></span> 
     </span>
    </p>
   </div>
   <div class='ocr_carea' id='block_1_34' title="bbox 376 3088 1959 3168">
    <p class='ocr_par' dir='ltr' id='par_1_34' title="bbox 376 3088 1959 3168">
     <span class='ocr_line' id='line_1_34' title="bbox 376 3088 1959 3168; baseline -0.004 -18"><span class='ocrx_word' id='word_1_196' title='bbox 376 3108 539 3166; x_wconf 85' lang='lat' dir='ltr'><strong>atque</strong></span> <span class='ocrx_word' id='word_1_197' title='bbox 562 3095 839 3168; x_wconf 84' lang='lat' dir='ltr'><strong>perpetuis</strong></span> <span class='ocrx_word' id='word_1_198' title='bbox 881 3094 1231 3162; x_wconf 88' lang='lat' dir='ltr'><strong>temporibus,</strong></span> <span class='ocrx_word' id='word_1_199' title='bbox 1273 3093 1522 3147; x_wconf 88' lang='lat' dir='ltr'><strong>eumdem</strong></span> <span class='ocrx_word' id='word_1_200' title='bbox 1553 3090 1772 3145; x_wconf 87' lang='lat' dir='ltr'><strong>fundum</strong></span> <span class='ocrx_word' id='word_1_201' title='bbox 1797 3088 1874 3142; x_wconf 91' lang='lat' dir='ltr'><strong>Ill.</strong></span> <span class='ocrx_word' id='word_1_202' title='bbox 1903 3099 1959 3143; x_wconf 87' lang='lat' dir='ltr'><strong>et</strong></span> 
     </span>
    </p>
   </div>
   <div class='ocr_carea' id='block_1_35' title="bbox 373 3178 1959 3254">
    <p class='ocr_par' dir='ltr' id='par_1_35' title="bbox 373 3178 1959 3254">
     <span class='ocr_line' id='line_1_35' title="bbox 373 3178 1959 3254; baseline -0.007 -11"><span class='ocrx_word' id='word_1_203' title='bbox 373 3190 454 3243; x_wconf 82' lang='grc'><strong>111.</strong></span> <span class='ocrx_word' id='word_1_204' title='bbox 487 3186 873 3250; x_wconf 76' lang='lat' dir='ltr'><strong>Monasterium</strong></span> <span class='ocrx_word' id='word_1_205' title='bbox 908 3194 1077 3250; x_wconf 89' lang='lat' dir='ltr'><strong>tuum,</strong></span> <span class='ocrx_word' id='word_1_206' title='bbox 1112 3193 1308 3254; x_wconf 79' lang='lat' dir='ltr'><strong>tuaque</strong></span> <span class='ocrx_word' id='word_1_207' title='bbox 1339 3182 1712 3253; x_wconf 76' lang='lat' dir='ltr'><strong>congregatio,</strong></span> <span class='ocrx_word' id='word_1_208' title='bbox 1753 3178 1959 3248; x_wconf 81' lang='lat' dir='ltr'><strong>absque</strong></span> 
     </span>
    </p>
   </div>
   <div class='ocr_carea' id='block_1_36' title="bbox 374 3267 1959 3350">
    <p class='ocr_par' dir='ltr' id='par_1_36' title="bbox 374 3267 1959 3350">
     <span class='ocr_line' id='line_1_36' title="bbox 374 3267 1959 3350; baseline -0.006 -17"><span class='ocrx_word' id='word_1_209' title='bbox 374 3280 617 3350; x_wconf 85' lang='lat' dir='ltr'><strong>qualibet</strong></span> <span class='ocrx_word' id='word_1_210' title='bbox 661 3276 877 3333; x_wconf 88' lang='lat' dir='ltr'><strong>annuali</strong></span> <span class='ocrx_word' id='word_1_211' title='bbox 918 3274 1193 3346; x_wconf 90' lang='lat' dir='ltr'><strong>possideat</strong></span> <span class='ocrx_word' id='word_1_212' title='bbox 1236 3272 1542 3337; x_wconf 90' lang='lat' dir='ltr'><strong>functione,</strong></span> <span class='ocrx_word' id='word_1_213' title='bbox 1586 3286 1792 3339; x_wconf 89' lang='lat' dir='ltr'><strong>suoque</strong></span> <span class='ocrx_word' id='word_1_214' title='bbox 1834 3267 1959 3338; x_wconf 83' lang='lat' dir='ltr'><strong>jure</strong></span> 
     </span>
    </p>
   </div>
   <div class='ocr_carea' id='block_1_37' title="bbox 374 3362 1961 3443">
    <p class='ocr_par' dir='ltr' id='par_1_37' title="bbox 374 3362 1961 3443">
     <span class='ocr_line' id='line_1_37' title="bbox 374 3362 1961 3443; baseline -0.008 -16"><span class='ocrx_word' id='word_1_215' title='bbox 374 3370 647 3437; x_wconf 79' lang='lat' dir='ltr'><strong>defendat,</strong></span> <span class='ocrx_word' id='word_1_216' title='bbox 678 3367 1021 3443; x_wconf 88' lang='lat' dir='ltr'><strong>propriisque</strong></span> <span class='ocrx_word' id='word_1_217' title='bbox 1065 3366 1253 3423; x_wconf 91' lang='lat' dir='ltr'><strong>usibus</strong></span> <span class='ocrx_word' id='word_1_218' title='bbox 1285 3363 1544 3429; x_wconf 88' lang='lat' dir='ltr'><strong>vindicet,</strong></span> <span class='ocrx_word' id='word_1_219' title='bbox 1576 3362 1859 3433; x_wconf 87' lang='lat' dir='ltr'><strong>nullusque</strong></span> <span class='ocrx_word' id='word_1_220' title='bbox 1883 3370 1961 3415; x_wconf 86' lang='lat' dir='ltr'><strong>tc-</strong></span> 
     </span>
    </p>
   </div>
   <div class='ocr_carea' id='block_1_38' title="bbox 374 3455 1960 3528">
    <p class='ocr_par' dir='ltr' id='par_1_38' title="bbox 374 3455 1960 3528">
     <span class='ocr_line' id='line_1_38' title="bbox 374 3455 1960 3528; baseline -0.005 -11"><span class='ocrx_word' id='word_1_221' title='bbox 374 3461 637 3519; x_wconf 87' lang='lat' dir='ltr'><strong>meritatis</strong></span> <span class='ocrx_word' id='word_1_222' title='bbox 662 3475 799 3517; x_wconf 89' lang='lat' dir='ltr'><strong>ausu</strong></span> <span class='ocrx_word' id='word_1_223' title='bbox 825 3476 856 3516; x_wconf 88' lang='lat' dir='ltr'><strong>a</strong></span> <span class='ocrx_word' id='word_1_224' title='bbox 901 3458 1057 3515; x_wconf 90' lang='lat' dir='ltr'><strong>vobis</strong></span> <span class='ocrx_word' id='word_1_225' title='bbox 1084 3457 1301 3514; x_wconf 90' lang='lat' dir='ltr'><strong>auferre</strong></span> <span class='ocrx_word' id='word_1_226' title='bbox 1319 3498 1333 3522; x_wconf 93' lang='lat'><strong>,</strong></span> <span class='ocrx_word' id='word_1_227' title='bbox 1387 3456 1581 3528; x_wconf 89' lang='lat' dir='ltr'><strong>quovis</strong></span> <span class='ocrx_word' id='word_1_228' title='bbox 1617 3455 1836 3524; x_wconf 87' lang='lat' dir='ltr'><strong>ingenio</strong></span> <span class='ocrx_word' id='word_1_229' title='bbox 1866 3462 1960 3509; x_wconf 89' lang='lat' dir='ltr'><strong>aut</strong></span> 
     </span>
    </p>
   </div>
   <div class='ocr_carea' id='block_1_39' title="bbox 373 3549 1958 3621">
    <p class='ocr_par' dir='ltr' id='par_1_39' title="bbox 373 3549 1958 3621">
     <span class='ocr_line' id='line_1_39' title="bbox 373 3549 1958 3621; baseline -0.006 -10"><span class='ocrx_word' id='word_1_230' title='bbox 373 3555 682 3621; x_wconf 83' lang='lat' dir='ltr'><strong>occasione,</strong></span> <span class='ocrx_word' id='word_1_231' title='bbox 719 3560 894 3611; x_wconf 83' lang='lat' dir='ltr'><strong>tentet</strong></span> <span class='ocrx_word' id='word_1_232' title='bbox 930 3551 1019 3609; x_wconf 87' lang='lat' dir='ltr'><strong>vel</strong></span> <span class='ocrx_word' id='word_1_233' title='bbox 1046 3560 1296 3618; x_wconf 90' lang='lat' dir='ltr'><strong>temeret,</strong></span> <span class='ocrx_word' id='word_1_234' title='bbox 1329 3551 1425 3607; x_wconf 90' lang='lat' dir='ltr'><strong>sed</strong></span> <span class='ocrx_word' id='word_1_235' title='bbox 1452 3558 1715 3620; x_wconf 90' lang='lat' dir='ltr'><strong>perpetuo</strong></span> <span class='ocrx_word' id='word_1_236' title='bbox 1736 3549 1859 3619; x_wconf 85' lang='lat' dir='ltr'><strong>jure</strong></span> <span class='ocrx_word' id='word_1_237' title='bbox 1902 3557 1958 3615; x_wconf 82' lang='lat' dir='ltr'><strong>et</strong></span> 
     </span>
    </p>
   </div>
   <div class='ocr_carea' id='block_1_40' title="bbox 374 3641 1487 3717">
    <p class='ocr_par' dir='ltr' id='par_1_40' title="bbox 374 3641 1487 3717">
     <span class='ocr_line' id='line_1_40' title="bbox 374 3641 1487 3717; baseline -0.006 -17"><span class='ocrx_word' id='word_1_238' title='bbox 374 3646 704 3717; x_wconf 86' lang='lat' dir='ltr'><strong>proprietate</strong></span> <span class='ocrx_word' id='word_1_239' title='bbox 728 3652 986 3699; x_wconf 89' lang='lat' dir='ltr'><strong>maneant</strong></span> <span class='ocrx_word' id='word_1_240' title='bbox 1010 3642 1337 3699; x_wconf 87' lang='lat' dir='ltr'><strong>venerabilis</strong></span> <span class='ocrx_word' id='word_1_241' title='bbox 1363 3641 1487 3695; x_wconf 89' lang='lat' dir='ltr'><strong>loci.</strong></span> 
     </span>
    </p>
   </div>
   <div class='ocr_carea' id='block_1_41' title="bbox 445 3726 1956 3804">
    <p class='ocr_par' dir='ltr' id='par_1_41' title="bbox 445 3726 1956 3804">
     <span class='ocr_line' id='line_1_41' title="bbox 445 3726 1956 3804; baseline -0.007 -13"><span class='ocrx_word' id='word_1_242' title='bbox 445 3735 505 3791; x_wconf 87' lang='lat' dir='ltr'><strong>Si</strong></span> <span class='ocrx_word' id='word_1_243' title='bbox 542 3735 666 3804; x_wconf 83' lang='lat' dir='ltr'><strong>quis</strong></span> <span class='ocrx_word' id='word_1_244' title='bbox 692 3741 896 3797; x_wconf 85' lang='lat' dir='ltr'><strong>autem,</strong></span> <span class='ocrx_word' id='word_1_245' title='bbox 943 3734 1087 3802; x_wconf 91' lang='lat' dir='ltr'><strong>quod</strong></span> <span class='ocrx_word' id='word_1_246' title='bbox 1135 3746 1241 3785; x_wconf 87' lang='lat' dir='ltr'><strong>non</strong></span> <span class='ocrx_word' id='word_1_247' title='bbox 1271 3738 1539 3799; x_wconf 87' lang='lat' dir='ltr'><strong>optamus,</strong></span> <span class='ocrx_word' id='word_1_248' title='bbox 1592 3728 1753 3799; x_wconf 87' lang='lat' dir='ltr'><strong>hujus</strong></span> <span class='ocrx_word' id='word_1_249' title='bbox 1781 3726 1956 3783; x_wconf 90' lang='lat' dir='ltr'><strong>nostri</strong></span> 
     </span>
    </p>
   </div>
   <div class='ocr_carea' id='block_1_42' title="bbox 376 3817 1956 3892">
    <p class='ocr_par' dir='ltr' id='par_1_42' title="bbox 376 3817 1956 3892">
     <span class='ocr_line' id='line_1_42' title="bbox 376 3817 1956 3892; baseline -0.006 -11"><span class='ocrx_word' id='word_1_250' title='bbox 376 3825 538 3881; x_wconf 89' lang='lat' dir='ltr'><strong>fuerit</strong></span> <span class='ocrx_word' id='word_1_251' title='bbox 564 3838 729 3878; x_wconf 87' lang='lat' dir='ltr'><strong>ausus</strong></span> <span class='ocrx_word' id='word_1_252' title='bbox 756 3822 960 3878; x_wconf 88' lang='lat' dir='ltr'><strong>decreti</strong></span> <span class='ocrx_word' id='word_1_253' title='bbox 1006 3822 1258 3892; x_wconf 89' lang='lat' dir='ltr'><strong>paginam</strong></span> <span class='ocrx_word' id='word_1_254' title='bbox 1302 3829 1495 3876; x_wconf 88' lang='lat' dir='ltr'><strong>contra</strong></span> <span class='ocrx_word' id='word_1_255' title='bbox 1527 3820 1626 3884; x_wconf 89' lang='lat' dir='ltr'><strong>ire,</strong></span> <span class='ocrx_word' id='word_1_256' title='bbox 1671 3819 1753 3873; x_wconf 85' lang='lat' dir='ltr'><strong>vel</strong></span> <span class='ocrx_word' id='word_1_257' title='bbox 1784 3817 1956 3872; x_wconf 90' lang='lat' dir='ltr'><strong>mole-</strong></span> 
     </span>
    </p>
   </div>
   <div class='ocr_carea' id='block_1_43' title="bbox 375 3908 1957 3981">
    <p class='ocr_par' dir='ltr' id='par_1_43' title="bbox 375 3908 1957 3981">
     <span class='ocr_line' id='line_1_43' title="bbox 375 3908 1957 3981; baseline -0.004 -10"><span class='ocrx_word' id='word_1_258' title='bbox 375 3917 536 3972; x_wconf 86' lang='lat' dir='ltr'><strong>stiam</strong></span> <span class='ocrx_word' id='word_1_259' title='bbox 586 3913 787 3969; x_wconf 88' lang='lat' dir='ltr'><strong>inferre</strong></span> <span class='ocrx_word' id='word_1_260' title='bbox 828 3921 1053 3969; x_wconf 89' lang='lat' dir='ltr'><strong>conatus</strong></span> <span class='ocrx_word' id='word_1_261' title='bbox 1094 3911 1260 3968; x_wconf 87' lang='lat' dir='ltr'><strong>fuerit</strong></span> <span class='ocrx_word' id='word_1_262' title='bbox 1304 3912 1443 3981; x_wconf 88' lang='lat' dir='ltr'><strong>parti</strong></span> <span class='ocrx_word' id='word_1_263' title='bbox 1476 3920 1690 3977; x_wconf 65' lang='lat' dir='ltr'><strong>vestras,</strong></span> <span class='ocrx_word' id='word_1_264' title='bbox 1740 3908 1957 3965; x_wconf 89' lang='lat' dir='ltr'><strong>vinculo</strong></span> 
     </span>
    </p>
   </div>
   <div class='ocr_carea' id='block_1_44' title="bbox 374 4001 1959 4075">
    <p class='ocr_par' dir='ltr' id='par_1_44' title="bbox 374 4001 1959 4075">
     <span class='ocr_line' id='line_1_44' title="bbox 374 4001 1959 4075; baseline -0.009 -6"><span class='ocrx_word' id='word_1_265' title='bbox 374 4008 734 4069; x_wconf 79' lang='lat' dir='ltr'><strong>anathematis</strong></span> <span class='ocrx_word' id='word_1_266' title='bbox 753 4005 1040 4062; x_wconf 88' lang='lat' dir='ltr'><strong>innodetur</strong></span> <span class='ocrx_word' id='word_1_267' title='bbox 1062 4046 1077 4069; x_wconf 96' lang='lat'><strong>,</strong></span> <span class='ocrx_word' id='word_1_268' title='bbox 1107 4011 1163 4059; x_wconf 90' lang='lat' dir='ltr'><strong>et</strong></span> <span class='ocrx_word' id='word_1_269' title='bbox 1190 4002 1342 4060; x_wconf 73' lang='lat' dir='ltr'><strong>Juda:</strong></span> <span class='ocrx_word' id='word_1_270' title='bbox 1381 4002 1709 4075; x_wconf 89' lang='lat' dir='ltr'><strong>percellatur</strong></span> <span class='ocrx_word' id='word_1_271' title='bbox 1737 4001 1959 4057; x_wconf 88' lang='lat' dir='ltr'><strong>maledi-</strong></span> 
     </span>
    </p>
   </div>
   <div class='ocr_carea' id='block_1_45' title="bbox 373 4092 1957 4168">
    <p class='ocr_par' dir='ltr' id='par_1_45' title="bbox 373 4092 1957 4168">
     <span class='ocr_line' id='line_1_45' title="bbox 373 4092 1957 4168; baseline -0.008 -8"><span class='ocrx_word' id='word_1_272' title='bbox 373 4103 553 4160; x_wconf 89' lang='lat' dir='ltr'><strong>ctione</strong></span> <span class='ocrx_word' id='word_1_273' title='bbox 581 4099 895 4168; x_wconf 86' lang='lat' dir='ltr'><strong>traditoris;</strong></span> <span class='ocrx_word' id='word_1_274' title='bbox 947 4107 1005 4154; x_wconf 88' lang='lat' dir='ltr'><strong>at</strong></span> <span class='ocrx_word' id='word_1_275' title='bbox 1051 4111 1181 4153; x_wconf 90' lang='lat' dir='ltr'><strong>vero</strong></span> <span class='ocrx_word' id='word_1_276' title='bbox 1220 4097 1593 4160; x_wconf 88' lang='lat' dir='ltr'><strong>observantes,</strong></span> <span class='ocrx_word' id='word_1_277' title='bbox 1637 4108 1706 4149; x_wconf 80' lang='lat' dir='ltr'><strong>ex</strong></span> <span class='ocrx_word' id='word_1_278' title='bbox 1746 4092 1957 4149; x_wconf 88' lang='lat' dir='ltr'><strong>meritis</strong></span> 
     </span>
    </p>
   </div>
   <div class='ocr_carea' id='block_1_46' title="bbox 372 4183 1956 4271">
    <p class='ocr_par' dir='ltr' id='par_1_46' title="bbox 372 4183 1956 4271">
     <span class='ocr_line' id='line_1_46' title="bbox 372 4183 1956 4271; baseline -0.008 -21"><span class='ocrx_word' id='word_1_279' title='bbox 372 4204 537 4266; x_wconf 89' lang='lat' dir='ltr'><strong>atque</strong></span> <span class='ocrx_word' id='word_1_280' title='bbox 581 4193 834 4271; x_wconf 87' lang='lat' dir='ltr'><strong>precibus</strong></span> <span class='ocrx_word' id='word_1_281' title='bbox 876 4189 1282 4262; x_wconf 80' lang='lat' dir='ltr'><strong>Apostolorum,</strong></span> <span class='ocrx_word' id='word_1_282' title='bbox 1325 4201 1536 4243; x_wconf 90' lang='lat' dir='ltr'><strong>necnon</strong></span> <span class='ocrx_word' id='word_1_283' title='bbox 1584 4184 1788 4241; x_wconf 88' lang='lat' dir='ltr'><strong>Christi</strong></span> <span class='ocrx_word' id='word_1_284' title='bbox 1816 4183 1956 4241; x_wconf 91' lang='lat' dir='ltr'><strong>Con-</strong></span> 
     </span>
    </p>
   </div>
   <div class='ocr_carea' id='block_1_47' title="bbox 373 4277 1879 4353">
    <p class='ocr_par' dir='ltr' id='par_1_47' title="bbox 373 4277 1879 4353">
     <span class='ocr_line' id='line_1_47' title="bbox 373 4277 1879 4353; baseline -0.009 -10"><span class='ocrx_word' id='word_1_285' title='bbox 373 4286 594 4345; x_wconf 89' lang='lat' dir='ltr'><strong>fessoris</strong></span> <span class='ocrx_word' id='word_1_286' title='bbox 619 4284 858 4353; x_wconf 77' lang='lat' dir='ltr'><strong>Martini,</strong></span> <span class='ocrx_word' id='word_1_287' title='bbox 883 4284 1007 4340; x_wconf 79' lang='lat' dir='ltr'><strong>vita:</strong></span> <span class='ocrx_word' id='word_1_288' title='bbox 1034 4282 1228 4340; x_wconf 70' lang='lat' dir='ltr'><strong>futurae</strong></span> <span class='ocrx_word' id='word_1_289' title='bbox 1249 4280 1490 4353; x_wconf 69' lang='lat' dir='ltr'><strong>prmmiis</strong></span> <span class='ocrx_word' id='word_1_290' title='bbox 1511 4277 1879 4352; x_wconf 79' lang='lat' dir='ltr'><strong>perfruantur.</strong></span> 
     </span>
    </p>
   </div>
   <div class='ocr_carea' id='block_1_48' title="bbox 1101 4397 1224 4455">
    <p class='ocr_par' dir='ltr' id='par_1_48' title="bbox 1101 4397 1224 4455">
     <span class='ocr_line' id='line_1_48' title="bbox 1101 4397 1224 4455; baseline 0 -1"><span class='ocrx_word' id='word_1_291' title='bbox 1101 4397 1224 4455; x_wconf 74' lang='lat' dir='ltr'><strong>XIX</strong></span> 
     </span>
    </p>
   </div>
   <div class='ocr_carea' id='block_1_49' title="bbox 895 4488 1452 4562">
    <p class='ocr_par' dir='ltr' id='par_1_49' title="bbox 895 4488 1452 4562">
     <span class='ocr_line' id='line_1_49' title="bbox 895 4488 1452 4562; baseline 0 -17"><span class='ocrx_word' id='word_1_292' title='bbox 895 4488 1052 4562; x_wconf 78' lang='lat'><strong>135</strong></span> <span class='ocrx_word' id='word_1_293' title='bbox 1090 4488 1452 4561; x_wconf 74' lang='lat' dir='ltr'><strong>Privilegium.</strong></span> 
     </span>
    </p>
   </div>
   <div class='ocr_carea' id='block_1_50' title="bbox 442 4578 1953 4656">
    <p class='ocr_par' dir='ltr' id='par_1_50' title="bbox 442 4578 1953 4656">
     <span class='ocr_line' id='line_1_50' title="bbox 442 4578 1953 4656; baseline -0.009 -12"><span class='ocrx_word' id='word_1_294' title='bbox 442 4584 719 4644; x_wconf 86' lang='lat' dir='ltr'><strong>Summam</strong></span> <span class='ocrx_word' id='word_1_295' title='bbox 745 4590 996 4656; x_wconf 80' lang='lat' dir='ltr'><strong>gerentes</strong></span> <span class='ocrx_word' id='word_1_296' title='bbox 1015 4580 1434 4638; x_wconf 90' lang='lat' dir='ltr'><strong>sollicitudinem</strong></span> <span class='ocrx_word' id='word_1_297' title='bbox 1461 4578 1845 4635; x_wconf 90' lang='lat' dir='ltr'><strong>venerabilium</strong></span> <span class='ocrx_word' id='word_1_298' title='bbox 1877 4578 1953 4632; x_wconf 88' lang='lat' dir='ltr'><strong>lo-</strong></span> 
     </span>
    </p>
   </div>
   <div class='ocr_carea' id='block_1_51' title="bbox 370 4668 1950 4747">
    <p class='ocr_par' dir='ltr' id='par_1_51' title="bbox 370 4668 1950 4747">
     <span class='ocr_line' id='line_1_51' title="bbox 370 4668 1950 4747; baseline -0.009 -12"><span class='ocrx_word' id='word_1_299' title='bbox 370 4695 597 4744; x_wconf 87' lang='lat' dir='ltr'><strong>corum,</strong></span> <span class='ocrx_word' id='word_1_300' title='bbox 648 4684 911 4747; x_wconf 89' lang='lat' dir='ltr'><strong>quantum</strong></span> <span class='ocrx_word' id='word_1_301' title='bbox 956 4690 1023 4729; x_wconf 74' lang='lat' dir='ltr'><strong>ex</strong></span> <span class='ocrx_word' id='word_1_302' title='bbox 1072 4673 1259 4728; x_wconf 91' lang='lat' dir='ltr'><strong>divino</strong></span> <span class='ocrx_word' id='word_1_303' title='bbox 1312 4670 1580 4741; x_wconf 87' lang='lat' dir='ltr'><strong>adjutorio</strong></span> <span class='ocrx_word' id='word_1_304' title='bbox 1621 4668 1950 4740; x_wconf 89' lang='lat' dir='ltr'><strong>possibilitas</strong></span> 
     </span>
    </p>
   </div>
   <div class='ocr_carea' id='block_1_52' title="bbox 372 4760 1951 4833">
    <p class='ocr_par' dir='ltr' id='par_1_52' title="bbox 372 4760 1951 4833">
     <span class='ocr_line' id='line_1_52' title="bbox 372 4760 1951 4833; baseline -0.006 -10"><span class='ocrx_word' id='word_1_305' title='bbox 372 4770 551 4832; x_wconf 90' lang='lat' dir='ltr'><strong>datur,</strong></span> <span class='ocrx_word' id='word_1_306' title='bbox 577 4768 644 4823; x_wconf 91' lang='lat' dir='ltr'><strong>de</strong></span> <span class='ocrx_word' id='word_1_307' title='bbox 685 4780 871 4821; x_wconf 89' lang='lat' dir='ltr'><strong>eorum</strong></span> <span class='ocrx_word' id='word_1_308' title='bbox 898 4762 1193 4820; x_wconf 85' lang='lat' dir='ltr'><strong>stabilitate</strong></span> <span class='ocrx_word' id='word_1_309' title='bbox 1217 4771 1465 4833; x_wconf 86' lang='lat' dir='ltr'><strong>satagere</strong></span> <span class='ocrx_word' id='word_1_310' title='bbox 1493 4760 1772 4815; x_wconf 88' lang='lat' dir='ltr'><strong>studemus</strong></span> <span class='ocrx_word' id='word_1_311' title='bbox 1802 4777 1814 4813; x_wconf 93' lang='lat'><strong>:</strong></span> <span class='ocrx_word' id='word_1_312' title='bbox 1849 4760 1951 4814; x_wconf 90' lang='lat' dir='ltr'><strong>hoc</strong></span> 
     </span>
    </p>
   </div>
   <div class='ocr_carea' id='block_1_53' title="bbox 372 4851 1949 4928">
    <p class='ocr_par' dir='ltr' id='par_1_53' title="bbox 372 4851 1949 4928">
     <span class='ocr_line' id='line_1_53' title="bbox 372 4851 1949 4928; baseline -0.005 -13"><span class='ocrx_word' id='word_1_313' title='bbox 372 4873 608 4928; x_wconf 89' lang='lat' dir='ltr'><strong>namque</strong></span> <span class='ocrx_word' id='word_1_314' title='bbox 627 4857 826 4920; x_wconf 88' lang='lat' dir='ltr'><strong>studio,</strong></span> <span class='ocrx_word' id='word_1_315' title='bbox 854 4864 911 4910; x_wconf 91' lang='lat' dir='ltr'><strong>et</strong></span> <span class='ocrx_word' id='word_1_316' title='bbox 936 4854 1116 4911; x_wconf 90' lang='lat' dir='ltr'><strong>divina</strong></span> <span class='ocrx_word' id='word_1_317' title='bbox 1145 4852 1389 4924; x_wconf 89' lang='lat' dir='ltr'><strong>placatur</strong></span> <span class='ocrx_word' id='word_1_318' title='bbox 1414 4851 1724 4917; x_wconf 85' lang='lat' dir='ltr'><strong>clementia,</strong></span> <span class='ocrx_word' id='word_1_319' title='bbox 1748 4860 1804 4907; x_wconf 92' lang='lat' dir='ltr'><strong>et</strong></span> <span class='ocrx_word' id='word_1_320' title='bbox 1830 4851 1949 4907; x_wconf 91' lang='lat' dir='ltr'><strong>laus</strong></span> 
     </span>
    </p>
   </div>
   <div class='ocr_carea' id='block_1_54' title="bbox 371 4942 1949 5016">
    <p class='ocr_par' dir='ltr' id='par_1_54' title="bbox 371 4942 1949 5016">
     <span class='ocr_line' id='line_1_54' title="bbox 371 4942 1949 5016; baseline -0.006 -9"><span class='ocrx_word' id='word_1_321' title='bbox 371 4949 572 5007; x_wconf 87' lang='lat' dir='ltr'><strong>Christi</strong></span> <span class='ocrx_word' id='word_1_322' title='bbox 597 4963 665 5005; x_wconf 89' lang='lat' dir='ltr'><strong>ac</strong></span> <span class='ocrx_word' id='word_1_323' title='bbox 684 4945 941 5003; x_wconf 73' lang='lat' dir='ltr'><strong>Ecclesia:</strong></span> <span class='ocrx_word' id='word_1_324' title='bbox 979 4953 1337 5016; x_wconf 87' lang='lat' dir='ltr'><strong>procuratur,</strong></span> <span class='ocrx_word' id='word_1_325' title='bbox 1365 4952 1420 4998; x_wconf 93' lang='lat' dir='ltr'><strong>ct</strong></span> <span class='ocrx_word' id='word_1_326' title='bbox 1451 4957 1551 5007; x_wconf 86' lang='lat' dir='ltr'><strong>nos</strong></span> <span class='ocrx_word' id='word_1_327' title='bbox 1588 4942 1784 5012; x_wconf 88' lang='lat' dir='ltr'><strong>potiori</strong></span> <span class='ocrx_word' id='word_1_328' title='bbox 1813 4942 1949 5009; x_wconf 81' lang='lat' dir='ltr'><strong>fidu-</strong></span> 
     </span>
    </p>
   </div>
   <div class='ocr_carea' id='block_1_55' title="bbox 441 5072 1948 5135">
    <p class='ocr_par' dir='ltr' id='par_1_55' title="bbox 441 5072 1948 5135">
     <span class='ocr_line' id='line_1_55' title="bbox 441 5072 1948 5135; baseline -0.006 1"><span class='ocrx_word' id='word_1_329' title='bbox 441 5096 468 5123; x_wconf 75' lang='grc' dir='ltr'>α</span> <span class='ocrx_word' id='word_1_330' title='bbox 492 5079 781 5135; x_wconf 78' lang='lat' dir='ltr'><strong>Cantorunt</strong></span> <span class='ocrx_word' id='word_1_331' title='bbox 794 5077 945 5133; x_wconf 84' lang='lat' dir='ltr'><strong>ordo.</strong></span> <span class='ocrx_word' id='word_1_332' title='bbox 976 5075 1103 5133; x_wconf 90' lang='lat' dir='ltr'><strong>Inde</strong></span> <span class='ocrx_word' id='word_1_333' title='bbox 1124 5073 1453 5129; x_wconf 89' lang='lat' dir='ltr'><strong>addiscimus</strong></span> <span class='ocrx_word' id='word_1_334' title='bbox 1469 5072 1763 5129; x_wconf 73' lang='lat' dir='ltr'><strong>(lautorum</strong></span> <span class='ocrx_word' id='word_1_335' title='bbox 1787 5074 1948 5128; x_wconf 89' lang='lat' dir='ltr'><strong>sebo-</strong></span> 
     </span>
    </p>
   </div>
   <div class='ocr_carea' id='block_1_56' title="bbox 372 5143 1948 5218">
    <p class='ocr_par' dir='ltr' id='par_1_56' title="bbox 372 5143 1948 5218">
     <span class='ocr_line' id='line_1_56' title="bbox 372 5143 1948 5218; baseline -0.006 -9"><span class='ocrx_word' id='word_1_336' title='bbox 372 5155 479 5209; x_wconf 91' lang='lat' dir='ltr'><strong>lam</strong></span> <span class='ocrx_word' id='word_1_337' title='bbox 506 5167 572 5206; x_wconf 80' lang='lat' dir='ltr'><strong>ex</strong></span> <span class='ocrx_word' id='word_1_338' title='bbox 599 5147 1094 5218; x_wconf 73' lang='lat' dir='ltr'><strong>Orphanotrophiis</strong></span> <span class='ocrx_word' id='word_1_339' title='bbox 1126 5143 1654 5218; x_wconf 75' lang='lat' dir='ltr'><strong>fuisse__supplctam.</strong></span> <span class='ocrx_word' id='word_1_340' title='bbox 1703 5143 1948 5218; x_wconf 68' lang='lat' dir='ltr'><strong>Sancivit</strong></span> 
     </span>
    </p>
   </div>
   <div class='ocr_carea' id='block_1_57' title="bbox 372 5213 1944 5300">
    <p class='ocr_par' dir='ltr' id='par_1_57' title="bbox 372 5213 1944 5300">
     <span class='ocr_line' id='line_1_57' title="bbox 372 5213 1944 5300; baseline -0.009 -20"><span class='ocrx_word' id='word_1_341' title='bbox 372 5239 545 5300; x_wconf 75' lang='lat' dir='ltr'><strong>poer</strong></span> <span class='ocrx_word' id='word_1_342' title='bbox 650 5213 959 5300; x_wconf 52' lang='lat' dir='ltr'><strong>Gregorius:</strong></span> <span class='ocrx_word' id='word_1_343' title='bbox 972 5219 1036 5300; x_wconf 85' lang='lat' dir='ltr'><strong>in_</strong></span> <span class='ocrx_word' id='word_1_344' title='bbox 1063 5214 1281 5300; x_wconf 67' lang='lat' dir='ltr'><strong>Synodo</strong></span> <span class='ocrx_word' id='word_1_345' title='bbox 1307 5213 1582 5300; x_wconf 43' lang='lat' dir='ltr'><strong>Romana,</strong></span> <span class='ocrx_word' id='word_1_346' title='bbox 1607 5229 1674 5300; x_wconf 65' lang='lat' dir='ltr'><strong>ne</strong></span> <span class='ocrx_word' id='word_1_347' title='bbox 1697 5213 1944 5300; x_wconf 44' lang='lat' dir='ltr'><strong>‘Presby:</strong></span> 
     </span>
    </p>
   </div>
   <div class='ocr_carea' id='block_1_58' title="bbox 373 5284 1948 5350">
    <p class='ocr_par' dir='ltr' id='par_1_58' title="bbox 373 5284 1948 5350">
     <span class='ocr_line' id='line_1_58' title="bbox 373 5284 1948 5350; baseline -0.007 0"><span class='ocrx_word' id='word_1_348' title='bbox 373 5284 473 5350; x_wconf 75' lang='lat' dir='ltr'><strong>teri</strong></span> <span class='ocrx_word' id='word_1_349' title='bbox 509 5284 801 5348; x_wconf 73' lang='lat' dir='ltr'><strong>Diaconive</strong></span> <span class='ocrx_word' id='word_1_350' title='bbox 833 5289 886 5343; x_wconf 92' lang='lat' dir='ltr'><strong>in</strong></span> <span class='ocrx_word' id='word_1_351' title='bbox 912 5284 1156 5344; x_wconf 86' lang='lat' dir='ltr'><strong>Ecclesia</strong></span> <span class='ocrx_word' id='word_1_352' title='bbox 1184 5293 1463 5350; x_wconf 89' lang='lat' dir='ltr'><strong>canerent,</strong></span> <span class='ocrx_word' id='word_1_353' title='bbox 1489 5284 1582 5341; x_wconf 91' lang='lat' dir='ltr'><strong>scd</strong></span> <span class='ocrx_word' id='word_1_354' title='bbox 1618 5284 1948 5341; x_wconf 87' lang='lat' dir='ltr'><strong>Subdiaconi</strong></span> 
     </span>
    </p>
   </div>
   <div class='ocr_carea' id='block_1_59' title="bbox 374 5354 1947 5426">
    <p class='ocr_par' dir='ltr' id='par_1_59' title="bbox 374 5354 1947 5426">
     <span class='ocr_line' id='line_1_59' title="bbox 374 5354 1947 5426; baseline -0.006 -7"><span class='ocrx_word' id='word_1_355' title='bbox 374 5373 602 5426; x_wconf 89' lang='lat' dir='ltr'><strong>tantum,</strong></span> <span class='ocrx_word' id='word_1_356' title='bbox 645 5363 992 5426; x_wconf 88' lang='lat' dir='ltr'><strong>minoresque</strong></span> <span class='ocrx_word' id='word_1_357' title='bbox 1030 5357 1260 5414; x_wconf 87' lang='lat' dir='ltr'><strong>Ordines</strong></span> <span class='ocrx_word' id='word_1_358' title='bbox 1296 5372 1359 5411; x_wconf 90' lang='lat' dir='ltr'><strong>ac</strong></span> <span class='ocrx_word' id='word_1_359' title='bbox 1381 5357 1531 5426; x_wconf 86' lang='lat' dir='ltr'><strong>pueri</strong></span> <span class='ocrx_word' id='word_1_360' title='bbox 1572 5364 1799 5426; x_wconf 85' lang='lat' dir='ltr'><strong>tantum.</strong></span> <span class='ocrx_word' id='word_1_361' title='bbox 1835 5354 1947 5409; x_wconf 86' lang='lat' dir='ltr'><strong>Non</strong></span> 
     </span>
    </p>
   </div>
   <div class='ocr_carea' id='block_1_60' title="bbox 373 5425 1949 5499">
    <p class='ocr_par' dir='ltr' id='par_1_60' title="bbox 373 5425 1949 5499">
     <span class='ocr_line' id='line_1_60' title="bbox 373 5425 1949 5499; baseline -0.003 -14"><span class='ocrx_word' id='word_1_362' title='bbox 373 5433 462 5489; x_wconf 87' lang='lat' dir='ltr'><strong>diu</strong></span> <span class='ocrx_word' id='word_1_363' title='bbox 482 5425 715 5491; x_wconf 91' lang='lat' dir='ltr'><strong>obtinuit</strong></span> <span class='ocrx_word' id='word_1_364' title='bbox 739 5447 858 5488; x_wconf 93' lang='lat' dir='ltr'><strong>mos</strong></span> <span class='ocrx_word' id='word_1_365' title='bbox 882 5425 991 5493; x_wconf 88' lang='lat' dir='ltr'><strong>ille,</strong></span> <span class='ocrx_word' id='word_1_366' title='bbox 1017 5428 1322 5499; x_wconf 84' lang='lat' dir='ltr'><strong>quamvisa</strong></span> <span class='ocrx_word' id='word_1_367' title='bbox 1351 5425 1539 5499; x_wconf 76' lang='lat' dir='ltr'><strong>sancto</strong></span> <span class='ocrx_word' id='word_1_368' title='bbox 1560 5425 1818 5499; x_wconf 71' lang='lat' dir='ltr'><strong>Pontificc</strong></span> <span class='ocrx_word' id='word_1_369' title='bbox 1843 5441 1949 5499; x_wconf 79' lang='lat' dir='ltr'><strong>non</strong></span> 
     </span>
    </p>
   </div>
   <div class='ocr_carea' id='block_1_61' title="bbox 374 5494 1945 5567">
    <p class='ocr_par' dir='ltr' id='par_1_61' title="bbox 374 5494 1945 5567">
     <span class='ocr_line' id='line_1_61' title="bbox 374 5494 1945 5567; baseline -0.006 -11"><span class='ocrx_word' id='word_1_370' title='bbox 374 5501 586 5558; x_wconf 83' lang='lat' dir='ltr'><strong>infirma</strong></span> <span class='ocrx_word' id='word_1_371' title='bbox 614 5505 822 5559; x_wconf 89' lang='lat' dir='ltr'><strong>ratione</strong></span> <span class='ocrx_word' id='word_1_372' title='bbox 850 5494 1121 5557; x_wconf 77' lang='lat' dir='ltr'><strong>stabilitas</strong></span> <span class='ocrx_word' id='word_1_373' title='bbox 1152 5517 1164 5551; x_wconf 89' lang='lat'><strong>:</strong></span> <span class='ocrx_word' id='word_1_374' title='bbox 1215 5498 1320 5567; x_wconf 85' lang='lat' dir='ltr'><strong>alia</strong></span> <span class='ocrx_word' id='word_1_375' title='bbox 1358 5496 1481 5552; x_wconf 88' lang='lat' dir='ltr'><strong>aliis</strong></span> <span class='ocrx_word' id='word_1_376' title='bbox 1508 5494 1839 5566; x_wconf 88' lang='lat' dir='ltr'><strong>temporibus</strong></span> <span class='ocrx_word' id='word_1_377' title='bbox 1870 5496 1945 5547; x_wconf 89' lang='lat' dir='ltr'><strong>di-</strong></span> 
     </span>
    </p>
   </div>
   <div class='ocr_carea' id='block_1_62' title="bbox 375 5571 1790 5645">
    <p class='ocr_par' dir='ltr' id='par_1_62' title="bbox 375 5571 1790 5645">
     <span class='ocr_line' id='line_1_62' title="bbox 375 5571 1790 5645; baseline 0.012 -19"><span class='ocrx_word' id='word_1_378' title='bbox 375 5571 595 5645; x_wconf 62' lang='lat' dir='ltr'><strong>sciplina</strong></span> <span class='ocrx_word' id='word_1_379' title='bbox 620 5574 876 5645; x_wconf 66' lang='lat' dir='ltr'><strong>Ecclesia:</strong></span> <span class='ocrx_word' id='word_1_380' title='bbox 900 5581 1004 5645; x_wconf 81' lang='lat' dir='ltr'><strong>est.</strong></span> <span class='ocrx_word' id='word_1_381' title='bbox 1062 5642 1072 5645; x_wconf 29' lang='grc' dir='ltr'><strong>Α</strong></span> <span class='ocrx_word' id='word_1_382' title='bbox 1153 5640 1163 5645; x_wconf 88' lang='lat'>_</span> <span class='ocrx_word' id='word_1_383' title='bbox 1284 5638 1375 5645; x_wconf 92' lang='lat'>__</span> <span class='ocrx_word' id='word_1_384' title='bbox 1759 5634 1790 5645; x_wconf 92' lang='lat'><strong>..</strong></span> 
     </span>
    </p>
   </div>
   <div class='ocr_carea' id='block_1_63' title="bbox 447 5634 1948 5711">
    <p class='ocr_par' dir='ltr' id='par_1_63' title="bbox 447 5634 1948 5711">
     <span class='ocr_line' id='line_1_63' title="bbox 447 5634 1948 5711; baseline -0.005 -16"><span class='ocrx_word' id='word_1_385' title='bbox 447 5634 833 5711; x_wconf 69' lang='lat' dir='ltr'><strong>5Privilegium</strong></span> <span class='ocrx_word' id='word_1_386' title='bbox 881 5640 1211 5711; x_wconf 70' lang='lat' dir='ltr'><strong>ﬁrmationis.</strong></span> <span class='ocrx_word' id='word_1_387' title='bbox 1284 5638 1576 5708; x_wconf 83' lang='lat' dir='ltr'><strong>Fpisc0pus</strong></span> <span class='ocrx_word' id='word_1_388' title='bbox 1637 5634 1948 5691; x_wconf 84' lang='lat' dir='ltr'><strong>condiderat</strong></span> 
     </span>
    </p>
   </div>
   <div class='ocr_carea' id='block_1_64' title="bbox 2056 446 2847 516">
    <p class='ocr_par' dir='ltr' id='par_1_64' title="bbox 2056 446 2847 516">
     <span class='ocr_line' id='line_1_64' title="bbox 2056 446 2847 516; baseline -0.001 -16"><span class='ocrx_word' id='word_1_389' title='bbox 2056 456 2218 501; x_wconf 91' lang='lat' dir='ltr'><strong>tatem</strong></span> <span class='ocrx_word' id='word_1_390' title='bbox 2249 446 2511 502; x_wconf 85' lang='lat' dir='ltr'><strong>audemus</strong></span> <span class='ocrx_word' id='word_1_391' title='bbox 2536 446 2847 516; x_wconf 88' lang='lat' dir='ltr'><strong>implorare.</strong></span> 
     </span>
    </p>
   </div>
   <div class='ocr_carea' id='block_1_65' title="bbox 2120 535 3634 606">
    <p class='ocr_par' dir='ltr' id='par_1_65' title="bbox 2120 535 3634 606">
     <span class='ocr_line' id='line_1_65' title="bbox 2120 535 3634 606; baseline 0.003 -17"><span class='ocrx_word' id='word_1_392' title='bbox 2120 535 2292 605; x_wconf 81' lang='lat' dir='ltr'><strong>igitur</strong></span> <span class='ocrx_word' id='word_1_393' title='bbox 2334 536 2675 605; x_wconf 86' lang='lat' dir='ltr'><strong>improbitate</strong></span> <span class='ocrx_word' id='word_1_394' title='bbox 2708 538 3063 606; x_wconf 88' lang='lat' dir='ltr'><strong>quorumdam</strong></span> <span class='ocrx_word' id='word_1_395' title='bbox 3111 538 3410 606; x_wconf 87' lang='lat' dir='ltr'><strong>petentium</strong></span> <span class='ocrx_word' id='word_1_396' title='bbox 3458 539 3634 593; x_wconf 88' lang='lat' dir='ltr'><strong>conti-</strong></span> 
     </span>
    </p>
   </div>
   <div class='ocr_carea' id='block_1_66' title="bbox 2052 628 3636 700">
    <p class='ocr_par' dir='ltr' id='par_1_66' title="bbox 2052 628 3636 700">
     <span class='ocr_line' id='line_1_66' title="bbox 2052 628 3636 700; baseline 0.002 -17"><span class='ocrx_word' id='word_1_397' title='bbox 2052 630 2152 699; x_wconf 85' lang='lat' dir='ltr'><strong>git,</strong></span> <span class='ocrx_word' id='word_1_398' title='bbox 2180 630 2378 700; x_wconf 88' lang='lat' dir='ltr'><strong>elapsis</strong></span> <span class='ocrx_word' id='word_1_399' title='bbox 2408 628 2521 697; x_wconf 89' lang='lat' dir='ltr'><strong>jam</strong></span> <span class='ocrx_word' id='word_1_400' title='bbox 2544 629 2701 685; x_wconf 88' lang='lat' dir='ltr'><strong>annis</strong></span> <span class='ocrx_word' id='word_1_401' title='bbox 2723 670 2737 694; x_wconf 95' lang='lat'><strong>,</strong></span> <span class='ocrx_word' id='word_1_402' title='bbox 2780 637 2842 683; x_wconf 91' lang='lat' dir='ltr'><strong>ut</strong></span> <span class='ocrx_word' id='word_1_403' title='bbox 2886 629 2989 685; x_wconf 92' lang='lat' dir='ltr'><strong>loci</strong></span> <span class='ocrx_word' id='word_1_404' title='bbox 3027 630 3286 685; x_wconf 86' lang='lat' dir='ltr'><strong>antedicti</strong></span> <span class='ocrx_word' id='word_1_405' title='bbox 3332 628 3636 700; x_wconf 72' lang='lat' dir='ltr'><strong>Przeposito</strong></span> 
     </span>
    </p>
   </div>
   <div class='ocr_carea' id='block_1_67' title="bbox 2051 719 3636 792">
    <p class='ocr_par' dir='ltr' id='par_1_67' title="bbox 2051 719 3636 792">
     <span class='ocr_line' id='line_1_67' title="bbox 2051 719 3636 792; baseline 0.003 -20"><span class='ocrx_word' id='word_1_406' title='bbox 2051 720 2283 791; x_wconf 83' lang='lat' dir='ltr'><strong>avaritia</strong></span> <span class='ocrx_word' id='word_1_407' title='bbox 2305 720 2540 786; x_wconf 85' lang='lat' dir='ltr'><strong>devicto,</strong></span> <span class='ocrx_word' id='word_1_408' title='bbox 2588 720 2784 776; x_wconf 89' lang='lat' dir='ltr'><strong>fundus</strong></span> <span class='ocrx_word' id='word_1_409' title='bbox 2812 720 2893 775; x_wconf 93' lang='lat' dir='ltr'><strong>lll.</strong></span> <span class='ocrx_word' id='word_1_410' title='bbox 2923 729 2974 777; x_wconf 87' lang='lat' dir='ltr'><strong>et</strong></span> <span class='ocrx_word' id='word_1_411' title='bbox 3021 720 3103 776; x_wconf 91' lang='grc'><strong>111.</strong></span> <span class='ocrx_word' id='word_1_412' title='bbox 3150 719 3496 792; x_wconf 90' lang='lat' dir='ltr'><strong>pupillorum,</strong></span> <span class='ocrx_word' id='word_1_413' title='bbox 3524 736 3636 791; x_wconf 89' lang='lat' dir='ltr'><strong>quo</strong></span> 
     </span>
    </p>
   </div>
   <div class='ocr_carea' id='block_1_68' title="bbox 2054 809 3635 877">
    <p class='ocr_par' dir='ltr' id='par_1_68' title="bbox 2054 809 3635 877">
     <span class='ocr_line' id='line_1_68' title="bbox 2054 809 3635 877; baseline 0.003 -15"><span class='ocrx_word' id='word_1_414' title='bbox 2054 809 2266 864; x_wconf 89' lang='lat' dir='ltr'><strong>illorum</strong></span> <span class='ocrx_word' id='word_1_415' title='bbox 2311 810 2689 865; x_wconf 89' lang='lat' dir='ltr'><strong>alimentorum</strong></span> <span class='ocrx_word' id='word_1_416' title='bbox 2727 812 3024 866; x_wconf 89' lang='lat' dir='ltr'><strong>necessitas</strong></span> <span class='ocrx_word' id='word_1_417' title='bbox 3066 812 3507 877; x_wconf 88' lang='lat' dir='ltr'><strong>sustentabatur,</strong></span> <span class='ocrx_word' id='word_1_418' title='bbox 3554 811 3635 867; x_wconf 89' lang='lat' dir='ltr'><strong>lo-</strong></span> 
     </span>
    </p>
   </div>
   <div class='ocr_carea' id='block_1_69' title="bbox 2053 902 3629 972">
    <p class='ocr_par' dir='ltr' id='par_1_69' title="bbox 2053 902 3629 972">
     <span class='ocr_line' id='line_1_69' title="bbox 2053 902 3629 972; baseline 0.001 -16"><span class='ocrx_word' id='word_1_419' title='bbox 2053 911 2306 967; x_wconf 87' lang='lat' dir='ltr'><strong>caretur;</strong></span> <span class='ocrx_word' id='word_1_420' title='bbox 2340 902 2562 972; x_wconf 88' lang='lat' dir='ltr'><strong>ipsaque</strong></span> <span class='ocrx_word' id='word_1_421' title='bbox 2589 903 2714 960; x_wconf 88' lang='lat' dir='ltr'><strong>dum</strong></span> <span class='ocrx_word' id='word_1_422' title='bbox 2743 903 3052 959; x_wconf 77' lang='lat' dir='ltr'><strong>extenditur</strong></span> <span class='ocrx_word' id='word_1_423' title='bbox 3077 918 3343 957; x_wconf 89' lang='lat' dir='ltr'><strong>annorum</strong></span> <span class='ocrx_word' id='word_1_424' title='bbox 3367 903 3629 966; x_wconf 86' lang='lat' dir='ltr'><strong>conditio,</strong></span> 
     </span>
    </p>
   </div>
   <div class='ocr_carea' id='block_1_70' title="bbox 2057 992 3632 1063">
    <p class='ocr_par' dir='ltr' id='par_1_70' title="bbox 2057 992 3632 1063">
     <span class='ocr_line' id='line_1_70' title="bbox 2057 992 3632 1063; baseline 0.001 -18"><span class='ocrx_word' id='word_1_425' title='bbox 2057 1007 2201 1048; x_wconf 88' lang='lat' dir='ltr'><strong>mors</strong></span> <span class='ocrx_word' id='word_1_426' title='bbox 2228 992 2510 1057; x_wconf 89' lang='lat' dir='ltr'><strong>acciderit,</strong></span> <span class='ocrx_word' id='word_1_427' title='bbox 2560 1003 2616 1049; x_wconf 90' lang='lat' dir='ltr'><strong>et</strong></span> <span class='ocrx_word' id='word_1_428' title='bbox 2643 1009 2674 1047; x_wconf 88' lang='lat' dir='ltr'><strong>a</strong></span> <span class='ocrx_word' id='word_1_429' title='bbox 2696 992 2822 1061; x_wconf 87' lang='lat' dir='ltr'><strong>jure</strong></span> <span class='ocrx_word' id='word_1_430' title='bbox 2855 992 2970 1063; x_wconf 89' lang='lat' dir='ltr'><strong>jam</strong></span> <span class='ocrx_word' id='word_1_431' title='bbox 3014 994 3145 1049; x_wconf 90' lang='lat' dir='ltr'><strong>dicti</strong></span> <span class='ocrx_word' id='word_1_432' title='bbox 3173 993 3632 1063; x_wconf 85' lang='lat' dir='ltr'><strong>Orphanotrophii</strong></span> 
     </span>
    </p>
   </div>
   <div class='ocr_carea' id='block_1_71' title="bbox 2020 1080 3636 1152">
    <p class='ocr_par' dir='ltr' id='par_1_71' title="bbox 2020 1080 3636 1152">
     <span class='ocr_line' id='line_1_71' title="bbox 2020 1080 3636 1152; baseline 0 -17"><span class='ocrx_word' id='word_1_433' title='bbox 2020 1080 2028 1086; x_wconf 83' lang='grc'><strong>’</strong></span> <span class='ocrx_word' id='word_1_434' title='bbox 2053 1082 2331 1152; x_wconf 75' lang='lat' dir='ltr'><strong>praemissa</strong></span> <span class='ocrx_word' id='word_1_435' title='bbox 2360 1080 2727 1137; x_wconf 88' lang='lat' dir='ltr'><strong>alienarentur</strong></span> <span class='ocrx_word' id='word_1_436' title='bbox 2762 1082 2900 1147; x_wconf 88' lang='lat' dir='ltr'><strong>loca,</strong></span> <span class='ocrx_word' id='word_1_437' title='bbox 2934 1090 2989 1137; x_wconf 93' lang='lat' dir='ltr'><strong>et</strong></span> <span class='ocrx_word' id='word_1_438' title='bbox 3016 1082 3246 1137; x_wconf 87' lang='lat' dir='ltr'><strong>Domino</strong></span> <span class='ocrx_word' id='word_1_439' title='bbox 3271 1082 3493 1151; x_wconf 87' lang='lat' dir='ltr'><strong>proprio</strong></span> <span class='ocrx_word' id='word_1_440' title='bbox 3520 1082 3636 1135; x_wconf 82' lang='lat' dir='ltr'><strong>fru—</strong></span> 
     </span>
    </p>
   </div>
   <div class='ocr_carea' id='block_1_72' title="bbox 2053 1171 3630 1241">
    <p class='ocr_par' dir='ltr' id='par_1_72' title="bbox 2053 1171 3630 1241">
     <span class='ocr_line' id='line_1_72' title="bbox 2053 1171 3630 1241; baseline 0.001 -17"><span class='ocrx_word' id='word_1_441' title='bbox 2053 1179 2374 1237; x_wconf 86' lang='lat' dir='ltr'><strong>strarentur,</strong></span> <span class='ocrx_word' id='word_1_442' title='bbox 2395 1173 2627 1241; x_wconf 90' lang='lat' dir='ltr'><strong>dumque</strong></span> <span class='ocrx_word' id='word_1_443' title='bbox 2656 1171 2976 1228; x_wconf 87' lang='lat' dir='ltr'><strong>necessitate</strong></span> <span class='ocrx_word' id='word_1_444' title='bbox 3003 1171 3178 1227; x_wconf 91' lang='lat' dir='ltr'><strong>victus</strong></span> <span class='ocrx_word' id='word_1_445' title='bbox 3194 1179 3435 1228; x_wconf 86' lang='lat' dir='ltr'><strong>arctatur</strong></span> <span class='ocrx_word' id='word_1_446' title='bbox 3461 1172 3630 1236; x_wconf 84' lang='lat' dir='ltr'><strong>locus,</strong></span> 
     </span>
    </p>
   </div>
   <div class='ocr_carea' id='block_1_73' title="bbox 2055 1261 3636 1333">
    <p class='ocr_par' dir='ltr' id='par_1_73' title="bbox 2055 1261 3636 1333">
     <span class='ocr_line' id='line_1_73' title="bbox 2055 1261 3636 1333; baseline 0.001 -17"><span class='ocrx_word' id='word_1_447' title='bbox 2055 1262 2352 1331; x_wconf 82' lang='lat' dir='ltr'><strong>frequentia</strong></span> <span class='ocrx_word' id='word_1_448' title='bbox 2398 1263 2631 1318; x_wconf 87' lang='lat' dir='ltr'><strong>cessavit</strong></span> <span class='ocrx_word' id='word_1_449' title='bbox 2673 1261 2961 1318; x_wconf 85' lang='lat' dir='ltr'><strong>infantium</strong></span> <span class='ocrx_word' id='word_1_450' title='bbox 2986 1302 3002 1330; x_wconf 90' lang='lat'><strong>,</strong></span> <span class='ocrx_word' id='word_1_451' title='bbox 3047 1261 3245 1333; x_wconf 88' lang='lat' dir='ltr'><strong>quibus</strong></span> <span class='ocrx_word' id='word_1_452' title='bbox 3298 1262 3485 1318; x_wconf 90' lang='lat' dir='ltr'><strong>deerat</strong></span> <span class='ocrx_word' id='word_1_453' title='bbox 3540 1277 3636 1317; x_wconf 76' lang='lat' dir='ltr'><strong>ex—</strong></span> 
     </span>
    </p>
   </div>
   <div class='ocr_carea' id='block_1_74' title="bbox 2054 1353 2617 1421">
    <p class='ocr_par' dir='ltr' id='par_1_74' title="bbox 2054 1353 2617 1421">
     <span class='ocr_line' id='line_1_74' title="bbox 2054 1353 2617 1421; baseline -0.002 -14"><span class='ocrx_word' id='word_1_454' title='bbox 2054 1367 2233 1421; x_wconf 69' lang='lat' dir='ltr'><strong>peusze</strong></span> <span class='ocrx_word' id='word_1_455' title='bbox 2256 1353 2617 1421; x_wconf 82' lang='lat' dir='ltr'><strong>providentia.</strong></span> 
     </span>
    </p>
   </div>
   <div class='ocr_carea' id='block_1_75' title="bbox 2125 1440 3637 1513">
    <p class='ocr_par' dir='ltr' id='par_1_75' title="bbox 2125 1440 3637 1513">
     <span class='ocr_line' id='line_1_75' title="bbox 2125 1440 3637 1513; baseline 0.002 -18"><span class='ocrx_word' id='word_1_456' title='bbox 2125 1440 2204 1497; x_wconf 87' lang='lat' dir='ltr'><strong>Ne</strong></span> <span class='ocrx_word' id='word_1_457' title='bbox 2228 1454 2408 1512; x_wconf 65' lang='lat' dir='ltr'><strong>ergoa</strong></span> <span class='ocrx_word' id='word_1_458' title='bbox 2438 1442 2732 1497; x_wconf 86' lang='lat' dir='ltr'><strong>Cantorum</strong></span> <span class='ocrx_word' id='word_1_459' title='bbox 2780 1442 3036 1500; x_wconf 82' lang='lat' dir='ltr'><strong>deficeret</strong></span> <span class='ocrx_word' id='word_1_460' title='bbox 3076 1444 3244 1509; x_wconf 91' lang='lat' dir='ltr'><strong>ordo,</strong></span> <span class='ocrx_word' id='word_1_461' title='bbox 3292 1452 3457 1513; x_wconf 88' lang='lat' dir='ltr'><strong>atque</strong></span> <span class='ocrx_word' id='word_1_462' title='bbox 3505 1444 3637 1499; x_wconf 88' lang='lat' dir='ltr'><strong>hinc</strong></span> 
     </span>
    </p>
   </div>
   <div class='ocr_carea' id='block_1_76' title="bbox 2058 1534 3639 1608">
    <p class='ocr_par' dir='ltr' id='par_1_76' title="bbox 2058 1534 3639 1608">
     <span class='ocr_line' id='line_1_76' title="bbox 2058 1534 3639 1608; baseline 0.001 -18"><span class='ocrx_word' id='word_1_463' title='bbox 2058 1535 2152 1590; x_wconf 90' lang='lat' dir='ltr'><strong>Dei</strong></span> <span class='ocrx_word' id='word_1_464' title='bbox 2174 1534 2432 1591; x_wconf 66' lang='lat' dir='ltr'><strong>Ecclesia:</strong></span> <span class='ocrx_word' id='word_1_465' title='bbox 2457 1535 2780 1591; x_wconf 89' lang='lat' dir='ltr'><strong>contumelia</strong></span> <span class='ocrx_word' id='word_1_466' title='bbox 2816 1537 3149 1608; x_wconf 88' lang='lat' dir='ltr'><strong>irrogaretur</strong></span> <span class='ocrx_word' id='word_1_467' title='bbox 3166 1576 3182 1603; x_wconf 92' lang='lat'><strong>,</strong></span> <span class='ocrx_word' id='word_1_468' title='bbox 3210 1538 3400 1593; x_wconf 89' lang='lat' dir='ltr'><strong>eadem</strong></span> <span class='ocrx_word' id='word_1_469' title='bbox 3424 1538 3639 1593; x_wconf 88' lang='lat' dir='ltr'><strong>curiose</strong></span> 
     </span>
    </p>
   </div>
   <div class='ocr_carea' id='block_1_77' title="bbox 2059 1629 3638 1700">
    <p class='ocr_par' dir='ltr' id='par_1_77' title="bbox 2059 1629 3638 1700">
     <span class='ocr_line' id='line_1_77' title="bbox 2059 1629 3638 1700; baseline 0.003 -17"><span class='ocrx_word' id='word_1_470' title='bbox 2059 1630 2393 1700; x_wconf 89' lang='lat' dir='ltr'><strong>inquirentes</strong></span> <span class='ocrx_word' id='word_1_471' title='bbox 2425 1629 2559 1695; x_wconf 88' lang='lat' dir='ltr'><strong>loca,</strong></span> <span class='ocrx_word' id='word_1_472' title='bbox 2586 1646 2616 1684; x_wconf 90' lang='lat' dir='ltr'><strong>a</strong></span> <span class='ocrx_word' id='word_1_473' title='bbox 2638 1632 2835 1700; x_wconf 88' lang='lat' dir='ltr'><strong>quibus</strong></span> <span class='ocrx_word' id='word_1_474' title='bbox 2854 1632 2994 1688; x_wconf 86' lang='lat' dir='ltr'><strong>ultra</strong></span> <span class='ocrx_word' id='word_1_475' title='bbox 3017 1634 3280 1689; x_wconf 86' lang='lat' dir='ltr'><strong>rationem</strong></span> <span class='ocrx_word' id='word_1_476' title='bbox 3320 1633 3638 1690; x_wconf 54' lang='lat' dir='ltr'><strong>detineban-</strong></span> 
     </span>
    </p>
   </div>
   <div class='ocr_carea' id='block_1_78' title="bbox 2058 1725 3637 1800">
    <p class='ocr_par' dir='ltr' id='par_1_78' title="bbox 2058 1725 3637 1800">
     <span class='ocr_line' id='line_1_78' title="bbox 2058 1725 3637 1800; baseline 0.004 -22"><span class='ocrx_word' id='word_1_477' title='bbox 2058 1733 2165 1788; x_wconf 89' lang='lat' dir='ltr'><strong>tur,</strong></span> <span class='ocrx_word' id='word_1_478' title='bbox 2203 1725 2581 1794; x_wconf 62' lang='lat' dir='ltr'><strong>prtecipieutes</strong></span> <span class='ocrx_word' id='word_1_479' title='bbox 2624 1726 2921 1783; x_wconf 89' lang='lat' dir='ltr'><strong>venerabili</strong></span> <span class='ocrx_word' id='word_1_480' title='bbox 2971 1729 3307 1785; x_wconf 86' lang='lat' dir='ltr'><strong>restituimus</strong></span> <span class='ocrx_word' id='word_1_481' title='bbox 3345 1729 3493 1786; x_wconf 88' lang='lat' dir='ltr'><strong>loco:</strong></span> <span class='ocrx_word' id='word_1_482' title='bbox 3544 1729 3637 1800; x_wconf 93' lang='lat' dir='ltr'><strong>ju-</strong></span> 
     </span>
    </p>
   </div>
   <div class='ocr_carea' id='block_1_79' title="bbox 2057 1812 3639 1889">
    <p class='ocr_par' dir='ltr' id='par_1_79' title="bbox 2057 1812 3639 1889">
     <span class='ocr_line' id='line_1_79' title="bbox 2057 1812 3639 1889; baseline 0.003 -21"><span class='ocrx_word' id='word_1_483' title='bbox 2057 1824 2200 1868; x_wconf 89' lang='lat' dir='ltr'><strong>stum</strong></span> <span class='ocrx_word' id='word_1_484' title='bbox 2228 1812 2346 1869; x_wconf 84' lang='lat' dir='ltr'><strong>fore</strong></span> <span class='ocrx_word' id='word_1_485' title='bbox 2372 1824 2679 1881; x_wconf 90' lang='lat' dir='ltr'><strong>cernentes,</strong></span> <span class='ocrx_word' id='word_1_486' title='bbox 2722 1824 2781 1871; x_wconf 91' lang='lat' dir='ltr'><strong>ut</strong></span> <span class='ocrx_word' id='word_1_487' title='bbox 2819 1831 2920 1887; x_wconf 90' lang='lat' dir='ltr'><strong>pro</strong></span> <span class='ocrx_word' id='word_1_488' title='bbox 2948 1817 3103 1874; x_wconf 89' lang='lat' dir='ltr'><strong>laude</strong></span> <span class='ocrx_word' id='word_1_489' title='bbox 3140 1818 3237 1875; x_wconf 90' lang='lat' dir='ltr'><strong>Dei</strong></span> <span class='ocrx_word' id='word_1_490' title='bbox 3278 1819 3509 1889; x_wconf 89' lang='lat' dir='ltr'><strong>pupillos</strong></span> <span class='ocrx_word' id='word_1_491' title='bbox 3537 1836 3639 1875; x_wconf 89' lang='lat' dir='ltr'><strong>nu-</strong></span> 
     </span>
    </p>
   </div>
   <div class='ocr_carea' id='block_1_80' title="bbox 2061 1904 3639 1977">
    <p class='ocr_par' dir='ltr' id='par_1_80' title="bbox 2061 1904 3639 1977">
     <span class='ocr_line' id='line_1_80' title="bbox 2061 1904 3639 1977; baseline 0.003 -20"><span class='ocrx_word' id='word_1_492' title='bbox 2061 1904 2347 1961; x_wconf 87' lang='lat' dir='ltr'><strong>trientibus</strong></span> <span class='ocrx_word' id='word_1_493' title='bbox 2395 1906 2802 1970; x_wconf 90' lang='lat' dir='ltr'><strong>ministrarent,</strong></span> <span class='ocrx_word' id='word_1_494' title='bbox 2857 1922 2980 1977; x_wconf 68' lang='lat' dir='ltr'><strong>quae</strong></span> <span class='ocrx_word' id='word_1_495' title='bbox 3023 1908 3210 1965; x_wconf 90' lang='lat' dir='ltr'><strong>usibus</strong></span> <span class='ocrx_word' id='word_1_496' title='bbox 3250 1908 3639 1965; x_wconf 82' lang='lat' dir='ltr'><strong>excolebamur</strong></span> 
     </span>
    </p>
   </div>
   <div class='ocr_carea' id='block_1_81' title="bbox 2056 2007 2390 2053">
    <p class='ocr_par' dir='ltr' id='par_1_81' title="bbox 2056 2007 2390 2053">
     <span class='ocr_line' id='line_1_81' title="bbox 2056 2007 2390 2053; baseline 0 0"><span class='ocrx_word' id='word_1_497' title='bbox 2056 2007 2390 2053; x_wconf 80' lang='lat' dir='ltr'><strong>exterarum.</strong></span> 
     </span>
    </p>
   </div>
   <div class='ocr_carea' id='block_1_82' title="bbox 2124 2088 3635 2161">
    <p class='ocr_par' dir='ltr' id='par_1_82' title="bbox 2124 2088 3635 2161">
     <span class='ocr_line' id='line_1_82' title="bbox 2124 2088 3635 2161; baseline -0.001 -17"><span class='ocrx_word' id='word_1_498' title='bbox 2124 2088 2478 2159; x_wconf 70' lang='lat' dir='ltr'><strong>Prtecipimus</strong></span> <span class='ocrx_word' id='word_1_499' title='bbox 2510 2090 2757 2159; x_wconf 90' lang='lat' dir='ltr'><strong>proinde,</strong></span> <span class='ocrx_word' id='word_1_500' title='bbox 2786 2098 2847 2145; x_wconf 91' lang='lat' dir='ltr'><strong>ut</strong></span> <span class='ocrx_word' id='word_1_501' title='bbox 2880 2106 2910 2144; x_wconf 89' lang='lat' dir='ltr'><strong>a</strong></span> <span class='ocrx_word' id='word_1_502' title='bbox 2938 2090 3194 2161; x_wconf 64' lang='lat' dir='ltr'><strong>praesenti</strong></span> <span class='ocrx_word' id='word_1_503' title='bbox 3212 2089 3292 2145; x_wconf 85' lang='lat' dir='ltr'><strong>Ill.</strong></span> <span class='ocrx_word' id='word_1_504' title='bbox 3322 2089 3635 2153; x_wconf 88' lang='lat' dir='ltr'><strong>indictione,</strong></span> 
     </span>
    </p>
   </div>
   <div class='ocr_carea' id='block_1_83' title="bbox 2056 2180 3641 2254">
    <p class='ocr_par' dir='ltr' id='par_1_83' title="bbox 2056 2180 3641 2254">
     <span class='ocr_line' id='line_1_83' title="bbox 2056 2180 3641 2254; baseline 0.001 -19"><span class='ocrx_word' id='word_1_505' title='bbox 2056 2191 2111 2236; x_wconf 92' lang='lat' dir='ltr'><strong>et</strong></span> <span class='ocrx_word' id='word_1_506' title='bbox 2145 2180 2342 2237; x_wconf 89' lang='lat' dir='ltr'><strong>futuris</strong></span> <span class='ocrx_word' id='word_1_507' title='bbox 2385 2182 2775 2254; x_wconf 87' lang='lat' dir='ltr'><strong>perpetuisque</strong></span> <span class='ocrx_word' id='word_1_508' title='bbox 2823 2182 3190 2252; x_wconf 88' lang='lat' dir='ltr'><strong>temporibus,</strong></span> <span class='ocrx_word' id='word_1_509' title='bbox 3228 2197 3296 2237; x_wconf 83' lang='lat' dir='ltr'><strong>ex</strong></span> <span class='ocrx_word' id='word_1_510' title='bbox 3346 2181 3641 2237; x_wconf 88' lang='lat' dir='ltr'><strong>autoritate</strong></span> 
     </span>
    </p>
   </div>
   <div class='ocr_carea' id='block_1_84' title="bbox 2057 2273 3641 2347">
    <p class='ocr_par' dir='ltr' id='par_1_84' title="bbox 2057 2273 3641 2347">
     <span class='ocr_line' id='line_1_84' title="bbox 2057 2273 3641 2347; baseline 0.001 -18"><span class='ocrx_word' id='word_1_511' title='bbox 2057 2274 2202 2330; x_wconf 89' lang='lat' dir='ltr'><strong>beati</strong></span> <span class='ocrx_word' id='word_1_512' title='bbox 2224 2273 2373 2330; x_wconf 89' lang='lat' dir='ltr'><strong>Petri</strong></span> <span class='ocrx_word' id='word_1_513' title='bbox 2397 2274 2779 2345; x_wconf 80' lang='lat' dir='ltr'><strong>Apostolorum</strong></span> <span class='ocrx_word' id='word_1_514' title='bbox 2803 2274 3090 2347; x_wconf 89' lang='lat' dir='ltr'><strong>Principis,</strong></span> <span class='ocrx_word' id='word_1_515' title='bbox 3121 2276 3295 2346; x_wconf 90' lang='lat' dir='ltr'><strong>cujus,</strong></span> <span class='ocrx_word' id='word_1_516' title='bbox 3316 2275 3447 2330; x_wconf 86' lang='lat' dir='ltr'><strong>licet</strong></span> <span class='ocrx_word' id='word_1_517' title='bbox 3478 2276 3641 2331; x_wconf 84' lang='lat' dir='ltr'><strong>meri-</strong></span> 
     </span>
    </p>
   </div>
   <div class='ocr_carea' id='block_1_85' title="bbox 2058 2365 3638 2438">
    <p class='ocr_par' dir='ltr' id='par_1_85' title="bbox 2058 2365 3638 2438">
     <span class='ocr_line' id='line_1_85' title="bbox 2058 2365 3638 2438; baseline 0 -18"><span class='ocrx_word' id='word_1_518' title='bbox 2058 2367 2130 2423; x_wconf 91' lang='lat' dir='ltr'><strong>tis</strong></span> <span class='ocrx_word' id='word_1_519' title='bbox 2153 2367 2407 2437; x_wconf 89' lang='lat' dir='ltr'><strong>impares,</strong></span> <span class='ocrx_word' id='word_1_520' title='bbox 2447 2367 2598 2422; x_wconf 92' lang='lat' dir='ltr'><strong>vices</strong></span> <span class='ocrx_word' id='word_1_521' title='bbox 2636 2375 2819 2422; x_wconf 89' lang='lat' dir='ltr'><strong>tamen</strong></span> <span class='ocrx_word' id='word_1_522' title='bbox 2861 2366 3129 2438; x_wconf 86' lang='lat' dir='ltr'><strong>gerimus,</strong></span> <span class='ocrx_word' id='word_1_523' title='bbox 3166 2366 3278 2421; x_wconf 91' lang='lat' dir='ltr'><strong>Deo</strong></span> <span class='ocrx_word' id='word_1_524' title='bbox 3322 2365 3638 2430; x_wconf 85' lang='lat' dir='ltr'><strong>miserante,</strong></span> 
     </span>
    </p>
   </div>
   <div class='ocr_carea' id='block_1_86' title="bbox 2050 2455 3642 2527">
    <p class='ocr_par' dir='ltr' id='par_1_86' title="bbox 2050 2455 3642 2527">
     <span class='ocr_line' id='line_1_86' title="bbox 2050 2455 3642 2527; baseline 0.003 -17"><span class='ocrx_word' id='word_1_525' title='bbox 2050 2457 2164 2525; x_wconf 87' lang='lat' dir='ltr'><strong>jam</strong></span> <span class='ocrx_word' id='word_1_526' title='bbox 2191 2457 2370 2514; x_wconf 87' lang='lat' dir='ltr'><strong>dictus</strong></span> <span class='ocrx_word' id='word_1_527' title='bbox 2397 2455 2623 2522; x_wconf 84' lang='lat' dir='ltr'><strong>fundus,</strong></span> <span class='ocrx_word' id='word_1_528' title='bbox 2655 2472 2780 2513; x_wconf 87' lang='lat' dir='ltr'><strong>cum</strong></span> <span class='ocrx_word' id='word_1_529' title='bbox 2805 2458 3056 2514; x_wconf 89' lang='lat' dir='ltr'><strong>omnibus</strong></span> <span class='ocrx_word' id='word_1_530' title='bbox 3102 2456 3220 2526; x_wconf 90' lang='lat' dir='ltr'><strong>ejus</strong></span> <span class='ocrx_word' id='word_1_531' title='bbox 3240 2456 3458 2527; x_wconf 84' lang='lat' dir='ltr'><strong>jurihus</strong></span> <span class='ocrx_word' id='word_1_532' title='bbox 3483 2458 3642 2514; x_wconf 86' lang='lat' dir='ltr'><strong>redo-</strong></span> 
     </span>
    </p>
   </div>
   <div class='ocr_carea' id='block_1_87' title="bbox 2059 2546 3641 2619">
    <p class='ocr_par' dir='ltr' id='par_1_87' title="bbox 2059 2546 3641 2619">
     <span class='ocr_line' id='line_1_87' title="bbox 2059 2546 3641 2619; baseline 0 -16"><span class='ocrx_word' id='word_1_533' title='bbox 2059 2555 2239 2614; x_wconf 88' lang='lat' dir='ltr'><strong>uatus,</strong></span> <span class='ocrx_word' id='word_1_534' title='bbox 2284 2547 2743 2619; x_wconf 89' lang='lat' dir='ltr'><strong>Orphanotrophii</strong></span> <span class='ocrx_word' id='word_1_535' title='bbox 2771 2549 2968 2619; x_wconf 66' lang='lat' dir='ltr'><strong>saepius</strong></span> <span class='ocrx_word' id='word_1_536' title='bbox 2996 2546 3125 2604; x_wconf 90' lang='lat' dir='ltr'><strong>dicti</strong></span> <span class='ocrx_word' id='word_1_537' title='bbox 3153 2557 3475 2618; x_wconf 87' lang='lat' dir='ltr'><strong>permaneat</strong></span> <span class='ocrx_word' id='word_1_538' title='bbox 3514 2563 3641 2617; x_wconf 88' lang='lat' dir='ltr'><strong>pro-</strong></span> 
     </span>
    </p>
   </div>
   <div class='ocr_carea' id='block_1_88' title="bbox 2056 2636 3640 2709">
    <p class='ocr_par' dir='ltr' id='par_1_88' title="bbox 2056 2636 3640 2709">
     <span class='ocr_line' id='line_1_88' title="bbox 2056 2636 3640 2709; baseline -0.001 -17"><span class='ocrx_word' id='word_1_539' title='bbox 2056 2638 2209 2709; x_wconf 90' lang='lat' dir='ltr'><strong>prius</strong></span> <span class='ocrx_word' id='word_1_540' title='bbox 2233 2638 2334 2694; x_wconf 89' lang='lat' dir='ltr'><strong>sub</strong></span> <span class='ocrx_word' id='word_1_541' title='bbox 2355 2639 2677 2693; x_wconf 90' lang='lat' dir='ltr'><strong>inconcussa</strong></span> <span class='ocrx_word' id='word_1_542' title='bbox 2697 2637 2976 2704; x_wconf 82' lang='lat' dir='ltr'><strong>firmitate,</strong></span> <span class='ocrx_word' id='word_1_543' title='bbox 2989 2637 3213 2693; x_wconf 86' lang='lat' dir='ltr'><strong>utilitati</strong></span> <span class='ocrx_word' id='word_1_544' title='bbox 3242 2636 3361 2709; x_wconf 89' lang='lat' dir='ltr'><strong>ejus</strong></span> <span class='ocrx_word' id='word_1_545' title='bbox 3386 2637 3640 2708; x_wconf 73' lang='lat' dir='ltr'><strong>136ch</strong></span> 
     </span>
    </p>
   </div>
   <div class='ocr_carea' id='block_1_89' title="bbox 2059 2728 3642 2800">
    <p class='ocr_par' dir='ltr' id='par_1_89' title="bbox 2059 2728 3642 2800">
     <span class='ocr_line' id='line_1_89' title="bbox 2059 2728 3642 2800; baseline -0.002 -16"><span class='ocrx_word' id='word_1_546' title='bbox 2059 2728 2345 2784; x_wconf 86' lang='lat' dir='ltr'><strong>infantium</strong></span> <span class='ocrx_word' id='word_1_547' title='bbox 2373 2729 2777 2787; x_wconf 86' lang='lat' dir='ltr'><strong>ministraturus</strong></span> <span class='ocrx_word' id='word_1_548' title='bbox 2802 2747 2816 2784; x_wconf 93' lang='lat'><strong>:</strong></span> <span class='ocrx_word' id='word_1_549' title='bbox 2844 2744 2948 2786; x_wconf 90' lang='lat' dir='ltr'><strong>nec</strong></span> <span class='ocrx_word' id='word_1_550' title='bbox 2966 2728 3129 2786; x_wconf 90' lang='lat' dir='ltr'><strong>liceat</strong></span> <span class='ocrx_word' id='word_1_551' title='bbox 3155 2730 3407 2800; x_wconf 90' lang='lat' dir='ltr'><strong>cuiquam</strong></span> <span class='ocrx_word' id='word_1_552' title='bbox 3443 2742 3642 2799; x_wconf 87' lang='lat' dir='ltr'><strong>magno</strong></span> 
     </span>
    </p>
   </div>
   <div class='ocr_carea' id='block_1_90' title="bbox 2059 2820 3641 2892">
    <p class='ocr_par' dir='ltr' id='par_1_90' title="bbox 2059 2820 3641 2892">
     <span class='ocr_line' id='line_1_90' title="bbox 2059 2820 3641 2892; baseline 0 -16"><span class='ocrx_word' id='word_1_553' title='bbox 2059 2831 2141 2876; x_wconf 84' lang='lat' dir='ltr'><strong>vel</strong></span> <span class='ocrx_word' id='word_1_554' title='bbox 2165 2836 2332 2892; x_wconf 90' lang='lat' dir='ltr'><strong>parvo</strong></span> <span class='ocrx_word' id='word_1_555' title='bbox 2358 2835 2480 2877; x_wconf 90' lang='lat' dir='ltr'><strong>eum</strong></span> <span class='ocrx_word' id='word_1_556' title='bbox 2518 2822 2843 2887; x_wconf 89' lang='lat' dir='ltr'><strong>conducere,</strong></span> <span class='ocrx_word' id='word_1_557' title='bbox 2882 2830 2977 2876; x_wconf 89' lang='lat' dir='ltr'><strong>aut</strong></span> <span class='ocrx_word' id='word_1_558' title='bbox 3003 2823 3072 2877; x_wconf 92' lang='lat' dir='ltr'><strong>ab</strong></span> <span class='ocrx_word' id='word_1_559' title='bbox 3099 2820 3333 2877; x_wconf 90' lang='lat' dir='ltr'><strong>utilitate</strong></span> <span class='ocrx_word' id='word_1_560' title='bbox 3368 2821 3487 2892; x_wconf 89' lang='lat' dir='ltr'><strong>ejus</strong></span> <span class='ocrx_word' id='word_1_561' title='bbox 3511 2820 3641 2876; x_wconf 89' lang='lat' dir='ltr'><strong>alie-</strong></span> 
     </span>
    </p>
   </div>
   <div class='ocr_carea' id='block_1_91' title="bbox 2060 2912 3642 2983">
    <p class='ocr_par' dir='ltr' id='par_1_91' title="bbox 2060 2912 3642 2983">
     <span class='ocr_line' id='line_1_91' title="bbox 2060 2912 3642 2983; baseline 0 -16"><span class='ocrx_word' id='word_1_562' title='bbox 2060 2927 2222 2978; x_wconf 89' lang='lat' dir='ltr'><strong>nare,</strong></span> <span class='ocrx_word' id='word_1_563' title='bbox 2263 2912 2359 2967; x_wconf 88' lang='lat' dir='ltr'><strong>sed</strong></span> <span class='ocrx_word' id='word_1_564' title='bbox 2402 2921 2458 2967; x_wconf 91' lang='lat' dir='ltr'><strong>et</strong></span> <span class='ocrx_word' id='word_1_565' title='bbox 2482 2927 2694 2983; x_wconf 87' lang='lat' dir='ltr'><strong>semper</strong></span> <span class='ocrx_word' id='word_1_566' title='bbox 2723 2913 2910 2970; x_wconf 87' lang='lat' dir='ltr'><strong>usibus</strong></span> <span class='ocrx_word' id='word_1_567' title='bbox 2952 2912 3058 2970; x_wconf 88' lang='lat' dir='ltr'><strong>loci</strong></span> <span class='ocrx_word' id='word_1_568' title='bbox 3099 2913 3423 2970; x_wconf 87' lang='lat' dir='ltr'><strong>venerabilis</strong></span> <span class='ocrx_word' id='word_1_569' title='bbox 3458 2920 3515 2969; x_wconf 92' lang='lat' dir='ltr'><strong>et</strong></span> <span class='ocrx_word' id='word_1_570' title='bbox 3548 2926 3642 2967; x_wconf 91' lang='lat' dir='ltr'><strong>nc-</strong></span> 
     </span>
    </p>
   </div>
   <div class='ocr_carea' id='block_1_92' title="bbox 2059 3004 2804 3061">
    <p class='ocr_par' dir='ltr' id='par_1_92' title="bbox 2059 3004 2804 3061">
     <span class='ocr_line' id='line_1_92' title="bbox 2059 3004 2804 3061; baseline 0 -1"><span class='ocrx_word' id='word_1_571' title='bbox 2059 3004 2402 3060; x_wconf 73' lang='lat' dir='ltr'><strong>cessitatibus</strong></span> <span class='ocrx_word' id='word_1_572' title='bbox 2430 3015 2804 3061; x_wconf 90' lang='lat' dir='ltr'><strong>conservetur.</strong></span> 
     </span>
    </p>
   </div>
   <div class='ocr_carea' id='block_1_93' title="bbox 2136 3095 3642 3166">
    <p class='ocr_par' dir='ltr' id='par_1_93' title="bbox 2136 3095 3642 3166">
     <span class='ocr_line' id='line_1_93' title="bbox 2136 3095 3642 3166; baseline 0.001 -15"><span class='ocrx_word' id='word_1_573' title='bbox 2136 3095 2195 3151; x_wconf 88' lang='lat' dir='ltr'><strong>Si</strong></span> <span class='ocrx_word' id='word_1_574' title='bbox 2238 3097 2360 3166; x_wconf 88' lang='lat' dir='ltr'><strong>quis</strong></span> <span class='ocrx_word' id='word_1_575' title='bbox 2398 3097 2582 3166; x_wconf 88' lang='lat' dir='ltr'><strong>itaque</strong></span> <span class='ocrx_word' id='word_1_576' title='bbox 2644 3098 2884 3153; x_wconf 85' lang='lat' dir='ltr'><strong>extiterit</strong></span> <span class='ocrx_word' id='word_1_577' title='bbox 2928 3106 3264 3162; x_wconf 88' lang='lat' dir='ltr'><strong>temerator,</strong></span> <span class='ocrx_word' id='word_1_578' title='bbox 3315 3097 3399 3153; x_wconf 89' lang='lat' dir='ltr'><strong>vel</strong></span> <span class='ocrx_word' id='word_1_579' title='bbox 3450 3107 3642 3153; x_wconf 89' lang='lat' dir='ltr'><strong>contra</strong></span> 
     </span>
    </p>
   </div>
   <div class='ocr_carea' id='block_1_94' title="bbox 2060 3187 3639 3260">
    <p class='ocr_par' dir='ltr' id='par_1_94' title="bbox 2060 3187 3639 3260">
     <span class='ocr_line' id='line_1_94' title="bbox 2060 3187 3639 3260; baseline 0.001 -19"><span class='ocrx_word' id='word_1_580' title='bbox 2060 3187 2220 3259; x_wconf 86' lang='lat' dir='ltr'><strong>hujus</strong></span> <span class='ocrx_word' id='word_1_581' title='bbox 2267 3188 2467 3243; x_wconf 89' lang='lat' dir='ltr'><strong>decreti</strong></span> <span class='ocrx_word' id='word_1_582' title='bbox 2516 3188 2763 3260; x_wconf 87' lang='lat' dir='ltr'><strong>paginam</strong></span> <span class='ocrx_word' id='word_1_583' title='bbox 2820 3190 3005 3245; x_wconf 88' lang='lat' dir='ltr'><strong>venire</strong></span> <span class='ocrx_word' id='word_1_584' title='bbox 3034 3190 3361 3254; x_wconf 88' lang='lat' dir='ltr'><strong>tentaverit,</strong></span> <span class='ocrx_word' id='word_1_585' title='bbox 3411 3189 3639 3243; x_wconf 82' lang='lat' dir='ltr'><strong>anathe-</strong></span> 
     </span>
    </p>
   </div>
   <div class='ocr_carea' id='block_1_95' title="bbox 2059 3276 3642 3348">
    <p class='ocr_par' dir='ltr' id='par_1_95' title="bbox 2059 3276 3642 3348">
     <span class='ocr_line' id='line_1_95' title="bbox 2059 3276 3642 3348; baseline 0 -18"><span class='ocrx_word' id='word_1_586' title='bbox 2059 3278 2222 3332; x_wconf 88' lang='lat' dir='ltr'><strong>matis</strong></span> <span class='ocrx_word' id='word_1_587' title='bbox 2266 3276 2482 3332; x_wconf 89' lang='lat' dir='ltr'><strong>vinculo</strong></span> <span class='ocrx_word' id='word_1_588' title='bbox 2524 3277 2887 3347; x_wconf 54' lang='lat' dir='ltr'><strong>insolubiliter,</strong></span> <span class='ocrx_word' id='word_1_589' title='bbox 2926 3279 3237 3345; x_wconf 88' lang='lat' dir='ltr'><strong>innodetur,</strong></span> <span class='ocrx_word' id='word_1_590' title='bbox 3281 3286 3445 3348; x_wconf 87' lang='lat' dir='ltr'><strong>atque</strong></span> <span class='ocrx_word' id='word_1_591' title='bbox 3490 3276 3642 3331; x_wconf 79' lang='lat' dir='ltr'><strong>Judm</strong></span> 
     </span>
    </p>
   </div>
   <div class='ocr_carea' id='block_1_96' title="bbox 2060 3369 3178 3431">
    <p class='ocr_par' dir='ltr' id='par_1_96' title="bbox 2060 3369 3178 3431">
     <span class='ocr_line' id='line_1_96' title="bbox 2060 3369 3178 3431; baseline -0.004 -5"><span class='ocrx_word' id='word_1_592' title='bbox 2060 3370 2336 3427; x_wconf 89' lang='lat' dir='ltr'><strong>traditoris</strong></span> <span class='ocrx_word' id='word_1_593' title='bbox 2360 3369 2741 3431; x_wconf 88' lang='lat' dir='ltr'><strong>maledictione</strong></span> <span class='ocrx_word' id='word_1_594' title='bbox 2769 3372 3178 3427; x_wconf 89' lang='lat' dir='ltr'><strong>condemnetur.</strong></span> 
     </span>
    </p>
   </div>
   <div class='ocr_carea' id='block_1_97' title="bbox 2409 3571 3287 3643">
    <p class='ocr_par' dir='ltr' id='par_1_97' title="bbox 2409 3571 3287 3643">
     <span class='ocr_line' id='line_1_97' title="bbox 2409 3571 3287 3643; baseline 0.002 -16"><span class='ocrx_word' id='word_1_595' title='bbox 2409 3571 2793 3643; x_wconf 74' lang='lat' dir='ltr'><strong>bPriviIegium</strong></span> <span class='ocrx_word' id='word_1_596' title='bbox 2819 3573 3135 3642; x_wconf 76' lang='lat' dir='ltr'><strong>ﬁrmationis</strong></span> <span class='ocrx_word' id='word_1_597' title='bbox 3164 3572 3287 3629; x_wconf 82' lang='lat' dir='ltr'><strong>loci.</strong></span> 
     </span>
    </p>
   </div>
   <div class='ocr_carea' id='block_1_98' title="bbox 2127 3662 3638 3735">
    <p class='ocr_par' dir='ltr' id='par_1_98' title="bbox 2127 3662 3638 3735">
     <span class='ocr_line' id='line_1_98' title="bbox 2127 3662 3638 3735; baseline -0.003 -16"><span class='ocrx_word' id='word_1_598' title='bbox 2127 3666 2487 3733; x_wconf 71' lang='lat' dir='ltr'><strong>Qumcumque</strong></span> <span class='ocrx_word' id='word_1_599' title='bbox 2514 3664 2710 3717; x_wconf 90' lang='lat' dir='ltr'><strong>intuitu</strong></span> <span class='ocrx_word' id='word_1_600' title='bbox 2737 3662 2955 3733; x_wconf 88' lang='lat' dir='ltr'><strong>pietatis</strong></span> <span class='ocrx_word' id='word_1_601' title='bbox 2982 3671 3278 3735; x_wconf 85' lang='lat' dir='ltr'><strong>geruntur,</strong></span> <span class='ocrx_word' id='word_1_602' title='bbox 3323 3663 3638 3717; x_wconf 87' lang='lat' dir='ltr'><strong>inconvulsa</strong></span> 
     </span>
    </p>
   </div>
   <div class='ocr_carea' id='block_1_99' title="bbox 2056 3753 3639 3824">
    <p class='ocr_par' dir='ltr' id='par_1_99' title="bbox 2056 3753 3639 3824">
     <span class='ocr_line' id='line_1_99' title="bbox 2056 3753 3639 3824; baseline -0.002 -14"><span class='ocrx_word' id='word_1_603' title='bbox 2056 3755 2255 3811; x_wconf 86' lang='lat' dir='ltr'><strong>debent</strong></span> <span class='ocrx_word' id='word_1_604' title='bbox 2295 3753 2550 3809; x_wconf 81' lang='lat' dir='ltr'><strong>firmitate</strong></span> <span class='ocrx_word' id='word_1_605' title='bbox 2597 3768 2856 3809; x_wconf 88' lang='lat' dir='ltr'><strong>manere:</strong></span> <span class='ocrx_word' id='word_1_606' title='bbox 2905 3762 3067 3824; x_wconf 89' lang='lat' dir='ltr'><strong>atque</strong></span> <span class='ocrx_word' id='word_1_607' title='bbox 3112 3755 3185 3808; x_wconf 90' lang='lat' dir='ltr'><strong>ita</strong></span> <span class='ocrx_word' id='word_1_608' title='bbox 3225 3755 3480 3809; x_wconf 89' lang='lat' dir='ltr'><strong>convenit</strong></span> <span class='ocrx_word' id='word_1_609' title='bbox 3525 3763 3639 3808; x_wconf 83' lang='lat' dir='ltr'><strong>stu—</strong></span> 
     </span>
    </p>
   </div>
   <div class='ocr_carea' id='block_1_100' title="bbox 2058 3843 3639 3916">
    <p class='ocr_par' dir='ltr' id='par_1_100' title="bbox 2058 3843 3639 3916">
     <span class='ocr_line' id='line_1_100' title="bbox 2058 3843 3639 3916; baseline -0.003 -13"><span class='ocrx_word' id='word_1_610' title='bbox 2058 3849 2206 3913; x_wconf 90' lang='lat' dir='ltr'><strong>dere,</strong></span> <span class='ocrx_word' id='word_1_611' title='bbox 2256 3855 2318 3902; x_wconf 92' lang='lat' dir='ltr'><strong>ut</strong></span> <span class='ocrx_word' id='word_1_612' title='bbox 2360 3845 2604 3902; x_wconf 89' lang='lat' dir='ltr'><strong>omnium</strong></span> <span class='ocrx_word' id='word_1_613' title='bbox 2636 3843 2762 3915; x_wconf 90' lang='lat' dir='ltr'><strong>jura</strong></span> <span class='ocrx_word' id='word_1_614' title='bbox 2810 3848 3036 3916; x_wconf 89' lang='lat' dir='ltr'><strong>perenni</strong></span> <span class='ocrx_word' id='word_1_615' title='bbox 3069 3846 3371 3902; x_wconf 88' lang='lat' dir='ltr'><strong>subsistant</strong></span> <span class='ocrx_word' id='word_1_616' title='bbox 3401 3846 3639 3902; x_wconf 88' lang='lat' dir='ltr'><strong>stabilita</strong></span> 
     </span>
    </p>
   </div>
   <div class='ocr_carea' id='block_1_101' title="bbox 2059 3937 3641 4010">
    <p class='ocr_par' dir='ltr' id='par_1_101' title="bbox 2059 3937 3641 4010">
     <span class='ocr_line' id='line_1_101' title="bbox 2059 3937 3641 4010; baseline -0.001 -17"><span class='ocrx_word' id='word_1_617' title='bbox 2059 3947 2320 4010; x_wconf 87' lang='lat' dir='ltr'><strong>tempore,</strong></span> <span class='ocrx_word' id='word_1_618' title='bbox 2364 3937 2664 4008; x_wconf 71' lang='lat' dir='ltr'><strong>pressertim</strong></span> <span class='ocrx_word' id='word_1_619' title='bbox 2695 3952 2819 3992; x_wconf 90' lang='lat' dir='ltr'><strong>cum</strong></span> <span class='ocrx_word' id='word_1_620' title='bbox 2845 3952 2944 4008; x_wconf 92' lang='lat' dir='ltr'><strong>pro</strong></span> <span class='ocrx_word' id='word_1_621' title='bbox 2984 3937 3144 3994; x_wconf 89' lang='lat' dir='ltr'><strong>laude</strong></span> <span class='ocrx_word' id='word_1_622' title='bbox 3171 3938 3384 3994; x_wconf 88' lang='lat' dir='ltr'><strong>Domini</strong></span> <span class='ocrx_word' id='word_1_623' title='bbox 3426 3938 3520 3993; x_wconf 91' lang='lat' dir='ltr'><strong>Dei</strong></span> <span class='ocrx_word' id='word_1_624' title='bbox 3547 3954 3641 3992; x_wconf 90' lang='lat' dir='ltr'><strong>no-</strong></span> 
     </span>
    </p>
   </div>
   <div class='ocr_carea' id='block_1_102' title="bbox 2055 4027 3641 4100">
    <p class='ocr_par' dir='ltr' id='par_1_102' title="bbox 2055 4027 3641 4100">
     <span class='ocr_line' id='line_1_102' title="bbox 2055 4027 3641 4100; baseline -0.003 -16"><span class='ocrx_word' id='word_1_625' title='bbox 2055 4030 2153 4085; x_wconf 90' lang='lat' dir='ltr'><strong>stri</strong></span> <span class='ocrx_word' id='word_1_626' title='bbox 2185 4029 2379 4085; x_wconf 90' lang='lat' dir='ltr'><strong>devota</strong></span> <span class='ocrx_word' id='word_1_627' title='bbox 2417 4027 2729 4086; x_wconf 90' lang='lat' dir='ltr'><strong>sinceritate</strong></span> <span class='ocrx_word' id='word_1_628' title='bbox 2755 4028 3086 4100; x_wconf 89' lang='lat' dir='ltr'><strong>pauperibus</strong></span> <span class='ocrx_word' id='word_1_629' title='bbox 3112 4028 3314 4084; x_wconf 89' lang='lat' dir='ltr'><strong>Christi</strong></span> <span class='ocrx_word' id='word_1_630' title='bbox 3359 4027 3641 4098; x_wconf 82' lang='lat' dir='ltr'><strong>providen-</strong></span> 
     </span>
    </p>
   </div>
   <div class='ocr_carea' id='block_1_103' title="bbox 2059 4118 3640 4192">
    <p class='ocr_par' dir='ltr' id='par_1_103' title="bbox 2059 4118 3640 4192">
     <span class='ocr_line' id='line_1_103' title="bbox 2059 4118 3640 4192; baseline -0.004 -16"><span class='ocrx_word' id='word_1_631' title='bbox 2059 4129 2143 4176; x_wconf 87' lang='lat' dir='ltr'><strong>tur</strong></span> <span class='ocrx_word' id='word_1_632' title='bbox 2171 4119 2408 4177; x_wconf 88' lang='lat' dir='ltr'><strong>subsidia</strong></span> <span class='ocrx_word' id='word_1_633' title='bbox 2445 4120 2587 4185; x_wconf 68' lang='lat' dir='ltr'><strong>vitm,</strong></span> <span class='ocrx_word' id='word_1_634' title='bbox 2617 4135 2683 4175; x_wconf 90' lang='lat' dir='ltr'><strong>eo</strong></span> <span class='ocrx_word' id='word_1_635' title='bbox 2720 4135 2916 4192; x_wconf 89' lang='lat' dir='ltr'><strong>nempe</strong></span> <span class='ocrx_word' id='word_1_636' title='bbox 2937 4119 3155 4175; x_wconf 91' lang='lat' dir='ltr'><strong>dicente</strong></span> <span class='ocrx_word' id='word_1_637' title='bbox 3189 4138 3200 4174; x_wconf 94' lang='lat'><strong>:</strong></span> <span class='ocrx_word' id='word_1_638' title='bbox 3253 4118 3403 4174; x_wconf 85' lang='lat' dir='ltr'><strong>Beati</strong></span> <span class='ocrx_word' id='word_1_639' title='bbox 3438 4118 3640 4171; x_wconf 78' lang='lat' dir='ltr'><strong>miseri-</strong></span> 
     </span>
    </p>
   </div>
   <div class='ocr_carea' id='block_1_104' title="bbox 2057 4211 3640 4284">
    <p class='ocr_par' dir='ltr' id='par_1_104' title="bbox 2057 4211 3640 4284">
     <span class='ocr_line' id='line_1_104' title="bbox 2057 4211 3640 4284; baseline -0.004 -17"><span class='ocrx_word' id='word_1_640' title='bbox 2057 4212 2269 4278; x_wconf 78' lang='lat' dir='ltr'><strong>cordes,</strong></span> <span class='ocrx_word' id='word_1_641' title='bbox 2334 4213 2583 4284; x_wconf 83' lang='lat' dir='ltr'><strong>quoniam</strong></span> <span class='ocrx_word' id='word_1_642' title='bbox 2637 4211 2738 4283; x_wconf 73' lang='lat' dir='ltr'><strong>ipsi</strong></span> <span class='ocrx_word' id='word_1_643' title='bbox 2793 4212 3207 4267; x_wconf 77' lang='lat' dir='ltr'><strong>misericordiam</strong></span> <span class='ocrx_word' id='word_1_644' title='bbox 3260 4219 3640 4281; x_wconf 77' lang='lat' dir='ltr'><strong>consequentur</strong></span> 
     </span>
    </p>
   </div>
   <div class='ocr_carea' id='block_1_105' title="bbox 2056 4300 3637 4375">
    <p class='ocr_par' dir='ltr' id='par_1_105' title="bbox 2056 4300 3637 4375">
     <span class='ocr_line' id='line_1_105' title="bbox 2056 4300 3637 4375; baseline -0.003 -18"><span class='ocrx_word' id='word_1_645' title='bbox 2056 4302 2272 4373; x_wconf 76' lang='lat' dir='ltr'><strong>(Matth.</strong></span> <span class='ocrx_word' id='word_1_646' title='bbox 2300 4302 2354 4358; x_wconf 85' lang='lat'><strong>5.</strong></span> <span class='ocrx_word' id='word_1_647' title='bbox 2385 4320 2433 4357; x_wconf 82' lang='grc' dir='ltr'><strong>υ.</strong></span> <span class='ocrx_word' id='word_1_648' title='bbox 2475 4303 2529 4375; x_wconf 92' lang='lat'><strong>7)</strong></span> <span class='ocrx_word' id='word_1_649' title='bbox 2557 4319 2571 4368; x_wconf 90' lang='lat'><strong>;</strong></span> <span class='ocrx_word' id='word_1_650' title='bbox 2602 4312 2765 4372; x_wconf 90' lang='lat' dir='ltr'><strong>atque</strong></span> <span class='ocrx_word' id='word_1_651' title='bbox 2794 4301 2850 4356; x_wconf 92' lang='lat' dir='ltr'><strong>in</strong></span> <span class='ocrx_word' id='word_1_652' title='bbox 2904 4317 2963 4358; x_wconf 89' lang='lat' dir='ltr'><strong>se</strong></span> <span class='ocrx_word' id='word_1_653' title='bbox 3005 4302 3221 4359; x_wconf 88' lang='lat' dir='ltr'><strong>dicente</strong></span> <span class='ocrx_word' id='word_1_654' title='bbox 3261 4300 3450 4371; x_wconf 84' lang='lat' dir='ltr'><strong>redigi,</strong></span> <span class='ocrx_word' id='word_1_655' title='bbox 3495 4300 3637 4369; x_wconf 77' lang='lat' dir='ltr'><strong>quod</strong></span> 
     </span>
    </p>
   </div>
   <div class='ocr_carea' id='block_1_106' title="bbox 1983 4395 2956 4470">
    <p class='ocr_par' dir='ltr' id='par_1_106' title="bbox 1983 4395 2956 4470">
     <span class='ocr_line' id='line_1_106' title="bbox 1983 4395 2956 4470; baseline -0.003 -18"><span class='ocrx_word' id='word_1_656' title='bbox 1983 4408 2036 4470; x_wconf 79' lang='grc' dir='ltr'><strong>υ</strong></span> <span class='ocrx_word' id='word_1_657' title='bbox 2064 4398 2152 4452; x_wconf 82' lang='grc' dir='ltr'><strong>ιιιιί</strong></span> <span class='ocrx_word' id='word_1_658' title='bbox 2185 4396 2347 4452; x_wconf 88' lang='lat' dir='ltr'><strong>fuerit</strong></span> <span class='ocrx_word' id='word_1_659' title='bbox 2367 4412 2436 4452; x_wconf 77' lang='lat' dir='ltr'><strong>ex</strong></span> <span class='ocrx_word' id='word_1_660' title='bbox 2463 4396 2704 4456; x_wconf 87' lang='lat' dir='ltr'><strong>minimis</strong></span> <span class='ocrx_word' id='word_1_661' title='bbox 2735 4395 2956 4451; x_wconf 91' lang='lat' dir='ltr'><strong>factum.</strong></span> 
     </span>
    </p>
   </div>
   <div class='ocr_carea' id='block_1_107' title="bbox 2133 4486 3637 4559">
    <p class='ocr_par' dir='ltr' id='par_1_107' title="bbox 2133 4486 3637 4559">
     <span class='ocr_line' id='line_1_107' title="bbox 2133 4486 3637 4559; baseline -0.004 -14"><span class='ocrx_word' id='word_1_662' title='bbox 2133 4490 2245 4545; x_wconf 81' lang='lat' dir='ltr'><strong>Hac</strong></span> <span class='ocrx_word' id='word_1_663' title='bbox 2273 4505 2365 4559; x_wconf 89' lang='lat' dir='ltr'><strong>spe</strong></span> <span class='ocrx_word' id='word_1_664' title='bbox 2394 4486 2588 4555; x_wconf 89' lang='lat' dir='ltr'><strong>fretus,</strong></span> <span class='ocrx_word' id='word_1_665' title='bbox 2624 4488 2932 4545; x_wconf 90' lang='lat' dir='ltr'><strong>condidisse</strong></span> <span class='ocrx_word' id='word_1_666' title='bbox 2952 4488 3263 4544; x_wconf 89' lang='lat' dir='ltr'><strong>Diaeoniam</strong></span> <span class='ocrx_word' id='word_1_667' title='bbox 3295 4488 3348 4542; x_wconf 90' lang='lat' dir='ltr'><strong>in</strong></span> <span class='ocrx_word' id='word_1_668' title='bbox 3377 4488 3637 4543; x_wconf 87' lang='lat' dir='ltr'><strong>honorem</strong></span> 
     </span>
    </p>
   </div>
   <div class='ocr_carea' id='block_1_108' title="bbox 2060 4578 3638 4653">
    <p class='ocr_par' dir='ltr' id='par_1_108' title="bbox 2060 4578 3638 4653">
     <span class='ocr_line' id='line_1_108' title="bbox 2060 4578 3638 4653; baseline -0.004 -13"><span class='ocrx_word' id='word_1_669' title='bbox 2060 4592 2261 4640; x_wconf 77' lang='lat' dir='ltr'><strong>sancta:</strong></span> <span class='ocrx_word' id='word_1_670' title='bbox 2286 4582 2383 4638; x_wconf 87' lang='lat' dir='ltr'><strong>Dei</strong></span> <span class='ocrx_word' id='word_1_671' title='bbox 2415 4581 2699 4653; x_wconf 85' lang='lat' dir='ltr'><strong>genitricis</strong></span> <span class='ocrx_word' id='word_1_672' title='bbox 2722 4595 3045 4652; x_wconf 89' lang='lat' dir='ltr'><strong>semperque</strong></span> <span class='ocrx_word' id='word_1_673' title='bbox 3073 4579 3299 4651; x_wconf 89' lang='lat' dir='ltr'><strong>virginis</strong></span> <span class='ocrx_word' id='word_1_674' title='bbox 3328 4578 3511 4634; x_wconf 69' lang='lat' dir='ltr'><strong>Mariae</strong></span> <span class='ocrx_word' id='word_1_675' title='bbox 3534 4579 3638 4634; x_wconf 86' lang='lat' dir='ltr'><strong>Do-</strong></span> 
     </span>
    </p>
   </div>
   <div class='ocr_carea' id='block_1_109' title="bbox 2058 4667 3634 4739">
    <p class='ocr_par' dir='ltr' id='par_1_109' title="bbox 2058 4667 3634 4739">
     <span class='ocr_line' id='line_1_109' title="bbox 2058 4667 3634 4739; baseline -0.004 -10"><span class='ocrx_word' id='word_1_676' title='bbox 2058 4675 2218 4729; x_wconf 79' lang='lat' dir='ltr'><strong>mina:</strong></span> <span class='ocrx_word' id='word_1_677' title='bbox 2255 4681 2474 4737; x_wconf 57' lang='lat' dir='ltr'><strong>nostras,</strong></span> <span class='ocrx_word' id='word_1_678' title='bbox 2507 4672 2563 4727; x_wconf 88' lang='lat' dir='ltr'><strong>in</strong></span> <span class='ocrx_word' id='word_1_679' title='bbox 2588 4670 2707 4729; x_wconf 90' lang='lat' dir='ltr'><strong>loco</strong></span> <span class='ocrx_word' id='word_1_680' title='bbox 2729 4670 2809 4727; x_wconf 90' lang='lat' dir='ltr'><strong>Ill.</strong></span> <span class='ocrx_word' id='word_1_681' title='bbox 2838 4670 3161 4727; x_wconf 89' lang='lat' dir='ltr'><strong>venerabilis</strong></span> <span class='ocrx_word' id='word_1_682' title='bbox 3204 4667 3406 4736; x_wconf 84' lang='lat' dir='ltr'><strong>frater,</strong></span> <span class='ocrx_word' id='word_1_683' title='bbox 3444 4668 3634 4739; x_wconf 88' lang='lat' dir='ltr'><strong>digno—</strong></span> 
     </span>
    </p>
   </div>
   <div class='ocr_carea' id='block_1_110' title="bbox 2056 4757 3637 4834">
    <p class='ocr_par' dir='ltr' id='par_1_110' title="bbox 2056 4757 3637 4834">
     <span class='ocr_line' id='line_1_110' title="bbox 2056 4757 3637 4834; baseline -0.006 -14"><span class='ocrx_word' id='word_1_684' title='bbox 2056 4764 2244 4832; x_wconf 86' lang='lat' dir='ltr'><strong>sceris,</strong></span> <span class='ocrx_word' id='word_1_685' title='bbox 2273 4769 2575 4834; x_wconf 89' lang='lat' dir='ltr'><strong>opportune</strong></span> <span class='ocrx_word' id='word_1_686' title='bbox 2603 4770 2806 4827; x_wconf 91' lang='lat' dir='ltr'><strong>certus,</strong></span> <span class='ocrx_word' id='word_1_687' title='bbox 2832 4760 2977 4832; x_wconf 89' lang='lat' dir='ltr'><strong>quod</strong></span> <span class='ocrx_word' id='word_1_688' title='bbox 2998 4758 3265 4814; x_wconf 90' lang='lat' dir='ltr'><strong>mercedis</strong></span> <span class='ocrx_word' id='word_1_689' title='bbox 3296 4758 3518 4829; x_wconf 62' lang='lat' dir='ltr'><strong>praemia</strong></span> <span class='ocrx_word' id='word_1_690' title='bbox 3540 4757 3637 4811; x_wconf 83' lang='lat' dir='ltr'><strong>oh-</strong></span> 
     </span>
    </p>
   </div>
   <div class='ocr_carea' id='block_1_111' title="bbox 2057 4846 3634 4922">
    <p class='ocr_par' dir='ltr' id='par_1_111' title="bbox 2057 4846 3634 4922">
     <span class='ocr_line' id='line_1_111' title="bbox 2057 4846 3634 4922; baseline -0.009 -10"><span class='ocrx_word' id='word_1_691' title='bbox 2057 4857 2230 4912; x_wconf 91' lang='lat' dir='ltr'><strong>tineas</strong></span> <span class='ocrx_word' id='word_1_692' title='bbox 2260 4855 2315 4910; x_wconf 90' lang='lat' dir='ltr'><strong>in</strong></span> <span class='ocrx_word' id='word_1_693' title='bbox 2358 4853 2571 4909; x_wconf 90' lang='lat' dir='ltr'><strong>futuro:</strong></span> <span class='ocrx_word' id='word_1_694' title='bbox 2609 4852 2793 4922; x_wconf 89' lang='lat' dir='ltr'><strong>ibique</strong></span> <span class='ocrx_word' id='word_1_695' title='bbox 2817 4854 2887 4907; x_wconf 89' lang='lat' dir='ltr'><strong>ob</strong></span> <span class='ocrx_word' id='word_1_696' title='bbox 2921 4851 2976 4907; x_wconf 90' lang='lat' dir='ltr'><strong>id</strong></span> <span class='ocrx_word' id='word_1_697' title='bbox 3004 4849 3305 4915; x_wconf 88' lang='lat' dir='ltr'><strong>contulisti,</strong></span> <span class='ocrx_word' id='word_1_698' title='bbox 3354 4856 3516 4919; x_wconf 88' lang='lat' dir='ltr'><strong>atque</strong></span> <span class='ocrx_word' id='word_1_699' title='bbox 3544 4846 3634 4899; x_wconf 90' lang='lat' dir='ltr'><strong>alii</strong></span> 
     </span>
    </p>
   </div>
   <div class='ocr_carea' id='block_1_112' title="bbox 2051 4934 3630 5018">
    <p class='ocr_par' dir='ltr' id='par_1_112' title="bbox 2051 4934 3630 5018">
     <span class='ocr_line' id='line_1_112' title="bbox 2051 4934 3630 5018; baseline -0.009 -17"><span class='ocrx_word' id='word_1_700' title='bbox 2051 4963 2150 5018; x_wconf 88' lang='lat' dir='ltr'><strong>pro</strong></span> <span class='ocrx_word' id='word_1_701' title='bbox 2175 4959 2360 5000; x_wconf 87' lang='lat' dir='ltr'><strong>amore</strong></span> <span class='ocrx_word' id='word_1_702' title='bbox 2384 4941 2772 5013; x_wconf 87' lang='lat' dir='ltr'><strong>omnipotentis</strong></span> <span class='ocrx_word' id='word_1_703' title='bbox 2797 4940 2894 4997; x_wconf 88' lang='lat' dir='ltr'><strong>Dei</strong></span> <span class='ocrx_word' id='word_1_704' title='bbox 2921 4939 3117 5005; x_wconf 88' lang='lat' dir='ltr'><strong>nostri,</strong></span> <span class='ocrx_word' id='word_1_705' title='bbox 3150 4936 3389 5017; x_wconf 81' lang='lat' dir='ltr'><strong>fidelium</strong></span> <span class='ocrx_word' id='word_1_706' title='bbox 3416 4934 3630 4996; x_wconf 72' lang='lat' dir='ltr'><strong>offerre,</strong></span> 
     </span>
    </p>
   </div>
   <div class='ocr_carea' id='block_1_113' title="bbox 2051 5062 3637 5142">
    <p class='ocr_par' dir='ltr' id='par_1_113' title="bbox 2051 5062 3637 5142">
     <span class='ocr_line' id='line_1_113' title="bbox 2051 5062 3637 5142; baseline -0.01 -11"><span class='ocrx_word' id='word_1_707' title='bbox 2051 5075 2387 5138; x_wconf 88' lang='lat' dir='ltr'><strong>Diaeoniam,</strong></span> <span class='ocrx_word' id='word_1_708' title='bbox 2415 5080 2470 5126; x_wconf 89' lang='lat' dir='ltr'><strong>et</strong></span> <span class='ocrx_word' id='word_1_709' title='bbox 2494 5071 2734 5140; x_wconf 90' lang='lat' dir='ltr'><strong>quidem,</strong></span> <span class='ocrx_word' id='word_1_710' title='bbox 2765 5080 2828 5142; x_wconf 81' lang='lat' dir='ltr'><strong>ut</strong></span> <span class='ocrx_word' id='word_1_711' title='bbox 2853 5068 3110 5142; x_wconf 72' lang='lat' dir='ltr'><strong>credibile</strong></span> <span class='ocrx_word' id='word_1_712' title='bbox 3140 5075 3247 5142; x_wconf 77' lang='lat' dir='ltr'><strong>est,</strong></span> <span class='ocrx_word' id='word_1_713' title='bbox 3285 5066 3339 5120; x_wconf 91' lang='lat' dir='ltr'><strong>in</strong></span> <span class='ocrx_word' id='word_1_714' title='bbox 3366 5062 3637 5142; x_wconf 77' lang='lat' dir='ltr'><strong>fuudodi-</strong></span> 
     </span>
    </p>
   </div>
   <div class='ocr_carea' id='block_1_114' title="bbox 2051 5138 3635 5214">
    <p class='ocr_par' dir='ltr' id='par_1_114' title="bbox 2051 5138 3635 5214">
     <span class='ocr_line' id='line_1_114' title="bbox 2051 5138 3635 5214; baseline -0.011 -15"><span class='ocrx_word' id='word_1_715' title='bbox 2051 5145 2214 5201; x_wconf 88' lang='lat' dir='ltr'><strong>tionis</strong></span> <span class='ocrx_word' id='word_1_716' title='bbox 2238 5160 2387 5200; x_wconf 72' lang='lat' dir='ltr'><strong>sum:</strong></span> <span class='ocrx_word' id='word_1_717' title='bbox 2426 5138 2566 5214; x_wconf 76' lang='lat' dir='ltr'><strong>petit</strong></span> <span class='ocrx_word' id='word_1_718' title='bbox 2591 5142 2647 5214; x_wconf 86' lang='lat' dir='ltr'><strong>id</strong></span> <span class='ocrx_word' id='word_1_719' title='bbox 2681 5140 2826 5214; x_wconf 78' lang='lat' dir='ltr'><strong>quod</strong></span> <span class='ocrx_word' id='word_1_720' title='bbox 2870 5138 3172 5214; x_wconf 79' lang='lat' dir='ltr'><strong>contulerat</strong></span> <span class='ocrx_word' id='word_1_721' title='bbox 3210 5138 3635 5214; x_wconf 71' lang='lat' dir='ltr'><strong>insustentatio-</strong></span> 
     </span>
    </p>
   </div>
   <div class='ocr_carea' id='block_1_115' title="bbox 2052 5204 3631 5285">
    <p class='ocr_par' dir='ltr' id='par_1_115' title="bbox 2052 5204 3631 5285">
     <span class='ocr_line' id='line_1_115' title="bbox 2052 5204 3631 5285; baseline -0.006 -14"><span class='ocrx_word' id='word_1_722' title='bbox 2052 5232 2175 5271; x_wconf 88' lang='lat' dir='ltr'><strong>nem</strong></span> <span class='ocrx_word' id='word_1_723' title='bbox 2205 5204 2522 5285; x_wconf 78' lang='lat' dir='ltr'><strong>pauperum,</strong></span> <span class='ocrx_word' id='word_1_724' title='bbox 2562 5204 2851 5285; x_wconf 72' lang='lat' dir='ltr'><strong>privilegio</strong></span> <span class='ocrx_word' id='word_1_725' title='bbox 2881 5210 3025 5265; x_wconf 90' lang='lat' dir='ltr'><strong>sedis</strong></span> <span class='ocrx_word' id='word_1_726' title='bbox 3046 5207 3369 5285; x_wconf 63' lang='lat' dir='ltr'><strong>Apostolch</strong></span> <span class='ocrx_word' id='word_1_727' title='bbox 3389 5204 3631 5285; x_wconf 49' lang='lat' dir='ltr'><strong>ﬁrmari.</strong></span> 
     </span>
    </p>
   </div>
   <div class='ocr_carea' id='block_1_116' title="bbox 2058 5271 3638 5355">
    <p class='ocr_par' dir='ltr' id='par_1_116' title="bbox 2058 5271 3638 5355">
     <span class='ocr_line' id='line_1_116' title="bbox 2058 5271 3638 5355; baseline -0.009 -16"><span class='ocrx_word' id='word_1_728' title='bbox 2058 5301 2124 5339; x_wconf 88' lang='lat' dir='ltr'><strong>ne</strong></span> <span class='ocrx_word' id='word_1_729' title='bbox 2149 5271 2270 5355; x_wconf 71' lang='lat' dir='ltr'><strong>quis</strong></span> <span class='ocrx_word' id='word_1_730' title='bbox 2306 5271 2618 5355; x_wconf 67' lang='lat' dir='ltr'><strong>aliquando</strong></span> <span class='ocrx_word' id='word_1_731' title='bbox 2641 5271 2918 5355; x_wconf 76' lang='lat' dir='ltr'><strong>fraudaret</strong></span> <span class='ocrx_word' id='word_1_732' title='bbox 2943 5271 3234 5355; x_wconf 59' lang='lat' dir='ltr'><strong>pauperes.</strong></span> <span class='ocrx_word' id='word_1_733' title='bbox 3385 5273 3489 5355; x_wconf 73' lang='lat' dir='ltr'><strong>fuit</strong></span> <span class='ocrx_word' id='word_1_734' title='bbox 3516 5271 3638 5355; x_wconf 63' lang='lat' dir='ltr'><strong>Epi-</strong></span> 
     </span>
    </p>
   </div>
   <div class='ocr_carea' id='block_1_117' title="bbox 2056 5341 3636 5425">
    <p class='ocr_par' dir='ltr' id='par_1_117' title="bbox 2056 5341 3636 5425">
     <span class='ocr_line' id='line_1_117' title="bbox 2056 5341 3636 5425; baseline -0.012 -14"><span class='ocrx_word' id='word_1_735' title='bbox 2056 5341 2251 5425; x_wconf 72' lang='lat' dir='ltr'><strong>scopus</strong></span> <span class='ocrx_word' id='word_1_736' title='bbox 2280 5354 2376 5425; x_wconf 82' lang='lat' dir='ltr'><strong>ille</strong></span> <span class='ocrx_word' id='word_1_737' title='bbox 2390 5341 2746 5425; x_wconf 74' lang='lat' dir='ltr'><strong>ordinationis</strong></span> <span class='ocrx_word' id='word_1_738' title='bbox 2778 5341 3137 5425; x_wconf 51' lang='lat' dir='ltr'><strong>Apostolicie.</strong></span> <span class='ocrx_word' id='word_1_739' title='bbox 3163 5346 3295 5425; x_wconf 78' lang='lat' dir='ltr'><strong>nihil</strong></span> <span class='ocrx_word' id='word_1_740' title='bbox 3326 5345 3452 5400; x_wconf 88' lang='lat' dir='ltr'><strong>inde</strong></span> <span class='ocrx_word' id='word_1_741' title='bbox 3487 5341 3636 5425; x_wconf 55' lang='lat' dir='ltr'><strong>colliv</strong></span> 
     </span>
    </p>
   </div>
   <div class='ocr_carea' id='block_1_118' title="bbox 2056 5417 3637 5497">
    <p class='ocr_par' dir='ltr' id='par_1_118' title="bbox 2056 5417 3637 5497">
     <span class='ocr_line' id='line_1_118' title="bbox 2056 5417 3637 5497; baseline -0.009 -18"><span class='ocrx_word' id='word_1_742' title='bbox 2056 5417 2201 5497; x_wconf 79' lang='lat' dir='ltr'><strong>gitur</strong></span> <span class='ocrx_word' id='word_1_743' title='bbox 2221 5467 2234 5486; x_wconf 91' lang='lat'><strong>,</strong></span> <span class='ocrx_word' id='word_1_744' title='bbox 2282 5424 2387 5497; x_wconf 69' lang='lat' dir='ltr'><strong>nisi</strong></span> <span class='ocrx_word' id='word_1_745' title='bbox 2419 5425 2561 5497; x_wconf 82' lang='lat' dir='ltr'><strong>quod</strong></span> <span class='ocrx_word' id='word_1_746' title='bbox 2611 5417 2934 5478; x_wconf 76' lang='lat' dir='ltr'><strong>arctissimis</strong></span> <span class='ocrx_word' id='word_1_747' title='bbox 2963 5419 3065 5497; x_wconf 63' lang='lat' dir='ltr'><strong>fuit</strong></span> <span class='ocrx_word' id='word_1_748' title='bbox 3101 5417 3365 5497; x_wconf 71' lang='lat' dir='ltr'><strong>limitibus</strong></span> <span class='ocrx_word' id='word_1_749' title='bbox 3398 5417 3637 5497; x_wconf 71' lang='lat' dir='ltr'><strong>coercita</strong></span> 
     </span>
    </p>
   </div>
   <div class='ocr_carea' id='block_1_119' title="bbox 2055 5485 3640 5563">
    <p class='ocr_par' dir='ltr' id='par_1_119' title="bbox 2055 5485 3640 5563">
     <span class='ocr_line' id='line_1_119' title="bbox 2055 5485 3640 5563; baseline -0.01 -14"><span class='ocrx_word' id='word_1_750' title='bbox 2055 5485 2317 5563; x_wconf 56' lang='lat' dir='ltr'><strong>Ejusmodi</strong></span> <span class='ocrx_word' id='word_1_751' title='bbox 2360 5485 2675 5563; x_wconf 63' lang='lat' dir='ltr'><strong>Prfesulum</strong></span> <span class='ocrx_word' id='word_1_752' title='bbox 2701 5500 2957 5563; x_wconf 77' lang='lat' dir='ltr'><strong>potestas.</strong></span> <span class='ocrx_word' id='word_1_753' title='bbox 3010 5488 3067 5543; x_wconf 89' lang='lat' dir='ltr'><strong>Si</strong></span> <span class='ocrx_word' id='word_1_754' title='bbox 3096 5485 3328 5563; x_wconf 76' lang='lat' dir='ltr'><strong>forensis</strong></span> <span class='ocrx_word' id='word_1_755' title='bbox 3342 5492 3506 5563; x_wconf 55' lang='lat' dir='ltr'><strong>erat,</strong></span> <span class='ocrx_word' id='word_1_756' title='bbox 3526 5485 3640 5563; x_wconf 84' lang='lat' dir='ltr'><strong>_in-</strong></span> 
     </span>
    </p>
   </div>
   <div class='ocr_carea' id='block_1_120' title="bbox 2059 5550 3635 5637">
    <p class='ocr_par' dir='ltr' id='par_1_120' title="bbox 2059 5550 3635 5637">
     <span class='ocr_line' id='line_1_120' title="bbox 2059 5550 3635 5637; baseline -0.011 -16"><span class='ocrx_word' id='word_1_757' title='bbox 2059 5550 2298 5629; x_wconf 66' lang='lat' dir='ltr'><strong>tolligere</strong></span> <span class='ocrx_word' id='word_1_758' title='bbox 2327 5566 2468 5637; x_wconf 87' lang='lat' dir='ltr'><strong>licet,</strong></span> <span class='ocrx_word' id='word_1_759' title='bbox 2512 5550 2819 5637; x_wconf 60' lang='lat' dir='ltr'><strong>qugefu&#39;erit</strong></span> <span class='ocrx_word' id='word_1_760' title='bbox 2847 5561 2952 5637; x_wconf 82' lang='lat' dir='ltr'><strong>illis</strong></span> <span class='ocrx_word' id='word_1_761' title='bbox 2977 5557 3309 5637; x_wconf 78' lang='lat' dir='ltr'><strong>temporibus</strong></span> <span class='ocrx_word' id='word_1_762' title='bbox 3338 5550 3635 5610; x_wconf 71' lang='lat' dir='ltr'><strong>Prtesulum</strong></span> 
     </span>
    </p>
   </div>
   <div class='ocr_carea' id='block_1_121' title="bbox 2056 5630 3228 5705">
    <p class='ocr_par' dir='ltr' id='par_1_121' title="bbox 2056 5630 3228 5705">
     <span class='ocr_line' id='line_1_121' title="bbox 2056 5630 3228 5705; baseline -0.011 -14"><span class='ocrx_word' id='word_1_763' title='bbox 2056 5639 2121 5693; x_wconf 82' lang='lat' dir='ltr'><strong>de</strong></span> <span class='ocrx_word' id='word_1_764' title='bbox 2152 5636 2376 5690; x_wconf 73' lang='lat' dir='ltr'><strong>Romani</strong></span> <span class='ocrx_word' id='word_1_765' title='bbox 2418 5630 2686 5702; x_wconf 80' lang='lat' dir='ltr'><strong>pontificis</strong></span> <span class='ocrx_word' id='word_1_766' title='bbox 2708 5632 3005 5705; x_wconf 31' lang='lat' dir='ltr'><strong>autoritat’c</strong></span> <span class='ocrx_word' id='word_1_767' title='bbox 3028 5630 3228 5696; x_wconf 80' lang='lat' dir='ltr'><strong>opinio.</strong></span> 
     </span>
    </p>
   </div>
  </div>
