3990 6184
333 292 432 353 ll'l

1285 282 1725 340 ιιοιιΑΝοιιυΜ
1763 276 2203 336 ΡΟΝἰίθίΟυΜ.
2247 312 2313 321 -
2340 278 2491 334 CAP.
2521 281 2626 336 V'il.

3478 284 3575 338 iis

328 422 423 477 pro
446 399 906 458 administratione
933 411 1230 467 pauperum
1260 396 1395 465 ejus,
1448 402 1502 449 et
1541 402 1763 463 propter
1803 407 1889 447 re~
1922 392 1969 453 Α
1997 392 2304 447 autoritatis
2334 391 2641 460 exposcitur
2684 391 3010 460 pr.esidiuut,
3056 392 3197 445 ultro
3221 392 3572 461 benignitatis

329 494 572 553 dimenda
598 497 841 562 peccata,
867 489 1103 544 student.
1724 550 1731 561 ἱ

394 585 468 641 Ne
505 598 636 655 ergo
664 580 862 650 aliquis
896 578 1241 634 temulatione
1273 577 1505 646 quadam
1535 584 1724 631 contra
1760 575 1898 630 salus

328 688 431 733 tem
458 681 753 730 temerator
771 671 1034 735 existens,
1073 685 1142 723 ex
1166 669 1329 723 rebus
1348 667 1517 723 semel
1542 667 1652 722 Dco
1681 668 1894 732 dicatis,

326 766 576 821 aviditate
612 762 878 826 devictus,
909 759 1192 815 abstrahat
1235 766 1330 815 aut
1364 756 1667 821 defraudct,
1699 768 1898 812 nostra:

324 867 379 911 ut
429 853 732 910 autoritatis
783 851 940 923 137
979 857 1250 921 precepto
1301 848 1626 903 venerabilis
1654 846 1757 902 loci
1800 848 1900 901 im-

326 946 559 1003 munitas
604 951 944 1014 procuretur,
973 941 1225 1010 sperasti.

389 1037 725 1105 Quapropter
750 1032 1113 1102 praecipimus,
1154 1032 1299 1086 beati
1344 1030 1491 1086 Petri
1530 1030 1899 1101 apostolorum

322 1129 580 1201 principis
612 1126 902 1182 autoritate
930 1165 945 1188 ,
999 1140 1099 1196 per
1148 1123 1307 1193 hujus
1353 1124 1560 1179 decreti
1607 1122 1856 1193 paginam
1880 1164 1896 1188 ,

320 1220 572 1277 omnibus
592 1218 814 1273 omnino
840 1216 1082 1287 qualibet
1100 1215 1366 1288 dignitate
1406 1216 1648 1287 praeditis
1675 1223 1733 1271 et
1750 1224 1902 1286 pote-

320 1319 484 1376 state,
513 1316 577 1362 ut
612 1322 680 1363 ex
710 1306 870 1361 rebus
897 1305 1139 1375 ejusdem
1170 1305 1496 1361 venerabilis
1519 1303 1781 1361 diaconia:
1809 1319 1902 1360 ne—

320 1417 407 1455 mo
434 1407 725 1473 przesumat
752 1397 1046 1467 quidquam
1073 1395 1311 1451 auferre.
1354 1394 1462 1450 Sed
1489 1393 1750 1464 quidquid
1772 1394 1902 1448 illud

317 1502 420 1556 est,
475 1506 574 1546 suo
630 1503 847 1559 semper
908 1487 1184 1559 possideat
1244 1485 1389 1555 jure,
1462 1494 1518 1541 et
1564 1485 1749 1540 omnia
1798 1483 1901 1538 sibi

319 1582 556 1639 vindicet
604 1594 886 1645 concessa,
939 1579 1024 1634 vel
1071 1578 1119 1633 si
1160 1593 1267 1649 qua
1323 1577 1532 1633 fuerint
1572 1576 1775 1643 oblata,
1827 1576 1901 1634 ita

314 1682 372 1724 ut
398 1670 504 1726 sub
531 1671 757 1727 tuitione
799 1677 855 1725 et
902 1669 1167 1740 regimine
1216 1684 1279 1723 ac
1325 1668 1731 1741 dispensatione
1792 1666 1899 1723 loci

314 1759 390 1821 ιιι.
423 1767 661 1815 maneat.

386 1850 707 1920 Subjudieii
737 1859 883 1910 metu
903 1851 1093 1907 aiterni
1114 1859 1416 1907 statuentes
1452 1850 1748 1921 pontificali
1774 1864 1902 1906 cen-

310 1960 470 2009 siu'a,
500 1953 662 2014 atque
692 1945 793 1999 sub
828 1944 1189 1999 anathematis
1214 1944 1531 2008 interdicto,
1558 1944 1767 1999 nullum
1788 1946 1905 1998 exi-

308 2046 469 2091 stere
515 2042 917 2090 temeratorem.

1046 2127 1187 2181 XXI.

391 2213 762 2286 Pn‘vilegium,
787 2216 999 2285 quando
1024 2234 1120 2271 suo
1145 2218 1356 2288 proprio
1381 2217 1492 2272 loco
1516 2219 1835 2272 conceditur.

386 2305 535 2359 Dum
580 2320 773 2373 magna
820 2306 977 2362 nobis
1020 2322 1150 2362 cura
1197 2307 1416 2372 insistit,
1469 2324 1568 2379 pro
1619 2309 1910 2365 stabilitate

312 2396 566 2452 omnium
591 2395 832 2451 locorum
855 2404 1166 2452 sanctorum
1192 2398 1453 2467 cogitare,
1495 2406 1556 2452 ιιι
1590 2414 1777 2453 eorum
1815 2400 1905 2453 de-

317 2486 619 2543 votissimze
646 2487 1055 2542 commoditatis
1083 2487 1338 2557 proficiat
1381 2488 1685 2559 integritas,
1714 2504 1907 2544 conve-

316 2579 417 2633 nit.
440 2576 605 2633 Certe
622 2593 722 2633 nos
735 2592 835 2648 pro
846 2577 1089 2633 Ecclesia
1111 2585 1218 2632 tam
1237 2576 1316 2631 Ill.
1332 2594 1495 2647 quam
1514 2577 1595 2631 Ill.
1612 2578 1906 2633 maximam

315 2682 514 2740 gerere
525 2666 961 2734 sollicitudinem,
969 2682 1036 2723 ne
1047 2668 1228 2723 minus
1242 2666 1353 2722 illic
1365 2666 1774 2723 luminariorum
1785 2683 1909 2723 con-

315 2759 568 2814 cinnatio
613 2759 817 2815 habere
858 2760 1123 2827 videatur,
1158 2760 1231 2815 ob
1265 2761 1371 2816 hoc
1419 2761 1485 2815 de
1520 2759 1637 2829 ejus
1673 2760 1910 2831 propriis

315 2851 563 2919 praediis,
590 2851 798 2907 scilicet
822 2851 940 2907 loca
959 2850 1040 2907 lll.
1070 2851 1255 2908 subter
1289 2853 1378 2907 via
1399 2852 1478 2906 ιιι.
1504 2852 1558 2906 in
1580 2852 1809 2922 pmfato
1820 2868 1911 2908 ve-

316 2940 554 2997 nerabili
584 2941 757 3009 titulo,
803 2957 904 3012 pro
955 2956 1060 2998 usu
1111 2951 1167 2999 et
1205 2942 1440 2999 utilitate
1464 2942 1710 3014 ejusdem
1738 2943 1917 3000 sancti

317 3035 441 3101 loci,
474 3043 645 3105 atque
665 3036 990 3107 presbyteri,
1034 3036 1129 3106 qui
1176 3036 1324 3091 omni
1376 3043 1620 3105 tempore
1662 3036 1904 3107 ejusdem

319 3126 652 3184 venerabilis
678 3126 820 3181 tituli
846 3142 1031 3183 curam
1058 3128 1306 3199 gesserit,
1335 3126 1666 3196 perennibus
1692 3142 1755 3182 ac
1782 3143 1907 3198 pcr-

320 3217 497 3287 petuis
530 3217 868 3288 temporibus
885 3232 1269 3288 permansuros
1311 3219 1700 3275 confirmamus
1743 3234 1906 3289 supra

324 3310 560 3381 scriptos
584 3308 666 3363 lll.
693 3307 907 3375 fundos,
939 3318 997 3365 et
1027 3311 1279 3380 prmscnti
1300 3310 1379 3364 Ill.
1418 3311 1735 3378 indictione,
1768 3319 1824 3366 et
1854 3310 1908 3365 in

325 3408 648 3471 perpetuum
694 3399 748 3455 in
785 3416 885 3457 usu
914 3409 969 3456 et
997 3400 1230 3456 utilitate
1257 3398 1469 3470 praefati
1517 3400 1685 3466 tituli,
1722 3409 1780 3455 ut
1825 3401 1913 3455 di-

327 3502 464 3548 ctum
510 3502 621 3557 est,
652 3507 1058 3563 permansuros.

392 3585 718 3641 Statuentes
750 3585 1044 3657 apostolica
1072 3599 1324 3651 censura,
1371 3584 1473 3639 sub
1514 3583 1683 3639 divini
1719 3582 1913 3653 judicii

331 3674 806 3741 obtestationibus,
864 3683 921 3731 et
996 3676 1359 3732 anathematis
1421 3675 1909 3741 interdictionibus,

333 3776 386 3820 ut
430 3766 624 3823 nullus
651 3774 964 3824 nostrorum
1013 3780 1387 3822 successorum
1434 3765 1771 3838 pontificum,
1826 3766 1911 3820 vel

332 3860 583 3930 qumlibet
611 3875 805 3932 magna
835 3874 1106 3930 parvaque
1142 3875 1393 3930 persona,
1436 3860 1583 3929 ipsos
1623 3860 1911 3930 pramomi-

333 3962 477 4009 natos
502 3951 706 4008 fundos
736 3954 805 4008 ab
829 3953 1018 4009 eodem
1047 3952 1343 4008 venerabili
1365 3952 1522 4007 titulo
1542 3961 1599 4007 et
1627 3966 1729 4007 usu
1755 3966 1912 4022 pres-

334 4041 500 4113 byteri
526 4041 765 4108 auferre,
790 4043 874 4097 vel
898 4042 1133 4098 alienare
1155 4041 1315 4113 138
1338 4048 1645 4112 praesumat.
1681 4039 1789 4096 Sed
1811 4055 1911 4096 nec

337 4133 661 4204 presbyteri,
710 4144 738 4173 ι
783 4141 877 4187 aut
906 4132 1243 4198 Visitatores,
1297 4132 1388 4202 qui
1446 4132 1686 4203 ejusdem
1739 4132 1909 4187 sancti

339 4222 433 4277 loci
461 4223 521 4276 in
557 4230 797 4293 tempore
826 4238 1011 4277 curam
1045 4222 1331 4292 gesserint,
1367 4221 1599 4276 audeant
1628 4221 1910 4287 cartalam,

339 4321 423 4367 aut
448 4311 601 4367 aliud
629 4311 909 4381 quodlibet
940 4313 1238 4376 munimen,
1262 4311 1456 4367 exinde
1482 4311 1735 4380 cuiquam
1760 4311 1915 4365 emit-

342 4411 478 4469 tere;
517 4402 700 4474 potius
738 4410 939 4467 autem,
964 4410 1025 4456 ut
1049 4399 1260 4472 prmfati
1286 4417 1493 4466 sumus,
1524 4401 1679 4455 firma
1706 4401 1915 4456 stabili-
1944 4431 1997 4489 ι)

345 4503 445 4548 tate
470 4497 526 4550 in
561 4509 662 4548 usu
710 4501 765 4548 ct
808 4492 1042 4548 utilitate
1088 4493 1260 4563 ipsius
1310 4492 1484 4547 sancti
1531 4491 1657 4557 loci,
1688 4492 1773 4546 vel
1810 4509 1925 4547 om.

345 4585 485 4640 nium
539 4585 661 4656 ejus
711 4585 1187 4656 presbyterorum,
1242 4582 1519 4654 perpetuis
1571 4593 1927 4651 permaneant

348 4675 700 4749 temporibus.

1047 4767 1193 4825 XXII
1202 4808 1214 4820 .

480 4862 828 4936 Pn'vilegium
864 4861 933 4916 ad
961 4858 1414 4931 conﬁrmationem
1450 4860 1774 4915 monasterii.

414 4969 439 4997 ο
478 4955 819 5012 Dcsiderium
861 4955 1005 5024 quod
1044 4953 1112 5008 ad
1154 4952 1464 5024 religiosum
1506 4953 1839 5023 propositum
1870 4963 1925 5008 et

351 5056 652 5104 sanctorum
689 5047 929 5103 locorum
969 5044 1317 5101 stabilitatem
1355 5043 1629 5114 pertinere
1654 5052 1924 5099 monstra-

355 5149 457 5206 tur,
486 5140 603 5195 sine
620 5139 801 5209 aliqua
834 5146 935 5203 est,
967 5138 1078 5192 Deo
1114 5144 1324 5202 autore,
1358 5135 1615 5192 dilatione
1640 5134 1924 5205 perficien-

353 5232 492 5297 dum,
530 5240 588 5286 ut
627 5232 840 5302 quoties
884 5229 937 5284 in
986 5228 1303 5299 quibusdam
1334 5227 1451 5297 ejus
1496 5226 1818 5282 utilitatibus
1869 5235 1925 5281 et

353 5322 646 5378 commodis
660 5330 971 5378 nostrorum
995 5334 1334 5384 assensurum,
1359 5326 1413 5373 et
1428 5317 1599 5372 solitzn
1612 5317 1920 5386 apostolicm

421 5490 445 5517 α
483 5477 581 5531 Aut
604 5479 912 5532 visitatares.
945 5474 1016 5531 Ut
1042 5473 1296 5530 Ecclesiae
1317 5471 1568 5539 episcopo
1596 5469 1819 5532 orbata‘,
1850 5469 1919 5523 ita

354 5546 452 5601 loci
485 5549 556 5617 pii
590 5546 923 5617 presbyteris
962 5543 1476 5617 commendabantur
1508 5540 1874 5617 visitatoribns
1906 5557 1916 5589 :

354 5607 513 5685 atque
566 5607 690 5673 idne
741 5607 970 5693 fortasse
1027 5616 1178 5693 origo
1232 5612 1406 5682 prima
1456 5607 1919 5693 countiendarum,

359 5679 487 5756 quas
540 5696 749 5751 vocant,
813 5685 1062 5740 mandato
1117 5679 1171 5738 ἷιι
1228 5679 1629 5737 contressimttnn
1689 5679 1919 5745 degene-

1932 3087 1981 3151 ϐ

2001 481 2198 537 intuitu
2225 496 2325 538 nos
2346 481 2631 536 conveniat
2655 480 2960 544 subvenire,
2990 490 3046 536 ct
3061 478 3207 550 jura,
3241 496 3340 552 pro
3369 484 3575 555 integra

1999 573 2314 639 securitate,
2343 588 2413 631 ex
2454 573 2664 628 ratione
2707 571 2975 637 solidare;
3026 581 3086 627 ut
3132 587 3201 630 cx
3250 571 3356 630 boc
3407 574 3577 645 ipﬁith

1998 663 2324 719 venerabilis
2350 663 2455 719 loci
2484 663 2564 719 ιιι.
2588 663 2733 719 salus
2754 671 2809 719 et
2832 653 3157 721 indemnitas
3177 664 3576 736 proficiscatur.

1997 764 2052 807 et
2082 753 2238 807 nobis
2262 768 2480 823 quoque
2515 753 2653 809 lucri
2675 754 3013 825 potissimum
3057 756 3339 825 praemium
3386 771 3416 811 a
3445 771 3575 811 cnn-

1997 841 2172 897 ditore
2197 840 2442 896 omnium
2494 842 2607 898 Deo
2633 848 2688 899 in
2736 844 2965 901 sidereis
3005 845 3221 903 arcibus
3259 848 3579 918 prtescriba-

1999 940 2108 987 ιιιι·.

2069 1023 2336 1080 Convenit
2355 1026 2677 1081 reverentiae
2701 1027 2782 1082 ιιι.
2818 1043 2919 1084 nos
2943 1030 3279 1101 implorasse,
3308 1040 3369 1086 ut
3396 1033 3581 1103 prteru-

2003 1125 2116 1171 tum
2162 1117 2550 1172 monasterium
2599 1118 2774 1173 sancti
2825 1118 2905 1173 lll.
2959 1123 3271 1178 autoritatis
3298 1123 3441 1179 serie
3467 1139 3581 1177 mu-

2000 1212 2232 1275 niamus,
2263 1218 2319 1265 et
2336 1210 2520 1265 omnia
2549 1209 2601 1265 ei
2626 1210 2952 1280 pertinentia
2986 1214 3210 1282 perenni
3226 1212 3350 1284 jure
3388 1214 3582 1270 ibidem

2003 1298 2381 1355 inviolabiliter
2410 1299 2774 1369 permanenda
2804 1298 3211 1356 confirmemus.

2071 1393 2363 1463 Propterea
2398 1392 2523 1448 fieri
2570 1391 2823 1462 precibus
2869 1392 2995 1459 tuis,
3040 1408 3140 1463 per
3172 1391 3334 1462 bujus
3377 1408 3581 1464 pracc-

2002 1484 2204 1552 ptionis
2241 1482 2491 1553 paginam
2534 1490 2855 1547 statuentes,
2900 1482 3250 1539 decernimus
3286 1491 3347 1538 ut
3390 1493 3585 1540 cuncta

2005 1574 2120 1631 loca
2170 1575 2399 1639 urbana,
2445 1574 2530 1630 vel
2579 1575 2806 1640 rustica,
2842 1575 2895 1630 id
2936 1583 3040 1641 est,
3094 1590 3324 1642 massas,
3355 1575 3586 1637 casales,

2003 1665 2217 1721 diversa
2249 1665 2471 1735 praedia,
2514 1664 2660 1720 culta
2688 1664 2772 1719 vel
2818 1664 3042 1730 inculta,
3083 1664 3306 1720 colonos
3323 1664 3409 1721 vel
3436 1663 3588 1719 fami-

1927 1736 1973 1797 Β
2002 1758 2120 1823 fias,
2146 1774 2267 1827 quin
2288 1767 2559 1829 prtecepto
2588 1773 2687 1827 per
2716 1757 2799 1812 ιιι.
2837 1768 2892 1813 et
2936 1757 3014 1813 ill.
3064 1767 3121 1815 et
3166 1757 3245 1812 lli.
3298 1759 3352 1813 in
3396 1758 3587 1816 eodem

2002 1851 2300 1906 venerabili
2334 1849 2666 1907 monasterio
2693 1865 2958 1906 concessa
3002 1857 3148 1917 sunt,
3185 1850 3273 1906 vel
3306 1851 3472 1907 etiam
3491 1865 3589 1921 per

2007 1943 2141 1997 alias
2169 1944 2494 1998 monitiones
2514 1942 2571 1997 in
2596 1944 2787 1999 eodem
2808 1944 2900 2012 pio
2920 1942 3042 1998 loco
3067 1943 3404 2010 advenerint,
3427 1942 3587 2000 sicuti

2007 2032 2188 2086 omnia
2221 2031 2500 2102 praefatum
2528 2041 2677 2087 tuum
2701 2033 3092 2089 monasterium
3130 2032 3358 2088 detinuit
3388 2041 3589 2102 tempo-

2010 2122 2161 2177 ribus
2188 2132 2391 2177 sancta:
2412 2123 2805 2178 recordationis
2832 2123 2911 2177 Ill.
2939 2131 3103 2193 atque
3130 2121 3210 2177 ιιι.
3231 2122 3591 2193 ρι’ωιιθωεδοη

2011 2212 2087 2266 ris
2108 2214 2300 2277 nostri,
2317 2227 2381 2266 ex
2408 2213 2569 2284 139
2582 2230 2726 2270 nunc
2746 2230 2868 2269 cum
2898 2228 3092 2283 magna
3113 2213 3423 2279 securitate,
3444 2213 3593 2283 quie-

2013 2314 2098 2359 tus
2126 2306 2326 2362 debeas
2354 2308 2672 2377 possidere:
2715 2317 2771 2363 ct
2796 2322 2895 2377 per
2933 2308 3165 2365 tcetiam
3184 2306 3477 2363 venerabili
3502 2318 3593 2361 tuo

2009 2396 2363 2463 monasterio,
2394 2397 2479 2453 vel
2505 2399 2908 2455 successoribus
2934 2399 3041 2455 tuis
3066 2398 3377 2465 abbatibus,
3404 2397 3477 2453 sit
3508 2398 3589 2452 fa-

2009 2485 2183 2541 cultas
2226 2486 2538 2557 possidendi
2608 2502 2671 2543 ac
2717 2488 2963 2555 tenendi;
3023 2496 3085 2543 ut
3121 2487 3499 2559 jurisdictione
3536 2486 3591 2542 in

2009 2584 2326 2647 perpetuum
2372 2575 2614 2633 fruentes
2670 2576 2984 2645 defendant,
3040 2585 3097 2633 et
3153 2578 3209 2632 in
3268 2574 3593 2632 utilitatibus

2010 2666 2250 2736 ejusdem
2297 2667 2372 2739 pii
2406 2668 2509 2724 loci
2547 2670 2857 2739 perenniter
2891 2667 3198 2739 proficiant.

2082 2761 2188 2815 Pro
2215 2776 2346 2831 quo,
2376 2760 2479 2816 sub
2523 2761 2687 2816 divini
2716 2760 2907 2832 judicii
2946 2759 3311 2817 obtestatione
3355 2762 3595 2831 premnt-

2015 2859 2227 2923 gantes,
2253 2851 2619 2917 decernimus,
2651 2860 2710 2906 ut
2732 2851 2878 2907 nullo
2906 2849 3064 2907 modo
3085 2850 3340 2920 cuiquam
3364 2848 3593 2922 publica:

2015 2944 2246 3000 actionis
2277 2944 2519 2999 virorum
2538 2943 2622 2999 vel
2641 2944 2806 2999 etiam
2827 2941 3201 3013 cujuscunque
3222 2942 3294 2997 sit
3316 2941 3595 3013 dignitatis

2016 3052 2225 3109 magna:
2252 3036 2337 3092 vel
2379 3052 2559 3109 parvae
2601 3051 2867 3106 personae,
2921 3032 3144 3091 cuilibet
3185 3033 3348 3090 liceat
3392 3032 3595 3089 habere

2002 3131 2436 3202 jurisdictionem
2466 3130 2522 3185 in
2550 3130 2695 3185 dicto
2737 3128 3088 3193 monasterio,
3130 3126 3347 3191 massis,
3393 3122 3591 3189 fundis,

2005 3221 2295 3285 casalibus,
2332 3221 2569 3289 praediis,
2600 3219 2759 3275 cultis
2785 3218 2872 3274 vel
2911 3206 3155 3283 incultis,
3182 3216 3268 3271 vel
3308 3214 3431 3271 aliis
3455 3228 3582 3284 pos-

2008 3310 2358 3376 sessionibus,
2386 3308 2593 3365 colonis
2616 3309 2779 3364 etiam
2802 3316 2857 3364 ct
2882 3307 3123 3373 familiis,
3149 3306 3236 3362 vel
3261 3305 3489 3361 diversis
3511 3320 3592 3359 re-

2006 3398 2129 3463 bus,
2180 3398 2510 3467 ubicumque
2558 3399 2801 3454 detinere
2844 3397 3124 3461 videmini,
3180 3410 3281 3451 nec
3327 3394 3593 3465 quispiam

2011 3487 2206 3541 borum
2232 3499 2300 3540 ex
2326 3485 2518 3540 eodem
2537 3488 2629 3554 pio
2667 3486 2787 3539 loco
2821 3484 3056 3550 auferre,
3086 3492 3182 3537 aut
3199 3483 3439 3552 diripere
3462 3497 3597 3553 prte-

2013 3581 2211 3639 sumat,
2258 3586 2435 3643 neque
2479 3571 2645 3626 ullam
2678 3570 2977 3637 lacsionem,
3021 3578 3117 3625 aut
3147 3569 3593 3625 contrarietatem

2011 3663 2209 3722 malam
2236 3663 2289 3718 in
2314 3662 2437 3734 ipso
2454 3662 2598 3718 beati
2622 3661 2702 3717 Ill.
2752 3662 3102 3728 monasterio,
3144 3668 3309 3731 atque
3350 3659 3600 3715 omnibus

2011 3755 2238 3812 annexis
2272 3753 2322 3811 ei
2350 3753 2773 3824 pertinentibus,
2807 3769 2905 3825 pro
2929 3755 3123 3825 quovis
3150 3753 3367 3826 ingenio
3395 3760 3486 3808 aut
3510 3766 3599 3807 ar-

2010 3853 2284 3918 gumento,
2311 3843 2515 3901 inferre
2547 3844 2768 3911 audeat,
2814 3845 2994 3916 potius
3021 3853 3203 3902 autem
3248 3842 3374 3914 jure
3400 3857 3593 3916 perpe-

2011 3946 2105 3992 tuo
2132 3937 2186 3992 in
2216 3936 2409 3993 eodem
2436 3923 2735 3992 venerabili
2774 3936 3126 4004 monasterio,
3152 3943 3216 3991 ut
3241 3934 3492 4007 superius
3519 3934 3599 3989 af-

2010 4027 2181 4081 fatum
2207 4036 2315 4094 est,
2361 4026 2633 4097 proficiat,
2679 4035 2735 4083 et
2769 4027 2824 4081 in
2856 4035 3124 4097 potestate
3179 4034 3341 4099 atque
3394 4026 3598 4086 ditione

2014 4118 2354 4190 religiositati
2381 4125 2487 4172 tuae
2515 4116 2600 4173 vel
2623 4118 2877 4173 omnibus
2921 4117 3328 4174 successoribus
3368 4120 3476 4174 tuis
3502 4119 3598 4174 ab-

2012 4209 2226 4265 batibus
2254 4207 2565 4280 perenniter
2586 4215 2904 4279 permaneat
2938 4206 3258 4279 disponendi
3286 4214 3447 4276 atque
3469 4223 3597 4279 pos-

2014 4300 2222 4360 sidendi
2245 4299 2487 4354 licentia.

2092 4409 2151 4467 Si
2177 4409 2300 4480 quis
2320 4417 2502 4463 autem
2527 4408 2818 4463 temerario
2860 4421 3014 4469 ausu,
3061 4411 3254 4460 contra
3298 4404 3461 4477 hujus
3504 4423 3600 4462 no—

2025 4512 2153 4558 stra:
2174 4500 2481 4572 apostolicae
2528 4499 2907 4570 praeceptionis
2956 4499 3175 4565 seriem,
3224 4499 3312 4570 pie
3357 4515 3388 4555 a
3446 4501 3600 4557 nobis

2024 4592 2440 4665 promulgatam,
2471 4591 2655 4645 venire
2693 4589 2778 4645 vel
2819 4605 2976 4660 agere
3022 4592 3326 4658 tentaverit,
3370 4593 3508 4647 sciat
3541 4609 3601 4650 se

2027 4683 2238 4741 Domini
2266 4682 2436 4737 nostri
2470 4688 2528 4736 et
2568 4679 2937 4751 apostolorum
2990 4679 3250 4751 principis
3278 4679 3425 4736 Petri
3470 4699 3600 4737 ana-

2025 4771 2281 4829 tbcmatis
2332 4769 2546 4826 vinculo
2593 4769 2930 4835 innodatum,
2986 4778 3042 4825 et
3092 4784 3213 4825 cum
3282 4770 3492 4828 diabolo
3544 4786 3597 4830 ct

2023 4863 2141 4935 ejus
2172 4861 2527 4918 atrocissimis
2560 4859 2789 4932 pompis,
2832 4868 2993 4931 atque
3019 4876 3142 4918 cum
3168 4858 3302 4916 Jnda
3341 4864 3599 4919 traditore

2021 4953 2234 5010 Domini
2256 4953 2350 5008 Dei
2381 4960 2437 5008 et
2455 4951 2740 5009 salvatoris
2767 4953 2936 5007 nostri
2965 4952 3329 5020 Jesquristi,
3359 4956 3414 5008 in
3440 4966 3599 5010 mter-

2021 5060 2147 5100 num
2174 5044 2297 5114 igne
2322 5042 2795 5108 concremandum,
2824 5041 3090 5115 simulque
3122 5044 3176 5098 in
3203 5045 3367 5101 cbaos
3388 5045 3599 5101 demer«

2021 5150 2114 5189 sus
2138 5149 2259 5189 cum
2289 5133 2468 5203 impiis
2495 5131 2732 5188 deficiat.

2091 5224 2191 5292 Qui
2220 5238 2347 5279 vero
2382 5223 2580 5279 intuitu
2612 5222 2831 5293 pietatis
2868 5226 3140 5291 custodes,
3172 5234 3228 5279 et
3262 5224 3595 5283 obedieutcs,

2024 5326 2186 5387 atque
2225 5316 2577 5372 observantes
2618 5312 2777 5383 hujus
2819 5324 3017 5372 nostra:
3062 5314 3353 5371 salutiferae
3395 5326 3599 5381 pra-ce-

2026 5474 2197 5519 rante.

2099 5537 2124 5575 ιι
2165 5535 2513 5589 Desiderium.
2545 5542 2652 5588 etc.
2695 5532 2943 5588 Praefatio
2975 5533 3088 5585 lucc
3133 5543 3198 5581 ex
3223 5535 3376 5598 parte
3404 5526 3585 5598 legitur

2028 5607 2076 5658 in
2112 5606 2338 5675 epistola
2373 5605 2440 5657 70
2466 5603 2741 5659 Paschalis
2775 5603 2835 5665 ll,
2871 5603 2937 5656 ad
2967 5599 3245 5665 llugonem
3271 5596 3602 5655 Cluniacen-

2026 5692 2158 5728 $0.".
