3990 6184
411 276 510 332 119

1656 274 1747 326 AD
1787 271 2046 325 LIBRUM
2087 268 2397 325 DIURNUM

3549 279 3648 335 120

410 392 611 459 ptionis
636 392 935 456 extiterint,
957 390 1343 446 benedictionis
1373 387 1620 456 gratiam,
1648 397 1702 438 et
1738 384 1973 438 caelestis
2002 393 2051 449 Α
2077 386 2154 439 Ill.
2184 397 2239 439 et
2268 387 2344 440 lll.
2379 387 2542 442 fuisse
2572 387 2753 441 illicite
2793 388 3059 451 invasum,
3089 396 3143 441 et
3185 404 3357 458 usque
3387 390 3649 446 hactenus

411 478 788 535 retributionis
822 491 1023 534 aeterna
1066 478 1258 549 gaudia
1305 492 1333 528 a
1357 476 1505 544 justo
1530 473 1715 542 judice
1743 468 1987 526 Domino‘

413 570 523 626 Deo
550 554 740 627 nostro
772 571 1029 639 consequi
1058 575 1384 623 mereantur.

1099 710 1277 765 XXIII.

419 823 577 896 ιω
610 825 967 906 Ρήυῆιεςζὶαηε,
1007 822 1216 894 quando
1241 829 1358 906 tore
1397 839 1513 887 quae
1540 822 1881 906 ablata-sunt
1926 824 1980 874 in

554 901 890 957 monasterio,
931 901 986 947 in
1028 909 1154 946 usus
1187 901 1434 962 pristinos
1470 901 1833 945 restituuntur.

480 1004 686 1060 Divina:
722 1004 1097 1074 praeceptionis
1124 1010 1347 1058 monent
1384 1009 1609 1057 cunctos
1646 1000 1875 1071 eloquia,
1918 1008 1981 1054 ut

413 1095 621 1164 quoties
660 1109 749 1148 res
773 1093 950 1150 aliena
998 1102 1189 1148 contra
1221 1092 1451 1148 rationis
1479 1091 1723 1146 ordinem
1768 1106 1801 1145 a
1846 1106 1979 1159 quo-

411 1200 572 1254 quam
619 1184 921 1250 detinetur,
988 1185 1244 1254 :equitate
1298 1182 1491 1239 debeat
1537 1181 1851 1236 imminente
1894 1197 1979 1236 re—

409 1275 580 1330 stitui.

477 1385 707 1442 Constat
731 1387 997 1457 siquidem
1019 1386 1240 1442 fundum
1266 1386 1347 1440 111.
1382 1385 1435 1439 in
1464 1384 1582 1440 loco
1610 1383 1690 1438 lll.
1718 1384 1978 1440 constitu-

408 1481 548 1531 tum.
580 1476 671 1544 qui
701 1476 901 1531 dudum
944 1491 974 1530 a
1020 1484 1114 1531 tuo
1151 1476 1479 1530 monasterio
1523 1474 1864 1530 detinebatur
1907 1475 1975 1529 ab

2086 477 2381 531 detentum.

2154 567 2307 623 Nunc
2352 569 2537 638 igitur,
2591 568 2873 637 quoniam,
2922 582 3170 638 superna:
3219 568 3438 638 pietatis
3478 571 3648 639 gratia

2083 657 2429 728 suffragante,
2460 658 2775 727 praedictum
2816 658 3204 712 monasterium
3235 665 3409 723 tuum,
3440 674 3543 713 nos
3571 661 3661 714 si-

2083 757 2174 804 cut
2200 765 2268 803 ex
2297 749 2593 818 antiquitus
2624 747 2743 813 fuit,
2780 748 2957 803 denuo
3001 747 3411 815 conﬁrmamus,
3453 750 3647 804 statui-

2083 856 2226 906 mus,
2262 850 2321 895 ut
2359 842 2479 904 hoc,
2512 841 2653 910 quod
2695 856 2851 895 suum
2879 848 2983 907 est,
3034 839 3226 896 debeat
3265 841 3385 896 sine
3423 850 3648 897 cuncta-

2082 931 2225 984 tione
2248 931 2507 1000 recipere.
3048 990 3052 994 Α

2152 1021 2227 1075 Ea
2256 1022 2323 1077 de
2348 1037 2407 1077 re
2437 1021 2596 1091 hujus
2632 1022 2899 1094 privilegii
2925 1023 3218 1079 autoritate
3245 1022 3649 1085 conﬁrmantes,

2078 1118 2204 1164 ante
2229 1110 2431 1166 dictum
2464 1111 2641 1166 locum
2691 1111 2748 1165 in
2793 1110 3019 1181 praefato
3069 1111 3400 1168 monasterio
3449 1112 3652 1167 eonsti~

2078 1202 2295 1266 tuimus,
2319 1210 2586 1270 quatenus
2610 1201 2678 1258 ad
2695 1200 2789 1270 jus
2809 1200 3051 1270 ejusdem
3081 1201 3418 1266 monasterii,
3450 1201 3516 1256 de
3539 1216 3651 1270 quo

2083 1292 2321 1347 ablatum
2366 1292 2562 1358 fuerat,
2616 1301 2941 1357 revertatur,
2989 1301 3045 1350 et
3095 1293 3149 1348 in
3200 1293 3371 1362 ipsius
3414 1292 3653 1347 dominio

2082 1385 2198 1440 sine
2221 1385 2572 1455 ambiguitate
2591 1394 2928 1455 permaneat.

2151 1473 2462 1531 Statuentes
2475 1517 2490 1541 ,
2519 1485 2624 1532 etc.

2512 1628 2615 1638 -.δή

828 1762 1782 1920 DISSERTATloNES
1885 1763 2583 1918 annuum
2688 1650 3251 1922 unum.

1394 2151 2167 2237 DISSERTATIO
2244 2154 2647 2239 PRIMA.

854 2349 1166 2393 APPENDIX
1215 2348 1293 2389 an
1335 2346 1532 2390 mons
1574 2345 1812 2389 CAPITIS
1855 2346 2058 2402 parnt,
2105 2328 2176 2389 de
2222 2318 2515 2391 lodicula
2551 2329 2882 2394 scribendae
2918 2334 3207 2411 epistola.

486 2562 643 2636 143
674 2561 713 2616 1.
755 2558 1015 2613 Dubitare
1063 2570 1170 2611 non
1220 2555 1369 2620 licet,
1418 2553 1630 2609 litteras
1682 2553 1985 2624 pontificias
2011 2557 2059 2615 B
2087 2566 2306 2627 repente
2332 2558 2582 2614 inductus
2618 2568 2722 2625 est,
2763 2561 2857 2617 sed
2892 2561 3168 2631 paulatim,
3204 2564 3326 2621 aliis
3349 2567 3508 2626 aliter
3533 2575 3654 2642 cpi-

407 2659 484 2712 ita
518 2651 806 2723 aliquando
833 2647 1122 2717 inscriptas
1154 2644 1342 2710 fuisse,
1365 2652 1425 2699 ut
1456 2659 1652 2700 nomen
1675 2661 1830 2699 suum
1851 2661 1982 2715 pon-

406 2744 538 2800 tifex
563 2745 915 2813 postponeret
946 2734 1151 2792 nomini
1180 2734 1342 2800 illius,
1373 2734 1441 2789 ad
1474 2748 1634 2803 quem
1674 2734 1937 2789 scriberet
1963 2749 1977 2786 :

409 2836 463 2891 id
498 2833 641 2889 enim
666 2829 911 2901 plurimae
937 2823 1251 2896 pontiﬁcum
1277 2821 1517 2893 epistolae
1549 2830 1732 2893 aperte
1763 2823 1976 2879 docent.

478 2922 543 2977 11.
583 2920 700 2988 Quo
726 2917 961 2989 primum
995 2922 1235 2982 tempore
1263 2927 1397 2967 usus
1434 2913 1534 2968 iste
1573 2911 1817 2985 cmperit,
1849 2910 1983 2966 defi-

405 3014 512 3069 niri
540 3027 646 3068 non
685 3016 887 3080 potest,
933 3004 1148 3075 quando
1190 3002 1406 3073 quidem
1445 3001 1704 3073 epistolae,
1735 3017 1855 3072 quae
1876 3002 1982 3058 cir-

405 3104 781 3161 cumferuntur
819 3100 957 3155 data:
1004 3105 1130 3152 ante
1164 3097 1380 3151 Damasi
1423 3095 1714 3167 Sirieiique
1740 3103 1977 3161 :etatem,

403 3205 493 3251 aut
535 3193 708 3249 dubiae
747 3197 895 3255 sunt,
925 3195 1018 3242 aut
1040 3194 1193 3242 certo
1219 3186 1594 3256 supposititiaa,
1621 3193 1821 3255 praeter
1847 3201 1980 3256 pau-

402 3302 517 3349 cas,
549 3299 669 3354 quze
701 3282 1051 3352 probatorum
1082 3275 1419 3346 Scriptorum
1465 3276 1618 3330 libris
1644 3276 1976 3333 inseruntur.

472 3374 558 3430 111.
598 3371 863 3440 Quamdiu
889 3366 1171 3431 manserit,
1197 3380 1265 3421 ex
1295 3380 1361 3420 eo
1389 3373 1621 3430 constat,
1646 3366 1788 3435 quod
1818 3380 1849 3418 a
1876 3365 1978 3419 Da-

401 3467 537 3522 masi
568 3462 859 3532 Sirieiique
898 3458 1232 3529 temporibus
1258 3457 1448 3513 deduci
1476 3464 1653 3527 potest
1679 3458 1747 3512 ad
1773 3473 1978 3513 nonum

401 3556 655 3614 smculum
681 3553 923 3616 traditio,
965 3564 1073 3620 qua
1094 3556 1204 3604 tam
1233 3547 1324 3602 diu
1350 3554 1597 3604 servatus
1621 3548 1943 3603 ostenditur.

471 3648 561 3702 lV.
608 3642 851 3700 Traditio
894 3656 959 3696 eo
1001 3639 1204 3695 certior
1240 3645 1345 3702 est,
1377 3652 1485 3706 quo
1523 3636 1823 3691 infirmiora
1852 3644 1979 3691 sunt

382 3742 717 3807 ‘argumenta
744 3733 870 3796 duo,
918 3745 1039 3798 quae
1068 3729 1121 3782 in
1154 3726 1486 3780 contrarium
1527 3724 1708 3779 afferri
1751 3733 1973 3794 queunt.

400 3827 639 3882 Primum
661 3828 764 3885 est,
791 3817 984 3874 referri
1006 3814 1263 3885 epistolas
1276 3815 1437 3869 unius
1450 3812 1796 3884 ejusdemque
1821 3830 1975 3885 papa:

400 3926 632 3986 utroque
661 3912 820 3968 modo
874 3908 1181 3975 inscriptas.
1228 3906 1494 3972 Alterum,
1526 3916 1739 3978 regesta
1782 3908 1978 3963 Leonis
2006 3886 2050 3947 (οἶ

401 4005 601 4078 Magni,
634 4000 985 4072 Gregoriique
1008 3998 1215 4069 pariter
1235 3996 1430 4067 Magni,
1461 3996 1656 4065 quibus
1680 3997 1824 4054 nulla
1856 3997 1975 4052 foe--

402 4105 530 4153 runt
556 4094 748 4166 primis
773 4089 985 4148 saeculis
1008 4087 1400 4151 numerosiora,
1442 4085 1599 4157 plena
1626 4102 1747 4143 esse
1780 4089 1977 4158 episto-

398 4190 488 4254 lis,
516 4189 571 4243 in
599 4185 797 4256 quibus
834 4194 1029 4236 nomen
1057 4177 1326 4249 pontificis
1352 4177 1533 4247 priore
1573 4177 1692 4233 loco
1737 4178 1970 4247 ponitur.

472 4278 536 4332 V.
571 4273 871 4330 Fatendum
900 4277 985 4326 est
1011 4268 1110 4323 sub
1139 4266 1299 4322 linem
1349 4266 1528 4336 quarti
1574 4266 1777 4331 steculi,
1819 4267 1977 4337 quin-

399 4375 547 4442 tique
578 4368 813 4430 initium,
846 4362 1129 4432 utriusque
1156 4359 1299 4414 modi
1332 4358 1712 4428 inscriptiones
1746 4358 1976 4413 usitatas

396 4478 517 4518 esse
540 4479 553 4513 :
579 4459 672 4514 sed
698 4455 976 4512 fatendum
1000 4451 1177 4516 simul,
1204 4466 1234 4506 a
1265 4449 1445 4505 Leone
1471 4448 1681 4520 Magno,
1710 4450 1799 4518 qui
1832 4463 1974 4504 anno

397 4554 503 4608 440
535 4547 913 4606 Pontificatum
940 4544 1113 4607 iuivit,
1141 4557 1311 4616 usque
1332 4541 1399 4597 ad
1432 4538 1693 4594 Joannem
1716 4538 1849 4605 Vill,
1880 4541 1972 4615 qui

400 4661 526 4699 ann.
563 4640 670 4700 872
706 4640 895 4696 sedere
918 4636 1100 4707 ccepit,
1144 4633 1371 4690 unicum
1411 4645 1616 4686 morem
1658 4627 1969 4692 invaluisse,

396 4731 746 4805 postponendi
771 4743 964 4797 nempe
990 4725 1222 4781 nominis
1247 4722 1535 4794 pontiﬁcis.

466 4826 556 4878 Vl.
595 4822 779 4891 Neque
797 4819 1124 4877 credendum
1148 4815 1374 4886 regestis
1388 4814 1585 4869 Leonis
1599 4812 1967 4884 Gregoriique,

396 4922 682 4985 propterea
705 4910 846 4979 quod
874 4926 903 4962 a
933 4906 1311 4963 collectoribus
1338 4904 1596 4973 neglecta:
1630 4904 1743 4958 sint
1775 4902 1970 4959 solem-

394 5024 494 5066 nes
537 5004 887 5076 epistolarum
942 4999 1320 5069 inscriptiones
1394 5011 1458 5051 ac
1523 4996 1966 5065 subscriptiones,

395 5113 533 5168 quas
555 5093 768 5167 probati
800 5099 1057 5163 auctores
1077 5087 1169 5142 alii
1216 5088 1328 5142 suis
1354 5086 1570 5156 scriptis
1602 5086 1962 5141 inseruerunt.

394 5192 527 5247 Cum
556 5186 701 5243 enim
729 5185 1044 5240 collectores
1065 5179 1263 5234 vellent
1301 5194 1525 5249 parcere
1555 5177 1770 5234 fastidio
1795 5178 1963 5234 lecte-

393 5299 538 5347 rum,
569 5278 714 5350 quod
741 5283 999 5347 perpetua
1035 5271 1271 5339 ejusdem
1311 5269 1552 5325 formula:
1594 5271 1843 5346 repetitio
1872 5286 1967 5341 pa-

391 5380 556 5434 reret,
589 5366 829 5423 contenti
860 5371 985 5418 sunt
1035 5363 1236 5423 dicere,
1280 5361 1423 5429 quis,
1464 5361 1549 5414 cui
1592 5362 1876 5423 scriberet,
1913 5370 1965 5413 et

390 5480 495 5532 qua
519 5465 585 5518 de
618 5476 677 5516 re
703 5479 714 5513 :
741 5457 835 5514 sed
872 5457 983 5511 lucc
1026 5460 1211 5524 postea
1244 5451 1524 5521 prolixius.
1558 5450 1708 5504 Nunc
1738 5450 1961 5504 texcnda

394 5553 666 5607 traditioni
709 5549 897 5611 series,
946 5543 1237 5616 priemissis
1278 5550 1455 5594 tamen
1485 5542 1821 5596 cautionibus
1845 5555 1959 5593 sex.

466 5642 625 5712 1M
662 5642 766 5696 VII.
799 5641 999 5695 Prima.
1032 5636 1146 5691 Mos
1176 5634 1287 5698 illc,
1321 5633 1385 5687 de
1412 5649 1516 5701 quo
1542 5633 1829 5701 loquimur,
1856 5648 1959 5685 non

2085 2648 2237 2704 stolis
2287 2647 2527 2717 ejusdem
2573 2648 2846 2721 pontificis
2901 2652 3194 2724 inscriptis,
3243 2655 3413 2714 donec
3463 2661 3654 2729 quinto

2083 2738 2301 2794 tandem
2348 2738 2545 2793 szeculo
2598 2739 2814 2809 penitus
2863 2740 3192 2798 invaluerit:
3238 2744 3381 2800 idem
3440 2747 3654 2805 videtur

2082 2825 2250 2883 fuisse
2275 2827 2574 2893 desinendi,
2613 2828 2704 2896 qui
2745 2826 3034 2897 incipiendi
3062 2835 3274 2888 modus.

2154 2914 2422 2973 Secunda.
2473 2915 2591 2973 Non
2644 2924 2788 2982 sunt,
2831 2926 2892 2972 ut
2921 2917 3034 2989 jam
3079 2922 3288 2988 monui,
3329 2923 3652 2980 consulenda

2082 3022 2243 3078 super
2263 3023 2333 3085 ea~
2351 3008 2647 3078 quaestione
2685 3008 2896 3079 regesta
2914 3009 3249 3078 pontificum,
3279 3013 3372 3083 qui
3399 3030 3429 3068 a
3459 3024 3653 3083 quarto

2082 3097 2280 3154 saeculo
2307 3097 2375 3153 ad
2400 3114 2601 3153 nonum
2631 3098 2887 3154 sederunt
2911 3118 2924 3153 :
2948 3100 3268 3159 collectores
3292 3105 3436 3160 enim
3458 3106 3647 3162 solem-

2080 3200 2181 3240 nes
2203 3185 2578 3256 inscriptiones
2602 3185 3137 3259 subseriptionesque
3164 3193 3644 3260 praetermiserunt.

2081 3275 2331 3345 Epistula:
2359 3276 2521 3345 igitur
2545 3275 2604 3331 S.
2629 3275 2845 3342 Leonis,
2874 3292 2995 3347 qua:
3022 3278 3075 3332 in
3103 3280 3390 3336 recentiori
3420 3283 3653 3338 editione

2080 3364 2318 3437 Operum
2361 3367 2657 3426 solemnem
2715 3366 2998 3423 formulam
3046 3368 3372 3438 qmrferunt,
3442 3372 3652 3428 aliunde

2081 3467 2316 3528 accepta:
2336 3468 2463 3512 sunt
2477 3458 2545 3513 ab
2559 3457 2765 3513 editore
2787 3472 3013 3527 nupero,
3030 3442 3083 3513 εἶ
3104 3457 3325 3527 adjecta:
3352 3460 3652 3517 collectioni

2080 3551 2268 3607 veteri.

2151 3639 2353 3695 Tertia.
2407 3638 2645 3705 Quorum
2674 3638 2989 3708 pontiﬁcum
3009 3639 3250 3709 epistolae
3269 3642 3383 3697 suis
3421 3659 3450 3697 a
3478 3643 3643 3698 colle-

2080 3728 2318 3782 etoribus
2346 3726 2676 3782 detruncata:
2717 3735 2862 3793 sunt,
2909 3727 3236 3799 minutasque
3274 3731 3429 3801 quasi
3473 3732 3650 3801 capite

2080 3828 2137 3874 et
2161 3819 2405 3891 pedibus,
2437 3818 2540 3873 illae
2588 3817 2635 3873 si
2679 3819 2894 3888 quando
2937 3820 3077 3889 apud
3133 3820 3387 3890 probatos
3436 3832 3652 3878 autores

2082 3909 2203 3965 aliis
2226 3908 2442 3963 insertae
2482 3908 2697 3979 scriptis
2743 3909 3102 3979 reperiuntur,
3149 3910 3372 3980 integrae
3418 3921 3564 3978 sunt,
3593 3922 3651 3967 ut

2077 4000 2388 4069 plurimum,
2416 4007 2472 4053 et
2495 3999 2623 4054 hinc
2658 3998 2862 4053 idcirco
2888 3999 3152 4070 petendae.

2146 4091 2368 4158 Quarta.
2416 4089 2550 4145 Cum
2579 4087 2860 4158 pontifices
2890 4088 2973 4143 vel
3023 4092 3316 4147 sententias
3353 4092 3650 4147 damnatio-

2078 4181 2162 4235 nis
2187 4180 2239 4234 in
2269 4179 2499 4248 aliquos,
2540 4187 2599 4232 ut
2622 4177 2846 4248 Vigilius
2888 4177 2942 4233 in
2969 4177 3249 4234 Rusticum
3283 4188 3345 4234 et‘
3367 4179 3646 4237 Sebastia-

2077 4286 2228 4334 num,
2258 4268 2343 4323 vel
2368 4268 2436 4323 ad
2467 4267 2714 4325 homines
2756 4267 3132 4327 communione
3159 4269 3422 4339 privatos,
3451 4279 3511 4324 ut
3547 4270 3647 4325 Fe-

2075 4359 2146 4414 lix
2175 4359 2241 4414 ad
2272 4358 2551 4424 Acacium,
2589 4357 2853 4422 scribunt,
2900 4364 3028 4412 tunc
3049 4374 3242 4413 nomen
3272 4375 3427 4415 suum
3459 4358 3650 4429 prml'e-

2076 4458 2223 4514 runt,
2247 4449 2391 4518 quod
2413 4448 2550 4503 ratio
2574 4456 2629 4502 et
2650 4446 2860 4516 judieii,
2895 4455 2950 4501 et
2981 4446 3103 4501 ﬁdei
3127 4444 3300 4515 jubet.

2144 4541 2364 4610 Quinta.
2408 4537 2688 4593 Nonnullis
2718 4537 2970 4592 videntur
3006 4537 3307 4607 pontifices,
3345 4554 3469 4593 cum
3511 4554 3648 4610 pra:-

2074 4631 2393 4688 ccllentibus
2418 4629 2738 4699 quibusdam
2784 4629 3030 4699 personis
3076 4630 3396 4695 scriberent,
3448 4646 3643 4686 nomen

2072 4739 2228 4779 suum
2268 4721 2664 4793 postposuisse;
2699 4734 2823 4775 cum
2865 4717 3229 4783 inferioribus,
3260 4721 3642 4791 praeposuisse.

2072 4816 2127 4871 Id
2150 4826 2260 4870 uta
2284 4830 2413 4869 vero
2442 4814 2637 4867 abesse
2661 4811 3113 4875 demonstremus,
3139 4810 3192 4864 in
3220 4812 3449 4867 texenda
3471 4811 3645 4866 tradi-

2072 4908 2234 4964 tionis
2256 4906 2413 4969 scrie,
2442 4903 2702 4973 exemplis
2746 4912 2961 4957 utemur
2997 4901 3343 4974 epistolarum
3374 4904 3442 4958 ad
3470 4904 3642 4972 impe-

2071 5007 2300 5063 ratores,
2335 4995 2708 5065 episcoporum
2751 5001 2926 5048 etetus
2998 5002 3053 5047 et
3099 4993 3340 5063 privatas
3384 5007 3643 5063 personas

2069 5090 2340 5145 datarum.

2140 5179 2324 5235 Sexta.
2377 5175 2435 5231 In
2476 5173 2780 5231 traditionis
2805 5173 2945 5228 serie
2973 5174 3274 5229 servabitur
3297 5173 3431 5228 ordo
3458 5188 3642 5227 succe—

2070 5271 2308 5327 dentium
2350 5268 2451 5323 sibi
2480 5263 2826 5338 pontilicum;
2862 5280 2963 5319 nec
2990 5264 3130 5318 ullus
3163 5263 3461 5328 omittetur,
3488 5263 3642 5332 cujus

2068 5362 2368 5416 habeantur
2391 5357 2652 5429 epistolat,
2692 5354 2776 5409 vel
2823 5369 3109 5426 germanm,
3154 5354 3239 5409 vel
3288 5353 3639 5409 honoriﬁcam

2069 5451 2471 5521 inscriptionem
2509 5448 3064 5516 subscriptioncmquc
3102 5447 3461 5501 continentes.
3514 5443 3640 5498 Ilaec

2066 5544 2208 5598 enim
2233 5551 2357 5595 nota
2382 5542 2536 5594 docet
2564 5539 2818 5608 epistolas
2843 5555 2871 5593 a
2894 5538 3271 5595 collectoribus
3290 5536 3641 5592 relatoribus—

2064 5648 2167 5702 que
2198 5647 2302 5686 non
2324 5630 2489 5686 fuisse
2516 5627 2808 5683 mutilatas.
