3990 6184
267 298 356 354 iii

816 406 1108 463 ελΕϐυιο
1146 406 1234 461 ιν.

327 496 577 553 Damasus
604 498 791 553 sedere
815 498 980 568 coepit
1002 514 1128 552 ann.
1156 498 1280 553 567.

328 586 674 641 Dilectissimis
704 586 952 654 fratribus
980 585 1216 651 Acholio,
1265 585 1553 656 Eurydica,
1599 584 1809 648 Severo,

263 675 467 741 Urania,
495 673 739 746 Philippo
764 685 813 730 et
840 674 1061 739 Joanni,
1084 675 1364 730 Damasus.

320 766 663 821 Dilectissimo
688 767 842 835 fratri
880 765 1118 832 Acholio,
1144 765 1424 821 Damasus.

321 855 541 911 Siricius
561 872 688 910 ann.
713 855 841 912 585.

318 947 661 1004 Dilectissimo
695 947 850 1016 fratri
876 945 1090 1017 Anysio,
1124 946 1367 1002 Siricius.

832 1037 1127 1095 SECULO
1159 1040 1227 1096 γ.

315 1126 654 1182 Innocentius
688 1142 815 1181 ann.
842 1127 969 1182 402.

312 1217 660 1272 Dilectissimo
691 1217 845 1287 fratri
868 1218 1083 1290 Anysio,
1103 1219 1459 1275 Innocentius.

317 1305 471 1379 15.5
508 1306 859 1363 Dilectissimo
889 1307 1045 1377 fratri
1070 1306 1227 1378 Rufo,
1257 1308 1618 1363 Innocentius.

310 1397 615 1454 Bonifacius
646 1399 689 1453 Ι.
714 1414 839 1454 ann.
872 1397 1000 1454 418.

304 1488 657 1544 Dilectissimo
703 1489 859 1559 fratri
912 1487 1076 1558 Rufo,
1135 1488 1462 1558 Bonifacius.
1498 1488 1700 1544 Eadem
1727 1489 1810 1543 in-

243 1579 526 1648 scriptione
575 1579 695 1635 alia:
731 1580 851 1635 dua:
891 1586 1020 1634 sunt
1057 1578 1296 1649 ejusdem
1323 1579 1391 1635 ad
1419 1580 1665 1635 eumdem
1690 1579 1806 1650 epi-

239 1670 403 1724 stulte.

1214 295 1822 354 DISSERTATIONES.
1864 326 1934 336 —
1968 293 2421 351 DISSERTATIO
2461 295 2497 348 l.

1836 410 1890 469 Α
1984 407 2133 462 Felix
2162 424 2290 462 ann.
2322 408 2443 463 485.

3378 301 3478 348 122'.

1986 498 2146 570 1‘6
2165 499 2551 553 Cloriosissimo
2598 518 2657 553 ac
2704 500 3024 553 serenissima
3070 500 3181 568 ﬁlio
3237 498 3471 563 Zenoni,

1911 587 2067 642 Felix
2094 590 2386 669 episcopus,
2416 590 2472 643 in
2496 590 2717 643 Domino
2743 589 2981 644 salutem.

1976 678 2329 733 Dilectissimo
2355 678 2539 733 Fratri
2567 678 2791 746 Zenoni,
2820 679 2986 734 Felix.

1977 768 2227 825 Gelasius
2250 784 2378 823 ann.
2410 770 2537 824 492.

1975 855 2326 910 Dilectissimo
2354 857 2512 927 fratri
2540 857 2903 929 Euphemiano
2930 900 2945 925 ,
2983 857 3239 915 Celasius.
3274 860 3473 915 Eadem

1910 944 2258 1015 inscriptione
2286 945 2371 1000 bis
2396 946 2464 998 ad
2493 944 2789 1001 Honorium
2815 948 3091 1004 Dalmatia:
3117 951 3423 1020 cpiscOputn
3454 991 3470 1013 ,

1908 1032 2073 1088 semel
2113 1033 2182 1089 ad
2212 1032 2468 1089 Eonium
2491 1034 2865 1093 Arelatensem
2891 1079 2908 1104 ,
2945 1040 3112 1095 semel
3161 1042 3361 1110 pariter
3406 1041 3472 1094 ad

1908 1122 2190 1177 Rusticum
2216 1122 2645 1195 Lugdunensem.

1975 1211 2337 1267 Dilectissimis
2366 1213 2617 1283 fratribus
2652 1216 2905 1271 universis
2935 1219 3190 1288 episcOpis
3213 1238 3305 1289 per
3342 1222 3476 1274 Dar-

1906 1303 2120 1356 daniam
2143 1303 2454 1368 constitutis,
2484 1302 2722 1359 Gelasius
2746 1307 3032 1376 episcopus.
3058 1308 3260 1363 Eadem
3285 1311 3473 1364 inscri-

1905 1394 2087 1464 ptione
2113 1393 2179 1448 ad
2210 1395 2488 1465 episcopos
2513 1411 2606 1466 per
2634 1396 2925 1453 Lucaniam
2950 1438 2966 1462 ,
2994 1396 3210 1454 Brutios
3235 1410 3291 1455 et
3330 1402 3470 1456 Sici-

1906 1482 2057 1548 liam,
2082 1492 2139 1538 et
2164 1484 2232 1538 ad
2258 1484 2573 1541 Orientales.

1973 1574 2293 1629 Anastasius
2318 1591 2448 1630 ann.
2479 1575 2603 1630 496.

1975 1663 2318 1720 Gloriossimo
2356 1677 2405 1721 et
2448 1666 2843 1723 clementissima
2891 1668 3004 1737 filia
3036 1669 3315 1726 Anastasio
3359 1672 3471 1724 Λα-

304 1759 664 1815 Dilectissimis
693 1760 943 1830 fratribus
970 1763 1223 1816 universis
1249 1762 1500 1833 episcopis
1524 1777 1616 1831 per
1652 1759 1805 1815 Thes-
1833 1739 1879 1799 Β
1904 1765 2076 1826 gusto,
2105 1757 2417 1813 Anastasius
2449 1760 2734 1830 episcopus.

233 1847 417 1902 saliam
443 1851 753 1914 constitutis,
781 1849 1108 1921 Bonifacius.

144 1921 153 1933 ’
303 1935 675 1994 Dilectissimis
720 1940 974 2009 fratribus
1006 1940 1168 2010 Rufo,
1219 1950 1267 1995 et
1307 1943 1505 1995 steteris
1554 1942 1804 2012 episcOpis

228 2042 316 2093 per
344 2025 718 2085 Macedoniam
742 2070 757 2093 ,
788 2031 1065 2095 Achaiam,
1092 2028 1414 2084 Thessaliam
1441 2070 1456 2095 ,
1480 2029 1699 2100 Epirum
1726 2048 1810 2085 vc-

227 2125 417 2182 terem,
448 2117 668 2187 Epirum
695 2136 885 2174 novam
903 2160 919 2186 ,
949 2119 1256 2186 Prtevalem,
1286 2129 1334 2175 et
1362 2119 1585 2174 Daciam
1613 2122 1805 2175 consti-

228 2206 372 2269 tutis,
402 2205 740 2276 Bonifacius.

288 2297 610 2354 Celestinus
634 2314 761 2354 ann.
792 2300 918 2356 425.

292 2386 667 2442 Dilectissimis
693 2388 947 2458 fratribus
969 2387 1236 2460 Perigeni,
1272 2389 1504 2461 Dynato,
1533 2400 1638 2446 etc.
1672 2390 1801 2460 Epi'

233 2480 477 2551 spiscopis
506 2496 602 2550 per
630 2479 928 2550 Illyricum,
965 2479 1273 2536 Celestinus.

296 2569 647 2624 Dilectissimo
670 2569 829 2638 fratri
871 2568 1136 2635 Nestorio,
1177 2568 1487 2625 Celestinus.

296 2660 496 2731 Xystus
525 2660 611 2715 Ill.
637 2676 764 2715 ann.
790 2660 919 2716 432.

299 2750 658 2808 Dilectissimis
700 2752 951 2822 fratribus
990 2754 1242 2808 universis
1286 2754 1534 2825 episcopis
1587 2751 1799 2824 Synado

237 2841 361 2910 apud
387 2840 814 2896 Thessalonicam
843 2842 1240 2914 congregandis,
1261 2840 1479 2914 Xystus.

296 2930 649 2986 Dilectissimo
675 2931 829 3001 fratri
857 2930 1070 2997 Proclo,
1096 2930 1313 3003 Xystus.

296 3022 662 3079 Dilectissimis
695 3022 946 3093 fratribus
971 3024 1223 3079 universis
1270 3024 1523 3094 episcopis
1548 3041 1637 3096 per
1665 3023 1797 3095 Illy-

241 3113 385 3167 risum
409 3114 835 3179 consistentibus,
866 3112 1080 3184 Xystus.

295 3202 395 3260 Leo
413 3204 455 3259 ι.
489 3220 630 3260 ann.
656 3204 782 3259 440.

294 3294 648 3350 Dilectissimo
674 3295 832 3364 fratri
862 3295 1139 3362 Anatolio,
1186 3296 1308 3351 Leo.
1347 3297 1547 3352 Eadem
1597 3298 1793 3353 inseri—

241 3386 395 3453 ptione
419 3387 552 3441 alim
579 3386 696 3440 dua:
725 3395 851 3441 sunt
876 3385 1115 3454 ejusdem
1137 3387 1377 3456 epistolae
1399 3389 1466 3442 ad
1486 3389 1751 3442 eumdem.

298 3475 660 3531 Dilectissimis
685 3475 935 3545 fratribus
974 3477 1227 3547 episcopis
1270 3475 1687 3546 MetrOpolitanis
1709 3493 1800 3545 per

246 3565 488 3638 Illyricum
516 3567 853 3633 constitutis,
905 3567 1032 3622 Leo.
1070 3567 1273 3622 Eadem
1325 3567 1678 3638 inscriptione
1716 3575 1800 3621 est

244 3657 329 3711 alia
350 3659 410 3713 ad
437 3657 889 3728 Meti-Opolitanos
914 3672 1013 3727 per
1035 3656 1315 3712 Achaiam.

300 3747 680 3807 Gloriosissimo
713 3759 762 3806 et
797 3752 1191 3807 clementissimo
1226 3750 1512 3806 Theodosio
1539 3751 1793 3821 Augusto,

247 3839 328 3896 Leo
352 3845 649 3917 episcopus,
674 3854 724 3899 et
752 3854 935 3900 sancta
966 3844 1209 3916 Synodus
1231 3843 1407 3898 Roma:
1433 3843 1670 3898 collecta.

300 3932 699 3991 Cloriosissimte
722 3943 769 3989 et
791 3934 1197 3990 clementissimae
1219 3934 1346 4004 filiae
1368 3932 1662 3988 Pulcherite
1687 3935 1795 3988 Au-

250 4036 401 4091 gustte,
429 4027 547 4082 Leo
578 4027 847 4097 episcopus
872 4066 886 4092 ,
914 4034 1020 4081 etc.

300 4115 660 4174 Dilectissimis
691 4115 942 4184 fratribus
967 4117 1220 4172 universis
1244 4116 1495 4188 episcopis
1520 4131 1613 4186 per
1643 4114 1796 4170 Vien-

249 4220 421 4261 nensem
447 4209 801 4278 provinciam,
834 4204 960 4260 Leo.

303 4297 659 4356 Dilectissimis
687 4298 940 4368 fratribus
968 4294 1307 4352 Constantino
1329 4336 1346 4363 ,
1383 4296 1664 4362 Audentio,
1686 4304 1792 4351 etc.

252 4385 334 4441 Leo
354 4408 500 4462 papa.

305 4479 643 4539 Dilectissimo
676 4482 832 4552 fratri
861 4479 1150 4546 Ravennio,
1175 4477 1300 4533 Leo.

305 4569 502 4628 llilarus
545 4588 672 4627 ann.
712 4570 838 4627 461.

308 4660 645 4720 Dilectissimo
708 4663 863 4733 fratri
925 4662 1170 4726 Ascanio,
1220 4659 1440 4714 Hilarus
1505 4661 1791 4730 episcopus.

252 4746 419 4806 Eadem
459 4754 811 4823 inscriptione
858 4759 984 4807 sunt
1018 4751 1137 4806 aliae
1167 4757 1398 4819 quatuor
1422 4749 1488 4804 ad
1515 4748 1796 4804 Leontium

252 4838 616 4900 Arelatensem.

306 4931 656 4992 Dilectissimis
706 4934 959 5006 fratribus
1010 4935 1262 5006 episcopis
1310 4934 1590 5005 provincia:
1645 4931 1799 4988 Vien-

255 5027 421 5090 nensis,
453 5027 839 5102 Lugdunensis,
870 5026 1228 5082 Narbonensis
1256 5029 1440 5098 prima?
1461 5035 1509 5081 et
1534 5026 1795 5088 secundm,

254 5114 510 5185 etAlpium
557 5116 943 5183 Penninarum,
994 5116 1219 5172 Hilarus
1253 5118 1542 5189 episcopus.
1590 5117 1686 5171 Est
1732 5114 1801 5169 ad

254 5205 443 5259 eosdem
470 5209 659 5263 eadem
691 5207 1043 5277 inscriptione
1076 5207 1240 5262 altera
1272 5207 1517 5277 epistola.

309 5291 656 5353 Dilectissimis
687 5296 940 5367 fratribus
970 5293 1207 5363 Victuro,
1248 5295 1508 5367 Ingenuo,
1543 5304 1670 5361 etc.,
1703 5292 1802 5347 Ili-

254 5377 396 5438 larus.
782 5396 789 5401 '

313 5472 608 5549 Simplicius
634 5498 764 5535 ann.
796 5466 919 5535 167.

311 5563 644 5626 Dilectissimo
671 5571 829 5640 fratri
857 5568 1076 5633 Zenoni,
1117 5568 1439 5637 Simplicius.
1476 5569 1672 5622 Eadem
1723 5570 1801 5623 in-

257 5652 522 5725 scriptione
550 5660 611 5714 ad
641 5659 901 5715 Acacium
932 5659 1084 5714 binas
1118 5659 1325 5713 litteras
1352 5657 1515 5712 dedit.

1976 1845 2331 1917 Symmachus
2355 1865 2483 1904 ann.
2514 1848 2639 1905 498.

1975 1936 2325 2001 Dilectissimo
2354 1939 2509 2009 fratri
2548 1939 2746 1995 onnio
2775 1939 3136 2012 Symmachus.
3168 1943 3260 1997 Est
3287 1953 3339 1997 et
3369 1946 3471 1998 alia

1907 2025 1975 2080 ad
2003 2026 2234 2081 eundem
2262 2028 2459 2082 eadem
2476 2028 2844 2098 inscriptione.
2883 2029 3021 2086 Sunt
3051 2032 3170 2086 alia:
3192 2033 3308 2087 dua:
3336 2032 3475 2101 ejus-

1907 2116 2031 2172 dem
2057 2116 2424 2186 inscriptionis
2447 2118 2513 2173 ad
2533 2116 2828 2174 Caesarium
2854 2119 3245 2176 Arelatensem.

1976 2204 2326 2260 Dilectissimo
2347 2216 2502 2277 atque
2531 2207 2839 2263 charissima
2864 2210 3017 2279 fratri
3046 2210 3326 2264 Laurentio
3369 2211 3478 2265 Me-

1904 2297 2225 2352 diolanensis
2254 2298 2508 2354 Ecclesiae
2535 2301 2941 2372 archiepiscopo,
2987 2299 3329 2372 Symmachus
3369 2302 3476 2371 epi-

1899 2402 2106 2456 scopus,
2138 2387 2195 2441 in
2217 2385 2446 2442 Domino
2471 2388 2714 2444 salutem.

1968 2476 2331 2533 Dilectiss‘imis
2362 2479 2613 2548 fratribus
2641 2481 2891 2552 episcopis
2916 2482 3079 2553 Afris,
3108 2479 3468 2553 Symmachus.

1899 2568 2098 2623 Eadem
2125 2569 2477 2641 inscriptione
2505 2571 2573 2627 ad
2619 2570 2913 2644 Episcopos
2948 2588 3044 2645 per
3073 2572 3301 2628 Galliam
3342 2589 3472 2629 eon-

1898 2658 2172 2716 sistentes.

2011 2746 2017 2751 ’
2463 2752 2767 2811 ΞᾸΞΟΙΙω
2802 2754 2895 2809 γι.

1968 2842 2283 2901 Hormisdas
2310 2860 2437 2899 ann.
2467 2845 2594 2901 5H.

1968 2933 2313 2997 Dilectissimo
2359 2937 2515 3008 fratri
2563 2937 2813 3011 Remigio,
2873 2938 3179 2996 Ilormisda.
3231 2941 3468 2996 Eandem

1897 3022 2300 3095 inscriptionem
2353 3025 2644 3098 praeferunt
2707 3030 2946 3101 epistola:
2990 3032 3057 3087 ad
3103 3031 3427 3086 DUI‘OlllClllll
3455 3073 3468 3095 ,

1892 3113 2175 3183 Joannem,
2205 3117 2541 3174 Sallustium.

1962 3206 2325 3263 Dilectissimis
2352 3210 2603 3280 fratribus
2630 3214 2879 3267 universis
2902 3214 3153 3285 episcopis
3175 3231 3266 3283 per
3284 3213 3330 3266 11
3338 3214 3469 3283 ἕδραι

1895 3299 2035 3352 niam
2058 3302 2351 3355 constitutis
2377 3342 2393 3367 ,
2427 3301 2736 3357 Hormisda.
2777 3304 3028 3373 Ejusdem
3073 3306 3214 3359 modi
3242 3315 3324 3358 est
3351 3307 3465 3373 epi-

1897 3388 2032 3441 stola
2057 3390 2124 3443 ad
2146 3392 2426 3459 episcopos
2449 3407 2545 3459 per
2571 3394 2850 3448 Baeticam.

1966 3477 2315 3532 Dilectissimo
2369 3480 2523 3548 fratri
2568 3479 2798 3534 Ctesario
2821 3522 2836 3545 ,
2883 3483 2957 3536 vel
2992 3484 3071 3534 his
3100 3484 3188 3551 qui
3215 3483 3308 3537 sub
3337 3482 3467 3535 dile-

1899 3566 2086 3620 ctionis
2113 3576 2216 3621 tute
2244 3568 2571 3622 ordinatione
2606 3570 2913 3635 consistunt,
2948 3570 3251 3626 llormistla.

1962 3652 2117 3710 Felix
2142 3655 2210 3709 lV
2234 3672 2361 3711 ann.
2390 3657 2513 3712 526.

1963 3745 2313 3801 Dilectissimo
2343 3747 2501 3817 fratri
2529 3747 2780 3817 Ca'sario,
2816 3747 2987 3805 Felix.

1963 3833 2268 3890 Bonifacius
2295 3834 2338 3890 ll
2364 3852 2492 3891 ann.
2520 3837 2643 3892 550.

1961 3927 2315 3983 Dilectissimo
2345 3928 2502 3998 fratri
2532 3929 2781 3997 Ca’sario,
2822 3931 3148 4003 Bonifacius.

1963 4015 2197 4071 Joannes
2221 4017 2265 4072 ll
2296 4033 2424 4071 ann.
2454 4018 2579 4075 555.

1963 4104 2352 4162 Cloriosissimo
2381 4117 2429 4162 et
2464 4108 2864 4166 clementissimo
2892 4113 3005 4181 ﬁlio
3031 4113 3334 4169 Justiniano
3359 4116 3468 4168 Au-

1893 4207 2063 4269 gusto,
2092 4198 2328 4254 Joannes
2361 4201 2630 4272 episcopus
2658 4205 2799 4258 urbis
2828 4203 3028 4258 Roma).

1964 4288 2329 4343 Dilectissimis
2360 4289 2611 4359 fratribus
2643 4293 2895 4346 universis
2945 4294 3195 4364 episcopis
3228 4308 3320 4363 per
3344 4290 3469 4345 Gal-

1819 4406 1873 4465 Β
1897 4376 1996 4433 lias
2022 4380 2337 4445 constitutis,
2365 4380 2615 4435 Joannes.

1966 4467 2320 4522 Dilectissimo
2353 4467 2510 4537 fratri
2538 4467 2790 4534 Cwsario,
2820 4469 3072 4524 Joannes.

1962 4563 2232 4633 Agapctus
2261 4577 2384 4616 ann.
2410 4562 2531 4616 555.

1969 4652 2124 4725 147
2163 4651 2511 4706 Dilectissimo
2549 4651 2703 4720 fratri
2731 4650 2985 4716 Ca’sario,
3015 4652 3290 4721 Agapetus.

1965 4744 2166 4797 Dilecto
2190 4742 2346 4812 fratri
2373 4740 2553 4807 Petro,
2580 4741 2860 4812 Agapctus.

1968 4835 2199 4905 Vigilius
2222 4849 2348 4887 ann.
2380 4832 2506 4887 5i0.

1966 4925 2315 4980 Dilectissimo
2362 4922 2520 4992 fratri
2564 4922 2797 4979 Ctesario
2823 4964 2839 4989 ,
2879 4920 3117 4995 Vigilius.
3158 4924 3359 4981 Eadem
3387 4935 3468 4982 cst

1899 5015 2178 5083 inscriptio
2202 5014 2270 5069 ad
2297 5014 2634 5079 Eutlierium,
2666 5023 2721 5068 et
2742 5015 2935 5068 iterum
2962 5016 3028 5070 ad
3048 5013 3361 5071 Caesarium.

1968 5106 2359 5163 Gloriosissimo
2384 5115 2431 5161 et
2461 5106 2862 5161 clementissimo
2884 5107 2995 5176 filio
3022 5105 3350 5173 Iustiniano,
3379 5106 3468 5160 Vi-

1897 5201 2074 5271 gilius.

1967 5291 2317 5345 Dilectissimo
2343 5289 2498 5359 fratri
2529 5288 2735 5345 Mennae
2773 5292 3042 5360 episcopo,
3105 5287 3322 5359 Vigilias
3357 5290 3468 5355 epi—

1899 5398 2107 5452 scopus.
2135 5379 2336 5436 Eadem
2366 5378 2649 5450 inscriptio
2687 5386 2773 5434 est
2818 5379 2981 5433 trium
3020 5378 3368 5446 epistolarum
3401 5372 3466 5425 ad

1899 5473 2203 5527 Auxanium
2231 5471 2597 5526 Arelatentem
2623 5511 2638 5538 ,
2670 5473 2855 5526 eadem
2883 5480 2939 5525 et
2966 5470 3031 5523 ad
3057 5465 3428 5520 Aurelianum.

1969 5565 2329 5620 Dilectissimis
2358 5563 2609 5633 fratribus
2653 5564 2902 5617 universis
2951 5557 3198 5627 episcopis
3238 5553 3469 5608 omnium

1901 5656 2285 5722 provinciarum
2306 5670 2398 5724 per
2426 5652 2650 5716 Gallias,
2674 5653 2762 5722 qui
2792 5652 2883 5703 sub
2928 5661 3080 5714 regno
3112 5644 3189 5697 vel
3222 5652 3472 5712 potestate
