3990 6184
451 314 554 370 123

1707 301 1795 353 Al)
1834 295 2090 352 LIBRUM
2132 292 2444 350 DiURNUM

3604 285 3705 339 12$

454 429 813 505 gloriosissimi
838 426 934 495 filii
971 423 1129 478 nostri
1160 418 1469 475 Childcbcrti
1513 416 1665 484 Regis
1697 412 2022 465 Francorum
2054 412 2101 467 Λ
2200 405 2266 458 Ει
2295 405 2361 458 ad
2401 404 2600 472 Regem
2640 401 2964 453 lidllbertmn
2996 438 3008 459 ,
3056 396 3277 448 Domino
3330 394 3711 463 gloriosissimo

1602 504 1607 505 ,
2496 491 2526 505 ιι
2603 492 2634 505 .·
2700 492 2709 499 ·
2826 488 2895 505 fl!
2958 484 3216 505 l.‘J:IL---._
3264 481 3529 505 l--_'-..--__-
3563 482 3683 505 n-_:

456 504 721 575 constituti
763 526 883 571 sunt
925 528 941 565 :
970 512 1057 566 sed
1086 521 1131 564 et
1162 511 1263 573 his,
1294 508 1382 577 qui
1409 522 1473 558 ea:
1498 504 1716 572 antiqua
1762 507 2030 554 consuetu-

457 614 578 668 dine
609 612 673 665 ab
699 607 984 663 Arelatensi
1025 600 1309 657 consecrati
1343 605 1487 660 sunt,
1538 593 1615 649 vel
1660 600 2032 647 consecrantur

459 703 716 774 episcopo,
765 695 1003 767 Vigilius.

531 791 731 846 Eadem
757 784 1036 854 inscriptio
1054 779 1293 851 epistolm
1314 777 1382 832 ad
1400 777 1617 831 eosdem
1639 775 1706 829 de
1720 771 2030 833 Aureliano,

459 882 545 938 cui
595 892 723 935 suas
768 876 914 930 vices
956 872 1285 928 committit:
1317 885 1424 924 uno
1452 868 1619 922 verbo
1647 866 1789 920 nulla
1819 873 1902 919 est
1936 863 2031 917 Vi-

461 973 569 1044 gilii
594 967 836 1041 epistola,
882 980 953 1020 ne
995 965 1113 1034 ipso
1160 962 1377 1033 quidem
1417 959 1723 1015 Constituto
1762 965 1989 1025 excepto
2020 995 2033 1019 ,

459 1077 579 1132 qua:
613 1074 718 1112 non
767 1055 1014 1111 eamdem
1064 1050 1432 1121 inscriptionis
1475 1048 1706 1103 formam
1738 1045 2034 1117 praeferat,

460 1159 819 1223 praeterquam
849 1160 969 1216 quin
989 1139 1568 1199 excommunicatiouis
1588 1137 1909 1192 sententiam
1940 1137 2037 1190 ad-

459 1256 654 1295 versus
705 1238 989 1292 Rusticum
1020 1243 1076 1289 et
1104 1231 1481 1288 Sebastianum
1510 1230 1779 1292 continet,
1816 1243 2041 1296 quaeque

463 1330 536 1385 ad
567 1330 878 1384 universam
907 1323 1202 1380 Ecclesiam
1227 1321 1477 1391 dirigitur
1504 1337 1516 1372 :
1552 1319 1609 1372 in
1651 1318 1739 1373 illa
1765 1318 1910 1372 eiiim
1950 1315 2039 1385 ju-

465 1422 567 1474 dex
600 1419 709 1473 reis
731 1458 747 1483 ,
774 1417 829 1471 in
860 1416 963 1470 ista
992 1421 1153 1483 caput
1174 1411 1430 1467 membris
1450 1410 1656 1465 scribit.

535 1508 787 1580 Pelagius
811 1508 832 1562 l
860 1523 987 1561 ann.
1014 1504 1137 1560 555.

540 1599 907 1655 Dilectissimis
934 1595 1186 1666 fratribus
1219 1591 1532 1655 Gaudentio,
1569 1589 1917 1653 Maximiano,
1947 1586 2047 1641 Ge-

470 1692 665 1756 rontio,
687 1688 865 1751 Justo,
900 1685 1159 1750 Terentio,
1194 1681 1353 1736 Vitali
1384 1691 1431 1736 et
1459 1680 1766 1742 Laurentio,
1794 1695 1884 1748 per
1916 1677 2046 1731 Tus-

471 1783 611 1836 ciam
635 1778 984 1834 annonariam
999 1818 1017 1846 ,
1046 1774 1316 1846 Pelagius.

543 1868 892 1924 Dilectissimo
929 1866 1085 1937 fratri
1131 1863 1383 1934 Sapaudo
1412 1904 1426 1929 ,
1470 1861 1737 1933 Pelagius.
1770 1861 1907 1915 Sunt
1935 1861 2054 1916 alia:

470 1970 585 2015 tres
609 1958 677 2013 ad
701 1957 948 2013 eumdem
977 1956 1166 2010 eadem
1194 1952 1563 2022 inscriptione.

2140 505 2291 565 atque
2320 491 2795 564 prmecllcnﬁssimo
2816 488 2928 555 filio
2952 484 3218 538 Edilberto
3248 481 3531 551 Anglorum
3558 482 3705 553 Regi,

2138 584 2417 656 Gregorius
2464 582 2751 652 cpiscopus.
2796 580 2864 633 Et
2912 578 2965 631 in
3016 576 3122 630 fine
3154 594 3163 627 :
3200 574 3517 627 Incolumem
3543 574 3711 627 excel-

2139 672 2349 727 lentiam
2367 681 2585 726 vestram
2614 668 2783 738 gratia
2805 682 3031 736 superna
3056 663 3339 727 custodiat,
3373 661 3591 716 Domine
3609 660 3708 730 fili.

2704 756 3001 813 δεουιο
3040 754 3146 810 VII.

2210 850 2520 905 Bonifacius
2545 848 2610 903 IV
2643 862 2769 901 amt.
2793 844 2916 899 607.

2212 941 2436 995 Domino
2467 937 2897 994 excellentissimo
2919 945 3073 1003 atque
3092 931 3567 1003 pra’cellcntissimo
3592 930 3719 999 chi

2144 1031 2429 1104 Anglorum
2474 1028 2771 1084 Athelberto
2802 1066 2818 1094 ,
2867 1025 3171 1095 Bonifacius
3207 1022 3496 1092 cpisco;:us,
3542 1037 3722 1074 servus

2145 1140 2413 1178 servorum
2439 1121 2555 1174 Dei.

2218 1212 2526 1267 Bonifacius
2552 1210 2593 1265 ν
2625 1225 2753 1264 ann.
2783 1208 2906 1263 6l7.

2220 1303 2565 1357 Dilectissimo
2596 1301 2750 1372 fratri
2777 1301 2930 1355 Justo
2956 1341 2970 1364 ,
3000 1299 3325 1368 Bonifacius.

2229 1394 2352 1448 Viro
2378 1394 2604 1465 glorioso
2634 1392 2854 1446 Edwino
2900 1391 3027 1463 Regi
3068 1388 3387 1460 Anglorum,
3423 1386 3733 1455 Bonifacius

2152 1486 2441 1556 episcopus,
2471 1499 2649 1538 servus
2671 1499 2936 1537 servorum
2967 1480 3083 1535 Dei.

2222 1575 2460 1628 Dominte
2491 1573 2734 1644 gloriosa:
2768 1572 2895 1640 ﬁlia:
2922 1571 3232 1641 Edelburga'
3277 1569 3489 1640 Regina’
3514 1610 3528 1635 ,
3568 1568 3727 1624 Boni-

2157 1666 2326 1734 facius
2353 1664 2624 1734 episwpus
2650 1703 2665 1728 ,
2696 1678 2872 1716 servus
2901 1677 3167 1715 servorum
3190 1659 3305 1714 Dei.

2082 1766 2128 1822 Β
2226 1756 2497 1810 llonorins
2523 1754 2544 1809 ι
2573 1769 2701 1808 ann.
2729 1751 2851 1807 69.6.

2228 1846 2448 1900 Domino
2471 1842 2904 1899 excellentissimo
2935 1852 3090 1911 atque
3120 1838 3599 1910 pra'cellcntissimo
3622 1839 3739 1906 filio
3829 1892 3852 1906 ο

2156 1937 2374 1992 Edwino
2402 1936 2532 2007 Regi
2558 1934 2867 2005 Anglorum,
2906 1932 3175 1987 Honorius
3213 1933 3483 2002 episcopus
3507 1972 3521 1994 ,
3559 1949 3739 1985 servus

542 2049 765 2103 Domino
816 2047 928 2118 ﬁlio
977 2020 1546 2119 gloriosissimovatquc
1575 2042 2053 2113 pra’cellcntissimo

2202 2044 2420 2083 Proorum
2472 2026 2589 2080 Dei.
2632 2025 2699 2079 Et
2745 2025 2798 2078 in
2831 2024 2934 2077 line
2964 2042 2977 2076 :
3010 2020 3335 2076 Incolumem
3379 2020 3741 2075 excellentiam

471 2141 799 2196 Childeberto
816 2111 826 2118 ν
844 2111 998 2211 Regi,
1043 2135 1293 2208 Pelagius
1318 2111 1608 2207 episcopus.
1639 2133 1777 2189 Sunt
1801 2133 1919 2189 alite
1944 2141 2057 2187 tres

2202 2129 2376 2174 estram
2406 2118 2579 2188 gratia
2610 2131 2835 2186 superna
2865 2111 3148 2167 custodiat.

471 2236 677 2306 pariter
701 2234 769 2289 ad
795 2234 1045 2290 eumdem
1070 2232 1259 2286 eodem
1286 2230 1445 2285 modo
1477 2228 1771 2298 inscriptm.

543 2324 794 2393 Pelagius
823 2324 866 2377 ll
893 2338 1020 2376 ann.
1053 2321 1178 2375 577.

551 2414 897 2469 Dilectissimo
942 2412 1099 2482 fratri
1156 2409 1534 2473 Annachario,
1598 2407 1846 2478 Pelagius
1914 2406 2061 2461 urbis

480 2506 661 2559 Roma:
688 2504 979 2575 episcopus.

549 2593 912 2648 Dilectissimis
954 2592 1210 2663 fratribus
1260 2590 1396 2644 Eliw
1426 2632 1439 2654 ,
1494 2589 1713 2661 aliisque
1762 2589 2012 2659 episcopis
2042 2629 2058 2653 ,

479 2683 733 2739 universis
759 2681 885 2753 ﬁliis
907 2683 961 2736 in
989 2681 1165 2736 Istria:
1184 2681 1421 2751 partibus
1451 2681 1746 2734 constitutis
1766 2720 1781 2745 ,
1813 2677 2060 2749 Pelagius

477 2775 749 2845 episcopus
794 2782 991 2828 sancta:
1037 2773 1288 2829 Ecclesia:
1340 2772 1624 2829 Catholica:
1667 2773 1810 2828 urbis
1859 2772 2058 2828 Romae.

481 2865 623 2920 Sunt
655 2864 775 2919 alia:
807 2864 926 2919 duae
950 2864 1191 2934 ejusdem
1219 2864 1361 2920 modi
1389 2865 1457 2921 ad
1484 2862 1721 2920 eosdem.

553 2956 850 3027 Gregorius
876 2956 896 3011 ι
921 2972 1048 3010 ann.
1077 2956 1207 3035 590.

555 3044 711 3100 Nulla
729 3055 813 3100 est
826 3047 880 3100 in
893 3053 1006 3101 toto
1028 3045 1196 3116 ipsius
1208 3046 1442 3116 ltegesto
1454 3045 1703 3116 epistola,
1719 3061 1840 3116 quia
1862 3061 1968 3101 non
1992 3046 2064 3101 sit

2226 2212 2577 2267 Dilectissimo
2600 2210 2758 2279 fratri
2776 2208 3036 2274 Honorio,
3066 2206 3351 2261 Honorius.
3381 2202 3739 2271 Subscriptiu.

2160 2306 2300 2359 Deus
2327 2313 2375 2358 te
2398 2302 2709 2358 incolumem
2738 2300 3023 2365 custodiat,
3046 2297 3379 2352 dilectissime
3400 2295 3583 2364 frater.

2230 2393 2489 2447 Martinus
2519 2391 2540 2445 Ι
2569 2406 2698 2445 ann.
2731 2388 2856 2445 649.

2232 2482 2459 2535 Domino
2488 2481 2724 2551 piissimo
2754 2488 2803 2533 et
2847 2476 3179 2532 serenissinto
3209 2474 3416 2537 victori,
3449 2472 3743 2538 triumphu—

2162 2573 2286 2636 tori,
2312 2570 2448 2640 filio,
2477 2569 2712 2639 diligenti
2736 2566 2908 2621 Deum
2943 2575 2993 2620 et
3040 2563 3325 2618 Dominum
3369 2569 3603 2613 nostrum
3652 2558 3748 2612 .lc-

2163 2678 2278 2716 sunt
2310 2660 2574 2715 Christum
2603 2699 2619 2724 ,
2660 2656 2937 2712 Constanti
2965 2653 3218 2725 Augusto,
3261 2650 3524 2705 Martinus
3551 2650 3743 2719 episco-

2162 2771 2261 2824 pus
2311 2768 2487 2807 seruus
2530 2764 2795 2805 servorum
2837 2748 2956 2802 Dei.
3029 2744 3387 2814 Subseriptio.
3446 2742 3751 2796 Piissimum

2165 2842 2378 2897 Domini
2409 2841 2698 2912 Imperium
2728 2855 2954 2909 superna
2992 2837 3166 2908 gratia
3204 2832 3464 2889 custodiat
3493 2872 3507 2895 ,
3538 2842 3586 2885 et
3634 2847 3749 2884 om-

2166 2935 2308 2988 nium
2354 2933 2583 3004 gentium
2611 2929 2830 2984 cervices
2850 2928 2897 2982 ei
2924 2926 3133 2981 subdat.

2245 3024 2407 3097 149
2436 3021 2615 3077 Electo
2644 3019 2908 3091 spirituali
2951 3032 3203 3072 consensu
3225 3014 3497 3070 catholicw
3528 3012 3755 3067 Cartha~

490 3158 519 3195 a
543 3138 852 3204 collectore,
876 3138 1007 3205 suis,
1031 3154 1168 3208 quas
1187 3104 1435 3205 haberet,
1463 3104 1792 3194 solemnibus
1819 3137 2066 3194 formulis
2093 3115 2136 3176 Ο
2168 3110 2742 3208 9ί¹¹εἶ¹δίαπ³ξ⁶¹ξί⁴ἶ⁵ίίε
2765 3119 2867 3208 χει
2906 3106 3275 3208 οξτηίθαδηίζαί.
3298 3106 3347 3208 εξ
3373 3104 3757 3208 λεπαίας-ενδ

488 3229 715 3300 spoliata
739 3245 755 3284 :
788 3229 1044 3285 habuisse
1074 3239 1254 3285 tamen
1281 3245 1493 3296 omnes,
1508 3230 1593 3286 vel
1616 3246 1681 3285 ex
1703 3245 1768 3285 eo
1789 3246 1895 3285 uno
1917 3244 2073 3300 aper-

488 3329 601 3375 tum
634 3327 739 3386 est,
775 3319 919 3389 quod
941 3318 1010 3374 ad
1037 3319 1323 3375 saeculares
1350 3319 1497 3375 viros
1530 3319 1867 3389 feminasque
1892 3317 2075 3373 multa:

489 3409 631 3463 data:
658 3409 787 3475 sint,
815 3423 916 3464 nec
940 3409 1047 3464 ulla
1069 3418 1247 3465 tamen
1272 3409 1487 3466 Domini
1508 3411 1855 3482 Dominmque
1876 3426 2074 3466 nomen

491 3500 546 3554 in
570 3499 862 3570 cpigraphe
874 3498 1150 3574 praeferat,
1166 3500 1412 3570 quamvis
1427 3500 1482 3555 id
1498 3516 1793 3573 numquam
1813 3501 2077 3557 omissum

489 3589 730 3647 Joannes
772 3590 1043 3647 Diaconus
1074 3590 1271 3646 tradat.
1314 3590 1579 3657 Accedit,
1625 3593 1771 3661 quod
1798 3608 1924 3647 cum
1948 3590 2079 3647 Gre-

495 3683 682 3753 gorius
713 3683 768 3736 in
798 3681 1041 3752 epistolis
1057 3720 1075 3748 ,
1101 3684 1293 3737 eodem
1316 3682 1554 3737 Diacono
1592 3689 1748 3746 teste,
1773 3690 1895 3751 post
1918 3679 2081 3736 Joan-

496 3772 581 3826 nis
612 3770 1193 3839 Constantinopolitani
1240 3770 1563 3826 insolentem
1604 3771 1991 3842 arrogantiam,
2021 3786 2081 3827 se

496 3872 715 3928 semper
758 3872 977 3913 servum
1026 3873 1308 3914 servorum
1360 3858 1457 3913 Dei
1516 3859 1881 3926 inscriberet,
1926 3860 2082 3915 nulla:

500 3960 704 4015 tamen,
736 3956 798 4005 ut
825 3964 971 4005 nunc
999 3949 1290 4018 habentur,
1324 3948 1486 4022 148
1510 3951 1652 4006 hanc
1674 3950 2080 4022 inscriptionem

499 4038 824 4112 praeferant;
862 4040 1056 4096 deinde
1084 4056 1208 4096 cum
1241 4042 1497 4113 epistolas
1524 4040 1729 4114 Pelagii
1751 4042 1795 4097 II
1816 4044 1885 4098 ad
1911 4043 2083 4099 lstria:

498 4128 785 4199 episcopos
817 4129 1119 4199 scripserit,
1154 4130 1519 4202 usitatamque
1548 4130 1777 4186 formam
1801 4132 1856 4187 in
1881 4132 1948 4187 iis
1972 4149 2086 4188 ser-

498 4220 730 4287 vaverit,
758 4220 1021 4276 credibile
1046 4235 1156 4276 non
1186 4228 1271 4276 est
1317 4236 1441 4276 eum
1473 4236 1506 4275 a
1535 4236 1688 4276 more
1728 4221 2088 4291 priedecesso-

502 4312 581 4367 ris
607 4312 920 4368 recessisse.
952 4312 1092 4381 Quid
1118 4313 1262 4385 quod
1292 4314 1526 4369 alienum
1562 4329 1592 4369 a
1622 4314 1831 4370 ratione
1852 4315 2084 4380 videtur,

501 4422 647 4474 eum,
674 4407 767 4478 qui
799 4422 859 4463 se
898 4421 1013 4477 pra:
1053 4407 1361 4477 humilitate
1404 4423 1622 4463 servum
1668 4423 1947 4464 servorum
1987 4407 2083 4462 Dei

502 4496 720 4563 dixerit,
743 4512 939 4552 nomen
965 4512 1146 4564 suum,
1162 4507 1255 4552 aut
1274 4497 1518 4567 jubentis
1540 4498 1888 4568 Imperatoris
1907 4512 2079 4562 more,

504 4595 598 4650 aut
622 4586 885 4642 edicentis
912 4585 1170 4642 Praetoris
1200 4587 1379 4653 modo,
1426 4587 1806 4657 praeposuisse.
1841 4585 2083 4654 Denique

502 4675 728 4745 epistola
767 4676 837 4731 ad
878 4675 1161 4731 Etherium
1201 4675 1575 4731 Arelatensem
1641 4673 2082 4730 commcndatitia

503 4770 790 4841 Augustini
848 4770 903 4824 in
949 4770 1199 4839 Angliam
1236 4768 1638 4839 proficiscentis
1664 4809 1678 4834 ,
1722 4782 1844 4837 qua:
1890 4768 1947 4822 in
1988 4766 2088 4822 Re-

506 4866 659 4937 gesto
680 4868 830 4913 caret
873 4860 1021 4914 omni
1054 4857 1251 4925 forma,
1282 4859 1517 4914 refertur
1538 4875 1568 4914 a
1591 4859 1735 4914 Beda
1771 4858 1866 4914 lib.
1898 4875 1917 4913 l
1944 4859 2083 4914 Hist.

507 4971 629 5026 cap.
653 4953 747 5023 25,
777 4968 900 5009 cum
929 4953 1122 5011 idonea
1165 4954 1518 5025 inscriptione
1557 4964 1612 5009 et
1650 4954 2048 5025 subscriptione
2072 4997 2086 5020 ,

517 5047 959 5119 ligarerendissimo
994 5059 1043 5104 et
1073 5049 1403 5105 sanctissimo
1450 5048 1606 5120 fratri
1636 5049 1854 5105 Etherio
1908 5047 2091 5121 Coepi-

510 5155 705 5211 scopo,
742 5135 1022 5209 Gregorius
1067 5155 1247 5195 servus
1283 5154 1551 5194 servorum
1586 5137 1703 5193 Dei.
1740 5139 1808 5195 Et
1832 5139 1888 5194 in
1931 5138 2040 5194 fine
2074 5157 2088 5194 :

516 5233 655 5289 Deus
686 5241 735 5287 te
761 5231 1073 5288 incolumem
1122 5231 1385 5287 custodiat
1410 5271 1427 5297 ,
1458 5231 1881 5287 reverendissime
1902 5231 2086 5302 frater.

514 5323 767 5395 Ejusdem
794 5322 984 5381 forma:
1019 5323 1251 5396 epistola
1285 5325 1353 5380 ad
1392 5323 1675 5395 Virgilium
1723 5323 1932 5380 Etherii
1967 5338 2090 5378 suc-

514 5428 786 5475 Ccssorem
810 5459 824 5483 ,
855 5424 911 5474 et
949 5418 1013 5473 ad
1051 5416 1409 5487 Augustinum
1456 5416 1853 5473 Eboracenccm
1884 5414 2094 5483 episco-

515 5526 642 5581 pum
687 5511 755 5567 ab
799 5510 988 5566 eodem
1042 5508 1181 5564 Beda
1220 5505 1454 5562 refertur
1494 5522 1610 5577 cap.
1659 5508 1728 5562 28
1755 5512 1809 5560 ct.
1836 5505 1926 5558 29.
1952 5502 2094 5569 Quin

523 5605 684 5659 etiam
720 5618 838 5675 cap.
872 5604 960 5668 50,
995 5604 1061 5657 ad
1111 5600 1367 5656 Mellitum
1402 5600 1703 5661 Abbatem,
1746 5594 2094 5650 Dilectissimo

525 5690 633 5753 lilio
664 5692 859 5747 Mellito
895 5694 1091 5755 abbati,
1120 5689 1398 5762 Gregorius
1431 5707 1603 5746 servus
1644 5702 1907 5743 servorum
1938 5684 2055 5738 Dei.

2173 3204 2341 3274 scopis
2369 3244 2382 3269 ,
2448 3201 2720 3266 'Clericis,
2776 3198 3094 3270 Populisque
3148 3195 3344 3252 Christi
3408 3196 3710 3249 amantibus
3741 3237 3753 3257 ,

2177 3295 2440 3351 Martinus
2466 3309 2644 3348 servus
2679 3305 2947 3347 servorum
2971 3289 3071 3344 Dei
3090 3330 3105 3355 ,
3134 3288 3249 3359 ejus
3278 3288 3451 3358 gratia
3483 3287 3763 3356 episcopus

2175 3398 2373 3443 sancta:
2398 3384 2670 3441 catholica:
2697 3394 2745 3440 et
2773 3381 3071 3454 apostolica:
3101 3396 3333 3435 romana:
3360 3376 3630 3432 Ecclesia'.

2245 3477 2443 3533 Joanni
2470 3476 2708 3547 episcopo
2737 3470 3137 3542 Philadelphia,
3156 3469 3419 3524 Martinus
3447 3484 3625 3523 servus
3654 3484 3760 3521 ser-

2178 3585 2357 3624 rorum
2395 3566 2519 3633 Dei,
2564 3574 2760 3620 sancta:
2786 3563 2900 3634 ejus
2933 3561 3205 3617 catholica:
3244 3570 3292 3615 et
3332 3560 3631 3631 apostolica:
3656 3560 3763 3614 Ec-

2180 3659 2351 3713 clesia:
2379 3657 2738 3712 Romanorum
2778 3656 3070 3726 episcopus.
3112 3650 3315 3707 Eadem
3359 3651 3530 3707 forma
3570 3651 3765 3706 inscri-

2179 3751 2327 3804 bitur
2354 3748 2584 3821 epistola
2611 3748 2680 3803 ad
2711 3747 3051 3803 Theodorum
3083 3786 3098 3811 ,
3138 3744 3513 3801 Esbrutiorum
3552 3742 3769 3814 episco-

2182 3858 2329 3912 pum,
2353 3840 2648 3896 Antonium
2674 3839 3060 3905 Bocathorum,
3085 3836 3311 3893 Paulum
3340 3835 3764 3892 Thessalonicae.

2254 3930 2476 4004 Georgio
2515 3930 2958 3986 Archimandrita:
2986 3971 3001 3996 ,
3057 3928 3323 3983 Martinus
3356 3944 3566 3994 seruus,
3629 3936 3769 3992 etc.,

2185 4032 2244 4079 ut
2270 4038 2451 4095 supra.

2254 4117 2456 4172 Eodem
2480 4115 2640 4172 modo
2669 4112 2985 4170 inscribitur
3006 4111 3234 4182 epistola
3264 4112 3331 4167 ad
3358 4108 3771 4173 Pantaleonem,

2188 4212 2347 4266 Petro
2373 4210 2590 4276 illustri,
2620 4208 2887 4263 Martinus
2916 4224 3090 4262 servus
3117 4222 3381 4262 servorum
3406 4204 3524 4269 Dei,
3548 4212 3654 4258 etc.

2258 4302 2476 4358 Dilectis
2506 4300 2761 4372 fratribus
2788 4299 2879 4371 qui
2927 4306 3125 4352 sanctas
3155 4296 3348 4352 Christi
3376 4295 3474 4350 Dei
3502 4293 3667 4348 nostri
3698 4296 3777 4347 ci-

2189 4396 2338 4450 vitati
2366 4434 2381 4460 ,
2435 4408 2614 4463 nempe
2670 4388 3167 4460 Hierosolymitana:
3212 4387 3325 4441 sedi
3372 4383 3782 4440 sacerdotaliter

2108 4465 2162 4524 D
2185 4486 2403 4542 subsunt
2430 4525 2444 4548 ,
2486 4481 2792 4537 orthodoxis
2821 4479 3099 4552 episcopis,
3118 4476 3429 4548 presbyteris
3450 4516 3464 4541 ,
3492 4473 3775 4537 Diaconis,

2188 4574 2461 4646 Prtefectis
2500 4571 2982 4636 Monasteriorum,
3030 4567 3338 4632 Monachis,
3382 4564 3605 4629 Ascetis,
3662 4560 3783 4616 Po-

2188 4668 2326 4740 pulis
2366 4664 2635 4722 Christum
2661 4661 2999 4734 diligentibus
3026 4673 3044 4712 :
3069 4657 3312 4714 similiter
3336 4666 3386 4711 et
3422 4656 3489 4711 iis
3514 4655 3602 4725 Qui
3645 4669 3779 4708 cen-

2191 4768 2371 4813 scntur
2408 4756 2505 4812 sub
2534 4754 2861 4812 Antiochena
2886 4752 3026 4817 sede,
3056 4748 3349 4812 Martinus,
3378 4754 3481 4802 etc.

2265 4851 2532 4907 Christum
2555 4848 2791 4920 diligenti
2815 4845 2967 4902 Clero
3000 4854 3048 4899 et
3077 4840 3282 4913 Populo
3315 4848 3511 4894 sancta:
3548 4836 3648 4891 Dei
3694 4853 3785 4890 ea-

2194 4948 2402 5003 tholicte
2438 4940 2980 4999 Thessalonicensium
3024 4934 3275 4991 Ecclesia:
3297 4974 3311 4999 ,
3353 4930 3636 4994 Martinus,
3662 4936 3784 4983 etc.

2264 5037 2563 5094 Vitalianus
2592 5048 2720 5087 ann.
2755 5028 2879 5085 655.

2260 5129 2488 5185 Domino
2516 5121 2948 5181 excellentissimo
2984 5117 3098 5188 ﬁlio
3124 5114 3296 5172 0sin
3323 5111 3454 5183 Regi
3480 5107 3787 5173 Saxonum,

2202 5221 2497 5277 Vitalianus
2518 5216 2809 5290 episcopus,
2849 5225 3026 5266 servus
3062 5220 3327 5263 servorum
3356 5202 3472 5257 Dei.

2263 5312 2574 5370 Adeodatus
2602 5324 2730 5363 ann.
2760 5303 2883 5360 667.

2270 5400 2632 5458 Dilectissimis
2660 5394 2915 5468 fratribus
2942 5389 3196 5447 universis
3237 5382 3489 5456 episcopis
3510 5381 3565 5435 in
3586 5376 3787 5433 Gallia:

2198 5495 2433 5567 partibus
2457 5486 2922 5549 commorantibus,
2952 5479 3274 5537 Adeodatus.

2270 5587 2480 5657 Agatho
2508 5600 2634 5639 ann.
2668 5583 2790 5637 678.

2274 5682 2510 5736 Dominis
2559 5680 2807 5749 piissimis
2864 5685 2910 5729 et
2964 5668 3340 5729 serenissimis,
3393 5657 3676 5715 victoribus
3720 5673 3793 5711 ac
