3990 6184
235 278 333 334 125

1202 279 1815 335 DlSSERTATIONES.
1858 307 1931 318 -ι
1968 278 2424 336 DISSERTATIO
2454 282 2493 335 1.

3382 287 3482 344 1ὲο

233 399 711 468 triumphataribus,
745 400 1063 454 charissimis
1096 400 1243 467 ﬁliis,
1275 400 1599 454 amatoribus
1629 398 1725 452 Dei
1753 408 1798 452 et
1829 401 1877 457 Λ
1978 398 2286 468 Stephanus
2320 398 2381 453 ll.
2415 415 2539 453 ann.
2576 400 2695 454 752.

233 486 437 543 Domini
466 490 632 542 nostri
658 488 786 542 .Iesu
825 486 1054 553 Christi,
1087 487 1432 544 Constantina
1466 488 1662 559 Hajori
1690 487 1797 541 Im-

231 578 493 646 peratori,
543 576 791 632 Heraclia
830 587 878 632 et
923 577 1123 632 Tiberio
1152 580 1422 648 Augustis,
1469 579 1670 649 Agatho
1689 580 1799 649 epi-

231 681 437 735 scapus,
458 682 635 720 servus
666 683 931 721 servorum
969 667 1082 721 Dei.
1130 666 1486 737 Subscriptio.
1530 664 1800 722 Piissima-

234 772 347 811 rum
376 756 720 811 Dominarum
756 757 1043 828 Imperium
1071 759 1241 829 gratia
1269 775 1495 829 superna
1515 759 1796 824 custodiat,

228 847 374 916 eique
421 848 655 902 omnium
714 848 946 920 gentium
990 848 1125 901 colla
1177 848 1495 903 substernat.
1547 847 1800 918 Ejusdem

228 941 372 995 modi
401 950 486 996 est
506 956 741 1012 sequens
777 943 949 998 altera
978 942 1205 1013 epistola
1233 942 1301 998 ad
1326 941 1569 999 eosdem.

297 1031 408 1087 Leo
434 1033 476 1088 ll
503 1049 632 1089 anu.
654 1032 778 1089 683.

296 1122 544 1180 Piissimo
593 1135 642 1180 et
687 1124 1116 1194 tranquillissima
1174 1126 1401 1181 Domina
1433 1166 1448 1192 ,
1518 1126 1701 1181 victori
1750 1135 1799 1179 et

222 1215 632 1285 triumphaturi,
668 1215 780 1278 lilio
810 1256 824 1280 ,
864 1215 1055 1271 dilecto
1106 1215 1202 1271 Dei
1263 1226 1312 1271 et
1357 1214 1487 1271 Iesu
1520 1214 1800 1271 salvatoris

222 1305 390 1359 nostri
427 1302 559 1359 Iesu
608 1303 850 1370 Christi,
889 1304 1231 1359 Constantina
1280 1304 1597 1375 Imperatori
1620 1345 1636 1371 ,
1696 1304 1801 1359 Leo

219 1395 514 1464 episcopus,
537 1411 714 1451 servus
758 1412 1025 1451 servorum
1066 1395 1185 1450 Dei.
1222 1395 1578 1467 Subscriptio.
1622 1394 1806 1451 Piissi-

218 1500 364 1537 mum
387 1484 602 1539 Domini
623 1484 911 1556 Imperium
934 1488 1104 1558 gratia
1128 1502 1356 1557 superna
1368 1486 1800 1553 custodiat,etc.,

214 1582 281 1628 ut
301 1589 485 1645 supra.

288 1665 658 1724 Dilectissimis
690 1670 941 1739 fratribus
972 1670 1228 1724 universis
1250 1669 1609 1725 Ecclesiarum
1656 1669 1802 1725 Prte-

1974 488 2199 543 Damina
2222 489 2655 544 excellentissimo
2684 491 2795 559 filio
2828 490 3014 562 Pipino
3039 496 3167 563 regi,
3184 494 3482 564 Stephanus

1899 595 2060 648 papa.
2090 577 2345 648 Ejusdem
2368 580 2557 635 forma:
2580 589 2663 635 est
2693 581 2974 651 inscriptio
2993 582 3220 637 alterius
3243 584 3484 654 epistola:

1900 669 1969 724 ad
1990 668 2265 740 Pipinum,
2302 669 2558 726 Carolum
2591 680 2647 726 et
2668 671 3150 737 Carolomannum,
3192 675 3293 729 nisi
3339 679 3482 745 quod

1898 757 2149 828 Pipinum
2189 768 2349 813 vocat
2389 775 2554 814 suum
2579 761 2914 833 spiritualcm
2955 773 3302 833 eotupatrem.

1969 848 2170 905 Paulus
2196 848 2218 903 Ι
2251 865 2381 903 ann.
2413 850 2536 905 757.

1973 939 2196 994 Domina
2247 940 2683 996 excellentissimo
2729 944 2867 1011 filia,
2916 955 2966 999 et
3013 957 3189 1001 nostra
3221 949 3485 1019 spirituali

1900 1034 2196 1104 compatri,
2262 1030 2455 1105 Pipino
2508 1032 2642 1104 Regi
2712 1033 3087 1104 Francorum,
3147 1050 3194 1094 et
3254 1040 3487 1095 Patricio

1903 1122 2299 1189 Romanorum,
2349 1121 2555 1178 Paulus
2604 1140 2765 1194 papa.
2815 1124 2951 1179 Alia:
2992 1140 3086 1181 sex
3139 1128 3379 1197 epistohe
3420 1130 3488 1183 ad

1900 1214 2150 1270 eumdem
2191 1218 2436 1272 eamdem
2484 1213 2780 1285 przel'erunt
2820 1215 3235 1287 inscriptionem
3266 1259 3281 1283 ,
3327 1229 3489 1289 atque

1902 1304 2065 1358 etiam
2114 1304 2583 1375 subscriptionem.
2632 1302 2960 1360 Incolumem
3000 1305 3363 1362 excellentiam
3410 1326 3489 1362 ve-

1903 1406 2066 1451 stram
2105 1397 2278 1467 gratia
2316 1412 2543 1467 superna
2575 1395 2858 1451 custodiat.

1979 1486 2134 1557 15],
2169 1485 2477 1556 Stephanus
2507 1485 2575 1541 ιιι
2603 1501 2732 1540 ann.
2771 1484 2896 1541 767.

1973 1578 2198 1634 Damna:
2242 1576 2520 1650 Religiosa:
2558 1577 2685 1647 filia:
2734 1577 3042 1647 Bertradw,
3073 1579 3184 1635 Dea
3216 1591 3442 1635 sacrata'
3472 1623 3486 1645 ,

1903 1689 1995 1727 seu
2026 1670 2230 1725 Damna
2254 1669 2368 1738 filia
2391 1669 2499 1739 regi
2542 1666 2906 1735 Francorum,
2954 1679 3005 1725 et
3044 1672 3268 1741 patricia
3294 1669 3488 1725 Roma-

213 1754 419 1812 sulibus
458 1776 552 1829 per
587 1753 901 1831 Hispaniam
928 1762 1248 1824 constitutis,
1276 1760 1400 1815 Leo.
1434 1760 1797 1832 Subscriptio.
1827 1750 1874 1809 Β
1905 1780 2092 1818 narum
2113 1803 2128 1828 ,
2197 1761 2497 1832 Stephanus
2542 1778 2700 1833 papa.
2755 1759 3115 1832 Subscriptio.
3166 1761 3488 1817 Incolumem

215 1848 359 1903 Deus
387 1866 477 1905 vos
505 1850 790 1907 incolumes
816 1853 1098 1917 custodiat,
1121 1853 1446 1908 dilectissimi
1482 1854 1691 1923 fratres.

284 1939 647 1999 Dilectissimo
688 1942 844 2011 fratri
870 1942 1132 2007 Quir-icio,
1162 1943 1286 1995 Leo.

278 2029 522 2086 Domino
546 2030 771 2101 gloriosa
805 2031 915 2101 filia
961 2031 1230 2102 Simplicia
1258 2032 1468 2097 Comiti,
1497 2032 1599 2086 Leo
1628 2050 1807 2087 servus

216 2138 500 2176 servorum
526 2121 644 2176 Dei.

276 2211 521 2266 Domina
563 2212 997 2269 excellentissimo
1030 2213 1144 2281 ﬁlia
1182 2214 1395 2285 Ervigia
1430 2256 1443 2279 ,
1490 2214 1610 2270 Leo.
1663 2217 1805 2272 Sub-

211 2300 464 2369 scriptio.
530 2299 855 2356 Incolumem
930 2301 1093 2373 150
1151 2301 1512 2357 excellentiam
1582 2315 1803 2361 vestram

212 2391 385 2459 gratia
422 2406 655 2460 superna
693 2392 972 2446 custodiat.

782 2482 1079 2540 δέεαι]ιο
1119 2484 1250 2540 Vlll.

279 2573 523 2629 Joannes
546 2574 638 2630 VII
672 2590 802 2629 ann.
830 2575 951 2631 705.

279 2666 525 2721 Dominis
549 2668 971 2724 eminentissimis
1001 2668 1247 2725 Etelreda
1272 2669 1403 2741 Regi
1431 2670 1750 2726 Merciorum
1779 2713 1794 2736 ,

214 2766 258 2809 et
293 2755 509 2826 Alfrida
555 2755 687 2828 Regi
715 2756 1001 2814 Decrarum
1027 2769 1076 2814 et
1121 2759 1509 2828 Berniciorum,
1560 2762 1796 2818 Joannes

205 2865 367 2919 μαραο

274 2941 580 3014 Gregorius
606 2941 649 2998 ll
677 2958 802 2998 ann.
838 2943 960 2998 7M.

276 3029 515 3087 Domina
551 3031 781 3103 gloriosa
844 3033 957 3103 filia
1006 3032 1198 3089 Carolo
1267 3034 1404 3089 Daci
1432 3076 1446 3099 ,
1514 3034 1794 3108 Gregorius

210 3142 370 3194 ραραο

276 3214 718 3273 Reverentissimo
758 3228 807 3273 et
831 3220 1162 3274 sanctissimo
1193 3220 1350 3290 fratri
1394 3220 1670 3290 Banifacio
1711 3239 1795 3275 co-

213 3307 472 3379 episcopo,
521 3304 806 3379 Gregorius
833 3327 1010 3367 servus
1042 3328 1311 3367 servorum
1343 3312 1457 3365 Dei.

279 3399 589 3472 Gregorius
612 3401 678 3457 ιιι
706 3418 834 3458 ann.
866 3404 993 3461 751.

280 3493 728 3550 Reverentissima
764 3506 814 3552 et
838 3499 1172 3553 sanctissima
1199 3498 1358 3569 fratri
1386 3498 1666 3569 Bonifacio
1709 3516 1801 3552 ca-

210 3585 475 3655 cpiscapo,
504 3584 576 3639 ad
599 3584 1039 3642 illuminatianem
1051 3589 1221 3659 gentis
1248 3585 1564 3651 Germanice.
1593 3588 1670 3643 vel
1698 3590 1802 3643 cir-

212 3692 543 3747 cumquaque
573 3677 630 3730 in
655 3676 842 3733 umbra
888 3680 1073 3734 martis
1117 3678 1442 3734 morantibus
1479 3679 1716 3749 gentibus
1744 3680 1800 3734 in
1832 3678 1849 3697 ί

214 3779 390 3817 errare
416 3764 719 3821 constitutis
753 3807 769 3833 ,
819 3767 885 3821 ab
929 3769 1029 3822 hac
1060 3768 1359 3841 Apastalica
1385 3770 1505 3824 sede
1551 3770 1748 3825 directo
1780 3811 1795 3836 ,

217 3853 502 3927 Gregorius
529 3874 710 3913 servus
737 3875 1005 3914 servorum
1034 3860 1151 3915 Dei.

282 3947 662 4013 Dilectissimis
693 3950 840 4006 nobis
865 3952 1113 4023 episcopis
1164 3954 1220 4007 in
1276 3952 1557 4008 Pravincia
1602 3953 1802 4025 Bajaa-

216 4042 413 4094 riarum
438 4050 491 4096 et
534 4040 855 4096 Alamannia
904 4044 1198 4099 constitutis
1252 4043 1484 4114 Wigani,
1523 4043 1750 4099 Lindoni
1782 4086 1797 4111 ,

219 4128 516 4203 Rodulpha,
551 4131 730 4188 Vinila
757 4149 848 4187 seu
872 4133 1058 4199 Addtr,
1086 4132 1366 4206 Gregorius
1393 4153 1550 4205 papa.

286 4222 517 4278 Domino
570 4222 1004 4282 excellentissima
1056 4224 1168 4293 ﬁlia
1229 4223 1421 4280 Carolo
1459 4224 1747 4296 Subregula
1781 4268 1795 4291 ,

221 4315 500 4384 Gregorius
525 4330 685 4385 papa.
726 4313 981 4383 Ejusdem
1024 4314 1168 4369 modi
1193 4323 1277 4370 est
1304 4316 1494 4370 altera.

286 4403 726 4458 Reuerentissimo
754 4413 803 4459 et
826 4404 1157 4459 sanctissima
1181 4404 1336 4473 fratri
1365 4404 1644 4474 Bonifacio
1677 4405 1800 4461 Cre-

220 4499 393 4567 gorius
417 4512 598 4551 servus
626 4512 898 4553 servorum
926 4494 1043 4551 Dei.

284 4588 584 4642 Zacharias
611 4602 737 4641 ann.
774 4585 870 4640 7M
884 4627 897 4641 .

290 4677 730 4732 Reuerentissimo
759 4686 808 4731 et
832 4678 1167 4732 sanctissimo
1196 4679 1352 4748 fratri
1379 4679 1679 4751 Banifacia,
1702 4679 1802 4735 Za-

224 4769 428 4821 charias
471 4783 656 4821 servus
699 4782 966 4827 servorum
999 4765 1117 4821 Dei.
1174 4767 1314 4822 Sunt
1351 4776 1407 4823 et
1435 4768 1553 4824 alia:
1594 4778 1800 4840 septem

225 4858 457 4928 ejusdem
489 4856 561 4911 ad
588 4856 837 4912 eumdem
862 4856 979 4927 pari
1006 4856 1373 4928 inscriptione.

292 4949 646 5005 Dilectissimo
700 4948 848 5004 nobis
905 4948 1216 5004 Burcharda
1284 4959 1477 5006 sanctae
1544 4950 1798 5006 Ecclesia:

231 5039 687 5110 ll'irtriburgensis
714 5039 978 5109 episcopo,
1012 5036 1301 5094 Zacharias
1329 5057 1485 5112 papa.

290 5128 660 5185 Dilectissimis
705 5128 854 5183 nobis
904 5127 1210 5200 Reginfn'da
1263 5129 1637 5202 Rotamagensi
1688 5133 1800 5201 epi-

225 5235 404 5287 scopa,
458 5218 599 5290 (tum
656 5220 941 5276 recensitis
996 5220 1117 5276 aliis
1170 5219 1441 5294 undecim)
1492 5232 1541 5277 et
1600 5225 1802 5278 crcteris

225 5313 600 5368 amantissimis
627 5314 944 5385 coepiscopis
970 5356 985 5380 ,
1010 5314 1321 5386 presbyteris
1348 5316 1506 5371 etiam
1526 5357 1542 5381 ,
1578 5326 1627 5371 et
1668 5317 1798 5371 Dia—

224 5403 384 5469 conis,
406 5404 716 5474 cunctisque
743 5404 1046 5459 arthadaxis
1091 5404 1429 5460 ecclesiarum
1460 5406 1555 5461 Dei
1584 5406 1800 5461 Ciericis

226 5494 559 5561 apostolicam
586 5493 888 5549 doctrinam
927 5496 1213 5549 tenentibus
1240 5536 1254 5559 ,
1302 5493 1591 5548 Zacharias
1623 5496 1799 5551 divina

221 5586 386 5651 gratia
415 5587 696 5657 pra'ditus,
743 5584 1041 5655 apostolica:
1089 5586 1227 5641 sedis
1292 5581 1561 5653 Pontifex,
1626 5604 1800 5641 servus

225 5685 389 5731 autem
422 5693 697 5735 servorum
728 5675 863 5741 Dei,
895 5677 945 5729 in
982 5675 1200 5729 Domine
1234 5674 1453 5728 salutent
1488 5675 1632 5727 dicit.

1906 1854 2296 1924 religiositatem
2322 1862 2546 1908 vestram
2572 1892 2589 1919 ,
2624 1861 2782 1924 atque
2814 1851 3178 1908 excellentiam
3201 1861 3347 1908 tuam
3369 1870 3489 1924 gra-

1905 1946 1981 1999 tia
2013 1961 2241 2014 superna
2265 1944 2546 1999 custodiat.

1978 2035 2218 2089 Dominis
2266 2033 2713 2090 excellentissimis
2759 2034 2886 2103 filiis
2934 2034 3127 2091 Carolo
3176 2046 3222 2089 et
3271 2035 3489 2088 Carolo—

1909 2142 2104 2179 manna
2130 2125 2355 2196 Regibus
2382 2123 2733 2192 Francorum,
2756 2134 2804 2180 et
2828 2122 3081 2180 Patriciis
3108 2124 3488 2185 Romanorum,

1908 2217 2205 2286 Stephanus
2230 2232 2391 2286 papa.
2425 2214 2785 2286 Subscriptio.
2811 2214 3160 2280 Incolumem,
3190 2222 3296 2269 etc.

1974 2306 2283 2361 Hadrianus
2318 2305 2498 2361 lana.
2532 2305 2658 2360 770.

1970 2394 2196 2450 Domino
2239 2393 2676 2449 excellentissima
2721 2393 2837 2463 filio
2883 2393 3076 2448 Carolo
3102 2396 3209 2465 regi
3246 2392 3481 2446 France.

1902 2502 2016 2540 rum
2037 2495 2086 2540 et
2106 2485 2600 2556 Langobardorum,
2633 2495 2788 2555 atque
2816 2481 3058 2538 Patricia
3084 2483 3442 2538 Romanorum
3465 2524 3477 2543 ,

1902 2574 2213 2629 Hadrianus
2234 2593 2393 2646 papa.
2428 2574 2788 2645 Subscriplio.
2819 2572 3167 2638 Incolumem,
3195 2584 3298 2628 etc.
3349 2578 3491 2629 Sunt

1899 2666 2020 2721 alia:
2052 2666 2311 2721 tredecim
2355 2666 2422 2721 ad
2453 2667 2706 2722 eumdem
2753 2668 2945 2722 eadem
2974 2665 3145 2721 forma
3179 2667 3489 2737 inscriptio-

1899 2758 1986 2814 nis
2018 2767 2074 2813 et
2095 2758 2527 2829 subscriptionis.

1969 2851 2172 2907 Dilecta
2234 2851 2392 2922 fratri
2453 2851 2674 2906 Tarasia
2734 2849 3065 2906 Patriarclue
3087 2890 3101 2915 ,

1897 2960 2077 2999 servus
2102 2959 2371 2999 servorum
2394 2942 2510 2997 Dei.

1969 3034 2077 3090 Leo
2106 3033 2175 3089 ιιι
2199 3048 2329 3088 ann.
2362 3032 2485 3088 795.

3176 2848 3487 2908 Iladrianus

1823 3098 1870 3162 θ’
1974 3125 2199 3180 Domino
2247 3122 2683 3179 excellentissima
2710 3123 2824 3192 [ilio
2861 3123 3163 3196 Kenulpha,
3204 3127 3310 3197 regi
3349 3125 3488 3181 Mer-

1897 3218 2098 3271 ciorum
2129 3216 2409 3286 provincia:
2448 3213 2717 3277 Samnite,
2747 3212 2852 3267 Leo
2878 3231 3036 3284 papa.
3110 3229 3132 3250 ο

1969 3309 2197 3362 Domina
2218 3307 2455 3378 piissimo
2471 3318 2517 3362 et
2538 3306 2894 3371 serenissima,
2908 3309 3091 3361 victori
3111 3326 3174 3361 ac
3195 3309 3486 3375 triumpha-

1900 3399 2024 3461 tari,
2049 3396 2185 3464 filio,
2212 3397 2439 3449 amatori
2466 3396 2559 3449 Det
2588 3411 2651 3449 ac
2683 3395 2895 3449 Domini
2920 3397 3084 3450 nostri
3113 3396 3242 3449 Iesu
3269 3396 3486 3455 Christi,

1901 3487 2095 3543 Carolo
2132 3486 2399 3556 Augusta,
2457 3485 2561 3539 Leo
2626 3486 2895 3555 cpiscopus
2921 3526 2935 3550 ,
2980 3503 3159 3540 servus
3218 3503 3488 3539 servorum

1901 3580 2022 3635 Dei.
2050 3578 2411 3648 Subscriptio.
2446 3577 2755 3633 Piissimum
2798 3576 3014 3632 Domini
3042 3575 3349 3647 Imperium,
3379 3586 3489 3632 etc.

1901 3671 2042 3727 Sunt
2069 3670 2191 3725 alia:
2217 3684 2412 3725 novem
2439 3669 2508 3724 ad
2537 3669 2792 3725 eumdem
2830 3667 3074 3740 ejusdem
3107 3670 3308 3726 formas.

1969 3759 2265 3831 Gregorius
2290 3759 2361 3816 Ν
2386 3775 2516 3816 ann.
2548 3759 2674 3816 827.

1970 3851 2345 3912 Dilectissimis
2391 3852 2646 3923 fratribus
2697 3851 2954 3907 universis
2996 3853 3344 3924 coepiscopis,
3398 3869 3486 3925 per

1900 3943 2154 4012 Galliam,
2201 3943 2573 4011 Germaniam,
2623 3942 2918 4015 Europam,
2968 3952 3018 3999 et
3075 3960 3169 4014 per
3216 3945 3484 4000 universas

1898 4037 2193 4109 provincias
2262 4036 2555 4091 constitutis
2578 4074 2594 4100 ,
2647 4030 2932 4106 Gregorius
2988 4052 3167 4091 servus
3217 4052 3482 4091 servorum

1900 4127 2018 4183 Dei.

2483 4216 2782 4273 SECULO
2818 4216 2910 4271 1X.

1972 4308 2099 4364 Post
2126 4310 2418 4378 Gregorios
2447 4318 2579 4370 tres,
2607 4308 2671 4371 ll,
2700 4306 2784 4368 Ill,
2814 4315 2870 4360 et
2908 4305 2998 4367 IV,
3038 4305 3131 4372 qui
3172 4310 3483 4357 constantes

1904 4416 2009 4454 non
2040 4400 2260 4455 luerunt
2294 4399 2350 4453 in
2381 4398 2663 4452 retinendo
2706 4414 2815 4451 uno
2851 4394 3122 4450 scribendi
3166 4393 3348 4455 modo,
3391 4395 3483 4447 sed

1903 4493 2194 4563 aliquando
2244 4493 2408 4555 hunc,
2441 4489 2732 4558 aliquando
2778 4489 2939 4543 istum
2968 4494 3330 4556 usurparunt,
3355 4501 3483 4539 con-

1906 4593 2112 4640 stanter
2149 4583 2258 4639 Leo
2293 4583 2360 4638 IV
2393 4597 2588 4635 nomen
2628 4594 2784 4634 suum
2819 4577 3149 4648 praeposuit,
3184 4576 3484 4644 Lconisqne

1904 4676 2209 4745 exemplum
2226 4679 2617 4743 consequentes
2633 4670 2923 4725 Pontiﬁces
2948 4667 3119 4723 secuti
3138 4673 3284 4721 sunt.
3304 4665 3482 4723 Semel

1906 4764 2088 4821 tamen
2113 4765 2427 4826 Formosus,
2452 4760 2618 4817 semel
2640 4760 2805 4815 etiam
2825 4757 3146 4813 Benedictus
3168 4755 3259 4813 VII
3285 4771 3478 4813 nomen

1903 4872 2061 4914 suum
2099 4853 2410 4925 subiunxit:
2443 4849 2532 4908 ille
2559 4891 2576 4917 ,
2631 4865 2753 4905 cum
2804 4850 2869 4905 ad
2918 4847 3200 4918 episcopos
3242 4845 3480 4917 Anglia),

1901 4951 2002 5005 ista
2027 4989 2042 5013 ,
2086 4964 2210 5004 cum
2235 4946 2305 5003 ad
2334 4944 2519 5001 Gallos
2539 4950 2595 4999 et
2621 4940 2918 4997 Germanos
2962 4939 3246 4994 scriberet.
3280 4935 3484 4992 Verum

1902 5052 2131 5111 utraque
2156 5038 2379 5109 epistola
2407 5053 2514 5092 non
2540 5050 2789 5106 magnam
2812 5034 2943 5089 facit
2971 5032 3132 5087 ﬁdem
3156 5048 3170 5084 :
3194 5042 3319 5083 nam
3363 5041 3483 5097 qum

1905 5132 2172 5197 Formosi,
2203 5130 2365 5202 vulgo
2393 5130 2591 5185 dicitur
2614 5127 2748 5181 vitio
2775 5141 2883 5180 non
2913 5138 3134 5188 carere;
3164 5134 3284 5191 qua:
3318 5118 3484 5175 Bene-

1905 5223 2034 5278 dicti
2063 5263 2079 5287 ,
2109 5238 2217 5276 non
2263 5220 2338 5275 ita
2374 5220 2583 5290 pridem
2605 5233 2637 5273 e
2662 5216 2884 5272 latebris
2915 5214 3117 5286 prodiit
3146 5231 3157 5266 :
3195 5219 3250 5266 et
3277 5224 3406 5264 cum
3434 5207 3485 5261 id

1907 5314 2198 5378 restituat,
2246 5312 2390 5381 quod
2457 5309 2589 5364 olim
2656 5306 3016 5378 Symmachus
3076 5298 3483 5360 constituisset,

1905 5405 2071 5458 etiam
2098 5401 2378 5472 inscriptio
2418 5399 2694 5456 Benedicti
2733 5396 3045 5469 Symmachi
3076 5387 3482 5455 inscriptionem

1909 5494 2117 5550 imitata
2151 5492 2255 5549 dici
2292 5500 2487 5563 potest.

1979 5586 2118 5651 Quin
2145 5596 2198 5641 et
2221 5595 2347 5641 tunc
2375 5584 2632 5653 temporis
2667 5583 3045 5637 abstinuerunt
3084 5567 3375 5648 Pontiﬁces
3416 5568 3483 5622 ab

1912 5678 2263 5746 appellatione
2303 5678 2510 5730 Domini
2564 5675 2940 5734 Domumque,
2977 5679 3096 5718 cum
3140 5658 3485 5715 saecularibus
