3990 6184
458 316 463 327 ’
500 318 601 373 1ἳῖ

1754 311 1846 362 AD
1885 305 2144 362 LIBRUM
2183 304 2495 361 DlURNUM

3632 307 3747 361 128

500 430 688 486 literas
724 430 936 491 darent,
967 428 1127 482 etiam
1152 424 1566 495 lmperatoribus
1605 430 1767 489 atque
1794 417 2016 487 Reginis
2048 433 2061 467 :
2093 415 2143 474 A
2161 413 2284 483 jure
2314 425 2493 486 posset
2525 433 2536 468 :
2569 418 2868 484 prtesertim
2899 431 3020 468 cum
3070 415 3137 469 ad
3182 416 3463 472 arbitrium
3507 418 3745 488 quisque

500 538 825 593 quamquam
889 520 1124 576 Joannes
1167 517 1278 573 Vlll
1325 515 1490 572 semel
1538 513 1819 584 epistolam
1872 512 1942 567 9‘2
1989 511 2064 564 ita

502 614 780 684 inscripsit
833 627 846 664 :
901 610 1262 664 Dilectissimo:
1312 607 1438 676 ﬁlia:
1482 606 1700 659 Damna:
1746 602 2066 674 Angelbertre

504 707 832 778 Imperatrici
853 746 868 771 ,
898 706 999 774 pice
1051 703 1314 757 memoriw
1346 700 1504 770 152
1542 699 1792 754 Ludovici
1830 698 2063 753 invictis-

499 800 620 852 simi
645 796 987 867 Imperatoris
1021 792 1252 862 conjugi,
1282 786 1631 845 serenissima:
1653 789 1920 859 Augustae.

566 889 680 944 lmo
728 885 978 940 Nicolaus
1041 882 1064 937 Ι
1127 883 1331 953 passim
1372 880 1721 950 praetermisit
1769 879 2063 935 solemnem

499 976 946 1047 subscriptionem
979 1014 994 1040 ,
1058 989 1165 1043 qua
1228 973 1658 1042 praedecessores
1716 970 2008 1025 utebantur
2048 1009 2062 1033 ,

497 1083 596 1123 nec
616 1067 730 1136 jam
774 1065 1100 1121 incolumem
1145 1062 1405 1119 custodiri
1430 1078 1460 1116 a
1489 1076 1720 1132 superna
1746 1061 1918 1131 gratia
1943 1075 2066 1115 eum

494 1156 818 1229 precabatur
839 1195 855 1222 ,
885 1155 973 1210 cui
1003 1152 1277 1209 scribebat
1312 1171 1325 1205 :
1353 1152 1447 1207 sed
1490 1151 1565 1206 vel
1616 1161 1852 1222 aptamus
1877 1191 1891 1215 ,
1936 1158 2064 1215 etc.,
2116 1216 2119 1217 ν

493 1245 745 1317 apposuit
772 1283 788 1312 ,
816 1243 903 1299 vel
926 1243 1053 1298 bene
1072 1241 1187 1296 vale
1214 1282 1229 1306 ,
1253 1240 1340 1296 vel
1366 1240 1510 1294 aliud
1550 1240 1745 1295 simile.
1769 1240 2067 1309 Acceptum

494 1347 678 1392 tamen
707 1351 738 1389 a
767 1333 1064 1405 majoribus
1090 1345 1296 1387 morem
1321 1330 1545 1401 epistola
1567 1330 1636 1385 56
1657 1338 1711 1386 et
1732 1332 1798 1386 67
1823 1333 2065 1387 retinuit.

494 1427 779 1484 Nicolaum
800 1425 995 1480 imitati
1025 1431 1153 1479 sunt
1179 1437 1518 1478 successores
1542 1464 1557 1488 ,
1591 1424 1695 1479 nisi
1733 1425 1874 1492 quod
1907 1423 2067 1478 Joan-

497 1533 594 1572 nes
621 1515 737 1572 Vlll
760 1524 1000 1570 veterem
1029 1528 1236 1568 morem
1278 1512 1443 1569 semel
1468 1553 1482 1578 ,
1514 1521 1611 1567 aut
1648 1514 1845 1568 iterum
1881 1515 2069 1569 obser-

495 1604 663 1660 vavit.

566 1694 862 1765 Gregorius
895 1694 986 1750 Vll
1034 1694 1240 1749 induxit
1282 1696 1335 1748 in
1365 1708 1591 1758 morem,
1634 1695 1727 1764 qui
1761 1703 1947 1764 postea
1970 1692 2069 1750 ob.

496 1787 693 1853 tinuit,
719 1795 780 1842 ut
806 1787 1034 1842 salutem
1061 1795 1118 1842 et
1143 1788 1510 1856 Apostolicam
1542 1788 1971 1843 benedictionem
2000 1789 2066 1844 iis

497 1876 863 1946 impertiretur
884 1916 900 1942 ,
931 1876 1126 1946 quibus
1151 1876 1339 1932 literas
1374 1878 1550 1932 daret.

564 1967 645 2021 Ex
671 1967 758 2022 his
795 1982 915 2036 qum
941 1968 1207 2022 hactenus
1234 1967 1396 2022 allata
1427 1975 1580 2033 sunt,
1618 1978 1844 2038 possunt
1868 1968 2070 2023 condu-

494 2057 675 2113 cibilia
722 2059 968 2128 quaedam
1014 2056 1082 2114 ad
1128 2059 1411 2115 historiam
1448 2060 1885 2115 Ecclesiasticam
1943 2076 2069 2115 con-

494 2147 657 2203 cludi.

562 2238 605 2292 Ι.
634 2237 791 2294 Circa
821 2239 949 2294 noni
976 2240 1157 2295 saeculi
1187 2240 1340 2295 initia
1379 2240 1638 2298 formulas
1661 2243 1867 2298 Diurno
1906 2242 2072 2299 Libro

494 2331 913 2400 comprehensas
938 2332 1201 2401 paulatim
1230 2333 1567 2390 desuelactas
1597 2349 1738 2390 esse.

566 2420 629 2475 ll.
659 2421 716 2476 ld
744 2437 810 2478 eo
834 2431 1078 2494 tempore
1103 2425 1425 2496 contigisse,
1464 2441 1573 2496 quo
1611 2442 1818 2498 magna:
1847 2442 2073 2484 conver-

497 2510 679 2565 siones
704 2525 884 2566 rerum
911 2511 1068 2567 facta:
1095 2515 1767 2585 sunt,expulsisqueltalia
1785 2516 2070 2584 Exarchis,

498 2611 553 2655 et
578 2617 768 2658 everso
788 2603 1270 2674 Longobardorum
1309 2621 1497 2678 regno,
1542 2622 1650 2663 non
1678 2608 1947 2666 mediocre
1982 2609 2073 2665 do-

498 2691 725 2745 minium
746 2692 1056 2762 Apostoliea
1076 2696 1231 2750 sedes
1257 2697 1512 2752 obtinuit.

570 2779 653 2834 Ill.
684 2781 799 2836 Non
830 2784 1049 2852 repente
1086 2787 1529 2842 consuetudinem
1551 2798 1793 2845 veterem
1816 2790 2072 2847 abolitam

499 2886 642 2936 esse,
673 2872 768 2927 sed
804 2873 959 2942 quasi
988 2888 1089 2945 per
1121 2883 1302 2946 partes
1328 2916 1343 2942 ,
1391 2892 1461 2933 ne
1488 2878 1781 2935 miraretur
1805 2880 1954 2937 orbis
1974 2919 1993 2947 ,
2019 2888 2075 2937 et

500 2960 682 3017 forsan
710 2964 1049 3021 reclamaret.

573 3053 660 3110 IV.
710 3055 907 3111 Mirum
946 3058 1159 3125 videri,
1206 3062 1350 3131 quod
1389 3062 1759 3122 Bernardinus
1791 3066 2076 3124 Ferrarius

503 3141 670 3198 refert
709 3143 801 3199 lib.
836 3161 874 3200 η
901 3146 970 3202 de
1005 3149 1243 3218 antiquis
1284 3149 1682 3211 Ecclesiasticis
1704 3156 1982 3225 epistolis,
2008 3158 2075 3213 de

500 3233 675 3289 salute
699 3245 755 3290 et
776 3234 1085 3307 Apostoliea
1126 3240 1505 3299 benedictione
1549 3262 1578 3299 a
1626 3248 1852 3304 summis
1896 3248 2080 3306 Ponti-

502 3323 692 3380 licibus
736 3325 793 3380 in
839 3325 1019 3383 fronte
1064 3328 1366 3387 litterarum
1421 3334 1692 3406 impertita
1740 3338 1805 3394 iis
1831 3380 1845 3404 ,
1885 3340 2079 3411 quibus

501 3413 820 3469 scriberent.
855 3434 875 3467 ι
907 3416 1059 3473 Hanc
1104 3423 1544 3478 consuetudinem
1568 3467 1583 3492 ,
1634 3427 1848 3497 inquit,
1898 3444 2080 3498 quem-

500 3505 788 3561 admodum
818 3522 849 3561 a
884 3507 1038 3564 Cleto
1072 3509 1314 3567 Romano
1355 3512 1617 3572 Pontiﬁce
1657 3518 1890 3587 primum
1933 3520 2081 3574 inve-

500 3603 642 3649 ctam
671 3596 890 3651 tradunt
916 3597 1215 3669 Polydorus
1258 3602 1512 3673 Virgilius
1550 3605 1618 3660 de
1655 3607 1864 3661 Iuvent.
1896 3624 2078 3663 rerum

502 3684 596 3738 lib.
629 3700 747 3751 vm,
775 3702 896 3756 cap.
925 3688 979 3751 2,
1006 3696 1063 3742 et
1095 3688 1370 3745 Gilbertus
1398 3691 1780 3749 Genebrardus
1826 3696 1879 3749 in
1910 3698 2080 3753 Chro—

503 3774 682 3845 nolog.
706 3776 800 3830 lib.
826 3794 910 3841 ru,
937 3779 1003 3832 ad
1030 3793 1157 3833 ann.
1179 3779 1381 3835 Christi
1408 3783 1477 3836 95
1513 3784 1567 3837 in
1589 3783 1772 3852 Cleto;
1807 3786 1883 3841 ita
1921 3789 1989 3843 ab
2013 3804 2079 3845 eo

503 3873 780 3921 mutuatos
815 3866 1051 3936 reliquos
1087 3869 1280 3925 deinde
1321 3872 1614 3929 Pontiﬁces
1647 3884 1958 3933 constanter
2000 3895 2083 3935 1⁸6-

505 3950 736 4006 tinuisse
775 3950 1096 4009 allirmant.)
1147 3955 1206 4011 Id
1236 3972 1365 4014 vero
1392 3960 1516 4029 quis
1541 3977 1646 4016 non
1674 3964 1926 4032 miretur,
1954 3982 2077 4023 cum

504 4049 634 4097 ante
682 4041 1001 4116 Gregorium
1032 4047 1139 4113 Vl],
1182 4050 1274 4119 qui
1326 4053 1524 4109 saeculo
1574 4055 1865 4112 undecimo
1894 4061 2075 4126 sedit,

505 4146 615 4189 aur
636 4134 824 4191 nullus
848 4176 864 4204 ,
894 4145 989 4192 aut
1026 4137 1115 4193 vix
1138 4139 1280 4197 ullus
1303 4157 1368 4198 ea
1407 4144 1730 4202 salutatione
1774 4150 2080 4219 reperiatur

504 4238 655 4283 usus.
699 4227 852 4284 Unde
893 4244 1024 4285 vero
1075 4233 1247 4287 asseri
1282 4234 1454 4304 possit
1486 4233 1671 4293 Cletus
1710 4236 1878 4295 fuisse
1920 4240 2078 4310 hujus

504 4319 847 4377 salutationis
876 4328 1037 4378 autor
1059 4363 1074 4389 ,
1106 4323 1286 4380 nullus
1326 4326 1440 4381 scio
1461 4367 1477 4392 ,
1505 4342 1627 4383 cum
1663 4329 1823 4385 nulla:
1849 4331 2079 4386 habean-

2166 523 2320 563 suum
2349 508 2630 576 scripsisse
2660 506 2815 577 153
2843 508 3107 572 videatur,
3130 522 3232 563 nec
3252 517 3565 565 constanter
3593 510 3743 565 idem

2165 601 2355 655 modus
2398 601 2465 655 ab
2516 600 2803 664 omnibus,
2852 600 3016 654 etiam
3065 600 3225 655 unius
3269 600 3579 672 dignitatis,
3608 612 3743 673 puta

2164 692 2546 762 Imperatoriae,
2578 691 2849 762 Augustae,
2880 699 3013 758 etc.,
3040 693 3356 748 observatus
3377 697 3698 765 reperiatur.

2233 780 2351 835 Non
2377 781 2484 836 erit
2515 790 2692 836 tamen
2734 781 2969 837 alienum
3006 784 3075 838 ab
3119 791 3450 853 .argumento
3494 784 3746 840 breviter

2166 871 2391 936 referre,
2417 871 2546 940 quid
2583 886 2748 941 super
2772 887 2837 927 ea
2880 888 2940 928 re
2985 873 3085 928 sub
3127 873 3291 928 linem
3336 876 3474 929 sexti
3530 876 3741 942 saeculi,

2165 966 2380 1035 quando
2406 965 2543 1021 sedit
2568 965 2863 1037 Gregorius
2892 965 3134 1036 Magnus,
3159 965 3387 1037 aliisque
3413 968 3623 1023 duobus
3650 984 3742 1022 sco

2165 1058 2457 1127 quentibus
2507 1057 2658 1122 totis,
2691 1072 2723 1110 a
2750 1056 3111 1126 Principibus,
3156 1055 3437 1128 Augustis,
3466 1057 3739 1123 Patritiis,

2165 1156 2295 1213 etc.,
2327 1156 2642 1217 usurpatum
2667 1147 2738 1202 sit
2765 1162 2781 1200 :
2804 1161 3130 1218 quamquam
3150 1160 3322 1215 pauca
3346 1148 3632 1203 admodum
3651 1164 3743 1203 reo

2164 1239 2466 1309 periantur,
2498 1238 2612 1293 sive
2645 1238 2699 1291 in
2731 1236 3565 1307 collectionibuspontiﬁciarum
3611 1238 3742 1293 lite-

2166 1347 2370 1397 rarum,
2412 1331 2526 1385 sive
2566 1330 2707 1400 apud
2730 1330 3019 1384 Annalium
3046 1328 3548 1388 Ecclesiasticorum
3591 1329 3737 1383 scri-

2165 1430 2350 1492 ptores
2395 1422 2639 1492 exempla
2666 1462 2680 1486 ,
2721 1421 2936 1475 aliunde
2991 1434 3123 1475 vero
3160 1418 3428 1474 curiosius
3460 1418 3741 1488 inquirere

2166 1530 2343 1586 opera:
2378 1515 2613 1584 pretium
2639 1528 2743 1568 non
2766 1521 2868 1567 est.

2235 1606 2531 1675 Imperator
2557 1605 2624 1659 ad
2652 1618 2921 1658 summum
2934 1600 3271 1667 Pontilicem,
3296 1615 3424 1655 ann.
3457 1596 3737 1654 682.1%:-

2170 1699 2280 1751 t'ius
2309 1695 2685 1750 Constantinus
2715 1691 2885 1763 fidelis
2910 1693 2967 1747 in
2989 1690 3119 1747 Iesu
3148 1688 3363 1768 Christg
3377 1690 3487 1744 Deo
3502 1688 3741 1760 Impera-

2170 1798 2253 1841 tor
2274 1787 2456 1852 Leoni,
2498 1786 2823 1840 sanctissimo
2875 1794 2923 1838 et
2990 1782 3287 1838 beatissimo
3339 1780 3738 1851 Archiepiscopo

2170 1880 2349 1935 veteris
2379 1890 2425 1933 et
2448 1878 2756 1933 clarissima:
2786 1877 2931 1931 urbis
2957 1874 3156 1940 Romw,
3187 1883 3235 1929 et
3276 1873 3588 1929 wcumenico
3627 1867 3739 1925 Pa-

2166 1988 2265 2042 par.
2302 1970 2641 2040 Subscriptio
2679 1967 2909 2039 piissimi
2959 1964 3302 2036 imperatoris
3344 1962 3531 2018 :Deus
3578 1972 3628 2016 te
3678 1963 3737 2015 in

2166 2062 2336 2118 multa
2377 2072 2609 2134 tempora
2653 2060 2932 2125 custodiat,
2978 2058 3303 2113 sanctissime
3350 2065 3396 2109 et
3446 2054 3738 2108 beatissime

2168 2152 2351 2208 Pater.

2237 2243 2379 2298 Ann.
2409 2242 2533 2298 687.
2570 2241 2864 2312 Imperator
2912 2238 3093 2293 Cwsar
3134 2235 3352 2291 Flavius
3402 2235 3741 2288 Justinianus

2168 2338 2341 2406 ﬁdelis
2370 2340 2423 2392 in
2449 2336 2579 2391 Jesu
2602 2335 2827 2400 Christo,
2857 2331 3128 2403 paciﬁcus,
3160 2330 3296 2400 pius,
3326 2336 3598 2399 perpetuus
3628 2328 3740 2379 Au-

2169 2437 2389 2500 gustus,
2445 2427 2643 2483 Joanni
2692 2424 3022 2480 sanctissimo
3072 2438 3134 2475 ac
3188 2418 3480 2475 beatissimo
3510 2418 3759 2486 antiques

2171 2519 2326 2575 alma:
2359 2519 2504 2573 urbis
2552 2517 2730 2572 Roma:
2751 2526 2903 2587 atque
2957 2514 3235 2570 universali
3284 2509 3468 2583 Paper.
3508 2510 3576 2565 Et
3616 2509 3739 2564 diva

2171 2627 2336 2667 manu
2367 2628 2379 2663 :
2411 2608 2674 2663 Divinitas
2702 2617 2751 2662 te
2772 2619 2933 2662 servet
2954 2622 3045 2677 per
3057 2604 3446 2669 multosannos,
3471 2601 3737 2656 sanctissi-

2171 2720 2253 2758 me
2286 2719 2348 2757 ac
2382 2700 2673 2756 beatissime
2692 2697 2873 2753 Pater.

2241 2790 2599 2848 (Ecumenica
2623 2787 2870 2859 Synodus
2899 2805 2911 2840 :
2939 2785 3187 2841 Sanctum
3210 2795 3257 2839 et
3295 2783 3584 2840 universale
3604 2781 3745 2837 Cen-

2174 2883 2375 2950 cilium,
2397 2881 2537 2954 quod
2569 2897 2661 2952 per
2702 2880 2800 2934 Dei
2855 2878 3097 2949 gratiam,
3147 2886 3195 2931 et
3235 2877 3375 2946 piam
3422 2875 3742 2929 sanctionem

2172 2976 2393 3049 piissimi
2432 2993 2492 3030 ac
2523 2972 2818 3044 ﬁdelissimi
2839 2971 3011 3043 magni
3041 2968 3380 3040 Imperatoris
3414 2965 3742 3021 Constantini

2177 3075 2545 3137 congregatum
2581 3072 2678 3130 est,
2719 3064 2775 3117 in
2812 3063 2910 3115 hac
2935 3079 2967 3115 a
3013 3059 3123 3114 Deo
3147 3057 3503 3114 conservanda
3527 3065 3575 3110 et
3602 3057 3745 3125 regia

2180 3152 2632 3223 Constantinopoli
2670 3168 2799 3206 nova
2845 3149 3031 3215 Roma,
3061 3151 3116 3204 in
3158 3159 3353 3203 secreto
3382 3148 3518 3202 sacri
3558 3145 3759 3217 palatii‘

2180 3244 2318 3299 dicto
2341 3242 2537 3307 Trulla,
2576 3241 2903 3297 sanctissimo
2943 3257 3004 3294 ac
3031 3239 3325 3293 beatissimo
3344 3235 3506 3309 Papa:
3526 3238 3746 3291 senioris

2181 3336 2363 3392 Romae
2392 3334 2654 3406 Agathoni
2680 3335 2734 3387 in
2754 3333 2978 3386 Domino
3008 3330 3249 3385 salutem.

2250 3429 2500 3500 Synodus
2520 3426 2776 3481 Africana
2805 3422 3125 3478 universalis
3157 3423 3223 3477 ad
3253 3437 3521 3477 summum
3548 3419 3746 3475 Ponti-

2180 3520 2337 3575 licem
2371 3537 2383 3572 :
2417 3518 2643 3571 Domino
2678 3515 2997 3580 beatissimo,
3026 3511 3321 3584 Apostoliea
3356 3511 3582 3565 culmine
3620 3511 3745 3564 sub-

2179 3612 2381 3673 limato,
2428 3608 2575 3661 Patri
2616 3605 2840 3660 Patrum
2893 3604 3164 3658 Theodoro
3215 3601 3398 3672 Papa',
3448 3611 3495 3654 et
3542 3617 3747 3655 summo

2179 3702 2410 3756 omnium
2438 3697 2733 3753 Prazsulum
2768 3697 3030 3767 Pontifici.
3079 3694 3361 3750 Columbus
3398 3694 3580 3764 prima:
3610 3693 3747 3746 sedis

2178 3791 2469 3862 Episcopus
2495 3789 2728 3845 'Concilii
2784 3788 3072 3852 Numidia,
3124 3799 3172 3841 et
3231 3784 3523 3856 Stephanus
3565 3783 3751 3854 prima!

2178 3882 2315 3937 sedis
2342 3880 2631 3953 Episcopus
2668 3877 2890 3933 Concilii
2918 3877 3201 3948 Byzaccni,
3230 3886 3275 3929 et
3302 3875 3594 3944 Reparatus
3626 3871 3753 3942 Epi-

2178 3990 2363 4044 scopus
2396 3973 2579 4043 prima:
2601 3969 2738 4024 sedis
2777 3968 2998 4024 Concilii
3029 3966 3388 4028 Mauritania},
3430 3975 3477 4018 et
3522 3964 3753 4017 universi

2179 4065 2425 4137 Episcopi
2455 4063 2521 4119 de
2550 4063 2716 4117 tribus
2749 4059 2996 4116 Conciliis
3028 4059 3306 4114 antedictis
3328 4057 3592 4127 Africana:
3616 4054 3757 4109 Pro-

2179 4155 2381 4211 vincite.

2248 4244 2567 4300 Patriarcha
2586 4243 2652 4297 ad
2676 4257 2945 4297 summum
2973 4239 3291 4296 Pontiﬁcem
3311 4254 3437 4294 ann.
3456 4237 3559 4291 7l‘2
3583 4254 3596 4288 :
3616 4234 3755 4290 San-

2180 4338 2413 4391 ctissimo
2452 4346 2501 4389 et
2535 4334 2833 4389 beatissimo
2859 4332 3014 4403 fratri
3035 4341 3085 4387 et
3121 4330 3497 4394 comministro,
3528 4327 3756 4380 Domino

504 4418 595 4466 tur
620 4411 787 4483 ipsius
811 4412 1051 4484 epistola:
1074 4453 1091 4480 ,
1137 4429 1313 4486 neque
1347 4418 1641 4488 scriptores
1668 4418 1935 4492 Polydoro
1962 4421 2080 4476 Vir—
2102 4436 2155 4495 1)
2180 4424 2542 4491 Constantino,
2573 4424 2806 4479 Joannes
2829 4423 3073 4493 indignus
3094 4423 3382 4494 Episcopus
3417 4421 3474 4473 in
3529 4417 3755 4471 Domino

502 4503 634 4573 gilio
655 4502 1111 4576 Geuebrardoque
1137 4506 1387 4577 majores,
1404 4510 1748 4568 monimentis
1773 4513 2074 4567 litterarum

504 4595 609 4650 bac
646 4595 799 4651 de're
819 4597 1113 4669 quidquam
1160 4599 1502 4655 tradiderint.
1547 4600 1701 4668 Quod
1732 4603 1820 4658 ille
1847 4604 2079 4658 salutem

503 4696 759 4756 precatus
782 4689 892 4755 sit,
923 4689 1265 4761 gratiamque
1290 4692 1389 4747 Dei
1418 4707 1568 4748 more
1591 4692 1972 4763 Apostolorum
1991 4694 2077 4760 iis,

506 4778 573 4831 ad
599 4792 737 4846 quos
767 4780 1065 4845 scriberet,
1095 4780 1383 4835 admodum
1427 4783 1687 4837 credibile
1730 4792 1834 4839 est.
1880 4783 2081 4839 Verum

507 4879 615 4919 non
646 4866 713 4920 de
737 4866 930 4931 salute,
949 4869 1044 4923 sed
1067 4869 1133 4923 de
1152 4869 1461 4938 Apostoliea
1486 4872 1861 4928 benedictione
1879 4876 2079 4945 agitur,

507 4970 674 5026 quam
733 4969 795 5012 se
840 4956 1108 5027 impertiri
1164 4958 1343 5014 nullus
1403 4959 1690 5028 Apostolus
1734 4964 1848 5020 suis
1889 4965 2084 5022 litteris

508 5044 767 5118 przelatus
789 5056 895 5104 est.

578 5137 700 5193 Erit
721 5136 861 5194 forte
885 5139 978 5209 qui
1001 5146 1172 5211 optet,
1219 5149 1280 5196 ut
1315 5149 1599 5213 postquam
1643 5148 1951 5216 expositum
1975 5155 2082 5212 est,

508 5247 618 5303 qua
661 5229 836 5288 forma
867 5231 1118 5291 Pontifex
1146 5234 1469 5293 inscriberet
1506 5235 1981 5312 subscriberetque
2018 5242 2084 5296 li-

510 5336 680 5393 teras,
709 5340 849 5398 quas
878 5325 1000 5381 aliis
1023 5326 1210 5394 daret,
1240 5328 1618 5385 ostenderetur
1643 5330 1899 5403 deinceps
1920 5371 1935 5398 ,
1968 5348 2089 5403 quae

510 5420 686 5477 forma
726 5417 1100 5489 inscriptionis
1141 5430 1323 5486 esset,
1364 5436 1486 5491 quae
1511 5422 1927 5494 subscriptionis
1966 5422 2090 5477 lite-

513 5526 715 5579 rarum,
745 5526 882 5583 quas
910 5512 979 5567 ab
1019 5512 1139 5569 aliis
1181 5514 1469 5584 acciperet.
1501 5516 1698 5571 Verum
1744 5518 1795 5572 id
1834 5517 2087 5587 quoniam

511 5619 619 5660 non
644 5607 880 5683 pertinet
904 5608 970 5662 ad
994 5606 1252 5661 Diurnum
1274 5607 1517 5673 Librum,
1535 5608 1587 5662 in
1609 5624 1716 5679 quo
1739 5626 1857 5679 quae
1882 5611 2086 5681 agenda

519 5696 759 5753 Pontiﬁci
802 5699 1223 5768 pratscrihuntur
1247 5739 1262 5763 ,
1314 5713 1417 5754 non
1455 5715 1571 5770 quur
1605 5701 1670 5754 ab
1711 5700 1869 5765 aliis,
1914 5702 2087 5755 omitti

2177 4516 2421 4573 salutem.
2448 4515 2808 4584 Subscriptio.
2834 4513 3013 4569 Fortis
3039 4516 3095 4569 in
3116 4514 3340 4568 Domino
3354 4527 3448 4565 ora
3469 4525 3563 4580 pro
3581 4507 3751 4572 nobis,

2178 4606 2504 4662 sanctissime
2529 4613 2576 4659 et
2610 4605 2907 4659 beatissime
2930 4605 3116 4674 frater.

2249 4697 2463 4751 Primas
2485 4694 2681 4751 Africa:
2709 4697 2779 4750 ad
2820 4709 3089 4750 summum
3126 4691 3443 4750 Pontiﬁeem
3477 4706 3490 4742 :
3529 4688 3756 4741 Domino

2182 4787 2479 4842 beatissimo
2497 4796 2546 4841 et
2570 4785 2865 4841 honorabili
2886 4794 3065 4839 sancto
3086 4782 3243 4854 fratri
3271 4781 3541 4836 Theodoro
3567 4776 3757 4847 Paper,

2195 4877 2384 4933 Victor.

2251 4968 2552 5039 Episcopus
2599 4968 2666 5023 ad
2712 4984 2983 5024 summum
3043 4966 3397 5028 Pontiﬁcem,
3446 4976 3573 5016 ann.
3630 4958 3757 5014 741.

2182 5059 2407 5116 Domino
2429 5060 2722 5125 carissimo,
2750 5061 2941 5113 summi
2962 5057 3311 5125 Pontiﬁcatus
3331 5052 3502 5124 infula
3513 5049 3762 5123 pra’dito,

2186 5150 2294 5204 viro
2315 5148 2635 5220 Apostoliea,
2656 5146 2955 5208 Zachariw.
2972 5145 3284 5216 Bonifacius
3302 5159 3481 5200 servus
3494 5155 3767 5196 servorum

2188 5240 2304 5294 Dei.
3270 5264 3277 5271 -
3569 5285 3582 5293 .

2258 5332 2685 5390 Reuerentissimo
2728 5332 2907 5398 Patri,
2958 5330 3296 5386 dilectissimo
3348 5325 3594 5388 Domino,
3643 5338 3771 5375 cum

2190 5429 2374 5482 timore
2401 5436 2447 5481 et
2469 5436 2692 5480 tremore
2714 5423 3004 5480 venerando
3040 5422 3317 5492 Magistro,
3359 5412 3643 5487 Apostolici
3671 5412 3776 5465 ho-

2194 5519 2332 5572 noris
2357 5516 2624 5586 privilegio
2644 5516 2886 5587 prwdito,
2923 5512 3267 5583 Ponti/iratus
3304 5507 3476 5579 infula
3506 5501 3777 5576 Apostoli-

2194 5627 2266 5663 (te
2322 5609 2458 5663 sedis
2513 5609 2791 5663 sublimato
2843 5606 3138 5668 Zacharia’,
3192 5601 3499 5664 Bonifacius
3547 5596 3779 5667 exiguus

2193 5719 2366 5755 scrrns
2386 5700 2541 5770 15h
2556 5711 2734 5763 restcr,
2758 5702 2872 5753 licet
2896 5698 3136 5766 indignus
3152 5708 3198 5750 et
3225 5699 3459 5759 ultimus,
3478 5700 3649 5744 tamen
3676 5686 3785 5741 Lee
