  <div class='ocr_page' id='page_1' title='image "/cluster/home/n/w/nwhite01/storage/ocr_20150623/105/hvd.32044054759709/070.png"; bbox 0 0 3990 6184; ppageno 0'>
   <div class='ocr_carea' id='block_1_1' title="bbox 248 294 340 347">
    <p class='ocr_par' dir='ltr' id='par_1_1' title="bbox 248 294 340 347">
     <span class='ocr_line' id='line_1_1' title="bbox 248 294 340 347; baseline 0.022 -2"><span class='ocrx_word' id='word_1_1' title='bbox 248 294 340 347; x_wconf 63' lang='grc' dir='ltr'><strong>ιὶθ</strong></span> 
     </span>
    </p>
   </div>
   <div class='ocr_carea' id='block_1_2' title="bbox 1194 292 2500 349">
    <p class='ocr_par' dir='ltr' id='par_1_2' title="bbox 1194 292 2500 349">
     <span class='ocr_line' id='line_1_2' title="bbox 1194 292 2500 349; baseline 0 -2"><span class='ocrx_word' id='word_1_2' title='bbox 1194 293 1802 348; x_wconf 72' lang='lat' dir='ltr'><strong>DISSERTA&#39;IIONES.</strong></span> <span class='ocrx_word' id='word_1_3' title='bbox 1846 325 1905 331; x_wconf 60' lang='grc' dir='ltr'><strong><em>υ</em></strong></span> <span class='ocrx_word' id='word_1_4' title='bbox 1954 292 2404 349; x_wconf 77' lang='lat' dir='ltr'><strong>DISSERT.\TIO</strong></span> <span class='ocrx_word' id='word_1_5' title='bbox 2438 295 2500 348; x_wconf 88' lang='grc'><strong>11.</strong></span> 
     </span>
    </p>
   </div>
   <div class='ocr_carea' id='block_1_3' title="bbox 3378 302 3476 357">
    <p class='ocr_par' dir='ltr' id='par_1_3' title="bbox 3378 302 3476 357">
     <span class='ocr_line' id='line_1_3' title="bbox 3378 302 3476 357; baseline 0.041 -3"><span class='ocrx_word' id='word_1_6' title='bbox 3378 302 3476 357; x_wconf 75' lang='grc'><strong>150</strong></span> 
     </span>
    </p>
   </div>
   <div class='ocr_carea' id='block_1_4' title="bbox 252 399 3471 474">
    <p class='ocr_par' dir='ltr' id='par_1_4' title="bbox 252 399 3471 474">
     <span class='ocr_line' id='line_1_4' title="bbox 252 399 3471 474; baseline 0.002 -20"><span class='ocrx_word' id='word_1_7' title='bbox 252 415 395 472; x_wconf 73' lang='lat' dir='ltr'><strong>gntus</strong></span> <span class='ocrx_word' id='word_1_8' title='bbox 422 399 759 454; x_wconf 61' lang='lat' dir='ltr'><strong>Germanicus</strong></span> <span class='ocrx_word' id='word_1_9' title='bbox 789 402 1166 466; x_wconf 78' lang='lat' dir='ltr'><strong>derutissimns,</strong></span> <span class='ocrx_word' id='word_1_10' title='bbox 1198 403 1474 472; x_wconf 82' lang='lat' dir='ltr'><strong>optabilem</strong></span> <span class='ocrx_word' id='word_1_11' title='bbox 1514 406 1566 456; x_wconf 86' lang='lat' dir='ltr'><strong>in</strong></span> <span class='ocrx_word' id='word_1_12' title='bbox 1596 403 1802 456; x_wconf 76' lang='lat' dir='ltr'><strong>Christo</strong></span> <span class='ocrx_word' id='word_1_13' title='bbox 1836 408 1877 463; x_wconf 61' lang='grc' dir='ltr'><strong>Α</strong></span> <span class='ocrx_word' id='word_1_14' title='bbox 1976 401 2243 455; x_wconf 74' lang='lat' dir='ltr'><strong>Incertum</strong></span> <span class='ocrx_word' id='word_1_15' title='bbox 2279 413 2361 456; x_wconf 83' lang='lat' dir='ltr'><strong>est</strong></span> <span class='ocrx_word' id='word_1_16' title='bbox 2382 419 2449 456; x_wconf 89' lang='lat' dir='ltr'><strong>an</strong></span> <span class='ocrx_word' id='word_1_17' title='bbox 2476 402 2895 457; x_wconf 78' lang='lat' dir='ltr'><strong>Clialccdouensi</strong></span> <span class='ocrx_word' id='word_1_18' title='bbox 2926 403 3196 472; x_wconf 68' lang='lat' dir='ltr'><strong>prmiverit</strong></span> <span class='ocrx_word' id='word_1_19' title='bbox 3244 406 3471 474; x_wconf 69' lang='lat' dir='ltr'><strong>Ephesi-</strong></span> 
     </span>
    </p>
   </div>
   <div class='ocr_carea' id='block_1_5' title="bbox 254 491 1251 546">
    <p class='ocr_par' dir='ltr' id='par_1_5' title="bbox 254 491 1251 546">
     <span class='ocr_line' id='line_1_5' title="bbox 254 491 1251 546; baseline -0.002 -1"><span class='ocrx_word' id='word_1_20' title='bbox 254 492 683 546; x_wconf 82' lang='lat' dir='ltr'><strong>imntarccscibilis</strong></span> <span class='ocrx_word' id='word_1_21' title='bbox 720 492 953 545; x_wconf 81' lang='lat' dir='ltr'><strong>caritatis</strong></span> <span class='ocrx_word' id='word_1_22' title='bbox 981 491 1221 545; x_wconf 87' lang='lat' dir='ltr'><strong>salutem.</strong></span> <span class='ocrx_word' id='word_1_23' title='bbox 1246 524 1251 529; x_wconf 64' lang='grc' dir='ltr'><strong><em>η</em></strong></span> 
     </span>
    </p>
   </div>
   <div class='ocr_carea' id='block_1_6' title="bbox 313 584 1802 658">
    <p class='ocr_par' dir='ltr' id='par_1_6' title="bbox 313 584 1802 658">
     <span class='ocr_line' id='line_1_6' title="bbox 313 584 1802 658; baseline -0.001 -16"><span class='ocrx_word' id='word_1_24' title='bbox 313 587 542 642; x_wconf 85' lang='lat' dir='ltr'><strong>Observa</strong></span> <span class='ocrx_word' id='word_1_25' title='bbox 568 584 605 639; x_wconf 94' lang='lat' dir='ltr'><strong>I.</strong></span> <span class='ocrx_word' id='word_1_26' title='bbox 641 586 1053 640; x_wconf 88' lang='lat' dir='ltr'><strong>Constantinum</strong></span> <span class='ocrx_word' id='word_1_27' title='bbox 1091 586 1423 658; x_wconf 84' lang='lat' dir='ltr'><strong>Pogonatum</strong></span> <span class='ocrx_word' id='word_1_28' title='bbox 1450 596 1505 641; x_wconf 90' lang='lat' dir='ltr'><strong>et</strong></span> <span class='ocrx_word' id='word_1_29' title='bbox 1542 586 1802 640; x_wconf 91' lang='lat' dir='ltr'><strong>Justinia-</strong></span> 
     </span>
    </p>
   </div>
   <div class='ocr_carea' id='block_1_7' title="bbox 252 675 1806 733">
    <p class='ocr_par' dir='ltr' id='par_1_7' title="bbox 252 675 1806 733">
     <span class='ocr_line' id='line_1_7' title="bbox 252 675 1806 733; baseline 0.003 -5"><span class='ocrx_word' id='word_1_30' title='bbox 252 692 371 729; x_wconf 89' lang='lat' dir='ltr'><strong>num</strong></span> <span class='ocrx_word' id='word_1_31' title='bbox 415 675 453 731; x_wconf 92' lang='lat' dir='ltr'><strong>ll</strong></span> <span class='ocrx_word' id='word_1_32' title='bbox 491 691 689 730; x_wconf 88' lang='lat' dir='ltr'><strong>nomen</strong></span> <span class='ocrx_word' id='word_1_33' title='bbox 747 692 902 730; x_wconf 89' lang='lat' dir='ltr'><strong>suum</strong></span> <span class='ocrx_word' id='word_1_34' title='bbox 950 677 1153 731; x_wconf 94' lang='lat' dir='ltr'><strong>nomini</strong></span> <span class='ocrx_word' id='word_1_35' title='bbox 1205 676 1401 731; x_wconf 81' lang='lat' dir='ltr'><strong>Leonis</strong></span> <span class='ocrx_word' id='word_1_36' title='bbox 1435 678 1476 731; x_wconf 91' lang='lat' dir='ltr'><strong>ll</strong></span> <span class='ocrx_word' id='word_1_37' title='bbox 1526 677 1806 733; x_wconf 81' lang='lat' dir='ltr'><strong>Pontiﬁcis</strong></span> 
     </span>
    </p>
   </div>
   <div class='ocr_carea' id='block_1_8' title="bbox 248 767 1802 836">
    <p class='ocr_par' dir='ltr' id='par_1_8' title="bbox 248 767 1802 836">
     <span class='ocr_line' id='line_1_8' title="bbox 248 767 1802 836; baseline 0.002 -16"><span class='ocrx_word' id='word_1_38' title='bbox 248 781 574 836; x_wconf 66' lang='lat' dir='ltr'><strong>praeponere,</strong></span> <span class='ocrx_word' id='word_1_39' title='bbox 596 781 697 821; x_wconf 89' lang='lat' dir='ltr'><strong>nec</strong></span> <span class='ocrx_word' id='word_1_40' title='bbox 718 774 936 821; x_wconf 85' lang='lat' dir='ltr'><strong>secutos</strong></span> <span class='ocrx_word' id='word_1_41' title='bbox 975 767 1232 822; x_wconf 79' lang='lat' dir='ltr'><strong>Marciani</strong></span> <span class='ocrx_word' id='word_1_42' title='bbox 1259 768 1312 822; x_wconf 91' lang='lat' dir='ltr'><strong>in</strong></span> <span class='ocrx_word' id='word_1_43' title='bbox 1344 769 1540 824; x_wconf 74' lang='lat' dir='ltr'><strong>litteris</strong></span> <span class='ocrx_word' id='word_1_44' title='bbox 1570 770 1637 823; x_wconf 92' lang='lat' dir='ltr'><strong>ad</strong></span> <span class='ocrx_word' id='word_1_45' title='bbox 1666 769 1802 823; x_wconf 81' lang='lat' dir='ltr'><strong>Leo-</strong></span> 
     </span>
    </p>
   </div>
   <div class='ocr_carea' id='block_1_9' title="bbox 252 858 1803 930">
    <p class='ocr_par' dir='ltr' id='par_1_9' title="bbox 252 858 1803 930">
     <span class='ocr_line' id='line_1_9' title="bbox 252 858 1803 930; baseline 0 -17"><span class='ocrx_word' id='word_1_46' title='bbox 252 877 368 914; x_wconf 87' lang='lat' dir='ltr'><strong>nem</strong></span> <span class='ocrx_word' id='word_1_47' title='bbox 419 862 435 914; x_wconf 95' lang='grc' dir='ltr'><strong>Ι</strong></span> <span class='ocrx_word' id='word_1_48' title='bbox 484 860 786 930; x_wconf 75' lang='lat' dir='ltr'><strong>exemplum</strong></span> <span class='ocrx_word' id='word_1_49' title='bbox 831 860 1036 915; x_wconf 87' lang='lat' dir='ltr'><strong>:Leoni</strong></span> <span class='ocrx_word' id='word_1_50' title='bbox 1083 860 1508 915; x_wconf 81' lang='lat' dir='ltr'><strong>reverendissimo</strong></span> <span class='ocrx_word' id='word_1_51' title='bbox 1549 858 1803 930; x_wconf 74' lang='lat' dir='ltr'><strong>Episcopo</strong></span> 
     </span>
    </p>
   </div>
   <div class='ocr_carea' id='block_1_10' title="bbox 247 949 1805 1020">
    <p class='ocr_par' dir='ltr' id='par_1_10' title="bbox 247 949 1805 1020">
     <span class='ocr_line' id='line_1_10' title="bbox 247 949 1805 1020; baseline 0.001 -17"><span class='ocrx_word' id='word_1_52' title='bbox 247 949 490 1004; x_wconf 69' lang='lat' dir='ltr'><strong>It&#39;cclesite</strong></span> <span class='ocrx_word' id='word_1_53' title='bbox 518 950 759 1020; x_wconf 67' lang='lat' dir='ltr'><strong>gloriosa</strong></span> <span class='ocrx_word' id='word_1_54' title='bbox 776 952 998 1005; x_wconf 68' lang='lat' dir='ltr'><strong>civitatis</strong></span> <span class='ocrx_word' id='word_1_55' title='bbox 1013 950 1211 1015; x_wconf 67' lang='lat' dir='ltr'><strong>Ranae,</strong></span> <span class='ocrx_word' id='word_1_56' title='bbox 1230 950 1568 1013; x_wconf 70' lang='lat' dir='ltr'><strong>Marcianus;</strong></span> <span class='ocrx_word' id='word_1_57' title='bbox 1590 958 1805 1005; x_wconf 85' lang='lat' dir='ltr'><strong>secutos</strong></span> 
     </span>
    </p>
   </div>
   <div class='ocr_carea' id='block_1_11' title="bbox 245 1037 1803 1095">
    <p class='ocr_par' dir='ltr' id='par_1_11' title="bbox 245 1037 1803 1095">
     <span class='ocr_line' id='line_1_11' title="bbox 245 1037 1803 1095; baseline 0.001 -4"><span class='ocrx_word' id='word_1_58' title='bbox 245 1049 419 1094; x_wconf 89' lang='lat' dir='ltr'><strong>tamen</strong></span> <span class='ocrx_word' id='word_1_59' title='bbox 447 1038 675 1094; x_wconf 88' lang='lat' dir='ltr'><strong>formam</strong></span> <span class='ocrx_word' id='word_1_60' title='bbox 698 1039 895 1094; x_wconf 85' lang='lat' dir='ltr'><strong>Justini</strong></span> <span class='ocrx_word' id='word_1_61' title='bbox 932 1049 986 1095; x_wconf 88' lang='lat' dir='ltr'><strong>et</strong></span> <span class='ocrx_word' id='word_1_62' title='bbox 1015 1037 1303 1095; x_wconf 86' lang='lat' dir='ltr'><strong>Justiniani</strong></span> <span class='ocrx_word' id='word_1_63' title='bbox 1335 1039 1373 1093; x_wconf 86' lang='grc' dir='ltr'><strong>Ι.</strong></span> <span class='ocrx_word' id='word_1_64' title='bbox 1407 1038 1498 1092; x_wconf 89' lang='lat' dir='ltr'><strong>llle</strong></span> <span class='ocrx_word' id='word_1_65' title='bbox 1540 1039 1683 1093; x_wconf 90' lang='lat' dir='ltr'><strong>enim</strong></span> <span class='ocrx_word' id='word_1_66' title='bbox 1736 1038 1803 1092; x_wconf 90' lang='lat' dir='ltr'><strong>ad</strong></span> 
     </span>
    </p>
   </div>
   <div class='ocr_carea' id='block_1_12' title="bbox 241 1128 1802 1207">
    <p class='ocr_par' dir='ltr' id='par_1_12' title="bbox 241 1128 1802 1207">
     <span class='ocr_line' id='line_1_12' title="bbox 241 1128 1802 1207; baseline -0.001 -25"><span class='ocrx_word' id='word_1_67' title='bbox 241 1129 620 1184; x_wconf 79' lang='lat' dir='ltr'><strong>Hormisdam:</strong></span> <span class='ocrx_word' id='word_1_68' title='bbox 679 1128 855 1183; x_wconf 89' lang='lat' dir='ltr'><strong>Victor</strong></span> <span class='ocrx_word' id='word_1_69' title='bbox 880 1129 1142 1207; x_wconf 69' lang='lat' dir='ltr'><strong>Justinus,</strong></span> <span class='ocrx_word' id='word_1_70' title='bbox 1176 1130 1315 1199; x_wconf 83' lang='lat' dir='ltr'><strong>pius,</strong></span> <span class='ocrx_word' id='word_1_71' title='bbox 1364 1129 1508 1198; x_wconf 72' lang='lat' dir='ltr'><strong>felix,</strong></span> <span class='ocrx_word' id='word_1_72' title='bbox 1557 1128 1802 1197; x_wconf 74' lang='lat' dir='ltr'><strong>inclytus,</strong></span> 
     </span>
    </p>
   </div>
   <div class='ocr_carea' id='block_1_13' title="bbox 237 1216 1803 1288">
    <p class='ocr_par' dir='ltr' id='par_1_13' title="bbox 237 1216 1803 1288">
     <span class='ocr_line' id='line_1_13' title="bbox 237 1216 1803 1288; baseline -0.001 -18"><span class='ocrx_word' id='word_1_73' title='bbox 237 1218 604 1287; x_wconf 74' lang='lat' dir='ltr'><strong>triumphator,</strong></span> <span class='ocrx_word' id='word_1_74' title='bbox 642 1234 842 1287; x_wconf 91' lang='lat' dir='ltr'><strong>semper</strong></span> <span class='ocrx_word' id='word_1_75' title='bbox 856 1217 1141 1288; x_wconf 82' lang='lat' dir='ltr'><strong>Angustus,</strong></span> <span class='ocrx_word' id='word_1_76' title='bbox 1161 1216 1459 1271; x_wconf 76' lang='lat' dir='ltr'><strong>Ilormisdw</strong></span> <span class='ocrx_word' id='word_1_77' title='bbox 1477 1216 1803 1271; x_wconf 80' lang='lat' dir='ltr'><strong>sanctissimo</strong></span> 
     </span>
    </p>
   </div>
   <div class='ocr_carea' id='block_1_14' title="bbox 236 1303 1803 1376">
    <p class='ocr_par' dir='ltr' id='par_1_14' title="bbox 236 1303 1803 1376">
     <span class='ocr_line' id='line_1_14' title="bbox 236 1303 1803 1376; baseline 0 -18"><span class='ocrx_word' id='word_1_78' title='bbox 236 1324 296 1359; x_wconf 83' lang='lat' dir='ltr'><strong>ac</strong></span> <span class='ocrx_word' id='word_1_79' title='bbox 323 1306 622 1360; x_wconf 65' lang='lat' dir='ltr'><strong>(tenuissimo</strong></span> <span class='ocrx_word' id='word_1_80' title='bbox 648 1306 1041 1376; x_wconf 81' lang='lat' dir='ltr'><strong>Archicpiscopo</strong></span> <span class='ocrx_word' id='word_1_81' title='bbox 1063 1305 1219 1359; x_wconf 76' lang='lat' dir='ltr'><strong>alma:</strong></span> <span class='ocrx_word' id='word_1_82' title='bbox 1241 1306 1383 1360; x_wconf 87' lang='lat' dir='ltr'><strong>urbis</strong></span> <span class='ocrx_word' id='word_1_83' title='bbox 1410 1304 1609 1368; x_wconf 68' lang='lat' dir='ltr'><strong>Romar,</strong></span> <span class='ocrx_word' id='word_1_84' title='bbox 1627 1314 1673 1358; x_wconf 87' lang='lat' dir='ltr'><strong>ct</strong></span> <span class='ocrx_word' id='word_1_85' title='bbox 1698 1303 1803 1358; x_wconf 84' lang='lat' dir='ltr'><strong>Pa-</strong></span> 
     </span>
    </p>
   </div>
   <div class='ocr_carea' id='block_1_15' title="bbox 233 1394 1804 1458">
    <p class='ocr_par' dir='ltr' id='par_1_15' title="bbox 233 1394 1804 1458">
     <span class='ocr_line' id='line_1_15' title="bbox 233 1394 1804 1458; baseline 0 -9"><span class='ocrx_word' id='word_1_86' title='bbox 233 1397 497 1451; x_wconf 74' lang='lat' dir='ltr'><strong>triarchw.</strong></span> <span class='ocrx_word' id='word_1_87' title='bbox 558 1395 656 1450; x_wconf 85' lang='lat' dir='ltr'><strong>Hic</strong></span> <span class='ocrx_word' id='word_1_88' title='bbox 690 1396 758 1450; x_wconf 82' lang='lat' dir='ltr'><strong>ad</strong></span> <span class='ocrx_word' id='word_1_89' title='bbox 810 1394 1071 1450; x_wconf 85' lang='lat' dir='ltr'><strong>Joannem</strong></span> <span class='ocrx_word' id='word_1_90' title='bbox 1118 1396 1179 1450; x_wconf 88' lang='lat' dir='ltr'><strong>ll.</strong></span> <span class='ocrx_word' id='word_1_91' title='bbox 1241 1394 1421 1448; x_wconf 81' lang='lat' dir='ltr'><strong>Victor</strong></span> <span class='ocrx_word' id='word_1_92' title='bbox 1447 1395 1804 1458; x_wconf 84' lang='lat' dir='ltr'><strong>Justinianus,</strong></span> 
     </span>
    </p>
   </div>
   <div class='ocr_carea' id='block_1_16' title="bbox 230 1486 1802 1558">
    <p class='ocr_par' dir='ltr' id='par_1_16' title="bbox 230 1486 1802 1558">
     <span class='ocr_line' id='line_1_16' title="bbox 230 1486 1802 1558; baseline 0 -20"><span class='ocrx_word' id='word_1_93' title='bbox 230 1489 363 1554; x_wconf 76' lang='lat' dir='ltr'><strong>pius,</strong></span> <span class='ocrx_word' id='word_1_94' title='bbox 387 1487 540 1556; x_wconf 73' lang='lat' dir='ltr'><strong>felix,</strong></span> <span class='ocrx_word' id='word_1_95' title='bbox 570 1486 818 1557; x_wconf 84' lang='lat' dir='ltr'><strong>inclytus,</strong></span> <span class='ocrx_word' id='word_1_96' title='bbox 869 1487 1240 1558; x_wconf 80' lang='lat' dir='ltr'><strong>triumphator,</strong></span> <span class='ocrx_word' id='word_1_97' title='bbox 1269 1503 1470 1556; x_wconf 86' lang='lat' dir='ltr'><strong>semper</strong></span> <span class='ocrx_word' id='word_1_98' title='bbox 1519 1488 1802 1557; x_wconf 76' lang='lat' dir='ltr'><strong>Augustus,</strong></span> 
     </span>
    </p>
   </div>
   <div class='ocr_carea' id='block_1_17' title="bbox 228 1575 1802 1648">
    <p class='ocr_par' dir='ltr' id='par_1_17' title="bbox 228 1575 1802 1648">
     <span class='ocr_line' id='line_1_17' title="bbox 228 1575 1802 1648; baseline 0.001 -19"><span class='ocrx_word' id='word_1_99' title='bbox 228 1575 427 1632; x_wconf 84' lang='lat' dir='ltr'><strong>Joanni</strong></span> <span class='ocrx_word' id='word_1_100' title='bbox 465 1578 793 1632; x_wconf 88' lang='lat' dir='ltr'><strong>sanctissimo</strong></span> <span class='ocrx_word' id='word_1_101' title='bbox 834 1578 1233 1648; x_wconf 80' lang='lat' dir='ltr'><strong>Archiepiscopo</strong></span> <span class='ocrx_word' id='word_1_102' title='bbox 1275 1577 1431 1632; x_wconf 71' lang='lat' dir='ltr'><strong>almte</strong></span> <span class='ocrx_word' id='word_1_103' title='bbox 1454 1578 1570 1631; x_wconf 83' lang='lat' dir='ltr'><strong>urbi</strong></span> <span class='ocrx_word' id='word_1_104' title='bbox 1625 1575 1802 1630; x_wconf 79' lang='lat' dir='ltr'><strong>Roma:</strong></span> 
     </span>
    </p>
   </div>
   <div class='ocr_carea' id='block_1_18' title="bbox 230 1664 1804 1736">
    <p class='ocr_par' dir='ltr' id='par_1_18' title="bbox 230 1664 1804 1736">
     <span class='ocr_line' id='line_1_18' title="bbox 230 1664 1804 1736; baseline 0.001 -19"><span class='ocrx_word' id='word_1_105' title='bbox 230 1675 274 1717; x_wconf 83' lang='lat' dir='ltr'><strong>et</strong></span> <span class='ocrx_word' id='word_1_106' title='bbox 299 1665 656 1720; x_wconf 74' lang='lat' dir='ltr'><strong>Patriarchar.</strong></span> <span class='ocrx_word' id='word_1_107' title='bbox 690 1666 759 1720; x_wconf 86' lang='lat' dir='ltr'><strong>Et</strong></span> <span class='ocrx_word' id='word_1_108' title='bbox 800 1666 868 1720; x_wconf 86' lang='lat' dir='ltr'><strong>ad</strong></span> <span class='ocrx_word' id='word_1_109' title='bbox 921 1665 1217 1736; x_wconf 81' lang='lat' dir='ltr'><strong>Agapetum</strong></span> <span class='ocrx_word' id='word_1_110' title='bbox 1245 1684 1256 1719; x_wconf 93' lang='lat'>:</span> <span class='ocrx_word' id='word_1_111' title='bbox 1288 1664 1579 1735; x_wconf 89' lang='lat' dir='ltr'><strong>Imperator</strong></span> <span class='ocrx_word' id='word_1_112' title='bbox 1623 1664 1804 1718; x_wconf 71' lang='lat' dir='ltr'><strong>(imor</strong></span> 
     </span>
    </p>
   </div>
   <div class='ocr_carea' id='block_1_19' title="bbox 1907 493 3473 550">
    <p class='ocr_par' dir='ltr' id='par_1_19' title="bbox 1907 493 3473 550">
     <span class='ocr_line' id='line_1_19' title="bbox 1907 493 3473 550; baseline 0.003 -5"><span class='ocrx_word' id='word_1_113' title='bbox 1907 509 1974 545; x_wconf 86' lang='lat' dir='ltr'><strong>na</strong></span> <span class='ocrx_word' id='word_1_114' title='bbox 2011 512 2022 543; x_wconf 91' lang='lat'><strong>:</strong></span> <span class='ocrx_word' id='word_1_115' title='bbox 2059 494 2432 547; x_wconf 61' lang='lat' dir='ltr'><strong>\‘ariantenim</strong></span> <span class='ocrx_word' id='word_1_116' title='bbox 2476 493 2529 548; x_wconf 95' lang='lat' dir='ltr'><strong>in</strong></span> <span class='ocrx_word' id='word_1_117' title='bbox 2559 493 2722 548; x_wconf 88' lang='lat' dir='ltr'><strong>variis</strong></span> <span class='ocrx_word' id='word_1_118' title='bbox 2770 493 3044 548; x_wconf 80' lang='lat' dir='ltr'><strong>codicibus</strong></span> <span class='ocrx_word' id='word_1_119' title='bbox 3084 494 3358 550; x_wconf 75' lang='lat' dir='ltr'><strong>relationis</strong></span> <span class='ocrx_word' id='word_1_120' title='bbox 3388 499 3473 550; x_wconf 89' lang='lat' dir='ltr'><strong>in-</strong></span> 
     </span>
    </p>
   </div>
   <div class='ocr_carea' id='block_1_20' title="bbox 1907 582 2250 651">
    <p class='ocr_par' dir='ltr' id='par_1_20' title="bbox 1907 582 2250 651">
     <span class='ocr_line' id='line_1_20' title="bbox 1907 582 2250 651; baseline 0.006 -17"><span class='ocrx_word' id='word_1_121' title='bbox 1907 582 2250 651; x_wconf 80' lang='lat' dir='ltr'><strong>scriptiones.</strong></span> 
     </span>
    </p>
   </div>
   <div class='ocr_carea' id='block_1_21' title="bbox 1976 672 3466 744">
    <p class='ocr_par' dir='ltr' id='par_1_21' title="bbox 1976 672 3466 744">
     <span class='ocr_line' id='line_1_21' title="bbox 1976 672 3466 744; baseline 0.005 -19"><span class='ocrx_word' id='word_1_122' title='bbox 1976 672 2229 727; x_wconf 85' lang='lat' dir='ltr'><strong>Neutrius</strong></span> <span class='ocrx_word' id='word_1_123' title='bbox 2258 674 2459 744; x_wconf 85' lang='lat' dir='ltr'><strong>Synodi</strong></span> <span class='ocrx_word' id='word_1_124' title='bbox 2482 685 2665 744; x_wconf 83' lang='lat' dir='ltr'><strong>patres</strong></span> <span class='ocrx_word' id='word_1_125' title='bbox 2692 691 2957 731; x_wconf 91' lang='lat' dir='ltr'><strong>summum</strong></span> <span class='ocrx_word' id='word_1_126' title='bbox 3002 677 3317 732; x_wconf 80' lang='lat' dir='ltr'><strong>Pontificczn</strong></span> <span class='ocrx_word' id='word_1_127' title='bbox 3370 694 3466 733; x_wconf 76' lang='lat' dir='ltr'><strong>cx-</strong></span> 
     </span>
    </p>
   </div>
   <div class='ocr_carea' id='block_1_22' title="bbox 1902 764 3471 840">
    <p class='ocr_par' dir='ltr' id='par_1_22' title="bbox 1902 764 3471 840">
     <span class='ocr_line' id='line_1_22' title="bbox 1902 764 3471 840; baseline 0.002 -21"><span class='ocrx_word' id='word_1_128' title='bbox 1902 778 2087 832; x_wconf 89' lang='lat' dir='ltr'><strong>presse</strong></span> <span class='ocrx_word' id='word_1_129' title='bbox 2117 764 2341 819; x_wconf 79' lang='lat' dir='ltr'><strong>fratrem</strong></span> <span class='ocrx_word' id='word_1_130' title='bbox 2364 766 2687 836; x_wconf 88' lang='lat' dir='ltr'><strong>Patremque</strong></span> <span class='ocrx_word' id='word_1_131' title='bbox 2698 778 2752 823; x_wconf 89' lang='lat' dir='ltr'><strong>et</strong></span> <span class='ocrx_word' id='word_1_132' title='bbox 2768 769 3046 823; x_wconf 89' lang='lat' dir='ltr'><strong>Dominum</strong></span> <span class='ocrx_word' id='word_1_133' title='bbox 3058 777 3267 834; x_wconf 78' lang='lat' dir='ltr'><strong>vorant,</strong></span> <span class='ocrx_word' id='word_1_134' title='bbox 3282 785 3443 840; x_wconf 88' lang='lat' dir='ltr'><strong>quam</strong></span> <span class='ocrx_word' id='word_1_135' title='bbox 3458 800 3471 808; x_wconf 86' lang='lat'><strong>-</strong></span> 
     </span>
    </p>
   </div>
   <div class='ocr_carea' id='block_1_23' title="bbox 1903 854 3470 928">
    <p class='ocr_par' dir='ltr' id='par_1_23' title="bbox 1903 854 3470 928">
     <span class='ocr_line' id='line_1_23' title="bbox 1903 854 3470 928; baseline 0.003 -21"><span class='ocrx_word' id='word_1_136' title='bbox 1903 870 2066 924; x_wconf 90' lang='lat' dir='ltr'><strong>quam</strong></span> <span class='ocrx_word' id='word_1_137' title='bbox 2095 854 2567 912; x_wconf 86' lang='lat' dir='ltr'><strong>Cbalcedonenses</strong></span> <span class='ocrx_word' id='word_1_138' title='bbox 2596 859 2649 912; x_wconf 90' lang='lat' dir='ltr'><strong>in</strong></span> <span class='ocrx_word' id='word_1_139' title='bbox 2682 860 2795 928; x_wconf 89' lang='lat' dir='ltr'><strong>ipsa</strong></span> <span class='ocrx_word' id='word_1_140' title='bbox 2826 860 3101 915; x_wconf 78' lang='lat' dir='ltr'><strong>relationis</strong></span> <span class='ocrx_word' id='word_1_141' title='bbox 3121 862 3278 924; x_wconf 87' lang='lat' dir='ltr'><strong>serie,</strong></span> <span class='ocrx_word' id='word_1_142' title='bbox 3312 859 3470 915; x_wconf 84' lang='lat' dir='ltr'><strong>modo</strong></span> 
     </span>
    </p>
   </div>
   <div class='ocr_carea' id='block_1_24' title="bbox 1902 943 3466 1019">
    <p class='ocr_par' dir='ltr' id='par_1_24' title="bbox 1902 943 3466 1019">
     <span class='ocr_line' id='line_1_24' title="bbox 1902 943 3466 1019; baseline 0.003 -22"><span class='ocrx_word' id='word_1_143' title='bbox 1902 958 1962 997; x_wconf 88' lang='lat' dir='ltr'><strong>se</strong></span> <span class='ocrx_word' id='word_1_144' title='bbox 1983 943 2200 1009; x_wconf 86' lang='lat' dir='ltr'><strong>fratres,</strong></span> <span class='ocrx_word' id='word_1_145' title='bbox 2236 945 2396 999; x_wconf 89' lang='lat' dir='ltr'><strong>modo</strong></span> <span class='ocrx_word' id='word_1_146' title='bbox 2419 945 2557 1000; x_wconf 85' lang='lat' dir='ltr'><strong>filios</strong></span> <span class='ocrx_word' id='word_1_147' title='bbox 2582 948 2868 1015; x_wconf 87' lang='lat' dir='ltr'><strong>appellent.</strong></span> <span class='ocrx_word' id='word_1_148' title='bbox 2907 949 3057 1004; x_wconf 88' lang='lat' dir='ltr'><strong>Unde</strong></span> <span class='ocrx_word' id='word_1_149' title='bbox 3086 950 3332 1014; x_wconf 84' lang='lat' dir='ltr'><strong>viderint,</strong></span> <span class='ocrx_word' id='word_1_150' title='bbox 3360 965 3466 1019; x_wconf 87' lang='lat' dir='ltr'><strong>qua</strong></span> 
     </span>
    </p>
   </div>
   <div class='ocr_carea' id='block_1_25' title="bbox 1906 1034 3467 1106">
    <p class='ocr_par' dir='ltr' id='par_1_25' title="bbox 1906 1034 3467 1106">
     <span class='ocr_line' id='line_1_25' title="bbox 1906 1034 3467 1106; baseline 0.003 -19"><span class='ocrx_word' id='word_1_151' title='bbox 1906 1034 2111 1088; x_wconf 88' lang='lat' dir='ltr'><strong>ratione</strong></span> <span class='ocrx_word' id='word_1_152' title='bbox 2140 1050 2197 1089; x_wconf 88' lang='lat' dir='ltr'><strong>se</strong></span> <span class='ocrx_word' id='word_1_153' title='bbox 2219 1043 2492 1101; x_wconf 90' lang='lat' dir='ltr'><strong>tueantur,</strong></span> <span class='ocrx_word' id='word_1_154' title='bbox 2518 1036 2610 1105; x_wconf 89' lang='lat' dir='ltr'><strong>qui</strong></span> <span class='ocrx_word' id='word_1_155' title='bbox 2637 1050 2703 1089; x_wconf 73' lang='lat' dir='ltr'><strong>ex</strong></span> <span class='ocrx_word' id='word_1_156' title='bbox 2727 1052 2812 1101; x_wconf 92' lang='lat' dir='ltr'><strong>eo,</strong></span> <span class='ocrx_word' id='word_1_157' title='bbox 2844 1039 2987 1106; x_wconf 90' lang='lat' dir='ltr'><strong>quod</strong></span> <span class='ocrx_word' id='word_1_158' title='bbox 3000 1039 3467 1094; x_wconf 85' lang='lat' dir='ltr'><strong>Chalcedonenses</strong></span> 
     </span>
    </p>
   </div>
   <div class='ocr_carea' id='block_1_26' title="bbox 1904 1124 3469 1199">
    <p class='ocr_par' dir='ltr' id='par_1_26' title="bbox 1904 1124 3469 1199">
     <span class='ocr_line' id='line_1_26' title="bbox 1904 1124 3469 1199; baseline 0.004 -21"><span class='ocrx_word' id='word_1_159' title='bbox 1904 1124 2097 1180; x_wconf 88' lang='lat' dir='ltr'><strong>Leonis</strong></span> <span class='ocrx_word' id='word_1_160' title='bbox 2124 1141 2182 1180; x_wconf 87' lang='lat' dir='ltr'><strong>se</strong></span> <span class='ocrx_word' id='word_1_161' title='bbox 2214 1125 2352 1180; x_wconf 82' lang='lat' dir='ltr'><strong>filios</strong></span> <span class='ocrx_word' id='word_1_162' title='bbox 2380 1126 2804 1191; x_wconf 82' lang='lat' dir='ltr'><strong>nominaverint,</strong></span> <span class='ocrx_word' id='word_1_163' title='bbox 2838 1128 3005 1181; x_wconf 91' lang='lat' dir='ltr'><strong>multa</strong></span> <span class='ocrx_word' id='word_1_164' title='bbox 3036 1129 3139 1184; x_wconf 84' lang='lat' dir='ltr'><strong>sibi</strong></span> <span class='ocrx_word' id='word_1_165' title='bbox 3185 1144 3469 1199; x_wconf 82' lang='lat' dir='ltr'><strong>argumen-</strong></span> 
     </span>
    </p>
   </div>
   <div class='ocr_carea' id='block_1_27' title="bbox 1905 1216 2293 1269">
    <p class='ocr_par' dir='ltr' id='par_1_27' title="bbox 1905 1216 2293 1269">
     <span class='ocr_line' id='line_1_27' title="bbox 1905 1216 2293 1269; baseline 0 -1"><span class='ocrx_word' id='word_1_166' title='bbox 1905 1216 2004 1269; x_wconf 85' lang='lat' dir='ltr'><strong>tari</strong></span> <span class='ocrx_word' id='word_1_167' title='bbox 2027 1216 2293 1268; x_wconf 89' lang='lat' dir='ltr'><strong>videntur.</strong></span> 
     </span>
    </p>
   </div>
   <div class='ocr_carea' id='block_1_28' title="bbox 1974 1303 3475 1374">
    <p class='ocr_par' dir='ltr' id='par_1_28' title="bbox 1974 1303 3475 1374">
     <span class='ocr_line' id='line_1_28' title="bbox 1974 1303 3475 1374; baseline -0.001 -14"><span class='ocrx_word' id='word_1_168' title='bbox 1974 1304 2209 1360; x_wconf 80' lang='lat' dir='ltr'><strong>Observa</strong></span> <span class='ocrx_word' id='word_1_169' title='bbox 2234 1303 2322 1358; x_wconf 84' lang='lat' dir='ltr'><strong>IV.</strong></span> <span class='ocrx_word' id='word_1_170' title='bbox 2348 1303 2691 1359; x_wconf 87' lang='lat' dir='ltr'><strong>Patriarcbas</strong></span> <span class='ocrx_word' id='word_1_171' title='bbox 2714 1313 2946 1374; x_wconf 84' lang='lat' dir='ltr'><strong>quatuor</strong></span> <span class='ocrx_word' id='word_1_172' title='bbox 2969 1305 3221 1373; x_wconf 87' lang='lat' dir='ltr'><strong>majores,</strong></span> <span class='ocrx_word' id='word_1_173' title='bbox 3245 1307 3475 1360; x_wconf 76' lang='lat' dir='ltr'><strong>Alexan-</strong></span> 
     </span>
    </p>
   </div>
   <div class='ocr_carea' id='block_1_29' title="bbox 1905 1394 3474 1467">
    <p class='ocr_par' dir='ltr' id='par_1_29' title="bbox 1905 1394 3474 1467">
     <span class='ocr_line' id='line_1_29' title="bbox 1905 1394 3474 1467; baseline 0.002 -18"><span class='ocrx_word' id='word_1_174' title='bbox 1905 1394 2149 1458; x_wconf 89' lang='lat' dir='ltr'><strong>drinum,</strong></span> <span class='ocrx_word' id='word_1_175' title='bbox 2219 1396 2646 1460; x_wconf 77' lang='lat' dir='ltr'><strong>Autiocbeuum,</strong></span> <span class='ocrx_word' id='word_1_176' title='bbox 2711 1397 3367 1467; x_wconf 79' lang='lat' dir='ltr'><strong>Constantinopolitamtm</strong></span> <span class='ocrx_word' id='word_1_177' title='bbox 3420 1408 3474 1452; x_wconf 87' lang='lat' dir='ltr'><strong>et</strong></span> 
     </span>
    </p>
   </div>
   <div class='ocr_carea' id='block_1_30' title="bbox 1906 1484 3469 1557">
    <p class='ocr_par' dir='ltr' id='par_1_30' title="bbox 1906 1484 3469 1557">
     <span class='ocr_line' id='line_1_30' title="bbox 1906 1484 3469 1557; baseline 0.001 -19"><span class='ocrx_word' id='word_1_178' title='bbox 1906 1484 2467 1557; x_wconf 82' lang='lat' dir='ltr'><strong>Hierosolymitanum,</strong></span> <span class='ocrx_word' id='word_1_179' title='bbox 2500 1497 2658 1556; x_wconf 86' lang='lat' dir='ltr'><strong>atque</strong></span> <span class='ocrx_word' id='word_1_180' title='bbox 2687 1488 2849 1542; x_wconf 80' lang='lat' dir='ltr'><strong>etiam</strong></span> <span class='ocrx_word' id='word_1_181' title='bbox 2884 1487 3202 1556; x_wconf 81' lang='lat' dir='ltr'><strong>Episcopum</strong></span> <span class='ocrx_word' id='word_1_182' title='bbox 3243 1486 3469 1540; x_wconf 83' lang='lat' dir='ltr'><strong>Cartha-</strong></span> 
     </span>
    </p>
   </div>
   <div class='ocr_carea' id='block_1_31' title="bbox 1904 1574 3472 1645">
    <p class='ocr_par' dir='ltr' id='par_1_31' title="bbox 1904 1574 3472 1645">
     <span class='ocr_line' id='line_1_31' title="bbox 1904 1574 3472 1645; baseline 0.002 -17"><span class='ocrx_word' id='word_1_183' title='bbox 1904 1574 2204 1642; x_wconf 80' lang='lat' dir='ltr'><strong>gincnsem,</strong></span> <span class='ocrx_word' id='word_1_184' title='bbox 2227 1576 2318 1645; x_wconf 90' lang='lat' dir='ltr'><strong>qui</strong></span> <span class='ocrx_word' id='word_1_185' title='bbox 2347 1577 2510 1631; x_wconf 91' lang='lat' dir='ltr'><strong>totius</strong></span> <span class='ocrx_word' id='word_1_186' title='bbox 2529 1575 2794 1632; x_wconf 79' lang='lat' dir='ltr'><strong>Africana:</strong></span> <span class='ocrx_word' id='word_1_187' title='bbox 2817 1576 3073 1631; x_wconf 73' lang='lat' dir='ltr'><strong>Dimoesis</strong></span> <span class='ocrx_word' id='word_1_188' title='bbox 3086 1576 3319 1639; x_wconf 88' lang='lat' dir='ltr'><strong>Primas,</strong></span> <span class='ocrx_word' id='word_1_189' title='bbox 3347 1592 3472 1631; x_wconf 92' lang='lat' dir='ltr'><strong>cum</strong></span> 
     </span>
    </p>
   </div>
   <div class='ocr_carea' id='block_1_32' title="bbox 1908 1663 3474 1729">
    <p class='ocr_par' dir='ltr' id='par_1_32' title="bbox 1908 1663 3474 1729">
     <span class='ocr_line' id='line_1_32' title="bbox 1908 1663 3474 1729; baseline 0.002 -14"><span class='ocrx_word' id='word_1_190' title='bbox 1908 1663 2114 1716; x_wconf 89' lang='lat' dir='ltr'><strong>litteras</strong></span> <span class='ocrx_word' id='word_1_191' title='bbox 2135 1663 2267 1717; x_wconf 87' lang='lat' dir='ltr'><strong>dant</strong></span> <span class='ocrx_word' id='word_1_192' title='bbox 2283 1664 2349 1716; x_wconf 90' lang='lat' dir='ltr'><strong>ad</strong></span> <span class='ocrx_word' id='word_1_193' title='bbox 2372 1679 2639 1718; x_wconf 89' lang='lat' dir='ltr'><strong>summum</strong></span> <span class='ocrx_word' id='word_1_194' title='bbox 2656 1664 2987 1729; x_wconf 84' lang='lat' dir='ltr'><strong>Pontilicem,</strong></span> <span class='ocrx_word' id='word_1_195' title='bbox 3005 1663 3225 1719; x_wconf 78' lang='lat' dir='ltr'><strong>fratrem</strong></span> <span class='ocrx_word' id='word_1_196' title='bbox 3249 1672 3304 1719; x_wconf 89' lang='lat' dir='ltr'><strong>et</strong></span> <span class='ocrx_word' id='word_1_197' title='bbox 3324 1679 3474 1719; x_wconf 86' lang='lat' dir='ltr'><strong>com-</strong></span> 
     </span>
    </p>
   </div>
   <div class='ocr_carea' id='block_1_33' title="bbox 228 1749 3467 1823">
    <p class='ocr_par' dir='ltr' id='par_1_33' title="bbox 228 1749 3467 1823">
     <span class='ocr_line' id='line_1_33' title="bbox 228 1749 3467 1823; baseline -0.002 -11"><span class='ocrx_word' id='word_1_198' title='bbox 228 1754 447 1811; x_wconf 72' lang='lat' dir='ltr'><strong>Flavius</strong></span> <span class='ocrx_word' id='word_1_199' title='bbox 485 1758 837 1823; x_wconf 83' lang='lat' dir='ltr'><strong>Justinianus,</strong></span> <span class='ocrx_word' id='word_1_200' title='bbox 883 1756 1271 1822; x_wconf 81' lang='lat' dir='ltr'><strong>Alemannicus,</strong></span> <span class='ocrx_word' id='word_1_201' title='bbox 1312 1755 1587 1821; x_wconf 83' lang='lat' dir='ltr'><strong>Gothicus,</strong></span> <span class='ocrx_word' id='word_1_202' title='bbox 1632 1774 1663 1809; x_wconf 82' lang='grc' dir='ltr'><strong>ι·</strong></span> <span class='ocrx_word' id='word_1_203' title='bbox 1686 1774 1800 1812; x_wconf 72' lang='grc' dir='ltr'><strong>ναηο</strong></span> <span class='ocrx_word' id='word_1_204' title='bbox 1828 1749 1877 1807; x_wconf 89' lang='lat' dir='ltr'>D</span> <span class='ocrx_word' id='word_1_205' title='bbox 1905 1752 2209 1806; x_wconf 90' lang='lat' dir='ltr'><strong>ministrum</strong></span> <span class='ocrx_word' id='word_1_206' title='bbox 2236 1753 2438 1815; x_wconf 89' lang='lat' dir='ltr'><strong>dicere,</strong></span> <span class='ocrx_word' id='word_1_207' title='bbox 2473 1754 2567 1807; x_wconf 84' lang='lat' dir='ltr'><strong>sed</strong></span> <span class='ocrx_word' id='word_1_208' title='bbox 2594 1754 2754 1808; x_wconf 87' lang='lat' dir='ltr'><strong>simul</strong></span> <span class='ocrx_word' id='word_1_209' title='bbox 2778 1753 3057 1807; x_wconf 89' lang='lat' dir='ltr'><strong>Dominum</strong></span> <span class='ocrx_word' id='word_1_210' title='bbox 3082 1768 3280 1808; x_wconf 88' lang='lat' dir='ltr'><strong>vocare</strong></span> <span class='ocrx_word' id='word_1_211' title='bbox 3311 1771 3324 1807; x_wconf 91' lang='lat'><strong>:</strong></span> <span class='ocrx_word' id='word_1_212' title='bbox 3361 1768 3467 1823; x_wconf 90' lang='lat' dir='ltr'><strong>qua</strong></span> 
     </span>
    </p>
   </div>
   <div class='ocr_carea' id='block_1_34' title="bbox 224 1845 1798 1913">
    <p class='ocr_par' dir='ltr' id='par_1_34' title="bbox 224 1845 1798 1913">
     <span class='ocr_line' id='line_1_34' title="bbox 224 1845 1798 1913; baseline 0.003 -16"><span class='ocrx_word' id='word_1_213' title='bbox 224 1845 384 1909; x_wconf 80' lang='lat' dir='ltr'><strong>ricus,</strong></span> <span class='ocrx_word' id='word_1_214' title='bbox 425 1846 791 1913; x_wconf 82' lang='lat' dir='ltr'><strong>Germanicus,</strong></span> <span class='ocrx_word' id='word_1_215' title='bbox 837 1848 1079 1912; x_wconf 82' lang='lat' dir='ltr'><strong>Anticus,</strong></span> <span class='ocrx_word' id='word_1_216' title='bbox 1127 1848 1400 1912; x_wconf 81' lang='lat' dir='ltr'><strong>Alanicus,</strong></span> <span class='ocrx_word' id='word_1_217' title='bbox 1455 1847 1798 1912; x_wconf 85' lang='lat' dir='ltr'><strong>Vandalicus,</strong></span> 
     </span>
    </p>
   </div>
   <div class='ocr_carea' id='block_1_35' title="bbox 223 1934 1802 2007">
    <p class='ocr_par' dir='ltr' id='par_1_35' title="bbox 223 1934 1802 2007">
     <span class='ocr_line' id='line_1_35' title="bbox 223 1934 1802 2007; baseline 0.003 -22"><span class='ocrx_word' id='word_1_218' title='bbox 223 1934 539 2001; x_wconf 73' lang='lat' dir='ltr'><strong>Africanus,</strong></span> <span class='ocrx_word' id='word_1_219' title='bbox 568 1937 704 2005; x_wconf 85' lang='lat' dir='ltr'><strong>pius,</strong></span> <span class='ocrx_word' id='word_1_220' title='bbox 731 1936 1137 2007; x_wconf 74' lang='lat' dir='ltr'><strong>felix,inclytus,</strong></span> <span class='ocrx_word' id='word_1_221' title='bbox 1168 1937 1329 1990; x_wconf 81' lang='lat' dir='ltr'><strong>victor</strong></span> <span class='ocrx_word' id='word_1_222' title='bbox 1358 1954 1420 1991; x_wconf 89' lang='lat' dir='ltr'><strong>ac</strong></span> <span class='ocrx_word' id='word_1_223' title='bbox 1435 1937 1802 2006; x_wconf 88' lang='lat' dir='ltr'><strong>triumphator,</strong></span> 
     </span>
    </p>
   </div>
   <div class='ocr_carea' id='block_1_36' title="bbox 219 2027 1805 2098">
    <p class='ocr_par' dir='ltr' id='par_1_36' title="bbox 219 2027 1805 2098">
     <span class='ocr_line' id='line_1_36' title="bbox 219 2027 1805 2098; baseline 0.002 -20"><span class='ocrx_word' id='word_1_224' title='bbox 219 2042 432 2095; x_wconf 77' lang='lat' dir='ltr'><strong>semper</strong></span> <span class='ocrx_word' id='word_1_225' title='bbox 455 2028 740 2096; x_wconf 82' lang='lat' dir='ltr'><strong>Augustus,</strong></span> <span class='ocrx_word' id='word_1_226' title='bbox 774 2027 1003 2098; x_wconf 80' lang='lat' dir='ltr'><strong>Agapeto</strong></span> <span class='ocrx_word' id='word_1_227' title='bbox 1043 2030 1373 2083; x_wconf 73' lang='lat' dir='ltr'><strong>sanctissimo</strong></span> <span class='ocrx_word' id='word_1_228' title='bbox 1411 2029 1805 2098; x_wconf 83' lang='lat' dir='ltr'><strong>Archiepiscopo</strong></span> 
     </span>
    </p>
   </div>
   <div class='ocr_carea' id='block_1_37' title="bbox 219 2114 1255 2181">
    <p class='ocr_par' dir='ltr' id='par_1_37' title="bbox 219 2114 1255 2181">
     <span class='ocr_line' id='line_1_37' title="bbox 219 2114 1255 2181; baseline 0.004 -15"><span class='ocrx_word' id='word_1_229' title='bbox 219 2114 385 2168; x_wconf 78' lang='lat' dir='ltr'><strong>alma:</strong></span> <span class='ocrx_word' id='word_1_230' title='bbox 414 2115 561 2169; x_wconf 87' lang='lat' dir='ltr'><strong>urbis</strong></span> <span class='ocrx_word' id='word_1_231' title='bbox 582 2115 781 2181; x_wconf 60' lang='lat' dir='ltr'><strong>Roma,</strong></span> <span class='ocrx_word' id='word_1_232' title='bbox 823 2127 871 2170; x_wconf 89' lang='lat' dir='ltr'><strong>et</strong></span> <span class='ocrx_word' id='word_1_233' title='bbox 906 2114 1255 2170; x_wconf 82' lang='lat' dir='ltr'><strong>Patriarchce.</strong></span> 
     </span>
    </p>
   </div>
   <div class='ocr_carea' id='block_1_38' title="bbox 282 2205 1806 2275">
    <p class='ocr_par' dir='ltr' id='par_1_38' title="bbox 282 2205 1806 2275">
     <span class='ocr_line' id='line_1_38' title="bbox 282 2205 1806 2275; baseline 0.001 -16"><span class='ocrx_word' id='word_1_234' title='bbox 282 2205 546 2259; x_wconf 79' lang='lat' dir='ltr'><strong>Observa</strong></span> <span class='ocrx_word' id='word_1_235' title='bbox 578 2205 638 2260; x_wconf 90' lang='lat' dir='ltr'><strong>ll.</strong></span> <span class='ocrx_word' id='word_1_236' title='bbox 668 2221 843 2275; x_wconf 90' lang='lat' dir='ltr'><strong>neque</strong></span> <span class='ocrx_word' id='word_1_237' title='bbox 880 2207 932 2261; x_wconf 89' lang='lat' dir='ltr'><strong>in</strong></span> <span class='ocrx_word' id='word_1_238' title='bbox 960 2206 1366 2261; x_wconf 90' lang='lat' dir='ltr'><strong>collectionibus</strong></span> <span class='ocrx_word' id='word_1_239' title='bbox 1410 2207 1806 2275; x_wconf 81' lang='lat' dir='ltr'><strong>pontiﬁeiarum</strong></span> 
     </span>
    </p>
   </div>
   <div class='ocr_carea' id='block_1_39' title="bbox 221 2293 1806 2366">
    <p class='ocr_par' dir='ltr' id='par_1_39' title="bbox 221 2293 1806 2366">
     <span class='ocr_line' id='line_1_39' title="bbox 221 2293 1806 2366; baseline 0.001 -19"><span class='ocrx_word' id='word_1_240' title='bbox 221 2293 605 2361; x_wconf 76' lang='lat' dir='ltr'><strong>epistularum,</strong></span> <span class='ocrx_word' id='word_1_241' title='bbox 651 2309 828 2363; x_wconf 88' lang='lat' dir='ltr'><strong>neque</strong></span> <span class='ocrx_word' id='word_1_242' title='bbox 875 2296 1017 2364; x_wconf 91' lang='lat' dir='ltr'><strong>apud</strong></span> <span class='ocrx_word' id='word_1_243' title='bbox 1056 2294 1342 2349; x_wconf 87' lang='lat' dir='ltr'><strong>Baronium</strong></span> <span class='ocrx_word' id='word_1_244' title='bbox 1373 2298 1593 2366; x_wconf 88' lang='lat' dir='ltr'><strong>reperiri</strong></span> <span class='ocrx_word' id='word_1_245' title='bbox 1622 2296 1806 2349; x_wconf 82' lang='lat' dir='ltr'><strong>-ullius</strong></span> 
     </span>
    </p>
   </div>
   <div class='ocr_carea' id='block_1_40' title="bbox 225 2387 1805 2457">
    <p class='ocr_par' dir='ltr' id='par_1_40' title="bbox 225 2387 1805 2457">
     <span class='ocr_line' id='line_1_40' title="bbox 225 2387 1805 2457; baseline 0.003 -18"><span class='ocrx_word' id='word_1_246' title='bbox 225 2390 485 2457; x_wconf 62' lang='lat' dir='ltr'><strong>Augustae</strong></span> <span class='ocrx_word' id='word_1_247' title='bbox 520 2387 800 2456; x_wconf 86' lang='lat' dir='ltr'><strong>epistolam</strong></span> <span class='ocrx_word' id='word_1_248' title='bbox 825 2388 891 2441; x_wconf 91' lang='lat' dir='ltr'><strong>ad</strong></span> <span class='ocrx_word' id='word_1_249' title='bbox 917 2403 1186 2442; x_wconf 89' lang='lat' dir='ltr'><strong>summum</strong></span> <span class='ocrx_word' id='word_1_250' title='bbox 1213 2388 1531 2442; x_wconf 82' lang='lat' dir='ltr'><strong>Pontificem</strong></span> <span class='ocrx_word' id='word_1_251' title='bbox 1558 2405 1679 2443; x_wconf 92' lang='lat' dir='ltr'><strong>cum</strong></span> <span class='ocrx_word' id='word_1_252' title='bbox 1721 2403 1805 2443; x_wconf 86' lang='lat' dir='ltr'><strong>so-</strong></span> 
     </span>
    </p>
   </div>
   <div class='ocr_carea' id='block_1_41' title="bbox 226 2474 1798 2545">
    <p class='ocr_par' dir='ltr' id='par_1_41' title="bbox 226 2474 1798 2545">
     <span class='ocr_line' id='line_1_41' title="bbox 226 2474 1798 2545; baseline 0.004 -18"><span class='ocrx_word' id='word_1_253' title='bbox 226 2476 380 2530; x_wconf 86' lang='lat' dir='ltr'><strong>lemni</strong></span> <span class='ocrx_word' id='word_1_254' title='bbox 416 2474 615 2540; x_wconf 86' lang='lat' dir='ltr'><strong>forma,</strong></span> <span class='ocrx_word' id='word_1_255' title='bbox 636 2484 997 2545; x_wconf 66' lang='lat' dir='ltr'><strong>praeterquam</strong></span> <span class='ocrx_word' id='word_1_256' title='bbox 1032 2477 1326 2532; x_wconf 69' lang='lat' dir='ltr'><strong>Pulcheria:</strong></span> <span class='ocrx_word' id='word_1_257' title='bbox 1355 2478 1420 2531; x_wconf 90' lang='lat' dir='ltr'><strong>ad</strong></span> <span class='ocrx_word' id='word_1_258' title='bbox 1454 2480 1509 2532; x_wconf 92' lang='lat' dir='ltr'><strong>S.</strong></span> <span class='ocrx_word' id='word_1_259' title='bbox 1539 2479 1798 2543; x_wconf 88' lang='lat' dir='ltr'><strong>Leonem,</strong></span> 
     </span>
    </p>
   </div>
   <div class='ocr_carea' id='block_1_42' title="bbox 225 2566 1802 2639">
    <p class='ocr_par' dir='ltr' id='par_1_42' title="bbox 225 2566 1802 2639">
     <span class='ocr_line' id='line_1_42' title="bbox 225 2566 1802 2639; baseline 0.006 -20"><span class='ocrx_word' id='word_1_260' title='bbox 225 2583 336 2636; x_wconf 69' lang='lat' dir='ltr'><strong>qnze</strong></span> <span class='ocrx_word' id='word_1_261' title='bbox 370 2566 625 2636; x_wconf 85' lang='lat' dir='ltr'><strong>ejusdem</strong></span> <span class='ocrx_word' id='word_1_262' title='bbox 652 2567 794 2621; x_wconf 91' lang='lat' dir='ltr'><strong>modi</strong></span> <span class='ocrx_word' id='word_1_263' title='bbox 822 2582 944 2622; x_wconf 89' lang='lat' dir='ltr'><strong>cum</strong></span> <span class='ocrx_word' id='word_1_264' title='bbox 972 2566 1144 2622; x_wconf 88' lang='lat' dir='ltr'><strong>forma</strong></span> <span class='ocrx_word' id='word_1_265' title='bbox 1166 2609 1180 2634; x_wconf 89' lang='lat'><strong>,</strong></span> <span class='ocrx_word' id='word_1_266' title='bbox 1208 2584 1313 2639; x_wconf 90' lang='lat' dir='ltr'><strong>qua</strong></span> <span class='ocrx_word' id='word_1_267' title='bbox 1340 2568 1644 2625; x_wconf 79' lang='lat' dir='ltr'><strong>Marcianus</strong></span> <span class='ocrx_word' id='word_1_268' title='bbox 1672 2588 1802 2628; x_wconf 86' lang='lat' dir='ltr'><strong>usus</strong></span> 
     </span>
    </p>
   </div>
   <div class='ocr_carea' id='block_1_43' title="bbox 223 2666 317 2709">
    <p class='ocr_par' dir='ltr' id='par_1_43' title="bbox 223 2666 317 2709">
     <span class='ocr_line' id='line_1_43' title="bbox 223 2666 317 2709; baseline -0.011 0"><span class='ocrx_word' id='word_1_269' title='bbox 223 2666 317 2709; x_wconf 61' lang='grc' dir='ltr'><strong>ρει.</strong></span> 
     </span>
    </p>
   </div>
   <div class='ocr_carea' id='block_1_44' title="bbox 281 2746 1800 2823">
    <p class='ocr_par' dir='ltr' id='par_1_44' title="bbox 281 2746 1800 2823">
     <span class='ocr_line' id='line_1_44' title="bbox 281 2746 1800 2823; baseline 0.007 -23"><span class='ocrx_word' id='word_1_270' title='bbox 281 2746 533 2802; x_wconf 78' lang='lat' dir='ltr'><strong>Observa</strong></span> <span class='ocrx_word' id='word_1_271' title='bbox 556 2746 640 2802; x_wconf 85' lang='grc' dir='ltr'><strong>ιιι.</strong></span> <span class='ocrx_word' id='word_1_272' title='bbox 669 2751 1058 2806; x_wconf 71' lang='grc' dir='ltr'><strong>ωουωειιίοίιηι</strong></span> <span class='ocrx_word' id='word_1_273' title='bbox 1077 2750 1351 2823; x_wconf 86' lang='lat' dir='ltr'><strong>Synodum</strong></span> <span class='ocrx_word' id='word_1_274' title='bbox 1371 2763 1578 2809; x_wconf 79' lang='lat' dir='ltr'><strong>sextam</strong></span> <span class='ocrx_word' id='word_1_275' title='bbox 1604 2769 1800 2809; x_wconf 89' lang='lat' dir='ltr'><strong>nomen</strong></span> 
     </span>
    </p>
   </div>
   <div class='ocr_carea' id='block_1_45' title="bbox 225 2837 1800 2916">
    <p class='ocr_par' dir='ltr' id='par_1_45' title="bbox 225 2837 1800 2916">
     <span class='ocr_line' id='line_1_45' title="bbox 225 2837 1800 2916; baseline 0.008 -27"><span class='ocrx_word' id='word_1_276' title='bbox 225 2837 500 2894; x_wconf 78' lang='lat' dir='ltr'><strong>Pontificis</strong></span> <span class='ocrx_word' id='word_1_277' title='bbox 529 2842 895 2910; x_wconf 85' lang='lat' dir='ltr'><strong>postposnisse</strong></span> <span class='ocrx_word' id='word_1_278' title='bbox 918 2858 1038 2908; x_wconf 91' lang='lat' dir='ltr'><strong>suo,</strong></span> <span class='ocrx_word' id='word_1_279' title='bbox 1076 2845 1128 2898; x_wconf 92' lang='lat' dir='ltr'><strong>in</strong></span> <span class='ocrx_word' id='word_1_280' title='bbox 1142 2861 1248 2914; x_wconf 91' lang='lat' dir='ltr'><strong>quo</strong></span> <span class='ocrx_word' id='word_1_281' title='bbox 1261 2846 1563 2916; x_wconf 81' lang='lat' dir='ltr'><strong>exemplum</strong></span> <span class='ocrx_word' id='word_1_282' title='bbox 1584 2856 1800 2915; x_wconf 69' lang='lat' dir='ltr'><strong>quarta:</strong></span> 
     </span>
    </p>
   </div>
   <div class='ocr_carea' id='block_1_46' title="bbox 226 2929 1797 3001">
    <p class='ocr_par' dir='ltr' id='par_1_46' title="bbox 226 2929 1797 3001">
     <span class='ocr_line' id='line_1_46' title="bbox 226 2929 1797 3001; baseline 0.006 -17"><span class='ocrx_word' id='word_1_283' title='bbox 226 2929 512 2986; x_wconf 86' lang='lat' dir='ltr'><strong>referentis</strong></span> <span class='ocrx_word' id='word_1_284' title='bbox 541 2932 609 2986; x_wconf 93' lang='lat' dir='ltr'><strong>ad</strong></span> <span class='ocrx_word' id='word_1_285' title='bbox 640 2932 698 2987; x_wconf 88' lang='lat' dir='ltr'><strong>S.</strong></span> <span class='ocrx_word' id='word_1_286' title='bbox 726 2932 960 2990; x_wconf 86' lang='lat' dir='ltr'><strong>Leonem</strong></span> <span class='ocrx_word' id='word_1_287' title='bbox 986 2936 1029 3001; x_wconf 93' lang='lat' dir='ltr'><strong>l,</strong></span> <span class='ocrx_word' id='word_1_288' title='bbox 1066 2938 1134 2992; x_wconf 89' lang='lat' dir='ltr'><strong>de</strong></span> <span class='ocrx_word' id='word_1_289' title='bbox 1156 2937 1317 2993; x_wconf 80' lang='lat' dir='ltr'><strong>rebus</strong></span> <span class='ocrx_word' id='word_1_290' title='bbox 1337 2939 1473 2993; x_wconf 87' lang='lat' dir='ltr'><strong>actis</strong></span> <span class='ocrx_word' id='word_1_291' title='bbox 1503 2938 1797 2995; x_wconf 87' lang='lat' dir='ltr'><strong>Chalcedo-</strong></span> 
     </span>
    </p>
   </div>
   <div class='ocr_carea' id='block_1_47' title="bbox 227 3024 1793 3085">
    <p class='ocr_par' dir='ltr' id='par_1_47' title="bbox 227 3024 1793 3085">
     <span class='ocr_line' id='line_1_47' title="bbox 227 3024 1793 3085; baseline 0.006 -9"><span class='ocrx_word' id='word_1_292' title='bbox 227 3039 301 3085; x_wconf 87' lang='lat' dir='ltr'><strong>ne,</strong></span> <span class='ocrx_word' id='word_1_293' title='bbox 329 3024 548 3077; x_wconf 84' lang='lat' dir='ltr'><strong>imitata</strong></span> <span class='ocrx_word' id='word_1_294' title='bbox 575 3032 674 3079; x_wconf 88' lang='lat' dir='ltr'><strong>est.</strong></span> <span class='ocrx_word' id='word_1_295' title='bbox 701 3025 912 3081; x_wconf 86' lang='lat' dir='ltr'><strong>Relatio</strong></span> <span class='ocrx_word' id='word_1_296' title='bbox 941 3027 1086 3082; x_wconf 90' lang='lat' dir='ltr'><strong>enim</strong></span> <span class='ocrx_word' id='word_1_297' title='bbox 1109 3028 1188 3082; x_wconf 92' lang='lat' dir='ltr'><strong>sic</strong></span> <span class='ocrx_word' id='word_1_298' title='bbox 1210 3028 1520 3085; x_wconf 86' lang='lat' dir='ltr'><strong>inscribitur</strong></span> <span class='ocrx_word' id='word_1_299' title='bbox 1546 3048 1559 3081; x_wconf 85' lang='lat'><strong>:</strong></span> <span class='ocrx_word' id='word_1_300' title='bbox 1597 3028 1793 3085; x_wconf 87' lang='lat' dir='ltr'><strong>Sancta</strong></span> 
     </span>
    </p>
   </div>
   <div class='ocr_carea' id='block_1_48' title="bbox 1902 1842 3468 1913">
    <p class='ocr_par' dir='ltr' id='par_1_48' title="bbox 1902 1842 3468 1913">
     <span class='ocr_line' id='line_1_48' title="bbox 1902 1842 3468 1913; baseline 0.003 -16"><span class='ocrx_word' id='word_1_301' title='bbox 1902 1842 2117 1897; x_wconf 88' lang='lat' dir='ltr'><strong>Domini</strong></span> <span class='ocrx_word' id='word_1_302' title='bbox 2165 1844 2521 1913; x_wconf 83' lang='lat' dir='ltr'><strong>appellatione</strong></span> <span class='ocrx_word' id='word_1_303' title='bbox 2563 1846 2800 1901; x_wconf 83' lang='lat' dir='ltr'><strong>vicissim</strong></span> <span class='ocrx_word' id='word_1_304' title='bbox 2838 1861 2945 1901; x_wconf 89' lang='lat' dir='ltr'><strong>non</strong></span> <span class='ocrx_word' id='word_1_305' title='bbox 2985 1846 3154 1902; x_wconf 85' lang='lat' dir='ltr'><strong>utitur</strong></span> <span class='ocrx_word' id='word_1_306' title='bbox 3195 1845 3468 1912; x_wconf 76' lang='lat' dir='ltr'><strong>Pontifex,</strong></span> 
     </span>
    </p>
   </div>
   <div class='ocr_carea' id='block_1_49' title="bbox 1902 1933 2949 2001">
    <p class='ocr_par' dir='ltr' id='par_1_49' title="bbox 1902 1933 2949 2001">
     <span class='ocr_line' id='line_1_49' title="bbox 1902 1933 2949 2001; baseline 0.002 -14"><span class='ocrx_word' id='word_1_307' title='bbox 1902 1947 2026 1987; x_wconf 89' lang='lat' dir='ltr'><strong>cum</strong></span> <span class='ocrx_word' id='word_1_308' title='bbox 2053 1947 2181 1986; x_wconf 83' lang='lat' dir='ltr'><strong>suas</strong></span> <span class='ocrx_word' id='word_1_309' title='bbox 2209 1934 2276 1987; x_wconf 90' lang='lat' dir='ltr'><strong>ad</strong></span> <span class='ocrx_word' id='word_1_310' title='bbox 2308 1933 2449 2001; x_wconf 88' lang='lat' dir='ltr'><strong>ipsos</strong></span> <span class='ocrx_word' id='word_1_311' title='bbox 2470 1934 2653 1989; x_wconf 85' lang='lat' dir='ltr'><strong>literas</strong></span> <span class='ocrx_word' id='word_1_312' title='bbox 2682 1936 2949 1989; x_wconf 46' lang='lat' dir='ltr'><strong>inscribit.</strong></span> 
     </span>
    </p>
   </div>
   <div class='ocr_carea' id='block_1_50' title="bbox 1974 2020 3473 2095">
    <p class='ocr_par' dir='ltr' id='par_1_50' title="bbox 1974 2020 3473 2095">
     <span class='ocr_line' id='line_1_50' title="bbox 1974 2020 3473 2095; baseline 0.003 -21"><span class='ocrx_word' id='word_1_313' title='bbox 1974 2020 2296 2093; x_wconf 72' lang='lat' dir='ltr'><strong>Observa-V.</strong></span> <span class='ocrx_word' id='word_1_314' title='bbox 2324 2023 2682 2079; x_wconf 75' lang='lat' dir='ltr'><strong>Provinciales</strong></span> <span class='ocrx_word' id='word_1_315' title='bbox 2731 2024 3009 2095; x_wconf 62' lang='lat' dir='ltr'><strong>Synolos,</strong></span> <span class='ocrx_word' id='word_1_316' title='bbox 3062 2025 3260 2095; x_wconf 75' lang='lat' dir='ltr'><strong>quibus</strong></span> <span class='ocrx_word' id='word_1_317' title='bbox 3303 2042 3473 2095; x_wconf 82' lang='lat' dir='ltr'><strong>mque</strong></span> 
     </span>
    </p>
   </div>
   <div class='ocr_carea' id='block_1_51' title="bbox 1906 2109 3471 2185">
    <p class='ocr_par' dir='ltr' id='par_1_51' title="bbox 1906 2109 3471 2185">
     <span class='ocr_line' id='line_1_51' title="bbox 1906 2109 3471 2185; baseline 0.005 -23"><span class='ocrx_word' id='word_1_318' title='bbox 1906 2109 2235 2165; x_wconf 69' lang='lat' dir='ltr'><strong>Patriarcbre</strong></span> <span class='ocrx_word' id='word_1_319' title='bbox 2261 2123 2519 2182; x_wconf 67' lang='lat' dir='ltr'><strong>prmsnnt,</strong></span> <span class='ocrx_word' id='word_1_320' title='bbox 2552 2130 2722 2183; x_wconf 86' lang='lat' dir='ltr'><strong>neque</strong></span> <span class='ocrx_word' id='word_1_321' title='bbox 2748 2115 3080 2170; x_wconf 64' lang='lat' dir='ltr'><strong>Patriarchis</strong></span> <span class='ocrx_word' id='word_1_322' title='bbox 3101 2132 3302 2185; x_wconf 87' lang='lat' dir='ltr'><strong>suppar</strong></span> <span class='ocrx_word' id='word_1_323' title='bbox 3326 2116 3471 2170; x_wconf 78' lang='lat' dir='ltr'><strong>Afri-</strong></span> 
     </span>
    </p>
   </div>
   <div class='ocr_carea' id='block_1_52' title="bbox 1907 2201 3474 2276">
    <p class='ocr_par' dir='ltr' id='par_1_52' title="bbox 1907 2201 3474 2276">
     <span class='ocr_line' id='line_1_52' title="bbox 1907 2201 3474 2276; baseline 0.005 -23"><span class='ocrx_word' id='word_1_324' title='bbox 1907 2214 2056 2255; x_wconf 77' lang='lat' dir='ltr'><strong>canze</strong></span> <span class='ocrx_word' id='word_1_325' title='bbox 2087 2201 2347 2256; x_wconf 72' lang='lat' dir='ltr'><strong>Dimcvsis</strong></span> <span class='ocrx_word' id='word_1_326' title='bbox 2394 2203 2624 2268; x_wconf 91' lang='lat' dir='ltr'><strong>Primas,</strong></span> <span class='ocrx_word' id='word_1_327' title='bbox 2662 2205 2713 2258; x_wconf 91' lang='lat' dir='ltr'><strong>in</strong></span> <span class='ocrx_word' id='word_1_328' title='bbox 2740 2206 2979 2275; x_wconf 87' lang='lat' dir='ltr'><strong>epistolis</strong></span> <span class='ocrx_word' id='word_1_329' title='bbox 3004 2205 3160 2276; x_wconf 75' lang='lat'><strong>155</strong></span> <span class='ocrx_word' id='word_1_330' title='bbox 3206 2222 3474 2262; x_wconf 87' lang='lat' dir='ltr'><strong>summum</strong></span> 
     </span>
    </p>
   </div>
   <div class='ocr_carea' id='block_1_53' title="bbox 1907 2289 3476 2366">
    <p class='ocr_par' dir='ltr' id='par_1_53' title="bbox 1907 2289 3476 2366">
     <span class='ocr_line' id='line_1_53' title="bbox 1907 2289 3476 2366; baseline 0.005 -24"><span class='ocrx_word' id='word_1_331' title='bbox 1907 2289 2235 2349; x_wconf 78' lang='lat' dir='ltr'><strong>Pontifiecm.</strong></span> <span class='ocrx_word' id='word_1_332' title='bbox 2265 2302 2320 2348; x_wconf 89' lang='lat' dir='ltr'><strong>et</strong></span> <span class='ocrx_word' id='word_1_333' title='bbox 2344 2295 2624 2349; x_wconf 88' lang='lat' dir='ltr'><strong>Dominum</strong></span> <span class='ocrx_word' id='word_1_334' title='bbox 2653 2306 2707 2350; x_wconf 88' lang='lat' dir='ltr'><strong>et</strong></span> <span class='ocrx_word' id='word_1_335' title='bbox 2733 2296 2946 2350; x_wconf 87' lang='lat' dir='ltr'><strong>Patrem</strong></span> <span class='ocrx_word' id='word_1_336' title='bbox 2977 2312 3190 2360; x_wconf 76' lang='lat' dir='ltr'><strong>vocare,</strong></span> <span class='ocrx_word' id='word_1_337' title='bbox 3214 2298 3386 2366; x_wconf 82' lang='lat' dir='ltr'><strong>inquo</strong></span> <span class='ocrx_word' id='word_1_338' title='bbox 3407 2300 3476 2351; x_wconf 87' lang='lat' dir='ltr'><strong>ab</strong></span> 
     </span>
    </p>
   </div>
   <div class='ocr_carea' id='block_1_54' title="bbox 1904 2382 3471 2457">
    <p class='ocr_par' dir='ltr' id='par_1_54' title="bbox 1904 2382 3471 2457">
     <span class='ocr_line' id='line_1_54' title="bbox 1904 2382 3471 2457; baseline 0.005 -24"><span class='ocrx_word' id='word_1_339' title='bbox 1904 2383 2252 2436; x_wconf 71' lang='lat' dir='ltr'><strong>aecumenicis</strong></span> <span class='ocrx_word' id='word_1_340' title='bbox 2290 2382 2521 2453; x_wconf 85' lang='lat' dir='ltr'><strong>Synodis</strong></span> <span class='ocrx_word' id='word_1_341' title='bbox 2547 2384 2821 2440; x_wconf 68' lang='lat' dir='ltr'><strong>differunt.</strong></span> <span class='ocrx_word' id='word_1_342' title='bbox 2860 2387 2913 2440; x_wconf 87' lang='lat' dir='ltr'><strong>ld</strong></span> <span class='ocrx_word' id='word_1_343' title='bbox 2944 2403 3006 2440; x_wconf 72' lang='lat' dir='ltr'><strong>ex</strong></span> <span class='ocrx_word' id='word_1_344' title='bbox 3040 2388 3264 2457; x_wconf 89' lang='lat' dir='ltr'><strong>antiquo</strong></span> <span class='ocrx_word' id='word_1_345' title='bbox 3289 2404 3471 2441; x_wconf 60' lang='grc' dir='ltr'><strong>δρα-εις</strong></span> 
     </span>
    </p>
   </div>
   <div class='ocr_carea' id='block_1_55' title="bbox 1904 2464 3469 2540">
    <p class='ocr_par' dir='ltr' id='par_1_55' title="bbox 1904 2464 3469 2540">
     <span class='ocr_line' id='line_1_55' title="bbox 1904 2464 3469 2540; baseline 0.004 -18"><span class='ocrx_word' id='word_1_346' title='bbox 1904 2477 2014 2523; x_wconf 89' lang='lat' dir='ltr'><strong>tum</strong></span> <span class='ocrx_word' id='word_1_347' title='bbox 2048 2487 2062 2522; x_wconf 83' lang='lat'><strong>:</strong></span> <span class='ocrx_word' id='word_1_348' title='bbox 2095 2487 2216 2525; x_wconf 85' lang='lat' dir='ltr'><strong>nam</strong></span> <span class='ocrx_word' id='word_1_349' title='bbox 2245 2486 2387 2526; x_wconf 89' lang='lat' dir='ltr'><strong>anno</strong></span> <span class='ocrx_word' id='word_1_350' title='bbox 2440 2464 2562 2527; x_wconf 69' lang='lat'><strong>“6.</strong></span> <span class='ocrx_word' id='word_1_351' title='bbox 2624 2473 2916 2529; x_wconf 82' lang='lat' dir='ltr'><strong>Milevitani</strong></span> <span class='ocrx_word' id='word_1_352' title='bbox 2978 2476 3206 2531; x_wconf 74' lang='lat' dir='ltr'><strong>Concilii</strong></span> <span class='ocrx_word' id='word_1_353' title='bbox 3264 2477 3469 2540; x_wconf 70' lang='lat' dir='ltr'><strong>Patres,</strong></span> 
     </span>
    </p>
   </div>
   <div class='ocr_carea' id='block_1_56' title="bbox 1901 2560 3469 2638">
    <p class='ocr_par' dir='ltr' id='par_1_56' title="bbox 1901 2560 3469 2638">
     <span class='ocr_line' id='line_1_56' title="bbox 1901 2560 3469 2638; baseline 0.006 -26"><span class='ocrx_word' id='word_1_354' title='bbox 1901 2560 2096 2629; x_wconf 90' lang='lat' dir='ltr'><strong>quibus</strong></span> <span class='ocrx_word' id='word_1_355' title='bbox 2136 2572 2365 2631; x_wconf 68' lang='lat' dir='ltr'><strong>prmerat</strong></span> <span class='ocrx_word' id='word_1_356' title='bbox 2400 2562 2649 2620; x_wconf 89' lang='lat' dir='ltr'><strong>Silvanus</strong></span> <span class='ocrx_word' id='word_1_357' title='bbox 2698 2566 2962 2620; x_wconf 58' lang='lat' dir='ltr'><strong>Numidia:</strong></span> <span class='ocrx_word' id='word_1_358' title='bbox 3002 2576 3223 2638; x_wconf 84' lang='lat' dir='ltr'><strong>propter</strong></span> <span class='ocrx_word' id='word_1_359' title='bbox 3257 2577 3469 2622; x_wconf 59' lang='lat' dir='ltr'><strong>atatem</strong></span> 
     </span>
    </p>
   </div>
   <div class='ocr_carea' id='block_1_57' title="bbox 1900 2647 3471 2725">
    <p class='ocr_par' dir='ltr' id='par_1_57' title="bbox 1900 2647 3471 2725">
     <span class='ocr_line' id='line_1_57' title="bbox 1900 2647 3471 2725; baseline 0.004 -24"><span class='ocrx_word' id='word_1_360' title='bbox 1900 2647 2131 2714; x_wconf 89' lang='lat' dir='ltr'><strong>Primas,</strong></span> <span class='ocrx_word' id='word_1_361' title='bbox 2156 2650 2339 2705; x_wconf 89' lang='lat' dir='ltr'><strong>datam</strong></span> <span class='ocrx_word' id='word_1_362' title='bbox 2373 2653 2440 2707; x_wconf 89' lang='lat' dir='ltr'><strong>ad</strong></span> <span class='ocrx_word' id='word_1_363' title='bbox 2466 2653 2835 2709; x_wconf 89' lang='lat' dir='ltr'><strong>Innocentium</strong></span> <span class='ocrx_word' id='word_1_364' title='bbox 2858 2654 2897 2708; x_wconf 93' lang='grc'><strong>1.</strong></span> <span class='ocrx_word' id='word_1_365' title='bbox 2933 2655 3258 2725; x_wconf 82' lang='lat' dir='ltr'><strong>Synodicam</strong></span> <span class='ocrx_word' id='word_1_366' title='bbox 3285 2656 3363 2710; x_wconf 86' lang='lat' dir='ltr'><strong>sic</strong></span> <span class='ocrx_word' id='word_1_367' title='bbox 3389 2656 3471 2709; x_wconf 87' lang='lat' dir='ltr'><strong>in-</strong></span> 
     </span>
    </p>
   </div>
   <div class='ocr_carea' id='block_1_58' title="bbox 1901 2739 3469 2816">
    <p class='ocr_par' dir='ltr' id='par_1_58' title="bbox 1901 2739 3469 2816">
     <span class='ocr_line' id='line_1_58' title="bbox 1901 2739 3469 2816; baseline 0.004 -24"><span class='ocrx_word' id='word_1_368' title='bbox 1901 2739 2143 2794; x_wconf 85' lang='lat' dir='ltr'><strong>scribunt</strong></span> <span class='ocrx_word' id='word_1_369' title='bbox 2162 2755 2181 2793; x_wconf 85' lang='lat'><strong>.&#39;</strong></span> <span class='ocrx_word' id='word_1_370' title='bbox 2202 2742 2425 2796; x_wconf 86' lang='lat' dir='ltr'><strong>Domino</strong></span> <span class='ocrx_word' id='word_1_371' title='bbox 2448 2744 2766 2807; x_wconf 82' lang='lat' dir='ltr'><strong>beatissimo,</strong></span> <span class='ocrx_word' id='word_1_372' title='bbox 2793 2746 3078 2816; x_wconf 83' lang='lat' dir='ltr'><strong>meritoque</strong></span> <span class='ocrx_word' id='word_1_373' title='bbox 3104 2746 3469 2809; x_wconf 86' lang='lat' dir='ltr'><strong>venerabili,ct</strong></span> 
     </span>
    </p>
   </div>
   <div class='ocr_carea' id='block_1_59' title="bbox 1899 2828 3468 2905">
    <p class='ocr_par' dir='ltr' id='par_1_59' title="bbox 1899 2828 3468 2905">
     <span class='ocr_line' id='line_1_59' title="bbox 1899 2828 3468 2905; baseline 0.003 -21"><span class='ocrx_word' id='word_1_374' title='bbox 1899 2830 1956 2885; x_wconf 86' lang='lat' dir='ltr'><strong>in</strong></span> <span class='ocrx_word' id='word_1_375' title='bbox 2010 2828 2216 2886; x_wconf 79' lang='lat' dir='ltr'><strong>Christo</strong></span> <span class='ocrx_word' id='word_1_376' title='bbox 2244 2833 2552 2888; x_wconf 78' lang='lat' dir='ltr'><strong>honorando</strong></span> <span class='ocrx_word' id='word_1_377' title='bbox 2594 2833 2757 2905; x_wconf 74' lang='lat' dir='ltr'><strong>Papw</strong></span> <span class='ocrx_word' id='word_1_378' title='bbox 2812 2834 3138 2899; x_wconf 85' lang='lat' dir='ltr'><strong>Innocentio,</strong></span> <span class='ocrx_word' id='word_1_379' title='bbox 3201 2834 3468 2900; x_wconf 75' lang='lat' dir='ltr'><strong>Silvanus,</strong></span> 
     </span>
    </p>
   </div>
   <div class='ocr_carea' id='block_1_60' title="bbox 1909 2918 3467 2989">
    <p class='ocr_par' dir='ltr' id='par_1_60' title="bbox 1909 2918 3467 2989">
     <span class='ocr_line' id='line_1_60' title="bbox 1909 2918 3467 2989; baseline 0.003 -15"><span class='ocrx_word' id='word_1_380' title='bbox 1909 2918 2232 2988; x_wconf 87' lang='lat' dir='ltr'><strong>Valentinus,</strong></span> <span class='ocrx_word' id='word_1_381' title='bbox 2263 2922 2525 2985; x_wconf 80' lang='lat' dir='ltr'><strong>Aurelius,</strong></span> <span class='ocrx_word' id='word_1_382' title='bbox 2560 2923 2816 2987; x_wconf 87' lang='lat' dir='ltr'><strong>Donatus,</strong></span> <span class='ocrx_word' id='word_1_383' title='bbox 2842 2924 3148 2989; x_wconf 75' lang='lat' dir='ltr'><strong>Restitutus,</strong></span> <span class='ocrx_word' id='word_1_384' title='bbox 3185 2924 3467 2989; x_wconf 86' lang='lat' dir='ltr'><strong>Lucianus,</strong></span> 
     </span>
    </p>
   </div>
   <div class='ocr_carea' id='block_1_61' title="bbox 1898 3009 3468 3084">
    <p class='ocr_par' dir='ltr' id='par_1_61' title="bbox 1898 3009 3468 3084">
     <span class='ocr_line' id='line_1_61' title="bbox 1898 3009 3468 3084; baseline 0.002 -22"><span class='ocrx_word' id='word_1_385' title='bbox 1898 3009 2125 3081; x_wconf 78' lang='lat' dir='ltr'><strong>Alipius,</strong></span> <span class='ocrx_word' id='word_1_386' title='bbox 2154 3012 2495 3082; x_wconf 77' lang='lat' dir='ltr'><strong>Augustinus,</strong></span> <span class='ocrx_word' id='word_1_387' title='bbox 2517 3021 2624 3068; x_wconf 91' lang='lat' dir='ltr'><strong>etc.</strong></span> <span class='ocrx_word' id='word_1_388' title='bbox 2666 3012 3107 3084; x_wconf 84' lang='lat' dir='ltr'><strong>Carthagmensis</strong></span> <span class='ocrx_word' id='word_1_389' title='bbox 3144 3022 3319 3067; x_wconf 89' lang='lat' dir='ltr'><strong>tamen</strong></span> <span class='ocrx_word' id='word_1_390' title='bbox 3366 3012 3468 3082; x_wconf 82' lang='lat' dir='ltr'><strong>Sy-</strong></span> 
     </span>
    </p>
   </div>
   <div class='ocr_carea' id='block_1_62' title="bbox 227 3090 3467 3190">
    <p class='ocr_par' dir='ltr' id='par_1_62' title="bbox 227 3090 3467 3190">
     <span class='ocr_line' id='line_1_62' title="bbox 227 3090 3467 3190; baseline 0.002 -41"><span class='ocrx_word' id='word_1_391' title='bbox 227 3123 264 3163; x_wconf 74' lang='grc' dir='ltr'><em>ρι</em></span> <span class='ocrx_word' id='word_1_392' title='bbox 290 3130 480 3183; x_wconf 63' lang='lat' dir='ltr'><strong><em>magna</em></strong></span> <span class='ocrx_word' id='word_1_393' title='bbox 513 3124 564 3167; x_wconf 72' lang='grc' dir='ltr'><strong>ει</strong></span> <span class='ocrx_word' id='word_1_394' title='bbox 588 3115 892 3170; x_wconf 53' lang='lat' dir='ltr'><strong><em>universam</em></strong></span> <span class='ocrx_word' id='word_1_395' title='bbox 909 3114 1171 3184; x_wconf 54' lang='lat' dir='ltr'><strong>synodus,</strong></span> <span class='ocrx_word' id='word_1_396' title='bbox 1193 3118 1520 3190; x_wconf 59' lang='grc' dir='ltr'><strong>ηηωρενυεί</strong></span> <span class='ocrx_word' id='word_1_397' title='bbox 1543 3122 1789 3190; x_wconf 57' lang='lat' dir='ltr'><strong>gmu-am’</strong></span> <span class='ocrx_word' id='word_1_398' title='bbox 1821 3090 1863 3150; x_wconf 90' lang='lat' dir='ltr'><strong>C</strong></span> <span class='ocrx_word' id='word_1_399' title='bbox 1898 3101 2040 3163; x_wconf 77' lang='lat' dir='ltr'><strong>nodi,</strong></span> <span class='ocrx_word' id='word_1_400' title='bbox 2072 3100 2156 3154; x_wconf 90' lang='lat' dir='ltr'><strong>cui</strong></span> <span class='ocrx_word' id='word_1_401' title='bbox 2179 3102 2503 3170; x_wconf 66' lang='lat' dir='ltr'><strong>prmsidebat</strong></span> <span class='ocrx_word' id='word_1_402' title='bbox 2541 3103 2707 3157; x_wconf 90' lang='lat' dir='ltr'><strong>totius</strong></span> <span class='ocrx_word' id='word_1_403' title='bbox 2753 3103 2949 3158; x_wconf 69' lang='lat' dir='ltr'><strong>Africa:</strong></span> <span class='ocrx_word' id='word_1_404' title='bbox 2971 3103 3200 3167; x_wconf 86' lang='lat' dir='ltr'><strong>Primas,</strong></span> <span class='ocrx_word' id='word_1_405' title='bbox 3242 3102 3467 3171; x_wconf 86' lang='lat' dir='ltr'><strong>epistola</strong></span> 
     </span>
    </p>
   </div>
   <div class='ocr_carea' id='block_1_63' title="bbox 228 3205 1789 3273">
    <p class='ocr_par' dir='ltr' id='par_1_63' title="bbox 228 3205 1789 3273">
     <span class='ocr_line' id='line_1_63' title="bbox 228 3205 1789 3273; baseline 0.006 -20"><span class='ocrx_word' id='word_1_406' title='bbox 228 3212 267 3254; x_wconf 78' lang='lat' dir='ltr'><strong>et</strong></span> <span class='ocrx_word' id='word_1_407' title='bbox 288 3206 617 3258; x_wconf 83' lang='lat' dir='ltr'><strong>sanctionem</strong></span> <span class='ocrx_word' id='word_1_408' title='bbox 642 3205 993 3273; x_wconf 82' lang='lat' dir='ltr'><strong>piissimorum</strong></span> <span class='ocrx_word' id='word_1_409' title='bbox 1018 3217 1065 3261; x_wconf 90' lang='lat' dir='ltr'><strong>et</strong></span> <span class='ocrx_word' id='word_1_410' title='bbox 1101 3217 1399 3262; x_wconf 86' lang='lat' dir='ltr'><strong>amatorum</strong></span> <span class='ocrx_word' id='word_1_411' title='bbox 1438 3208 1633 3263; x_wconf 79' lang='lat' dir='ltr'><strong>Christi</strong></span> <span class='ocrx_word' id='word_1_412' title='bbox 1676 3209 1789 3262; x_wconf 89' lang='lat' dir='ltr'><strong>Im-</strong></span> 
     </span>
    </p>
   </div>
   <div class='ocr_carea' id='block_1_64' title="bbox 229 3297 1790 3363">
    <p class='ocr_par' dir='ltr' id='par_1_64' title="bbox 229 3297 1790 3363">
     <span class='ocr_line' id='line_1_64' title="bbox 229 3297 1790 3363; baseline 0.006 -20"><span class='ocrx_word' id='word_1_413' title='bbox 229 3306 518 3359; x_wconf 78' lang='lat' dir='ltr'><strong>peratorunt</strong></span> <span class='ocrx_word' id='word_1_414' title='bbox 548 3306 840 3351; x_wconf 87' lang='lat' dir='ltr'><strong>nostrorum</strong></span> <span class='ocrx_word' id='word_1_415' title='bbox 853 3297 1067 3352; x_wconf 83' lang='lat' dir='ltr'><strong>collecta</strong></span> <span class='ocrx_word' id='word_1_416' title='bbox 1092 3308 1191 3363; x_wconf 84' lang='lat' dir='ltr'><strong>est,</strong></span> <span class='ocrx_word' id='word_1_417' title='bbox 1216 3299 1269 3351; x_wconf 87' lang='lat' dir='ltr'><strong>in</strong></span> <span class='ocrx_word' id='word_1_418' title='bbox 1291 3298 1790 3353; x_wconf 80' lang='lat' dir='ltr'><strong>Chalcedonensium</strong></span> 
     </span>
    </p>
   </div>
   <div class='ocr_carea' id='block_1_65' title="bbox 236 3383 1792 3459">
    <p class='ocr_par' dir='ltr' id='par_1_65' title="bbox 236 3383 1792 3459">
     <span class='ocr_line' id='line_1_65' title="bbox 236 3383 1792 3459; baseline 0.004 -24"><span class='ocrx_word' id='word_1_419' title='bbox 236 3383 493 3456; x_wconf 70' lang='lat' dir='ltr'><strong>Metropoli</strong></span> <span class='ocrx_word' id='word_1_420' title='bbox 543 3386 828 3442; x_wconf 62' lang='lat' dir='ltr'><strong>Provinciae</strong></span> <span class='ocrx_word' id='word_1_421' title='bbox 846 3388 1131 3459; x_wconf 63' lang='lat' dir='ltr'><strong>Bithynia,</strong></span> <span class='ocrx_word' id='word_1_422' title='bbox 1162 3389 1488 3444; x_wconf 87' lang='lat' dir='ltr'><strong>sanctissimo</strong></span> <span class='ocrx_word' id='word_1_423' title='bbox 1516 3407 1579 3442; x_wconf 87' lang='lat' dir='ltr'><strong>ac</strong></span> <span class='ocrx_word' id='word_1_424' title='bbox 1605 3391 1792 3443; x_wconf 88' lang='lat' dir='ltr'><strong>beatis-</strong></span> 
     </span>
    </p>
   </div>
   <div class='ocr_carea' id='block_1_66' title="bbox 233 3478 1368 3552">
    <p class='ocr_par' dir='ltr' id='par_1_66' title="bbox 233 3478 1368 3552">
     <span class='ocr_line' id='line_1_66' title="bbox 233 3478 1368 3552; baseline 0.005 -25"><span class='ocrx_word' id='word_1_425' title='bbox 233 3478 345 3529; x_wconf 80' lang='lat' dir='ltr'><strong>sima</strong></span> <span class='ocrx_word' id='word_1_426' title='bbox 368 3479 733 3533; x_wconf 83' lang='lat' dir='ltr'><strong>Romanorum</strong></span> <span class='ocrx_word' id='word_1_427' title='bbox 756 3480 1157 3552; x_wconf 77' lang='lat' dir='ltr'><strong>Archiepiscopo</strong></span> <span class='ocrx_word' id='word_1_428' title='bbox 1186 3479 1368 3534; x_wconf 86' lang='lat' dir='ltr'><strong>Leoni.</strong></span> 
     </span>
    </p>
   </div>
   <div class='ocr_carea' id='block_1_67' title="bbox 1897 3190 3467 3258">
    <p class='ocr_par' dir='ltr' id='par_1_67' title="bbox 1897 3190 3467 3258">
     <span class='ocr_line' id='line_1_67' title="bbox 1897 3190 3467 3258; baseline -0.001 -14"><span class='ocrx_word' id='word_1_429' title='bbox 1897 3190 1977 3244; x_wconf 90' lang='lat' dir='ltr'><strong>sic</strong></span> <span class='ocrx_word' id='word_1_430' title='bbox 2007 3205 2065 3244; x_wconf 87' lang='lat' dir='ltr'><strong>se</strong></span> <span class='ocrx_word' id='word_1_431' title='bbox 2094 3191 2255 3244; x_wconf 82' lang='lat' dir='ltr'><strong>balet</strong></span> <span class='ocrx_word' id='word_1_432' title='bbox 2281 3209 2294 3244; x_wconf 91' lang='lat'>:</span> <span class='ocrx_word' id='word_1_433' title='bbox 2330 3190 2552 3245; x_wconf 87' lang='lat' dir='ltr'><strong>Domino</strong></span> <span class='ocrx_word' id='word_1_434' title='bbox 2588 3192 2906 3258; x_wconf 78' lang='lat' dir='ltr'><strong>beatissimo,</strong></span> <span class='ocrx_word' id='word_1_435' title='bbox 2934 3202 2982 3245; x_wconf 89' lang='lat' dir='ltr'><strong>et</strong></span> <span class='ocrx_word' id='word_1_436' title='bbox 3011 3190 3467 3246; x_wconf 84' lang='lat' dir='ltr'><strong>honorandissimo</strong></span> 
     </span>
    </p>
   </div>
   <div class='ocr_carea' id='block_1_68' title="bbox 1896 3277 3465 3350">
    <p class='ocr_par' dir='ltr' id='par_1_68' title="bbox 1896 3277 3465 3350">
     <span class='ocr_line' id='line_1_68' title="bbox 1896 3277 3465 3350; baseline -0.001 -20"><span class='ocrx_word' id='word_1_437' title='bbox 1896 3280 2071 3347; x_wconf 79' lang='lat' dir='ltr'><strong>fratri,</strong></span> <span class='ocrx_word' id='word_1_438' title='bbox 2096 3288 2276 3332; x_wconf 82' lang='lat' dir='ltr'><strong>sancto</strong></span> <span class='ocrx_word' id='word_1_439' title='bbox 2306 3277 2612 3333; x_wconf 87' lang='lat' dir='ltr'><strong>Innocentio</strong></span> <span class='ocrx_word' id='word_1_440' title='bbox 2638 3278 2819 3350; x_wconf 77' lang='lat' dir='ltr'><strong>Papre,</strong></span> <span class='ocrx_word' id='word_1_441' title='bbox 2849 3280 3115 3344; x_wconf 78' lang='lat' dir='ltr'><strong>Aurelius,</strong></span> <span class='ocrx_word' id='word_1_442' title='bbox 3161 3277 3210 3331; x_wconf 75' lang='grc' dir='ltr'><strong><em>Ν</em></strong></span> <span class='ocrx_word' id='word_1_443' title='bbox 3216 3279 3465 3343; x_wconf 86' lang='lat' dir='ltr'><strong>umidius,</strong></span> 
     </span>
    </p>
   </div>
   <div class='ocr_carea' id='block_1_69' title="bbox 1894 3379 1999 3421">
    <p class='ocr_par' dir='ltr' id='par_1_69' title="bbox 1894 3379 1999 3421">
     <span class='ocr_line' id='line_1_69' title="bbox 1894 3379 1999 3421; baseline 0.019 -2"><span class='ocrx_word' id='word_1_444' title='bbox 1894 3379 1999 3421; x_wconf 88' lang='lat' dir='ltr'><strong>etc.</strong></span> 
     </span>
    </p>
   </div>
   <div class='ocr_carea' id='block_1_70' title="bbox 1907 3642 2759 3659">
    <p class='ocr_par' dir='ltr' id='par_1_70' title="bbox 1907 3642 2759 3659">
     <span class='ocr_line' id='line_1_70' title="bbox 1907 3642 2759 3659; baseline -0.016 0"><span class='ocrx_word' id='word_1_445' title='bbox 1907 3646 2235 3659; x_wconf 59' lang='lat'><strong>—__———-«</strong></span> <span class='ocrx_word' id='word_1_446' title='bbox 2274 3644 2517 3652; x_wconf 40' lang='grc' dir='ltr'><strong>υ-...η-ς--κ</strong></span> <span class='ocrx_word' id='word_1_447' title='bbox 2542 3642 2583 3647; x_wconf 77' lang='grc'><strong>--</strong></span> <span class='ocrx_word' id='word_1_448' title='bbox 2610 3642 2701 3647; x_wconf 65' lang='lat'><strong>_--.</strong></span> <span class='ocrx_word' id='word_1_449' title='bbox 2720 3642 2759 3647; x_wconf 74' lang='grc'><strong>--</strong></span> 
     </span>
    </p>
   </div>
   <div class='ocr_carea' id='block_1_71' title="bbox 1247 3799 2421 3897">
    <p class='ocr_par' dir='ltr' id='par_1_71' title="bbox 1247 3799 2421 3897">
     <span class='ocr_line' id='line_1_71' title="bbox 1247 3799 2421 3897; baseline -0.004 -5"><span class='ocrx_word' id='word_1_450' title='bbox 1247 3799 1405 3870; x_wconf 73' lang='lat'><strong>153</strong></span> <span class='ocrx_word' id='word_1_451' title='bbox 1458 3807 2229 3897; x_wconf 78' lang='lat' dir='ltr'><strong>DISSERTATIO</strong></span> <span class='ocrx_word' id='word_1_452' title='bbox 2308 3809 2421 3890; x_wconf 93' lang='lat' dir='ltr'><strong>II.</strong></span> 
     </span>
    </p>
   </div>
   <div class='ocr_carea' id='block_1_72' title="bbox 724 3983 2962 4061">
    <p class='ocr_par' dir='ltr' id='par_1_72' title="bbox 724 3983 2962 4061">
     <span class='ocr_line' id='line_1_72' title="bbox 724 3983 2962 4061; baseline -0.002 -12"><span class='ocrx_word' id='word_1_453' title='bbox 724 4007 1030 4049; x_wconf 75' lang='lat' dir='ltr'><strong>APPENDIX</strong></span> <span class='ocrx_word' id='word_1_454' title='bbox 1078 4007 1156 4048; x_wconf 80' lang='lat' dir='ltr'><strong>AD</strong></span> <span class='ocrx_word' id='word_1_455' title='bbox 1200 4005 1396 4048; x_wconf 63' lang='lat' dir='ltr'><strong>noras</strong></span> <span class='ocrx_word' id='word_1_456' title='bbox 1436 4003 1673 4048; x_wconf 66' lang='lat' dir='ltr'><strong>curus</strong></span> <span class='ocrx_word' id='word_1_457' title='bbox 1716 4003 1787 4056; x_wconf 79' lang='grc' dir='ltr'><strong>ιι,</strong></span> <span class='ocrx_word' id='word_1_458' title='bbox 1833 3984 1904 4045; x_wconf 85' lang='lat' dir='ltr'><strong>de</strong></span> <span class='ocrx_word' id='word_1_459' title='bbox 1934 3984 2341 4047; x_wconf 82' lang='lat' dir='ltr'><strong>Ordinatione</strong></span> <span class='ocrx_word' id='word_1_460' title='bbox 2370 3983 2596 4047; x_wconf 84' lang='lat' dir='ltr'><strong>summi</strong></span> <span class='ocrx_word' id='word_1_461' title='bbox 2625 3983 2962 4061; x_wconf 79' lang='lat' dir='ltr'><strong>pontiﬁcis.</strong></span> 
     </span>
    </p>
   </div>
   <div class='ocr_carea' id='block_1_73' title="bbox 293 4212 1786 4288">
    <p class='ocr_par' dir='ltr' id='par_1_73' title="bbox 293 4212 1786 4288">
     <span class='ocr_line' id='line_1_73' title="bbox 293 4212 1786 4288; baseline -0.006 -15"><span class='ocrx_word' id='word_1_462' title='bbox 293 4218 451 4288; x_wconf 82' lang='lat' dir='ltr'><strong>Caput</strong></span> <span class='ocrx_word' id='word_1_463' title='bbox 502 4215 802 4272; x_wconf 85' lang='lat' dir='ltr'><strong>secundum</strong></span> <span class='ocrx_word' id='word_1_464' title='bbox 827 4225 937 4272; x_wconf 87' lang='lat' dir='ltr'><strong>tres</strong></span> <span class='ocrx_word' id='word_1_465' title='bbox 970 4216 1026 4269; x_wconf 93' lang='lat' dir='ltr'><strong>in</strong></span> <span class='ocrx_word' id='word_1_466' title='bbox 1070 4222 1256 4285; x_wconf 86' lang='lat' dir='ltr'><strong>partes</strong></span> <span class='ocrx_word' id='word_1_467' title='bbox 1302 4212 1555 4268; x_wconf 87' lang='lat' dir='ltr'><strong>tribuitur</strong></span> <span class='ocrx_word' id='word_1_468' title='bbox 1587 4229 1601 4265; x_wconf 91' lang='lat'><strong>:</strong></span> <span class='ocrx_word' id='word_1_469' title='bbox 1635 4225 1786 4266; x_wconf 91' lang='lat' dir='ltr'><strong>com-</strong></span> 
     </span>
    </p>
   </div>
   <div class='ocr_carea' id='block_1_74' title="bbox 239 4300 1786 4377">
    <p class='ocr_par' dir='ltr' id='par_1_74' title="bbox 239 4300 1786 4377">
     <span class='ocr_line' id='line_1_74' title="bbox 239 4300 1786 4377; baseline -0.005 -14"><span class='ocrx_word' id='word_1_470' title='bbox 239 4306 468 4373; x_wconf 80' lang='lat' dir='ltr'><strong>plectitur</strong></span> <span class='ocrx_word' id='word_1_471' title='bbox 500 4322 635 4363; x_wconf 82' lang='lat' dir='ltr'><strong>vero</strong></span> <span class='ocrx_word' id='word_1_472' title='bbox 682 4307 856 4377; x_wconf 89' lang='lat' dir='ltr'><strong>prima</strong></span> <span class='ocrx_word' id='word_1_473' title='bbox 902 4306 1105 4371; x_wconf 84' lang='lat' dir='ltr'><strong>literas,</strong></span> <span class='ocrx_word' id='word_1_474' title='bbox 1151 4300 1354 4375; x_wconf 79' lang='lat' dir='ltr'><strong>quibus</strong></span> <span class='ocrx_word' id='word_1_475' title='bbox 1389 4311 1514 4357; x_wconf 86' lang='lat' dir='ltr'><strong>ante</strong></span> <span class='ocrx_word' id='word_1_476' title='bbox 1566 4302 1786 4358; x_wconf 89' lang='lat' dir='ltr'><strong>ordina-</strong></span> 
     </span>
    </p>
   </div>
   <div class='ocr_carea' id='block_1_75' title="bbox 1894 4203 3453 4279">
    <p class='ocr_par' dir='ltr' id='par_1_75' title="bbox 1894 4203 3453 4279">
     <span class='ocr_line' id='line_1_75' title="bbox 1894 4203 3453 4279; baseline -0.001 -16"><span class='ocrx_word' id='word_1_477' title='bbox 1894 4208 2199 4279; x_wconf 89' lang='lat' dir='ltr'><strong>Principem</strong></span> <span class='ocrx_word' id='word_1_478' title='bbox 2220 4204 2586 4276; x_wconf 87' lang='lat' dir='ltr'><strong>promovendo</strong></span> <span class='ocrx_word' id='word_1_479' title='bbox 2613 4211 2982 4260; x_wconf 87' lang='lat' dir='ltr'><strong>mouerentur.</strong></span> <span class='ocrx_word' id='word_1_480' title='bbox 3015 4203 3071 4258; x_wconf 89' lang='lat' dir='ltr'><strong>Id</strong></span> <span class='ocrx_word' id='word_1_481' title='bbox 3095 4203 3251 4260; x_wconf 83' lang='lat' dir='ltr'><strong>facile</strong></span> <span class='ocrx_word' id='word_1_482' title='bbox 3293 4205 3453 4261; x_wconf 86' lang='lat' dir='ltr'><strong>intel-</strong></span> 
     </span>
    </p>
   </div>
   <div class='ocr_carea' id='block_1_76' title="bbox 1894 4292 3460 4367">
    <p class='ocr_par' dir='ltr' id='par_1_76' title="bbox 1894 4292 3460 4367">
     <span class='ocr_line' id='line_1_76' title="bbox 1894 4292 3460 4367; baseline 0.001 -18"><span class='ocrx_word' id='word_1_483' title='bbox 1894 4297 2077 4367; x_wconf 87' lang='lat' dir='ltr'><strong>ligitur</strong></span> <span class='ocrx_word' id='word_1_484' title='bbox 2100 4310 2167 4351; x_wconf 77' lang='lat' dir='ltr'><strong>ex</strong></span> <span class='ocrx_word' id='word_1_485' title='bbox 2193 4294 2439 4366; x_wconf 76' lang='lat' dir='ltr'><strong>Gregorii</strong></span> <span class='ocrx_word' id='word_1_486' title='bbox 2474 4292 2651 4362; x_wconf 80' lang='lat' dir='ltr'><strong>Magni</strong></span> <span class='ocrx_word' id='word_1_487' title='bbox 2672 4293 2937 4363; x_wconf 88' lang='lat' dir='ltr'><strong>epistolis,</strong></span> <span class='ocrx_word' id='word_1_488' title='bbox 2968 4302 3082 4347; x_wconf 88' lang='lat' dir='ltr'><strong>tum</strong></span> <span class='ocrx_word' id='word_1_489' title='bbox 3111 4294 3179 4348; x_wconf 88' lang='lat' dir='ltr'><strong>ad</strong></span> <span class='ocrx_word' id='word_1_490' title='bbox 3197 4292 3460 4351; x_wconf 83' lang='lat' dir='ltr'><strong>Joannem</strong></span> 
     </span>
    </p>
   </div>
   <div class='ocr_carea' id='block_1_77' title="bbox 240 4382 3448 4462">
    <p class='ocr_par' dir='ltr' id='par_1_77' title="bbox 240 4382 3448 4462">
     <span class='ocr_line' id='line_1_77' title="bbox 240 4382 3448 4462; baseline -0.003 -11"><span class='ocrx_word' id='word_1_491' title='bbox 240 4398 412 4453; x_wconf 85' lang='lat' dir='ltr'><strong>tionem</strong></span> <span class='ocrx_word' id='word_1_492' title='bbox 439 4398 611 4455; x_wconf 88' lang='lat' dir='ltr'><strong>electi</strong></span> <span class='ocrx_word' id='word_1_493' title='bbox 633 4396 929 4461; x_wconf 82' lang='lat' dir='ltr'><strong>Pontificis,</strong></span> <span class='ocrx_word' id='word_1_494' title='bbox 958 4396 1044 4451; x_wconf 87' lang='lat' dir='ltr'><strong>vel</strong></span> <span class='ocrx_word' id='word_1_495' title='bbox 1072 4395 1419 4450; x_wconf 89' lang='lat' dir='ltr'><strong>nuntiabatur</strong></span> <span class='ocrx_word' id='word_1_496' title='bbox 1445 4392 1625 4447; x_wconf 86' lang='lat' dir='ltr'><strong>obitus</strong></span> <span class='ocrx_word' id='word_1_497' title='bbox 1646 4407 1786 4462; x_wconf 77' lang='lat' dir='ltr'><strong>prte-</strong></span> <span class='ocrx_word' id='word_1_498' title='bbox 1811 4389 1863 4447; x_wconf 90' lang='lat' dir='ltr'><strong>D</strong></span> <span class='ocrx_word' id='word_1_499' title='bbox 1888 4385 2537 4455; x_wconf 79' lang='lat' dir='ltr'><strong>ConstantinOpolitannm</strong></span> <span class='ocrx_word' id='word_1_500' title='bbox 2563 4382 2906 4452; x_wconf 85' lang='lat' dir='ltr'><strong>Episcopum,</strong></span> <span class='ocrx_word' id='word_1_501' title='bbox 2942 4390 3053 4435; x_wconf 91' lang='lat' dir='ltr'><strong>tum</strong></span> <span class='ocrx_word' id='word_1_502' title='bbox 3101 4382 3168 4436; x_wconf 90' lang='lat' dir='ltr'><strong>ad</strong></span> <span class='ocrx_word' id='word_1_503' title='bbox 3217 4383 3448 4440; x_wconf 88' lang='lat' dir='ltr'><strong>alterum</strong></span> 
     </span>
    </p>
   </div>
   <div class='ocr_carea' id='block_1_78' title="bbox 240 4480 1786 4555">
    <p class='ocr_par' dir='ltr' id='par_1_78' title="bbox 240 4480 1786 4555">
     <span class='ocr_line' id='line_1_78' title="bbox 240 4480 1786 4555; baseline -0.006 -12"><span class='ocrx_word' id='word_1_504' title='bbox 240 4492 471 4555; x_wconf 66' lang='lat' dir='ltr'><strong>sessoris,</strong></span> <span class='ocrx_word' id='word_1_505' title='bbox 513 4488 600 4542; x_wconf 83' lang='lat' dir='ltr'><strong>vel</strong></span> <span class='ocrx_word' id='word_1_506' title='bbox 626 4487 905 4544; x_wconf 84' lang='lat' dir='ltr'><strong>electionis</strong></span> <span class='ocrx_word' id='word_1_507' title='bbox 928 4486 1204 4542; x_wconf 89' lang='lat' dir='ltr'><strong>decretum</strong></span> <span class='ocrx_word' id='word_1_508' title='bbox 1252 4483 1649 4546; x_wconf 88' lang='lat' dir='ltr'><strong>continebatur,</strong></span> <span class='ocrx_word' id='word_1_509' title='bbox 1698 4480 1786 4535; x_wconf 90' lang='lat' dir='ltr'><strong>vel</strong></span> 
     </span>
    </p>
   </div>
   <div class='ocr_carea' id='block_1_79' title="bbox 239 4575 1787 4652">
    <p class='ocr_par' dir='ltr' id='par_1_79' title="bbox 239 4575 1787 4652">
     <span class='ocr_line' id='line_1_79' title="bbox 239 4575 1787 4652; baseline -0.004 -19"><span class='ocrx_word' id='word_1_510' title='bbox 239 4581 420 4637; x_wconf 87' lang='lat' dir='ltr'><strong>decreti</strong></span> <span class='ocrx_word' id='word_1_511' title='bbox 443 4581 766 4652; x_wconf 86' lang='lat' dir='ltr'><strong>approbatio</strong></span> <span class='ocrx_word' id='word_1_512' title='bbox 792 4580 1075 4650; x_wconf 89' lang='lat' dir='ltr'><strong>petebatur</strong></span> <span class='ocrx_word' id='word_1_513' title='bbox 1104 4595 1116 4630; x_wconf 92' lang='lat'><strong>:</strong></span> <span class='ocrx_word' id='word_1_514' title='bbox 1150 4575 1387 4633; x_wconf 86' lang='lat' dir='ltr'><strong>secunda</strong></span> <span class='ocrx_word' id='word_1_515' title='bbox 1440 4575 1626 4638; x_wconf 88' lang='lat' dir='ltr'><strong>ritum,</strong></span> <span class='ocrx_word' id='word_1_516' title='bbox 1678 4588 1787 4643; x_wconf 92' lang='lat' dir='ltr'><strong>quo</strong></span> 
     </span>
    </p>
   </div>
   <div class='ocr_carea' id='block_1_80' title="bbox 238 4660 1789 4740">
    <p class='ocr_par' dir='ltr' id='par_1_80' title="bbox 238 4660 1789 4740">
     <span class='ocr_line' id='line_1_80' title="bbox 238 4660 1789 4740; baseline -0.008 -13"><span class='ocrx_word' id='word_1_517' title='bbox 238 4673 579 4740; x_wconf 77' lang='lat' dir='ltr'><strong>peragebatur</strong></span> <span class='ocrx_word' id='word_1_518' title='bbox 630 4668 906 4724; x_wconf 82' lang='lat' dir='ltr'><strong>Pontificis</strong></span> <span class='ocrx_word' id='word_1_519' title='bbox 950 4665 1332 4722; x_wconf 87' lang='lat' dir='ltr'><strong>consecratio:</strong></span> <span class='ocrx_word' id='word_1_520' title='bbox 1368 4664 1527 4719; x_wconf 87' lang='lat' dir='ltr'><strong>tertia</strong></span> <span class='ocrx_word' id='word_1_521' title='bbox 1578 4660 1789 4732; x_wconf 80' lang='lat' dir='ltr'><strong>profes-</strong></span> 
     </span>
    </p>
   </div>
   <div class='ocr_carea' id='block_1_81' title="bbox 240 4750 1788 4830">
    <p class='ocr_par' dir='ltr' id='par_1_81' title="bbox 240 4750 1788 4830">
     <span class='ocr_line' id='line_1_81' title="bbox 240 4750 1788 4830; baseline -0.004 -19"><span class='ocrx_word' id='word_1_522' title='bbox 240 4759 399 4816; x_wconf 85' lang='lat' dir='ltr'><strong>siones</strong></span> <span class='ocrx_word' id='word_1_523' title='bbox 431 4760 906 4830; x_wconf 79' lang='lat' dir='ltr'><strong>expositionesque</strong></span> <span class='ocrx_word' id='word_1_524' title='bbox 934 4756 1056 4811; x_wconf 78' lang='lat' dir='ltr'><strong>fidei</strong></span> <span class='ocrx_word' id='word_1_525' title='bbox 1084 4754 1398 4810; x_wconf 72' lang='lat' dir='ltr'><strong>catholicae.</strong></span> <span class='ocrx_word' id='word_1_526' title='bbox 1424 4753 1506 4807; x_wconf 86' lang='lat' dir='ltr'><strong>Ad</strong></span> <span class='ocrx_word' id='word_1_527' title='bbox 1550 4750 1788 4822; x_wconf 85' lang='lat' dir='ltr'><strong>singulas</strong></span> 
     </span>
    </p>
   </div>
   <div class='ocr_carea' id='block_1_82' title="bbox 243 4846 1787 4919">
    <p class='ocr_par' dir='ltr' id='par_1_82' title="bbox 243 4846 1787 4919">
     <span class='ocr_line' id='line_1_82' title="bbox 243 4846 1787 4919; baseline -0.003 -18"><span class='ocrx_word' id='word_1_528' title='bbox 243 4848 286 4903; x_wconf 90' lang='lat' dir='ltr'><strong>id</strong></span> <span class='ocrx_word' id='word_1_529' title='bbox 316 4851 709 4908; x_wconf 89' lang='lat' dir='ltr'><strong>observandum</strong></span> <span class='ocrx_word' id='word_1_530' title='bbox 734 4857 1000 4919; x_wconf 86' lang='lat' dir='ltr'><strong>superest,</strong></span> <span class='ocrx_word' id='word_1_531' title='bbox 1024 4850 1167 4918; x_wconf 90' lang='lat' dir='ltr'><strong>quod</strong></span> <span class='ocrx_word' id='word_1_532' title='bbox 1182 4846 1418 4902; x_wconf 84' lang='lat' dir='ltr'><strong>brevitas</strong></span> <span class='ocrx_word' id='word_1_533' title='bbox 1432 4846 1676 4915; x_wconf 87' lang='lat' dir='ltr'><strong>ratioque</strong></span> <span class='ocrx_word' id='word_1_534' title='bbox 1691 4858 1787 4898; x_wconf 85' lang='lat' dir='ltr'><strong>no-</strong></span> 
     </span>
    </p>
   </div>
   <div class='ocr_carea' id='block_1_83' title="bbox 243 4928 1391 5007">
    <p class='ocr_par' dir='ltr' id='par_1_83' title="bbox 243 4928 1391 5007">
     <span class='ocr_line' id='line_1_83' title="bbox 243 4928 1391 5007; baseline 0.001 -18"><span class='ocrx_word' id='word_1_535' title='bbox 243 4946 402 4995; x_wconf 86' lang='lat' dir='ltr'><strong>tarum</strong></span> <span class='ocrx_word' id='word_1_536' title='bbox 427 4928 607 4997; x_wconf 73' lang='lat' dir='ltr'><strong>vetﬂit</strong></span> <span class='ocrx_word' id='word_1_537' title='bbox 636 4939 805 4995; x_wconf 79' lang='lat' dir='ltr'><strong>textui</strong></span> <span class='ocrx_word' id='word_1_538' title='bbox 834 4938 1018 4993; x_wconf 86' lang='lat' dir='ltr'><strong>Diurni</strong></span> <span class='ocrx_word' id='word_1_539' title='bbox 1046 4937 1391 5007; x_wconf 83' lang='lat' dir='ltr'><strong>subjungere.</strong></span> 
     </span>
    </p>
   </div>
   <div class='ocr_carea' id='block_1_84' title="bbox 302 5048 1787 5123">
    <p class='ocr_par' dir='ltr' id='par_1_84' title="bbox 302 5048 1787 5123">
     <span class='ocr_line' id='line_1_84' title="bbox 302 5048 1787 5123; baseline -0.005 -16"><span class='ocrx_word' id='word_1_540' title='bbox 302 5050 383 5123; x_wconf 60' lang='grc' dir='ltr'><strong>εἰ.</strong></span> <span class='ocrx_word' id='word_1_541' title='bbox 414 5053 497 5108; x_wconf 82' lang='lat' dir='ltr'><strong>De</strong></span> <span class='ocrx_word' id='word_1_542' title='bbox 536 5052 701 5107; x_wconf 86' lang='lat' dir='ltr'><strong>literis</strong></span> <span class='ocrx_word' id='word_1_543' title='bbox 727 5051 1108 5123; x_wconf 74' lang='lat' dir='ltr'><strong>pertinentibus</strong></span> <span class='ocrx_word' id='word_1_544' title='bbox 1127 5049 1196 5123; x_wconf 79' lang='lat' dir='ltr'><strong>ad</strong></span> <span class='ocrx_word' id='word_1_545' title='bbox 1232 5048 1614 5103; x_wconf 85' lang='lat' dir='ltr'><strong>ordinationem</strong></span> <span class='ocrx_word' id='word_1_546' title='bbox 1640 5062 1787 5101; x_wconf 89' lang='lat' dir='ltr'><strong>sum-</strong></span> 
     </span>
    </p>
   </div>
   <div class='ocr_carea' id='block_1_85' title="bbox 814 5119 1207 5190">
    <p class='ocr_par' dir='ltr' id='par_1_85' title="bbox 814 5119 1207 5190">
     <span class='ocr_line' id='line_1_85' title="bbox 814 5119 1207 5190; baseline 0 -16"><span class='ocrx_word' id='word_1_547' title='bbox 814 5121 887 5174; x_wconf 89' lang='lat' dir='ltr'><strong>mi</strong></span> <span class='ocrx_word' id='word_1_548' title='bbox 915 5119 1207 5190; x_wconf 82' lang='lat' dir='ltr'><strong>Pontiﬁcis.</strong></span> 
     </span>
    </p>
   </div>
   <div class='ocr_carea' id='block_1_86' title="bbox 302 5206 1790 5277">
    <p class='ocr_par' dir='ltr' id='par_1_86' title="bbox 302 5206 1790 5277">
     <span class='ocr_line' id='line_1_86' title="bbox 302 5206 1790 5277; baseline -0.002 -14"><span class='ocrx_word' id='word_1_549' title='bbox 302 5210 338 5263; x_wconf 92' lang='lat' dir='ltr'><strong>l.</strong></span> <span class='ocrx_word' id='word_1_550' title='bbox 365 5211 483 5268; x_wconf 79' lang='lat' dir='ltr'><strong>Dixi</strong></span> <span class='ocrx_word' id='word_1_551' title='bbox 511 5213 762 5277; x_wconf 89' lang='lat' dir='ltr'><strong>in-notis,</strong></span> <span class='ocrx_word' id='word_1_552' title='bbox 813 5226 922 5265; x_wconf 89' lang='lat' dir='ltr'><strong>non</strong></span> <span class='ocrx_word' id='word_1_553' title='bbox 956 5210 1266 5264; x_wconf 81' lang='lat' dir='ltr'><strong>Ravennam</strong></span> <span class='ocrx_word' id='word_1_554' title='bbox 1316 5215 1547 5272; x_wconf 89' lang='lat' dir='ltr'><strong>tantum,</strong></span> <span class='ocrx_word' id='word_1_555' title='bbox 1600 5206 1697 5261; x_wconf 90' lang='lat' dir='ltr'><strong>sed</strong></span> <span class='ocrx_word' id='word_1_556' title='bbox 1734 5206 1790 5260; x_wconf 91' lang='lat' dir='ltr'><strong>in</strong></span> 
     </span>
    </p>
   </div>
   <div class='ocr_carea' id='block_1_87' title="bbox 243 5294 1790 5373">
    <p class='ocr_par' dir='ltr' id='par_1_87' title="bbox 243 5294 1790 5373">
     <span class='ocr_line' id='line_1_87' title="bbox 243 5294 1790 5373; baseline -0.002 -20"><span class='ocrx_word' id='word_1_557' title='bbox 243 5300 415 5355; x_wconf 83' lang='lat' dir='ltr'><strong>urbem</strong></span> <span class='ocrx_word' id='word_1_558' title='bbox 463 5316 679 5373; x_wconf 87' lang='lat' dir='ltr'><strong>quoque</strong></span> <span class='ocrx_word' id='word_1_559' title='bbox 729 5300 934 5371; x_wconf 82' lang='lat' dir='ltr'><strong>regiam</strong></span> <span class='ocrx_word' id='word_1_560' title='bbox 983 5298 1178 5353; x_wconf 88' lang='lat' dir='ltr'><strong>missas</strong></span> <span class='ocrx_word' id='word_1_561' title='bbox 1229 5295 1398 5351; x_wconf 88' lang='lat' dir='ltr'><strong>fuisse</strong></span> <span class='ocrx_word' id='word_1_562' title='bbox 1440 5311 1473 5349; x_wconf 91' lang='lat' dir='ltr'><strong>a</strong></span> <span class='ocrx_word' id='word_1_563' title='bbox 1531 5294 1790 5350; x_wconf 77' lang='lat' dir='ltr'><strong>Romanae</strong></span> 
     </span>
    </p>
   </div>
   <div class='ocr_carea' id='block_1_88' title="bbox 243 5386 1792 5463">
    <p class='ocr_par' dir='ltr' id='par_1_88' title="bbox 243 5386 1792 5463">
     <span class='ocr_line' id='line_1_88' title="bbox 243 5386 1792 5463; baseline -0.005 -15"><span class='ocrx_word' id='word_1_564' title='bbox 243 5389 484 5451; x_wconf 59' lang='lat' dir='ltr'><strong>Ecclesia</strong></span> <span class='ocrx_word' id='word_1_565' title='bbox 512 5396 693 5460; x_wconf 84' lang='lat' dir='ltr'><strong>Clero,</strong></span> <span class='ocrx_word' id='word_1_566' title='bbox 721 5392 1030 5463; x_wconf 88' lang='lat' dir='ltr'><strong>Populoque</strong></span> <span class='ocrx_word' id='word_1_567' title='bbox 1052 5390 1298 5445; x_wconf 84' lang='lat' dir='ltr'><strong>Romano</strong></span> <span class='ocrx_word' id='word_1_568' title='bbox 1320 5389 1508 5443; x_wconf 88' lang='lat' dir='ltr'><strong>literas</strong></span> <span class='ocrx_word' id='word_1_569' title='bbox 1540 5389 1608 5443; x_wconf 91' lang='lat' dir='ltr'><strong>ad</strong></span> <span class='ocrx_word' id='word_1_570' title='bbox 1635 5386 1792 5442; x_wconf 91' lang='lat' dir='ltr'><strong>Prin-</strong></span> 
     </span>
    </p>
   </div>
   <div class='ocr_carea' id='block_1_89' title="bbox 244 5476 1792 5552">
    <p class='ocr_par' dir='ltr' id='par_1_89' title="bbox 244 5476 1792 5552">
     <span class='ocr_line' id='line_1_89' title="bbox 244 5476 1792 5552; baseline -0.003 -18"><span class='ocrx_word' id='word_1_571' title='bbox 244 5480 423 5551; x_wconf 85' lang='lat' dir='ltr'><strong>cipem,</strong></span> <span class='ocrx_word' id='word_1_572' title='bbox 452 5492 512 5537; x_wconf 88' lang='lat' dir='ltr'><strong>ut</strong></span> <span class='ocrx_word' id='word_1_573' title='bbox 535 5484 705 5539; x_wconf 85' lang='lat' dir='ltr'><strong>Electi</strong></span> <span class='ocrx_word' id='word_1_574' title='bbox 745 5480 1062 5552; x_wconf 87' lang='lat' dir='ltr'><strong>approbatio</strong></span> <span class='ocrx_word' id='word_1_575' title='bbox 1087 5478 1464 5543; x_wconf 87' lang='lat' dir='ltr'><strong>obtineretur;</strong></span> <span class='ocrx_word' id='word_1_576' title='bbox 1496 5484 1551 5531; x_wconf 86' lang='lat' dir='ltr'><strong>et</strong></span> <span class='ocrx_word' id='word_1_577' title='bbox 1571 5478 1638 5531; x_wconf 92' lang='lat' dir='ltr'><strong>ad</strong></span> <span class='ocrx_word' id='word_1_578' title='bbox 1682 5476 1792 5531; x_wconf 88' lang='lat' dir='ltr'><strong>An-</strong></span> 
     </span>
    </p>
   </div>
   <div class='ocr_carea' id='block_1_90' title="bbox 244 5568 1790 5642">
    <p class='ocr_par' dir='ltr' id='par_1_90' title="bbox 244 5568 1790 5642">
     <span class='ocr_line' id='line_1_90' title="bbox 244 5568 1790 5642; baseline -0.001 -17"><span class='ocrx_word' id='word_1_579' title='bbox 244 5575 454 5631; x_wconf 87' lang='lat' dir='ltr'><strong>titistem</strong></span> <span class='ocrx_word' id='word_1_580' title='bbox 500 5576 861 5642; x_wconf 85' lang='lat' dir='ltr'><strong>Patritiosqne</strong></span> <span class='ocrx_word' id='word_1_581' title='bbox 921 5581 976 5627; x_wconf 90' lang='lat' dir='ltr'><strong>et</strong></span> <span class='ocrx_word' id='word_1_582' title='bbox 1018 5571 1153 5625; x_wconf 70' lang='lat' dir='ltr'><strong>aula:</strong></span> <span class='ocrx_word' id='word_1_583' title='bbox 1210 5568 1487 5637; x_wconf 83' lang='lat' dir='ltr'><strong>Principes</strong></span> <span class='ocrx_word' id='word_1_584' title='bbox 1514 5609 1526 5631; x_wconf 89' lang='lat'><strong>,</strong></span> <span class='ocrx_word' id='word_1_585' title='bbox 1582 5584 1790 5624; x_wconf 89' lang='lat' dir='ltr'><strong>necnon</strong></span> 
     </span>
    </p>
   </div>
   <div class='ocr_carea' id='block_1_91' title="bbox 247 5659 1791 5728">
    <p class='ocr_par' dir='ltr' id='par_1_91' title="bbox 247 5659 1791 5728">
     <span class='ocr_line' id='line_1_91' title="bbox 247 5659 1791 5728; baseline -0.003 -10"><span class='ocrx_word' id='word_1_586' title='bbox 247 5664 372 5718; x_wconf 76' lang='lat' dir='ltr'><strong>sedis</strong></span> <span class='ocrx_word' id='word_1_587' title='bbox 399 5666 716 5727; x_wconf 73' lang='lat' dir='ltr'><strong>Apostoliczc</strong></span> <span class='ocrx_word' id='word_1_588' title='bbox 736 5663 1175 5728; x_wconf 68' lang='lat' dir='ltr'><strong>Attocrisiarium,</strong></span> <span class='ocrx_word' id='word_1_589' title='bbox 1200 5668 1258 5713; x_wconf 91' lang='lat' dir='ltr'><strong>ut</strong></span> <span class='ocrx_word' id='word_1_590' title='bbox 1286 5659 1351 5713; x_wconf 88' lang='lat' dir='ltr'><strong>de</strong></span> <span class='ocrx_word' id='word_1_591' title='bbox 1399 5660 1610 5728; x_wconf 81' lang='lat' dir='ltr'><strong>negotio</strong></span> <span class='ocrx_word' id='word_1_592' title='bbox 1651 5660 1791 5728; x_wconf 85' lang='lat' dir='ltr'><strong>apud</strong></span> 
     </span>
    </p>
   </div>
   <div class='ocr_carea' id='block_1_92' title="bbox 1889 4472 3460 4543">
    <p class='ocr_par' dir='ltr' id='par_1_92' title="bbox 1889 4472 3460 4543">
     <span class='ocr_line' id='line_1_92' title="bbox 1889 4472 3460 4543; baseline -0.003 -10"><span class='ocrx_word' id='word_1_593' title='bbox 1889 4478 2152 4533; x_wconf 85' lang='lat' dir='ltr'><strong>Joannem</strong></span> <span class='ocrx_word' id='word_1_594' title='bbox 2181 4472 2538 4529; x_wconf 82' lang='lat' dir='ltr'><strong>Exconsulem</strong></span> <span class='ocrx_word' id='word_1_595' title='bbox 2567 4487 2632 4526; x_wconf 92' lang='lat' dir='ltr'><strong>ac</strong></span> <span class='ocrx_word' id='word_1_596' title='bbox 2654 4472 2962 4535; x_wconf 82' lang='lat' dir='ltr'><strong>Patritium,</strong></span> <span class='ocrx_word' id='word_1_597' title='bbox 2994 4479 3106 4524; x_wconf 88' lang='lat' dir='ltr'><strong>tum</strong></span> <span class='ocrx_word' id='word_1_598' title='bbox 3136 4472 3370 4543; x_wconf 88' lang='lat' dir='ltr'><strong>denique</strong></span> <span class='ocrx_word' id='word_1_599' title='bbox 3390 4475 3460 4529; x_wconf 85' lang='lat' dir='ltr'><strong>ad</strong></span> 
     </span>
    </p>
   </div>
   <div class='ocr_carea' id='block_1_93' title="bbox 1891 4561 3450 4638">
    <p class='ocr_par' dir='ltr' id='par_1_93' title="bbox 1891 4561 3450 4638">
     <span class='ocr_line' id='line_1_93' title="bbox 1891 4561 3450 4638; baseline -0.002 -16"><span class='ocrx_word' id='word_1_600' title='bbox 1891 4568 2198 4638; x_wconf 88' lang='lat' dir='ltr'><strong>Philippum</strong></span> <span class='ocrx_word' id='word_1_601' title='bbox 2230 4563 2497 4620; x_wconf 89' lang='lat' dir='ltr'><strong>Comitem</strong></span> <span class='ocrx_word' id='word_1_602' title='bbox 2534 4562 2939 4617; x_wconf 81' lang='lat' dir='ltr'><strong>Excubitorum.</strong></span> <span class='ocrx_word' id='word_1_603' title='bbox 2975 4561 3110 4616; x_wconf 88' lang='lat' dir='ltr'><strong>Cum</strong></span> <span class='ocrx_word' id='word_1_604' title='bbox 3164 4564 3308 4618; x_wconf 88' lang='lat' dir='ltr'><strong>enim</strong></span> <span class='ocrx_word' id='word_1_605' title='bbox 3350 4564 3450 4630; x_wconf 90' lang='lat' dir='ltr'><strong>illi,</strong></span> 
     </span>
    </p>
   </div>
   <div class='ocr_carea' id='block_1_94' title="bbox 1891 4651 3462 4728">
    <p class='ocr_par' dir='ltr' id='par_1_94' title="bbox 1891 4651 3462 4728">
     <span class='ocr_line' id='line_1_94' title="bbox 1891 4651 3462 4728; baseline -0.005 -16"><span class='ocrx_word' id='word_1_606' title='bbox 1891 4674 1997 4728; x_wconf 89' lang='lat' dir='ltr'><strong>qua</strong></span> <span class='ocrx_word' id='word_1_607' title='bbox 2022 4656 2274 4711; x_wconf 87' lang='lat' dir='ltr'><strong>valebant</strong></span> <span class='ocrx_word' id='word_1_608' title='bbox 2300 4653 2442 4725; x_wconf 89' lang='lat' dir='ltr'><strong>apud</strong></span> <span class='ocrx_word' id='word_1_609' title='bbox 2476 4652 2858 4721; x_wconf 87' lang='lat' dir='ltr'><strong>Imperatorem</strong></span> <span class='ocrx_word' id='word_1_610' title='bbox 2875 4651 3183 4717; x_wconf 87' lang='lat' dir='ltr'><strong>autoritate,</strong></span> <span class='ocrx_word' id='word_1_611' title='bbox 3213 4654 3266 4707; x_wconf 88' lang='lat' dir='ltr'><strong>id</strong></span> <span class='ocrx_word' id='word_1_612' title='bbox 3294 4670 3462 4725; x_wconf 64' lang='lat' dir='ltr'><strong>pracs-</strong></span> 
     </span>
    </p>
   </div>
   <div class='ocr_carea' id='block_1_95' title="bbox 1892 4742 3462 4817">
    <p class='ocr_par' dir='ltr' id='par_1_95' title="bbox 1892 4742 3462 4817">
     <span class='ocr_line' id='line_1_95' title="bbox 1892 4742 3462 4817; baseline -0.002 -13"><span class='ocrx_word' id='word_1_613' title='bbox 1892 4749 2128 4804; x_wconf 83' lang='lat' dir='ltr'><strong>titissent</strong></span> <span class='ocrx_word' id='word_1_614' title='bbox 2152 4746 2298 4816; x_wconf 89' lang='lat' dir='ltr'><strong>quod</strong></span> <span class='ocrx_word' id='word_1_615' title='bbox 2326 4745 2500 4816; x_wconf 87' lang='lat' dir='ltr'><strong>rogati</strong></span> <span class='ocrx_word' id='word_1_616' title='bbox 2522 4742 2756 4806; x_wconf 87' lang='lat' dir='ltr'><strong>fuerant,</strong></span> <span class='ocrx_word' id='word_1_617' title='bbox 2798 4742 2985 4813; x_wconf 90' lang='lat' dir='ltr'><strong>utique</strong></span> <span class='ocrx_word' id='word_1_618' title='bbox 3032 4758 3063 4797; x_wconf 91' lang='lat' dir='ltr'><strong>a</strong></span> <span class='ocrx_word' id='word_1_619' title='bbox 3091 4744 3249 4799; x_wconf 83' lang='lat' dir='ltr'><strong>Clero</strong></span> <span class='ocrx_word' id='word_1_620' title='bbox 3281 4763 3378 4817; x_wconf 82' lang='lat' dir='ltr'><strong>per</strong></span> <span class='ocrx_word' id='word_1_621' title='bbox 3401 4748 3462 4802; x_wconf 85' lang='lat' dir='ltr'><strong>li-</strong></span> 
     </span>
    </p>
   </div>
   <div class='ocr_carea' id='block_1_96' title="bbox 1893 4832 3463 4908">
    <p class='ocr_par' dir='ltr' id='par_1_96' title="bbox 1893 4832 3463 4908">
     <span class='ocr_line' id='line_1_96' title="bbox 1893 4832 3463 4908; baseline 0.001 -15"><span class='ocrx_word' id='word_1_622' title='bbox 1893 4849 2038 4908; x_wconf 82' lang='lat' dir='ltr'><strong>teras</strong></span> <span class='ocrx_word' id='word_1_623' title='bbox 2064 4837 2234 4892; x_wconf 82' lang='lat' dir='ltr'><strong>Roma</strong></span> <span class='ocrx_word' id='word_1_624' title='bbox 2279 4836 2532 4904; x_wconf 86' lang='lat' dir='ltr'><strong>scriptas,</strong></span> <span class='ocrx_word' id='word_1_625' title='bbox 2586 4833 2653 4888; x_wconf 92' lang='lat' dir='ltr'><strong>de</strong></span> <span class='ocrx_word' id='word_1_626' title='bbox 2696 4832 2897 4887; x_wconf 88' lang='lat' dir='ltr'><strong>violata</strong></span> <span class='ocrx_word' id='word_1_627' title='bbox 2948 4833 3185 4890; x_wconf 87' lang='lat' dir='ltr'><strong>amicitia</strong></span> <span class='ocrx_word' id='word_1_628' title='bbox 3241 4847 3463 4895; x_wconf 89' lang='lat' dir='ltr'><strong>sanctus</strong></span> 
     </span>
    </p>
   </div>
   <div class='ocr_carea' id='block_1_97' title="bbox 1892 4922 3463 4997">
    <p class='ocr_par' dir='ltr' id='par_1_97' title="bbox 1892 4922 3463 4997">
     <span class='ocr_line' id='line_1_97' title="bbox 1892 4922 3463 4997; baseline 0 -15"><span class='ocrx_word' id='word_1_629' title='bbox 1892 4928 2142 4984; x_wconf 72' lang='lat' dir='ltr'><strong>Pontiféx</strong></span> <span class='ocrx_word' id='word_1_630' title='bbox 2167 4942 2288 4982; x_wconf 91' lang='lat' dir='ltr'><strong>cum</strong></span> <span class='ocrx_word' id='word_1_631' title='bbox 2318 4925 2448 4996; x_wconf 90' lang='lat' dir='ltr'><strong>ipsis</strong></span> <span class='ocrx_word' id='word_1_632' title='bbox 2472 4923 2844 4994; x_wconf 89' lang='lat' dir='ltr'><strong>conqueritur,</strong></span> <span class='ocrx_word' id='word_1_633' title='bbox 2874 4931 2929 4977; x_wconf 88' lang='lat' dir='ltr'><strong>et</strong></span> <span class='ocrx_word' id='word_1_634' title='bbox 2960 4939 3083 4978; x_wconf 90' lang='lat' dir='ltr'><strong>cum</strong></span> <span class='ocrx_word' id='word_1_635' title='bbox 3110 4922 3315 4982; x_wconf 87' lang='lat' dir='ltr'><strong>Joanne</strong></span> <span class='ocrx_word' id='word_1_636' title='bbox 3342 4928 3463 4997; x_wconf 91' lang='lat' dir='ltr'><strong>qui-</strong></span> 
     </span>
    </p>
   </div>
   <div class='ocr_carea' id='block_1_98' title="bbox 1893 5014 3460 5090">
    <p class='ocr_par' dir='ltr' id='par_1_98' title="bbox 1893 5014 3460 5090">
     <span class='ocr_line' id='line_1_98' title="bbox 1893 5014 3460 5090; baseline -0.001 -14"><span class='ocrx_word' id='word_1_637' title='bbox 1893 5021 2016 5077; x_wconf 90' lang='lat' dir='ltr'><strong>dem</strong></span> <span class='ocrx_word' id='word_1_638' title='bbox 2060 5019 2325 5090; x_wconf 87' lang='lat' dir='ltr'><strong>Episcopo</strong></span> <span class='ocrx_word' id='word_1_639' title='bbox 2371 5017 2565 5089; x_wconf 85' lang='lat' dir='ltr'><strong>(Epist.</strong></span> <span class='ocrx_word' id='word_1_640' title='bbox 2611 5016 2668 5087; x_wconf 77' lang='grc'><strong>4)</strong></span> <span class='ocrx_word' id='word_1_641' title='bbox 2702 5034 2716 5070; x_wconf 91' lang='lat'><strong>:</strong></span> <span class='ocrx_word' id='word_1_642' title='bbox 2750 5034 2768 5066; x_wconf 75' lang='grc' dir='ltr'>ι</span> <span class='ocrx_word' id='word_1_643' title='bbox 2802 5014 2920 5082; x_wconf 85' lang='lat' dir='ltr'><strong>Quo</strong></span> <span class='ocrx_word' id='word_1_644' title='bbox 2961 5016 3139 5072; x_wconf 91' lang='lat' dir='ltr'><strong>studio</strong></span> <span class='ocrx_word' id='word_1_645' title='bbox 3167 5018 3460 5090; x_wconf 86' lang='lat' dir='ltr'><strong>Episcopa-</strong></span> 
     </span>
    </p>
   </div>
   <div class='ocr_carea' id='block_1_99' title="bbox 1895 5108 3463 5182">
    <p class='ocr_par' dir='ltr' id='par_1_99' title="bbox 1895 5108 3463 5182">
     <span class='ocr_line' id='line_1_99' title="bbox 1895 5108 3463 5182; baseline -0.001 -15"><span class='ocrx_word' id='word_1_646' title='bbox 1895 5122 1981 5167; x_wconf 90' lang='lat' dir='ltr'><strong>tus</strong></span> <span class='ocrx_word' id='word_1_647' title='bbox 2021 5113 2260 5182; x_wconf 89' lang='lat' dir='ltr'><strong>pondera</strong></span> <span class='ocrx_word' id='word_1_648' title='bbox 2299 5109 2484 5180; x_wconf 78' lang='lat' dir='ltr'><strong>fugere</strong></span> <span class='ocrx_word' id='word_1_649' title='bbox 2519 5108 2798 5163; x_wconf 88' lang='lat' dir='ltr'><strong>volueritis</strong></span> <span class='ocrx_word' id='word_1_650' title='bbox 2842 5109 2992 5173; x_wconf 86' lang='lat' dir='ltr'><strong>scio;</strong></span> <span class='ocrx_word' id='word_1_651' title='bbox 3041 5117 3098 5164; x_wconf 90' lang='lat' dir='ltr'><strong>et</strong></span> <span class='ocrx_word' id='word_1_652' title='bbox 3140 5120 3317 5166; x_wconf 85' lang='lat' dir='ltr'><strong>tamen</strong></span> <span class='ocrx_word' id='word_1_653' title='bbox 3347 5112 3463 5166; x_wconf 60' lang='lat' dir='ltr'><strong>haec</strong></span> 
     </span>
    </p>
   </div>
   <div class='ocr_carea' id='block_1_100' title="bbox 1894 5198 3459 5270">
    <p class='ocr_par' dir='ltr' id='par_1_100' title="bbox 1894 5198 3459 5270">
     <span class='ocr_line' id='line_1_100' title="bbox 1894 5198 3459 5270; baseline -0.003 -13"><span class='ocrx_word' id='word_1_654' title='bbox 1894 5203 2082 5257; x_wconf 88' lang='lat' dir='ltr'><strong>eadem</strong></span> <span class='ocrx_word' id='word_1_655' title='bbox 2106 5200 2456 5270; x_wconf 86' lang='lat' dir='ltr'><strong>Episcopatus</strong></span> <span class='ocrx_word' id='word_1_656' title='bbox 2472 5201 2732 5268; x_wconf 88' lang='lat' dir='ltr'><strong>pondera,</strong></span> <span class='ocrx_word' id='word_1_657' title='bbox 2762 5214 2831 5253; x_wconf 91' lang='lat' dir='ltr'><strong>ne</strong></span> <span class='ocrx_word' id='word_1_658' title='bbox 2878 5198 3011 5253; x_wconf 85' lang='lat' dir='ltr'><strong>mihi</strong></span> <span class='ocrx_word' id='word_1_659' title='bbox 3047 5198 3307 5254; x_wconf 87' lang='lat' dir='ltr'><strong>deberent</strong></span> <span class='ocrx_word' id='word_1_660' title='bbox 3353 5200 3459 5253; x_wconf 86' lang='lat' dir='ltr'><strong>im-</strong></span> 
     </span>
    </p>
   </div>
   <div class='ocr_carea' id='block_1_101' title="bbox 1893 5287 3464 5366">
    <p class='ocr_par' dir='ltr' id='par_1_101' title="bbox 1893 5287 3464 5366">
     <span class='ocr_line' id='line_1_101' title="bbox 1893 5287 3464 5366; baseline -0.003 -19"><span class='ocrx_word' id='word_1_661' title='bbox 1893 5295 2043 5366; x_wconf 90' lang='lat' dir='ltr'><strong>poni,</strong></span> <span class='ocrx_word' id='word_1_662' title='bbox 2065 5308 2171 5347; x_wconf 86' lang='lat' dir='ltr'><strong>uon</strong></span> <span class='ocrx_word' id='word_1_663' title='bbox 2197 5291 2495 5347; x_wconf 86' lang='lat' dir='ltr'><strong>restitistis.</strong></span> <span class='ocrx_word' id='word_1_664' title='bbox 2519 5288 2745 5346; x_wconf 89' lang='lat' dir='ltr'><strong>Constat</strong></span> <span class='ocrx_word' id='word_1_665' title='bbox 2764 5305 2914 5361; x_wconf 85' lang='lat' dir='ltr'><strong>ergo,</strong></span> <span class='ocrx_word' id='word_1_666' title='bbox 2940 5290 3068 5361; x_wconf 91' lang='lat' dir='ltr'><strong>quia</strong></span> <span class='ocrx_word' id='word_1_667' title='bbox 3097 5306 3204 5345; x_wconf 90' lang='lat' dir='ltr'><strong>non</strong></span> <span class='ocrx_word' id='word_1_668' title='bbox 3231 5305 3337 5352; x_wconf 77' lang='lat' dir='ltr'><strong>me,</strong></span> <span class='ocrx_word' id='word_1_669' title='bbox 3365 5287 3464 5342; x_wconf 87' lang='lat' dir='ltr'><strong>sic-</strong></span> 
     </span>
    </p>
   </div>
   <div class='ocr_carea' id='block_1_102' title="bbox 1896 5376 3461 5452">
    <p class='ocr_par' dir='ltr' id='par_1_102' title="bbox 1896 5376 3461 5452">
     <span class='ocr_line' id='line_1_102' title="bbox 1896 5376 3461 5452; baseline -0.01 -10"><span class='ocrx_word' id='word_1_670' title='bbox 1896 5394 1957 5441; x_wconf 89' lang='lat' dir='ltr'><strong>ut</strong></span> <span class='ocrx_word' id='word_1_671' title='bbox 1974 5401 2090 5450; x_wconf 85' lang='lat' dir='ltr'><strong>vos,</strong></span> <span class='ocrx_word' id='word_1_672' title='bbox 2114 5383 2360 5452; x_wconf 79' lang='lat' dir='ltr'><strong>diligitis,</strong></span> <span class='ocrx_word' id='word_1_673' title='bbox 2382 5382 2473 5452; x_wconf 91' lang='lat' dir='ltr'><strong>qui</strong></span> <span class='ocrx_word' id='word_1_674' title='bbox 2502 5380 2591 5435; x_wconf 85' lang='lat' dir='ltr'><strong>illa</strong></span> <span class='ocrx_word' id='word_1_675' title='bbox 2613 5396 2699 5436; x_wconf 91' lang='lat' dir='ltr'><strong>me</strong></span> <span class='ocrx_word' id='word_1_676' title='bbox 2720 5380 2965 5434; x_wconf 88' lang='lat' dir='ltr'><strong>voluistis</strong></span> <span class='ocrx_word' id='word_1_677' title='bbox 2982 5394 3147 5434; x_wconf 87' lang='lat' dir='ltr'><strong>onera</strong></span> <span class='ocrx_word' id='word_1_678' title='bbox 3168 5376 3461 5442; x_wconf 88' lang='lat' dir='ltr'><strong>suscipere,</strong></span> 
     </span>
    </p>
   </div>
   <div class='ocr_carea' id='block_1_103' title="bbox 1897 5467 3464 5547">
    <p class='ocr_par' dir='ltr' id='par_1_103' title="bbox 1897 5467 3464 5547">
     <span class='ocr_line' id='line_1_103' title="bbox 1897 5467 3464 5547; baseline -0.01 -16"><span class='ocrx_word' id='word_1_679' title='bbox 1897 5492 2015 5547; x_wconf 70' lang='lat' dir='ltr'><strong>qua:</strong></span> <span class='ocrx_word' id='word_1_680' title='bbox 2037 5476 2192 5530; x_wconf 87' lang='lat' dir='ltr'><strong>vobis</strong></span> <span class='ocrx_word' id='word_1_681' title='bbox 2226 5474 2427 5543; x_wconf 86' lang='lat' dir='ltr'><strong>imponi</strong></span> <span class='ocrx_word' id='word_1_682' title='bbox 2474 5472 2739 5528; x_wconf 86' lang='lat' dir='ltr'><strong>noluistis.</strong></span> <span class='ocrx_word' id='word_1_683' title='bbox 2775 5491 2796 5523; x_wconf 74' lang='grc' dir='ltr'><strong>ι</strong></span> <span class='ocrx_word' id='word_1_684' title='bbox 2852 5471 2984 5526; x_wconf 82' lang='lat' dir='ltr'><strong>Cum</strong></span> <span class='ocrx_word' id='word_1_685' title='bbox 3032 5467 3236 5522; x_wconf 90' lang='lat' dir='ltr'><strong>Joanne</strong></span> <span class='ocrx_word' id='word_1_686' title='bbox 3285 5472 3464 5517; x_wconf 86' lang='lat' dir='ltr'><strong>autem</strong></span> 
     </span>
    </p>
   </div>
   <div class='ocr_carea' id='block_1_104' title="bbox 1898 5550 3465 5633">
    <p class='ocr_par' dir='ltr' id='par_1_104' title="bbox 1898 5550 3465 5633">
     <span class='ocr_line' id='line_1_104' title="bbox 1898 5550 3465 5633; baseline -0.01 -14"><span class='ocrx_word' id='word_1_687' title='bbox 1898 5564 2120 5619; x_wconf 88' lang='lat' dir='ltr'><strong>Patritio</strong></span> <span class='ocrx_word' id='word_1_688' title='bbox 2156 5563 2346 5633; x_wconf 83' lang='lat' dir='ltr'><strong>(Epist.</strong></span> <span class='ocrx_word' id='word_1_689' title='bbox 2369 5561 2459 5631; x_wconf 77' lang='lat'><strong>30)</strong></span> <span class='ocrx_word' id='word_1_690' title='bbox 2497 5581 2508 5615; x_wconf 90' lang='lat'>:</span> <span class='ocrx_word' id='word_1_691' title='bbox 2548 5579 2564 5611; x_wconf 78' lang='grc' dir='ltr'>ι</span> <span class='ocrx_word' id='word_1_692' title='bbox 2596 5560 2797 5615; x_wconf 88' lang='lat' dir='ltr'><strong>Contra</strong></span> <span class='ocrx_word' id='word_1_693' title='bbox 2840 5568 3079 5610; x_wconf 88' lang='lat' dir='ltr'><strong>amorem</strong></span> <span class='ocrx_word' id='word_1_694' title='bbox 3124 5566 3229 5604; x_wconf 91' lang='lat' dir='ltr'><strong>non</strong></span> <span class='ocrx_word' id='word_1_695' title='bbox 3256 5550 3465 5604; x_wconf 87' lang='lat' dir='ltr'><strong>modice</strong></span> 
     </span>
    </p>
   </div>
   <div class='ocr_carea' id='block_1_105' title="bbox 1900 5639 3461 5721">
    <p class='ocr_par' dir='ltr' id='par_1_105' title="bbox 1900 5639 3461 5721">
     <span class='ocr_line' id='line_1_105' title="bbox 1900 5639 3461 5721; baseline -0.011 -11"><span class='ocrx_word' id='word_1_696' title='bbox 1900 5655 2209 5716; x_wconf 88' lang='lat' dir='ltr'><strong>contristor,</strong></span> <span class='ocrx_word' id='word_1_697' title='bbox 2239 5652 2363 5719; x_wconf 85' lang='lat' dir='ltr'><strong>quia</strong></span> <span class='ocrx_word' id='word_1_698' title='bbox 2389 5652 2625 5721; x_wconf 89' lang='lat' dir='ltr'><strong>quietem</strong></span> <span class='ocrx_word' id='word_1_699' title='bbox 2648 5663 2733 5703; x_wconf 91' lang='lat' dir='ltr'><strong>me</strong></span> <span class='ocrx_word' id='word_1_700' title='bbox 2758 5657 2998 5715; x_wconf 63' lang='lat' dir='ltr'><strong>qumrcre</strong></span> <span class='ocrx_word' id='word_1_701' title='bbox 3028 5639 3375 5710; x_wconf 74' lang='lat' dir='ltr'><strong>cognovistis,</strong></span> <span class='ocrx_word' id='word_1_702' title='bbox 3405 5646 3461 5694; x_wconf 83' lang='lat' dir='ltr'><strong>ct</strong></span> 
     </span>
    </p>
   </div>
  </div>
