3990 6184
443 303 542 363 ﬁt

1684 295 1777 350 AD
1811 293 2073 350 LIBRUM
2112 295 2425 352 DIURNUM

3592 297 3700 354 131

445 417 514 472 ad
545 413 973 485 inquietudinem
1012 409 1357 483 perduxistis,
1394 417 1496 462 etc.
1539 427 1556 459 ι
1594 408 1727 461 Cum
1768 406 2014 478 Philippo
2045 412 2093 470 Α
2118 408 2358 479 pallium,
2385 416 2441 463 et
2477 407 2718 463 ascendit
2745 407 2810 461 ad
2847 408 3046 462 sedem.
3071 427 3089 459 ι
3133 406 3380 474 Pallium,
3409 410 3699 479 plenitudi-

448 507 680 577 denique
733 503 1117 559 Excubitorum
1161 499 1368 554 Comite
1404 497 1596 568 (Epist.
1624 494 1714 569 51)
1757 514 1768 550 :
1824 514 1842 546 ι
1880 496 2020 550 Indi-

450 613 590 669 gnus
613 613 712 667 ego
738 596 893 668 157
946 593 1013 647 ad
1034 590 1375 661 suscipienda
1423 588 1776 658 Episcopatus
1830 601 2015 646 onera,

452 689 675 756 iussioni
696 685 1079 757 omnipotentis
1116 682 1232 747 Dei,
1263 689 1565 749 vestrasque
1612 679 1881 734 voluntati
1934 695 2021 734 me

454 779 687 843 subdidi,
732 777 818 832 cui
855 791 941 829 me
991 786 1224 845 praeesse
1276 771 1527 842 largitate
1583 771 1758 842 magis
1813 771 2021 842 gratite,

455 869 821 943 quamjudicii
851 866 1208 923 aestimatione
1247 864 1514 920 voluistis.
1557 884 1576 916 ι
1638 863 1872 917 Dubium
1916 878 2023 918 non

454 971 558 1028 cst,
581 963 708 1033 quin
742 961 1014 1015 Honorato
1028 956 1268 1012 Diacono
1280 956 1425 1011 sedis
1439 953 1759 1025 Apostolicze
1781 952 2026 1021 Respon-

455 1055 554 1108 sati
582 1055 632 1107 in
657 1050 883 1107 eandem
912 1048 1239 1103 sententiam
1262 1046 1562 1115 scripserit.

520 1146 581 1201 11.
608 1145 728 1199 Dixi
779 1144 943 1199 etiam
967 1140 1232 1212 suSpicari
1267 1139 1540 1195 neminem
1577 1136 1778 1192 debere
1800 1177 1815 1201 ,
1880 1135 2026 1204 ejus-

452 1236 593 1290 modi
618 1235 925 1289 litterarum
965 1230 1249 1286 formulam
1275 1230 1536 1284 Diurnum
1594 1227 1823 1283 deﬁcere
1853 1246 1865 1279 :
1891 1227 2031 1281 data:

451 1335 580 1382 sunt
605 1326 873 1395 siquidem
896 1323 1246 1393 proportione
1271 1336 1302 1375 a
1332 1322 1573 1391 paribus,
1599 1319 1805 1390 paucis,
1837 1327 1897 1373 ut
1939 1318 2028 1382 ﬁt,

454 1417 785 1481 immutatis;
812 1415 1014 1470 ezedem
1027 1428 1220 1483 nempe
1232 1410 1827 1481 ConstantinOpolitano
1855 1409 2034 1465 Antis-

456 1492 562 1572 titi,
587 1522 706 1576 qua:
727 1505 1047 1569 Ravennati,
1073 1512 1180 1560 etc.
1204 1504 1262 1559 Id
1284 1511 1617 1567 utasseram,
1635 1499 2028 1556 efﬁciuntduo:

456 1596 710 1660 alterum,
739 1595 883 1664 quod
910 1593 1099 1649 eadem
1128 1593 1289 1648 fuerit
1318 1593 1588 1648 scribendi
1606 1607 1771 1647 causa
1785 1592 1853 1646 ad
1866 1590 2035 1647 Cons-

458 1685 935 1757 tantinopolitanos
962 1698 1026 1740 ac
1050 1683 1414 1746 Ravennates,
1463 1682 1606 1736 idem
1630 1693 2029 1751 argumentum,

2125 514 2245 552 ncm
2275 500 2555 568 potestatis
2577 540 2591 563 ,
2633 501 2949 575 ἔνθρονισμός
2989 500 3393 569 praesidentium
3428 503 3704 573 signiﬁca-

2125 588 2239 653 bat,
2271 590 2506 643 nondum
2535 589 2641 643 ulla
2689 590 3056 646 coronationis
3101 592 3305 645 mentio
3325 631 3342 657 ,
3373 591 3544 648 Roma
3588 611 3707 652 ser-

2127 676 2304 732 viente
2326 678 2504 734 adhuc
2528 678 2773 734 stcculari
2794 680 3067 748 potestati.

2196 766 2285 821 lV.
2326 767 2601 839 Suprema:
2628 770 2683 824 in
2709 770 3018 825 universam
3060 768 3356 827 Ecclesiam
3395 776 3711 832 autoritatis

2130 857 2385 912 indicium
2414 856 2544 921 fuit,
2577 872 2682 913 non
2714 858 2937 928 przecise
2960 859 3205 929 acceptio
3233 859 3381 930 pallii
3414 879 3428 913 :
3457 876 3709 918 commu-

2129 947 2214 1002 nis
2241 947 2387 1001 enim
2436 946 2539 1002 fuit
2567 963 2689 1003 cum
2721 948 2974 1005 omnibus
3006 950 3374 1017 Patriarchis;
3425 953 3520 1009 sed
3549 968 3710 1010 acce-

2128 1036 2243 1105 ptio
2276 1052 2343 1093 ex
2368 1037 2524 1092 altari
2552 1037 2610 1093 S.
2641 1038 2811 1107 Petri,
2840 1042 2928 1096 cui
2955 1042 3098 1099 Deus
3126 1044 3268 1100 ovile
3295 1060 3453 1100 suum
3478 1060 3714 1115 pascen-

2131 1130 2259 1184 dum
2293 1130 2603 1197 commisit,
2648 1130 2911 1203 cujusque
2953 1135 3010 1207 in
3064 1135 3242 1191 locum
3285 1138 3529 1193 succedit
3558 1138 3711 1195 Pon—

2133 1218 2285 1275 til'ex.

2202 1310 2267 1365 Υ.
2307 1311 2477 1378 Quem
2501 1313 2799 1368 servaverit
2824 1314 2953 1369 olim
2978 1314 3217 1370 Ecclesia
3244 1315 3523 1371 orientalis
3541 1317 3712 1372 ritum

2134 1399 2189 1454 in
2237 1401 2552 1457 ordinandis
2604 1402 2717 1457 suis
2757 1401 3121 1468 Patriarchis,
3165 1418 3274 1459 non
3327 1412 3412 1461 est
3450 1420 3716 1475 expresse

2138 1494 2389 1548 traditum
2422 1494 2474 1547 in
2502 1493 2808 1551 Ritualibus
2842 1494 3156 1551 Gmcorum
3183 1496 3382 1552 Libris.
3426 1496 3718 1553 Liberatus

2135 1585 2406 1639 Diaconus
2435 1585 2501 1640 de
2525 1584 2894 1641 Alexandrino
2919 1586 3035 1641 base
3059 1585 3227 1641 tradit
3255 1600 3271 1640 :
3310 1604 3330 1638 ι
3366 1586 3716 1643 Consuetudo

2134 1684 2219 1731 est
2247 1676 2605 1742 Alexandriae,
2636 1676 2807 1743 illum,
2847 1676 2939 1748 qui
2969 1676 3224 1734 defuncto
3252 1679 3513 1747 succedit,
3543 1693 3713 1735 excu-

457 1780 647 1839 eadem
671 1750 981 1831 necessitas
1010 1791 1023 1827 :
1053 1772 1301 1835 alterum,
1332 1772 1474 1843 quod
1503 1750 1836 1826 consuetudo
1887 1770 2029 1825 obti-
2061 1750 2107 1808 Β
2134 1769 2251 1824 bias
2275 1784 2438 1840 super
2462 1767 2699 1824 defuncti
2725 1783 2922 1840 corpus
2948 1784 3133 1841 agere,
3160 1785 3490 1841 manumque
3517 1773 3711 1828 dexte-

459 1868 638 1923 nuerit
666 1866 770 1921 illis
821 1863 1173 1935 temporibus,
1214 1863 1423 1925 literas,
1477 1876 1601 1915 cum
1644 1861 1712 1916 de
1752 1861 1941 1916 eadem
1971 1875 2032 1914 re

459 1958 702 2029 pluribus
725 1956 1086 2018 mitterentur,
1122 1952 1331 2009 similes
1358 1952 1611 2006 omnibus
1640 1950 1783 2016 dari,
1825 1952 1969 2021 quod
2001 1966 2031 2005 a

352 2114 359 2121 ο
459 2046 572 2117 pari
604 2046 902 2108 dicebatur,
931 2043 985 2098 id
1013 2051 1118 2129 est,
1147 2048 1463 2112 argumento
1489 2039 1626 2110 pari.
1652 2039 1707 2094 ld
1737 2055 1805 2095 ex
1830 2040 2033 2110 episto-

460 2135 525 2189 lis
552 2134 797 2205 Gregorii
822 2132 997 2203 Magni
1038 2140 1271 2187 constat.

529 2222 615 2277 Ill.
646 2222 840 2277 Addidi
876 2236 1141 2291 nusquam
1201 2220 1428 2290 reperiri
1491 2219 1745 2285 formam,
1804 2235 1909 2289 qua
1950 2221 2033 2273 vel

461 2316 758 2377 lixarcltus,
790 2313 874 2368 vel
900 2314 1217 2384 Imperator,
1245 2312 1509 2368 electione
1533 2313 1779 2382 probata,
1797 2327 1894 2381 per
1916 2312 2035 2367 sub-

460 2407 829 2478 scriptionem,
862 2416 922 2459 ut
947 2406 1159 2475 opinor,
1196 2405 1397 2460 decreti
1421 2406 1488 2459 ad
1518 2419 1578 2460 se
1591 2404 1761 2469 allati,
1786 2405 2037 2460 ordinan-

462 2499 515 2553 di
536 2497 811 2553 Pontiﬁcis
838 2504 1161 2567 potestatem
1190 2493 1414 2549 faceret.
1433 2494 1488 2548 ω
1507 2508 1666 2549 nemo
1680 2496 2030 2558 revocaverit,

458 2588 644 2652 credo,
678 2587 730 2641 in
757 2586 998 2651 dubium,
1031 2586 1125 2656 qui
1150 2584 1317 2640 libros
1345 2598 1408 2639 ea
1428 2593 1745 2656 tempestate
1760 2586 2036 2643 confectos

464 2679 681 2750 legerit;
713 2692 1041 2747 quamquam
1077 2676 1218 2746 apud
1241 2675 1557 2730 Marcull'um
1583 2675 1676 2731 lib.
1706 2692 1744 2731 ι.
1771 2677 2038 2747 reperitur

462 2768 673 2838 gemina
699 2766 860 2836 Regis
884 2766 950 2820 de
973 2765 1273 2821 ordinando
1313 2766 1578 2836 Episcopo
1604 2767 1915 2837 praeceptio,
1930 2783 2034 2839 qua

462 2857 754 2926 respondet
804 2856 946 2925 plebi
996 2856 1239 2927 poscenti
1270 2857 1374 2912 sibi
1423 2856 1750 2927 Episcopum
1792 2859 2032 2913 concedi.

2133 1875 2248 1914 ram
2277 1858 2395 1929 ejus
2437 1860 2600 1931 capiti
2643 1875 2744 1917 suo
2788 1860 3086 1932 imponere,
3126 1870 3181 1918 et
3219 1863 3430 1934 sepulto
3462 1865 3716 1921 manibus

2132 1951 2264 2017 suis,
2292 1952 2535 2023 accipere
2560 1951 2699 2008 collo
2722 1968 2822 2008 suo
2848 1954 2991 2009 beati
3016 1953 3181 2010 Marci
3208 1955 3460 2026 pallium,
3492 1964 3550 2011 et
3581 1967 3713 2013 tunc

2132 2038 2368 2109 legitime
2417 2040 2641 2107 sedere,
2680 2060 2701 2094 ι
2735 2041 2787 2096 id
2812 2049 2935 2108 est,
2968 2042 3323 2099 inthronizari
3356 2060 3538 2116 posse.
3580 2045 3715 2113 Quae

2133 2146 2240 2186 non
2286 2132 2514 2202 perinde
2557 2132 2865 2203 accipienda
2906 2141 3055 2199 sunt,
3105 2150 3171 2190 ac
3214 2135 3262 2191 si
3300 2136 3416 2192 solo
3444 2137 3712 2208 ejusmodi

2133 2218 2241 2274 ritu
2264 2220 2387 2289 quis
2414 2234 2481 2276 ex
2528 2220 2851 2293 Presbytero
2898 2221 3055 2279 ﬁeret
3095 2224 3393 2296 Episcopus
3417 2266 3434 2291 ,
3464 2241 3566 2282 nec
3609 2227 3717 2283 alia

2132 2310 2470 2366 consecratio
2498 2310 2862 2378 adhiberetur,
2885 2313 3030 2382 quod
3050 2313 3322 2369 nonnullis
3340 2321 3544 2371 temere
3565 2316 3719 2372 venit

2134 2404 2189 2457 in
2220 2411 2487 2470 mentem;
2523 2404 2619 2459 sed
2647 2405 2791 2475 quod
2817 2414 3016 2475 praeter
3039 2419 3382 2462 communem
3424 2408 3716 2464 ordinandi

2134 2494 2384 2564 Episcopi
2439 2494 2821 2560 ceremoniam,
2876 2496 2993 2551 htec
3036 2496 3292 2552 solemnis
3343 2496 3479 2553 foret
3504 2499 3712 2554 consti-

2137 2583 2317 2638 tuendi
2362 2582 2693 2640 Patriarcbaa
2739 2584 2900 2652 ratio,
2950 2585 3253 2657 cujusmodi
3281 2586 3483 2659 aliquid
3514 2588 3569 2643 in
3603 2588 3715 2644 ele-

2135 2673 2316 2729 ctione
2372 2673 2572 2729 summi
2628 2672 2910 2730 Pontiﬁcis
2952 2690 3098 2730 nunc
3145 2677 3450 2749 contingit,
3496 2677 3713 2732 etiamsi

2137 2765 2432 2836 Episcopus
2459 2763 2698 2821 nondum
2726 2763 2912 2821 fuerit.
3261 2816 3266 2822 .

2207 2855 2293 2911 Vl.
2336 2854 2470 2910 Nam
2494 2856 2639 2925 quod
2651 2855 2829 2927 .aliqui
2856 2856 3065 2923 dicunt,
3106 2856 3456 2928 Presbyteros
3479 2857 3715 2913 Alexan-

461 2946 597 3001 Tres
627 2945 731 2999 illa:
761 2945 1019 3010 formulze,
1051 2962 1172 3016 qmc
1197 2946 1621 3015 corruptissima:
1652 2956 1781 3003 sunt
1828 2948 1882 3003 in
1906 2948 2037 3002 Edi-
2135 2945 2307 3000 drinte
2354 2945 2630 3011 Ecclesiae,
2683 2944 2752 3001 de
2801 2948 3000 3016 quibus
3042 2946 3284 3018 loquitur
3326 2947 3711 3019 Hieronymus,

466 3037 610 3091 tione
628 3035 896 3105 Bignonii,
926 3036 1225 3091 emendatae
1250 3053 1281 3091 a
1306 3037 1595 3093 Sirmondo
1626 3038 2037 3109 subiunguntur
2073 3102 2104 3110 _
2138 3038 2305 3094 fuisse
2330 3052 2522 3093 omnes
2561 3037 3015 3110 Chorepiseopos,
3040 3048 3097 3095 et
3119 3054 3216 3096 eos
3244 3039 3463 3110 quidem
3495 3039 3717 3110 Episco-

467 3136 612 3179 tomo
634 3124 675 3179 ll
697 3102 1067 3179 Couciliorum
1093 3123 1298 3181 Callim.
1729 3102 1745 3107 ⁷
1833 3102 1859 3109 ⁷
2063 3102 2106 3163 C
2138 3126 2247 3197 pali
2272 3127 2587 3183 charactere
2610 3102 3013 3198 malim-vix
3038 3144 3143 3202 ego
3392 3102 3715 3196 admittere;
3736 3126 3761 3140 ⁸

533 3215 619 3269 ιν.
669 3216 765 3269 Est
803 3216 968 3269 etiam
1029 3216 1169 3284 apud
1198 3214 1578 3271 Cassiodorum
1605 3216 1836 3287 cpistola
1862 3217 2041 3272 Atha-

465 3306 617 3361 larici
640 3308 707 3360 ad
751 3307 900 3360 urbis
933 3306 1215 3371 Senatum,
1270 3323 1375 3376 qua
1432 3309 1801 3377 gratissimum
1859 3309 2040 3364 animo

463 3413 562 3451 suo
586 3396 890 3466 proﬁtetur,
914 3397 1056 3465 quod
1097 3396 1415 3453 Theoderici
1442 3400 1528 3453 avi
1555 3399 1659 3465 sui,
1706 3397 1941 3453 Felicem
1969 3398 2038 3454 IV

463 3487 709 3557 eligentis
736 3488 787 3540 in
826 3486 1167 3549 Pontiﬁcem,
1212 3486 1476 3557 judicium
1522 3490 1861 3558 probassent,
1910 3503 2040 3543 con-

466 3577 739 3647 tentioque
760 3576 986 3647 pristina
1012 3575 1344 3631 Clericorum
1368 3577 1737 3647 laicorumque
1767 3580 1821 3633 iu
1855 3588 2039 3650 partes

462 3667 778 3727 scissorum,
820 3666 1127 3735 reccptione
1167 3666 1447 3721 Pontiﬁcis
1484 3682 1515 3720 a
1562 3667 1811 3734 Principe
1858 3668 2036 3733 elccti,

464 3759 750 3826 posuisset.

536 3847 564 3918 §
592 3847 655 3901 ll.
687 3847 760 3900 De
799 3847 899 3900 ritu
926 3862 1027 3915 quo
1050 3861 1283 3899 summus
1322 3842 1570 3915 Pontifex
1598 3845 1965 3900 ordinabatur.

538 3938 577 3990 1.
605 3938 760 3991 Ritus
789 3938 889 3992 iste
932 3937 1115 3990 varius
1161 3935 1262 3990 fuit
1292 3937 1459 3991 variis
1501 3939 1834 4007 temporibus
1868 3958 1880 3993 :
1915 3956 2038 3995 nam

467 4031 605 4084 alius
639 4030 691 4084 in
714 4029 915 4084 Diurno
952 4028 1256 4099 Ordincque
1283 4028 1529 4085 Romano
1569 4039 1754 4086 vetere
1782 4031 2039 4088 describi-

470 4130 586 4183 tur;
617 4119 753 4173 alius
778 4135 807 4172 a
845 4118 1045 4174 Ceucio
1073 4118 1387 4173 Catnerario
1410 4119 1463 4173 in
1494 4120 1844 4175 coronatione
1858 4121 2039 4178 Celes-

468 4212 563 4265 tini
595 4211 690 4276 lll;
715 4211 853 4265 alius
879 4212 947 4265 ab
967 4209 1270 4280 Augustino
1298 4210 1525 4265 Patritio
1555 4212 1610 4265 in
1631 4209 1795 4265 Libro
1820 4211 2037 4267 [lituum

468 4306 999 4368 Ecclesiasticorum;
1046 4303 1183 4358 alius
1203 4303 1363 4373 paulo
1407 4303 1655 4359 diversus
1681 4320 1824 4359 nunc
1854 4304 2040 4361 obser-

465 4416 528 4453 νει
538 4409 591 4453 ttl
600 4415 643 4453 l‘.

536 4490 597 4544 ll.
629 4490 710 4544 An
739 4497 982 4544 servatus
1010 4488 1085 4543 sit
1109 4497 1233 4543 ante
1263 4488 1553 4560 septimum
1580 4487 1836 4544 smculum
1875 4488 2035 4553 alter,

463 4597 625 4653 quam
648 4582 738 4652 qui
767 4580 957 4636 solitus
986 4581 1039 4635 in
1066 4579 1472 4635 consecratione
1497 4579 1725 4635 aliorum
1763 4579 2037 4649 Metropo—

465 4676 777 4735 litanorum,
814 4673 924 4727 imo
949 4681 1002 4728 et
1026 4672 1429 4743 EpiscOporum,
1462 4686 1570 4726 non
1612 4685 1774 4741 apere
1799 4678 2030 4725 constat.

467 4766 537 4819 Ea
561 4772 707 4818 certe
739 4772 1078 4833 tempestate,
1115 4779 1220 4816 non
1243 4778 1310 4817 ex
1341 4763 1625 4833 Episcopis
1667 4762 1863 4817 summi
1893 4762 2033 4816 Pon-

464 4854 639 4909 tiﬁces
664 4852 863 4906 ﬁebant
895 4853 980 4906 :id
1005 4853 1148 4906 enim
1179 4860 1444 4907 tentatum
1470 4853 1647 4920 primo
1674 4850 2032 4915 inFormoso;

464 4943 560 4996 sed
585 4957 653 4996 ex
681 4941 932 4996 Diacouis
953 4949 1013 4995 ut
1032 4941 1345 5010 plurimum,
1370 4949 1427 4995 et
1475 4941 1815 5013 Presbyteris
1853 4942 2037 4997 Eccle-

462 5034 559 5086 size
591 5032 864 5096 Romamn,
901 5040 963 5086 ut
1000 5032 1238 5087 Historia
1263 5031 1582 5087 Pontiﬁcum
1621 5033 1800 5089 docet.
1858 5033 2038 5101 Quare

463 5138 593 5175 tunc
624 5134 734 5176 tres
765 5121 1162 5192 ritssconjungi
1190 5121 1348 5176 simul
1363 5122 1605 5192 contigit,
1637 5123 2036 5196 quibusnempe

465 5212 743 5276 continuo,
765 5211 857 5283 qui
879 5210 1082 5266 electus
1105 5210 1303 5279 fuerat,
1350 5212 1660 5285 Presbyter,
1718 5215 2033 5285 Episcopus,

456 5314 517 5359 et
545 5318 788 5359 summus
805 5302 1052 5358 Pontifex
1080 5313 1379 5359 crearetur.

538 5392 698 5465 158
720 5392 803 5448 lll.
828 5391 1016 5447 Fiebat
1048 5407 1177 5448 vero
1200 5393 1489 5466 Presbyter
1515 5402 1570 5450 et
1599 5394 1893 5466 Episcopus
1906 5396 2037 5451 alio-

465 5499 583 5538 rum
632 5497 821 5548 morc,
868 5498 1110 5540 summus
1164 5492 1342 5537 autem
1395 5483 1639 5539 Pontilex
1690 5486 2038 5554 impositione

461 5574 605 5634 pallii
655 5575 859 5644 accepti
913 5587 979 5629 ex
1011 5574 1168 5630 altari
1213 5574 1272 5630 S.
1323 5574 1493 5638 Petri,
1524 5584 1578 5629 et
1614 5577 1945 5653 ἕνορονισμῷ.
1979 5574 2035 5628 Id

465 5665 751 5719 ostendunt
789 5667 901 5722 bmc
949 5670 1111 5726 vetba
1150 5688 1163 5725 :
1199 5689 1216 5721 ι
1251 5668 1675 5724 Archidiaconus
1721 5667 1957 5721 annectit
1984 5667 2031 5721 ci

2142 3218 2270 3275 licet
2290 3218 2439 3274 enim
2483 3218 2658 3274 fatear
2684 3219 2738 3275 in
2771 3219 3044 3276 suburbiis
3071 3221 3443 3288 Alexandriae,
3476 3222 3719 3293 locisque

2142 3311 2335 3368 vicinis
2363 3311 2548 3382 plures
2574 3312 2822 3368 extitisse
2848 3313 3136 3384 Episcopo:
3156 3353 3173 3379 ,
3213 3315 3328 3369 scio
3366 3324 3546 3369 tamen
3574 3323 3716 3369 tem-

2138 3401 2360 3473 poribus
2391 3400 2703 3466 Alexandri,
2735 3402 2829 3472 qui
2865 3402 3053 3457 Arium
3084 3402 3274 3472 ejeeit,
3308 3411 3365 3459 et
3399 3402 3582 3475 Cyrilli
3619 3404 3715 3473 qui

2140 3492 2449 3549 Nestorium
2512 3492 2854 3564 proﬂigavit,
2900 3493 3100 3549 multos
3138 3493 3306 3550 fuisse
3352 3494 3408 3549 in
3471 3492 3714 3549 Ecclesia

2142 3584 2499 3640 Alexandrina
2529 3583 2908 3654 Presbyteros,
2946 3584 3244 3655 cujusmodi
3280 3591 3402 3639 erat
3434 3582 3713 3655 Eulogius,

2141 3678 2209 3732 ad
2251 3692 2413 3747 quem
2458 3677 2939 3732 Commonitorium
2981 3676 3213 3747 Cyrillus
3254 3676 3500 3746 scripsit,
3541 3674 3717 3728 tertia:

2142 3767 2281 3836 parti
2314 3764 2540 3820 Concilii
2567 3766 2821 3835 presini
2852 3767 3134 3822 insertum.

3319 3827 3345 3837 α.

2140 3923 2168 3995 §
2199 3922 2286 3977 111.
2328 3923 2404 3995 De
2433 3922 2842 3995 professionibus
2876 3923 3001 3991 ﬁdei
3035 3940 3069 3995 ᾳ
3104 3922 3320 3995 summis
3367 3918 3716 3987 Ponti/icilius

2383 3994 2438 4047 in
2461 3993 2789 4046 ordinatione
2820 4011 2915 4047 sua
2945 3993 3167 4055 emissis,
3194 3992 3248 4045 in
3282 4007 3482 4061 genere.

2208 4124 2247 4179 l.
2291 4123 2541 4179 Summos
2587 4121 2905 4187 Pontiﬁces,
2956 4139 3077 4177 cum
3135 4122 3547 4186 (u‘tliuarcutur,
3598 4135 3717 4174 sua:

2141 4215 2262 4270 ﬁdei
2292 4214 2682 4285 professionem
2706 4213 2980 4276 emisisSe,
3004 4212 3359 4267 indubitatum
3388 4219 3472 4266 est
3492 4250 3506 4277 ,
3536 4225 3715 4280 neque

2138 4305 2284 4360 enim
2318 4304 2491 4359 solum
2540 4319 2569 4358 a
2615 4303 3043 4365 catechumeuis,
3079 4318 3203 4358 cum
3229 4301 3583 4371 Baptismum,
3614 4302 3715 4356 sed

2140 4394 2307 4448 etiam
2330 4409 2359 4447 a
2384 4392 2648 4457 ﬁdelibus,
2671 4407 2792 4448 cum
2813 4392 3215 4463 Presbyterium
3238 4408 3302 4448 ac
3331 4392 3713 4462 Episcopatth

2143 4484 2500 4555 susciperent,
2528 4481 2723 4538 factam
2757 4482 2924 4538 fuisse
2960 4482 3082 4537 ﬁdei
3107 4481 3517 4545 confessionem,
3551 4481 3714 4536 disci-

2142 4590 2264 4629 mus
2283 4588 2347 4627 ex
2376 4573 2542 4628 variis
2570 4572 2902 4643 Scriptorum
2934 4572 3090 4637 locis,
3130 4582 3180 4626 et
3208 4573 3261 4628 iu
3285 4573 3474 4643 primis
3505 4588 3573 4626 ex
3597 4571 3712 4640 epi~

2143 4664 2278 4720 stola
2315 4664 2531 4719 Eusebii
2554 4662 2905 4718 Caesariensis
2942 4663 3009 4716 ad
3037 4677 3196 4727 suos,
3238 4664 3376 4731 apud
3405 4662 3712 4716 Theodore-

2143 4765 2254 4809 tum
2280 4755 2371 4810 lib.
2408 4755 2456 4808 1.
2487 4753 2625 4809 Ilist.
2649 4753 2962 4808 Ecclesiast.
2993 4768 3112 4823 cap.
3135 4768 3230 4806 xu.
3260 4752 3413 4819 Quod
3441 4761 3618 4806 autem
3642 4752 3712 4805 ab

2142 4843 2419 4915 Episcopis
2442 4842 2664 4912 singulis
2688 4842 2930 4911 praestari
2955 4842 3210 4912 oportuit,
3236 4842 3488 4912 quoniam
3515 4841 3711 4895 debent

2141 4952 2260 4992 esse
2286 4935 2538 4990 Ecclesia:
2566 4950 2678 4990 suae
2713 4933 2993 5000 doctores,
3027 4934 3081 4988 id
3124 4933 3282 5004 159
3318 4940 3465 4989 certe
3495 4933 3710 5003 Episco-

2141 5042 2243 5097 pus
2271 5025 2586 5098 Dllomanus,
2622 5040 2743 5079 cum
2773 5025 2936 5080 totius
2966 5024 3219 5078 Ecclesia:
3251 5024 3318 5078 sit
3356 5024 3563 5086 doctor,
3603 5038 3712 5078 non

2138 5116 2339 5173 omisit.

2208 5210 2272 5265 11.
2312 5208 2428 5264 Νοιι
2455 5208 2677 5278 perinde
2703 5218 2936 5275 certum,
2969 5208 3160 5266 saltem
3190 5226 3298 5265 non
3327 5211 3401 5265 ita
3423 5210 3581 5279 vulgo
3611 5223 3712 5263 no-

2141 5310 2279 5363 tum,
2314 5316 2420 5371 qua
2450 5299 2639 5366 forma,
2682 5300 2774 5369 qui
2804 5310 2930 5356 ante
2954 5301 3240 5370 septimum
3269 5300 3522 5355 sarculum
3547 5298 3713 5369 elige-

2142 5392 2339 5447 bantur
2384 5391 2452 5445 ad
2497 5405 2766 5445 summum
2808 5389 3223 5454 Pontiﬁcatum,
3275 5390 3435 5445 ﬁdem
3480 5387 3712 5459 professi

2142 5485 2268 5539 sint.
2296 5483 2643 5539 Conducibile
2670 5483 2833 5555 igitur
2861 5492 2943 5539 est
2970 5486 3037 5537 ad
3066 5483 3501 5538 Ecclesiasticam
3530 5483 3715 5537 Histo-

2142 5578 2275 5631 riam
2304 5576 2704 5637 illustrandum,
2735 5578 2787 5629 in
2817 5577 2867 5630 id
2894 5576 3170 5646 inquirere
3195 5590 3209 5628 :
3242 5575 3335 5629 sed
3363 5591 3429 5629 ne
3463 5575 3604 5629 inter
3629 5576 3712 5628 in-

2141 5667 2458 5729 quirendnm
2488 5665 2632 5720 fallat
2660 5668 2901 5721 incautos
2936 5681 3108 5726 error,
3134 5674 3343 5731 oportet
3378 5665 3529 5718 initio
3552 5706 3566 5723 ,
3587 5675 3712 5733 pl‘O‘
