3990 6184
226 319 340 371 153

1166 305 1775 366 ΒΒΞΕΒΤΑΤΙΟΝΕΒ.
1832 338 1883 345 -
1927 307 2374 365 DISSERTATIO
2413 309 2475 365 11.

3392 319 3486 373 131

222 431 493 485 fessiones
527 429 660 482 duas
700 428 1028 498 distinguere
1063 447 1074 479 :
1116 428 1340 483 alteram
1361 468 1374 490 ,
1405 444 1523 497 qua!
1567 428 1635 479 ab
1663 427 1809 479 ordi-
1844 428 1889 486 Α
1926 445 1941 475 ι
1980 437 2267 495 quareret,
2314 429 2555 498 protinus
2585 431 2958 499 responderem
2989 454 2997 485 :
3030 434 3109 489 Ad
3149 436 3482 493 interceden-

222 522 443 583 nando;
474 521 719 584 alteram,
742 534 860 589 qua:
878 518 947 573 ab
966 519 1214 573 ordinato
1234 518 1508 573 ederetur.

300 613 391 666 111.
432 612 722 679 Utramque
747 609 999 664 discrevit
1033 606 1265 663 Joannes
1298 608 1570 662 Diaconos
1603 608 1654 660 in
1688 606 1805 660 Vita

220 705 285 759 S.
321 703 598 775 Gregorii,
637 703 819 772 illique
847 700 1103 771 Symbolo
1128 714 1322 754 nomen
1357 698 1512 761 fecit,
1554 699 1678 752 huic
1707 696 1807 768 Sy-

219 795 481 849 nodiae:
523 792 653 851 illud
689 791 885 860 privati
929 798 1049 844 erat
1090 789 1359 853 hominis,
1402 790 1519 843 hsce
1554 787 1807 841 Ecclesia:

215 886 473 941 doctoris
504 904 517 938 :
546 885 762 940 Electus
784 884 874 938 illo
906 883 1067 937 ﬁdem
1093 882 1460 954 proﬁtebatur,
1496 882 1598 935 ista
1631 881 1808 936 Ponti-

216 978 311 1033 t‘ex
348 975 693 1047 exponebat,
728 974 856 1043 quid
888 972 1036 1029 credi
1064 972 1283 1027 deberet
1308 972 1376 1026 ab
1401 971 1649 1026 omnibus
1678 1012 1691 1035 ,
1725 977 1806 1024 at-

211 1081 332 1138 que
351 1067 412 1121 in
434 1067 563 1121 sede
587 1064 737 1120 Petri
750 1061 1361 1133 doeebatDcipOpulum.
1379 1060 1585 1115 Prioris
1606 1060 1809 1114 mentio

212 1158 313 1211 vix
364 1156 641 1227 reperitur
664 1162 789 1209 ante
822 1152 1136 1224 Gregorium
1164 1150 1452 1222 Magnum;
1486 1150 1805 1221 posterioris

212 1263 336 1302 non
362 1261 539 1317 pauca
566 1244 808 1316 exempla
840 1250 1045 1299 extant.

286 1336 391 1391 IV.
440 1336 516 1390 De
560 1334 812 1406 Symbolo
842 1332 1084 1406 Gregorii
1112 1335 1185 1387 ita
1225 1331 1463 1387 Joannes
1492 1332 1760 1386 Diaconos
1789 1345 1804 1384 :

220 1449 239 1479 ι
272 1429 342 1482 In
373 1427 594 1498 specula
627 1433 827 1481 saneta:
867 1425 1192 1482 universalis
1218 1424 1497 1488 Ecclesia,
1533 1424 1620 1478 vir
1643 1423 1809 1479 totius

216 1519 589 1575 humanitatis
617 1527 712 1573 aut
748 1518 1058 1573 autoritatis
1091 1515 1434 1577 orthodoxae,
1462 1515 1605 1570 unde
1636 1514 1807 1569 videri

218 1619 271 1663 et
305 1609 489 1663 audiri
538 1601 741 1662 clarius
776 1607 1131 1678 Evangelicus
1167 1620 1342 1676 prweo
1382 1605 1602 1670 valeret,
1631 1606 1808 1660 consi-

216 1710 403 1759 stens.
446 1697 562 1753 oris
592 1698 675 1753 sui
700 1696 1036 1752 divinissimo
1067 1695 1272 1767 gladio,
1313 1703 1367 1750 et
1404 1703 1605 1750 rectam
1647 1694 1805 1750 ﬁdem

1922 535 1939 567 ι
1976 516 2102 569 dum
2130 518 2309 572 venire
2332 534 2559 587 nequeo,
2601 521 2724 587 quia
2757 520 2871 588 ejus
2911 525 3156 578 notitiam
3199 543 3261 579 ος
3304 528 3487 582 sedula

1918 624 1935 655 ι
1973 606 2339 662 familiaritate
2361 623 2466 661 non
2497 610 2687 664 habeo.
2716 611 2772 665 Si
2800 612 2961 681 igitur
2984 623 3132 669 recte
3161 617 3321 671 homo
3347 621 3488 687 apud

1917 713 1935 743 ι
1975 696 2269 759 hominem,
2316 700 2382 752 de
2426 712 2535 767 quo
2580 700 2801 754 minime
2838 705 3320 775 prrsumpsisscm,
3365 707 3485 763 ﬁeri

1915 803 1932 835 ι
1970 786 2296 839 intercessor
2319 790 2721 854 erubescerem,
2753 800 2967 857 quanta:
2988 793 3091 848 hoc
3113 796 3351 850 audaciae
3378 807 3484 858 est,

1914 895 1933 928 ι
1965 878 2107 946 quod
2136 877 2276 947 apud
2319 877 2487 932 Deum
2535 894 2635 948 pro
2661 882 2858 950 populo
2902 883 3075 937 locum
3117 885 3489 942 intercessoris

1914 987 1933 1020 ι
1967 968 2202 1033 obtineo,
2248 968 2335 1023 cui
2366 967 2689 1023 familiarem
2728 986 2816 1026 me
2843 988 3000 1039 esse,
3037 990 3134 1045 per
3160 977 3281 1031 vita:
3318 979 3488 1032 meri-

1914 1077 1934 1110 ι
1973 1067 2106 1121 tum,
2136 1074 2240 1113 non
2261 1060 2530 1128 agnosco?
2557 1058 2674 1126 Qua
2697 1060 2749 1114 in
2778 1077 2855 1126 re,
2875 1071 2958 1116 est
2986 1065 3118 1119 mihi
3148 1067 3323 1120 adhuc
3345 1066 3489 1120 aliud

1915 1168 1934 1200 ι
1970 1149 2189 1220 gravius
2232 1149 2627 1206 formidandum
2653 1191 2669 1216 ,
2712 1152 2839 1222 quia
2879 1154 3019 1209 sicut
3054 1157 3236 1212 cuncti
3287 1158 3489 1228 liquido

1916 1261 1933 1293 ι
1969 1242 2337 1313 cognovimus,
2368 1258 2489 1297 cum
2521 1243 2585 1308 is,
2631 1245 2723 1314 qui
2751 1244 3024 1315 displicet,
3051 1248 3118 1303 ad
3146 1251 3489 1307 interceden—

1918 1352 1935 1383 ι
1973 1333 2099 1388 dum
2131 1335 2397 1399 mittitur,
2437 1335 2562 1389 irati
2591 1336 2804 1390 animus
2835 1339 2901 1391 ad
2928 1338 3197 1394 deteriora
3234 1359 3495 1412 ιιι-ονοοίιη

1917 1444 1935 1477 ι
1978 1435 2086 1492 tur,
2122 1433 2179 1482 et
2210 1426 2367 1482 valde
2393 1428 2736 1496 pertimesco.
2770 1444 2839 1483 ne
2866 1431 3155 1485 commissa
3182 1434 3312 1486 mihi
3342 1435 3493 1504 plebs

1918 1536 1935 1569 ι
1973 1517 2229 1583 ﬁdelium,
2267 1527 2455 1573 reatus
2488 1519 2591 1573 mei
2618 1520 2999 1586 additamento,
3024 1522 3294 1592 depereat.
3338 1524 3492 1592 cujus

1918 1628 1936 1660 ι
1970 1624 2111 1663 nunc
2140 1624 2310 1679 usque
2351 1610 2614 1664 Dominus
2651 1612 3024 1679 aequanimiter
3051 1613 3243 1667 delicta
3288 1616 3487 1669 tolera-

1918 1720 1935 1751 ι
1967 1701 2077 1755 bat.
2108 1700 2241 1754 Cum
2275 1714 2404 1755 vero
2429 1708 2718 1770 utcumque
2752 1703 2894 1756 hunc
2918 1703 3164 1758 timorem
3190 1706 3486 1775 supprime.

219 1791 549 1857 munivit.et
567 1798 790 1844 cunctas
813 1790 1045 1843 hereses
1071 1801 1178 1842 uno
1204 1786 1461 1857 Symbolo
1484 1786 1804 1856 dissipavit:
1840 1769 1885 1826 Β
1920 1812 1935 1839 ι
1975 1800 2030 1847 et
2057 1792 2391 1847 consolatam
2424 1769 2658 1845 mentem
2694 1792 2762 1846 ad
2791 1793 3117 1849 Pontiﬁcalis
3154 1769 3335 1866 cperis
3377 1806 3489 1851 stu-

220 1884 365 1952 qnod
400 1880 649 1936 videlicet
697 1896 863 1935 sacrae
907 1878 1262 1935 confessionis
1288 1877 1604 1949 Symbolum
1644 1878 1714 1932 ita
1753 1894 1811 1933 se

222 1976 394 2028 habet
444 1992 455 2026 :
520 1990 539 2023 ι
587 1971 763 2026 Credo
804 1971 859 2025 in
904 1985 1074 2025 unum
1132 1969 1305 2022 Deum
1352 1967 1808 2036 omnipotentem,

226 2083 241 2113 ι
278 2066 509 2118 Patrem
552 2071 608 2116 et
645 2061 841 2115 Filium
869 2068 927 2115 et
955 2054 1217 2130 Spiritum
1248 2066 1496 2113 sanctum
1545 2067 1654 2113 tres
1696 2073 1815 2128 pcr-

226 2175 240 2203 ι
274 2169 490 2218 sonas,
541 2168 702 2207 unam
745 2150 1111 2206 substantiam
1154 2167 1167 2202 :
1219 2147 1436 2203 Patrem
1479 2148 1806 2219 ingenitum,

230 2268 241 2294 ι
280 2246 489 2300 Filium
516 2245 776 2315 genitum,
806 2240 1071 2311 Spiritum
1092 2255 1222 2295 vero
1248 2247 1514 2303 sanctum,
1541 2254 1642 2295 nec
1666 2239 1813 2309 geni-

229 2358 243 2387 ι
281 2348 427 2400 tum,
442 2352 542 2391 nec
558 2335 874 2406 ingenitum,
892 2333 986 2388 sed
1001 2340 1346 2399 coasternum,
1359 2332 1428 2387 de
1440 2332 1599 2388 Patre
1611 2340 1666 2386 et
1679 2331 1812 2385 Filio

230 2450 243 2477 ι
278 2426 687 2499 procedentem.
702 2424 976 2481 Conﬁteor
993 2423 1327 2494 unigenitum
1354 2424 1551 2479 Filium
1572 2422 1806 2478 consub-

231 2538 243 2564 ο
284 2516 623 2579 stantialem,
645 2525 700 2568 et
724 2515 841 2569 sine
878 2521 1118 2584 tempore
1146 2522 1330 2569 natum
1359 2514 1425 2570 de
1457 2514 1619 2569 Patre
1641 2555 1655 2579 ,
1693 2529 1809 2568 om-

232 2629 247 2658 ε
289 2609 449 2663 nium
478 2607 768 2662 visibilium
794 2614 850 2661 et
874 2605 1221 2662 invisibilium
1249 2606 1601 2671 conditorem,
1629 2607 1804 2660 lumen

234 2722 249 2749 ς
283 2718 359 2755 ex
385 2698 611 2761 lumine,
638 2698 806 2751 Deum
837 2711 1023 2751 verum
1050 2697 1118 2751 de
1144 2696 1257 2751 Deo
1280 2712 1434 2760 vero,
1465 2695 1805 2765 splendorem

237 2814 252 2841 ι
283 2791 499 2863 glorim,
525 2788 754 2860 ﬁguram
782 2787 1097 2843 subStantia:
1128 2806 1141 2839 :
1188 2787 1280 2855 qui
1320 2801 1544 2842 manens
1572 2786 1808 2839 Verbum

238 2903 253 2931 ι
284 2891 419 2936 ante
465 2878 699 2943 saecula,
748 2875 1022 2946 perfectus
1061 2877 1224 2931 homo
1277 2884 1492 2931 creatus
1532 2883 1617 2930 est
1653 2873 1807 2944 juxta

241 2993 255 3020 ι
290 2972 461 3025 ﬁnem
497 2967 853 3029 surculorum,
890 2973 1185 3035 conceptus
1225 2973 1282 3019 ct
1320 2972 1479 3019 natus
1508 2979 1573 3019 ex
1604 2962 1808 3032 Spiritu

244 3084 255 3111 ι
290 3068 509 3123 sancto,
539 3066 595 3111 et
622 3058 688 3113 de
719 3055 884 3110 Maria
909 3056 1118 3126 virgine
1135 3096 1150 3120 ,
1175 3056 1266 3125 qui
1291 3062 1540 3109 naturam
1564 3062 1806 3107 nostram

246 3176 260 3206 t
295 3152 544 3222 suscepit
569 3151 775 3219 absque
794 3156 1018 3218 peccato
1046 3166 1058 3201 :
1084 3156 1139 3203 et
1162 3148 1263 3202 sub
1285 3146 1477 3202 Pontio
1506 3144 1676 3199 Pilato
1690 3158 1816 3198 cru-

249 3266 262 3294 t
294 3246 495 3299 eiﬁsus
526 3247 684 3295 estet
706 3237 969 3308 sepultus,
1000 3237 1158 3290 tertia
1184 3235 1270 3289 die
1291 3233 1590 3289 resurrexit
1614 3247 1645 3285 a
1671 3246 1815 3285 mor-

250 3357 265 3386 ι
298 3338 407 3391 tuis
439 3353 453 3388 :
483 3334 574 3388 die
598 3338 777 3385 autem
802 3328 1214 3399 quadragesimo
1252 3325 1493 3381 ascendit
1514 3324 1566 3377 in
1592 3322 1778 3377 cadum
1798 3363 1813 3383 ,

254 3447 268 3476 ι
297 3437 351 3483 et
372 3427 526 3483 sedet
557 3424 625 3479 ad
655 3424 930 3478 dexteram
957 3419 1158 3484 Patris,
1186 3419 1310 3473 inde
1334 3424 1593 3472 venturus
1618 3422 1702 3471 est
1725 3414 1814 3482 ju-

255 3542 270 3568 ι
302 3521 486 3575 dicare
511 3517 666 3571 vivos
692 3525 747 3569 et
787 3521 1028 3568 mortuos
1074 3529 1088 3565 :
1135 3510 1412 3581 positurus
1463 3517 1589 3562 ante
1636 3506 1822 3562 oculos

259 3629 273 3659 ι
307 3609 551 3664 umidum
574 3606 758 3661 omnia
780 3602 992 3660 occulta
1018 3602 1349 3671 singulorum
1377 3618 1389 3652 :
1417 3600 1640 3654 daturus
1659 3597 1821 3666 justis

259 3724 274 3748 ε
307 3710 567 3770 perpetua
612 3695 834 3766 praemia
889 3693 1042 3765 regni
1090 3691 1338 3753 caelestis,
1390 3689 1588 3758 iniquis
1641 3695 1819 3742 autem

265 3822 275 3841 ι
308 3790 567 3862 supplicia
609 3787 752 3859 ignis
773 3786 961 3842 aeterni
996 3803 1009 3838 :
1048 3784 1403 3839 innovatums
1439 3781 1694 3837 smculum
1722 3794 1821 3850 per

263 3903 276 3929 ι
312 3884 489 3953 ignem
508 3921 525 3943 ,
553 3887 610 3935 et
637 3878 818 3933 carnis
848 3875 1318 3931 resurrectionem.
1350 3871 1622 3928 Conﬁteor
1657 3885 1820 3924 unam

266 3995 278 4023 ι
313 3975 492 4038 ﬁdem,
528 3986 698 4025 unum
725 3968 1018 4039 Baptisma,
1040 3981 1204 4021 unum
1230 3964 1593 4034 Apostolicam
1622 3970 1677 4019 et
1701 3964 1822 4017 uni-

266 4085 280 4115 ι
314 4066 580 4121 versalcm
628 4061 944 4122 Ecclesiam,
999 4060 1054 4113 in
1098 4074 1203 4129 qua
1234 4057 1345 4112 sola
1385 4064 1611 4126 possunt
1651 4056 1823 4110 laxari

267 4174 280 4204 ι
316 4162 576 4225 peccata,
634 4130 699 4205 in]
744 4149 957 4205 nomine
1007 4147 1184 4201 Patris
1234 4154 1289 4201 et
1330 4145 1451 4223 Filii
1497 4156 1552 4201 et
1591 4144 1825 4216 Spiritus

268 4266 282 4297 ι
315 4247 511 4303 sancti.
555 4264 576 4298 ι

327 4358 393 4412 ν.
412 4357 488 4410 De
518 4352 786 4426 Synodica
813 4351 930 4405 luce
952 4347 1139 4403 scribit
1165 4365 1179 4401 :
1209 4367 1227 4397 ι
1253 4346 1581 4417 Synodicam
1612 4360 1827 4423 quoque

1918 1903 1935 1933 «
1973 1884 2061 1938 dia
2101 1885 2322 1955 accingo
2347 1925 2362 1949 ,
2402 1885 2741 1939 consilerata
2800 1885 2913 1955 ipsa
2963 1887 3038 1939 rei
3091 1887 3483 1950 immensitate,

1918 1993 1936 2025 ι
1978 1974 2273 2028 deterreor.
2302 1973 2582 2043 Perpendo
2618 1974 2842 2045 quippe,
2872 1976 3014 2045 quod
3058 1977 3204 2030 omni
3239 1992 3367 2031 cura
3410 1979 3488 2032 vi-

1920 2085 1937 2116 ι
1982 2065 2253 2137 gilandum
2299 2076 2414 2130 est,
2450 2074 2510 2120 ut
2552 2075 2732 2121 rector
2776 2067 3102 2137 cogitatione
3134 2068 3204 2121 sit
3232 2069 3485 2133 mundus,

1920 2175 1937 2206 ι
1975 2156 2287 2226 operatione
2312 2155 2615 2224 praecipuus
2638 2195 2653 2218 ,
2684 2155 2952 2209 discretus
2972 2156 3025 2209 in
3056 2156 3300 2218 silentio,
3338 2158 3487 2212 utilis

1919 2264 1937 2296 ι
1978 2247 2028 2300 in
2057 2246 2221 2300 verbo
2240 2285 2256 2310 ,
2281 2243 2506 2314 singulis
2543 2244 2594 2297 in
2625 2245 3002 2314 eompassione
3024 2245 3305 2315 proximus
3327 2287 3342 2309 ,
3383 2262 3493 2317 pra!

1917 2353 1934 2384 ι
1971 2335 2180 2390 cunctis
2201 2333 2657 2403 contemplatione
2687 2349 3004 2404 suspensus,
3038 2336 3173 2389 liene
3212 2337 3495 2406 agentibus

1916 2443 1933 2473 σ
1964 2440 2060 2494 per
2088 2424 2445 2479 humilitatem
2468 2424 2663 2489 socius,
2687 2432 2873 2479 contra
2904 2425 3331 2494 delinquentium
3356 2427 3485 2480 vitia

1915 2536 1932 2567 ι
1969 2532 2065 2585 per
2092 2514 2265 2570 zelum
2294 2513 2521 2583 justitize
2544 2523 2777 2579 erectus,
2801 2523 2906 2570 etc.
2941 2535 2959 2567 ι

1985 2625 2002 2657 ι
2041 2606 2309 2661 Printerea
2331 2646 2345 2670 ,
2373 2605 2497 2676 quia
2526 2606 2682 2659 corde
2720 2606 2953 2660 creditur
2984 2608 3053 2660 ad
3068 2610 3334 2677 justitiam
3358 2650 3372 2671 ,
3405 2627 3494 2663 ore

1910 2707 2083 2751 autem
2118 2696 2376 2765 confessio
2410 2695 2468 2763 ﬁt
2500 2695 2569 2748 ad
2604 2693 2827 2749 saiutem
2870 2709 2888 2747 :
2936 2697 3079 2751 sicut
3117 2699 3291 2752 sancti
3321 2698 3496 2752 Evan-

1909 2788 2031 2859 gelii
2064 2795 2295 2858 quatuor
2334 2785 2519 2848 libros,
2554 2784 2634 2839 sic
2676 2793 2911 2854 quatuor
2934 2785 3176 2842 Concilia
3218 2789 3497 2858 suscipere

1908 2890 1962 2936 et
1986 2879 2236 2935 venerari
2264 2891 2350 2932 me
2376 2875 2546 2931 fateor
2574 2893 2588 2929 :
2617 2874 2893 2930 Nicaenum
2918 2878 3145 2943 scilicet,
3168 2879 3219 2933 in
3244 2895 3350 2949 quo
3375 2896 3497 2950 per.

1910 2985 2124 3026 versum
2164 2967 2276 3023 Arii
2315 2967 2506 3037 dogma
2550 2965 2849 3020 destruitur
2888 2984 2900 3019 :
2942 2966 3491 3040 ϐοηειειιιῑίηοιιοιὶιηο

1914 3076 2043 3115 num
2081 3074 2316 3129 quoque,
2366 3057 2418 3110 in
2462 3071 2569 3126 quo
2615 3056 2862 3111 Eunomii
2908 3067 2963 3112 et
3008 3058 3310 3114 Macedonii
3340 3076 3496 3115 error

1915 3150 2290 3207 convincitur:
2334 3147 2662 3217 Eplicsinum
2690 3148 2852 3201 etiam
2877 3147 3133 3216 primum,
3170 3149 3221 3203 in
3247 3164 3354 3218 quo
3387 3150 3492 3203 Ne-

1916 3247 2068 3302 storii
2103 3245 2351 3314 impietas
2388 3243 2664 3313 judicatur
2708 3262 2719 3296 :
2770 3242 3208 3297 Chalcedonense
3248 3258 3400 3306 vero,
3439 3244 3493 3296 in

1917 3352 2022 3405 quo
2048 3334 2361 3404 Eutychetis
2381 3333 2730 3400 Dioscoriquc
2751 3333 2990 3401 pravitas
3014 3334 3356 3402 reprobatur,
3386 3342 3497 3388 tota

1921 3424 2207 3480 devotione
2238 3422 2581 3489 complector,
2613 3422 2959 3489 integerrima
2999 3422 3383 3490 approbatione
3407 3437 3502 3476 cu-

1921 3514 2094 3570 stodio
2123 3531 2136 3566 :
2162 3512 2287 3581 quia
2314 3510 2369 3563 in
2392 3510 2499 3574 his,
2525 3509 2670 3562 velut
2698 3511 2752 3563 in
2779 3510 3044 3577 quadrato
3070 3510 3269 3579 lapide,
3296 3520 3502 3566 sanctae

1924 3602 2045 3657 ﬁdei
2100 3606 2373 3655 structura
2414 3598 2710 3667 consurgit,
2750 3606 2805 3650 et
2849 3595 3134 3664 cujuslibet
3172 3599 3296 3653 vita:
3339 3607 3503 3670 atque

1922 3690 2151 3747 actionis
2188 3704 2374 3744 norma
2415 3687 2663 3742 consistit
2695 3706 2707 3740 :
2753 3686 2999 3757 quisquis
3038 3703 3225 3745 eorum
3263 3690 3502 3747 solidita-

1924 3792 2031 3838 tem
2073 3797 2179 3837 non
2217 3788 2388 3844 tenet,
2428 3778 2641 3834 etiamsi
2685 3778 2822 3847 lapis
2862 3792 2981 3833 esse
3016 3779 3277 3845 cernitur,
3322 3789 3502 3837 tamen

1921 3882 2072 3929 extra
2115 3872 2397 3929 :cdiﬁcium
2434 3871 2597 3941 jacet.
2646 3871 2904 3939 Quintum
2943 3888 3157 3943 quoque
3196 3872 3498 3930 Concilium

1922 3966 2125 4037 pariter
2143 3978 2390 4027 veneror,
2420 3962 2474 4016 in
2504 3977 2611 4032 quo
2628 3960 2854 4031 epistola
2880 3977 2999 4031 qua:
3034 3961 3138 4018 Iba:
3165 3963 3383 4031 dicitur,
3414 3979 3502 4019 er-

1926 4058 2066 4113 roris
2085 4056 2243 4129 plena
2265 4055 2607 4126 reprobatur,
2634 4062 2689 4109 et
2708 4053 3026 4109 Theodorus
3057 4071 3345 4126 personam
3384 4073 3498 4113 me-

1923 4151 2149 4207 diatoris
2170 4150 2263 4205 Dei
2286 4157 2341 4205 ct
2362 4149 2642 4204 hominum
2677 4148 2731 4201 in
2764 4148 2972 4204 duabus
2998 4150 3321 4205 substantiis
3343 4165 3502 4220 sepa-

1924 4257 2073 4305 rans,
2096 4242 2164 4296 ad
2193 4239 2485 4311 impietatis
2527 4238 2809 4309 perﬁdiam
2848 4238 3111 4294 cecidisse
3140 4238 3502 4293 convincitur.

1928 4334 2139 4403 Scripta
2185 4346 2400 4403 quoque
2437 4330 2752 4386 Theodoriti
2776 4371 2792 4396 ,
2829 4345 2929 4399 per
2970 4345 3090 4398 qua:
3132 4330 3274 4384 beati
3321 4328 3508 4400 Cyrilli

264 4461 412 4499 suam
462 4416 758 4514 Gregorius
779 4481 795 4505 ,
846 4435 1138 4493 secundum
1194 4416 1429 4505 priscum
1482 4420 1825 4489 dcccssoruni
1851 4448 1904 4506 ι)
1930 4424 2062 4478 ﬁdes
2084 4420 2514 4491 reprehenditur,
2549 4435 2684 4474 ausu
2706 4419 2989 4514 dementiae
3021 4416 3231 4487 prolata
3268 4417 3507 4474 refutan-

264 4552 480 4592 suorum
502 4549 732 4597 morem,
756 4529 949 4586 Joauni
972 4526 1582 4598 Constantinopolitano,
1606 4524 1828 4597 Eulogio

264 4625 644 4686 Alexandrino,
671 4620 931 4692 Gregorio
951 4616 1287 4672 Antiocheno
1310 4657 1325 4681 ,
1359 4614 1554 4671 Joanni
1579 4614 1829 4669 llieroso-

266 4717 541 4787 lymitano,
566 4723 623 4771 et
640 4713 928 4769 Anastasio
945 4710 1273 4765 Patriarcha:
1293 4708 1646 4770 Antiochcno,
1670 4708 1834 4763 desti-

268 4810 433 4873 navit,
464 4821 584 4876 qua:
612 4807 683 4861 ita
711 4819 769 4860 se
794 4803 995 4858 habet:
1043 4820 1060 4853 ι
1094 4799 1465 4856 Consideranti
1495 4798 1657 4864 mihi,
1689 4798 1833 4869 quod

273 4920 288 4951 ι
328 4902 504 4969 impar
525 4897 757 4963 meritis,
787 4910 851 4950 ac
886 4903 997 4950 toto
1039 4893 1219 4947 animo
1257 4891 1513 4952 renitens,
1546 4890 1834 4961 pastoralis

274 5011 289 5041 ι
335 4991 494 5061 160
508 5004 652 5045 cura:
673 4987 912 5059 pondera
939 4993 1160 5055 portare
1185 4981 1494 5054 compulsus
1519 4982 1643 5047 sim,
1662 4982 1834 5053 caligo

274 5102 289 5133 ι
327 5084 579 5139 mmroris
604 5080 862 5143 occurrit,
892 5087 998 5133 etc.
1042 5077 1220 5131 Triste
1248 5091 1343 5131 cor
1368 5074 1502 5129 nihil
1528 5074 1695 5141 aliud,
1724 5074 1829 5128 nisi

274 5193 289 5226 ς
326 5190 452 5240 eas,
485 5189 605 5246 qua:
631 5172 803 5227 videri
833 5169 909 5225 nil
941 5170 1151 5231 sinunt,
1186 5168 1433 5223 tenebras
1456 5166 1602 5222 videt
1644 5181 1659 5220 :
1706 5180 1834 5219 nam

276 5288 290 5318 ι
330 5267 457 5337 quid
476 5266 720 5322 Antistes
741 5263 810 5317 ad
840 5261 1142 5321 Dominum,
1167 5258 1269 5312 nisi
1298 5271 1399 5326 pro
1423 5255 1631 5310 delictis
1651 5254 1834 5326 pepuli

275 5377 292 5407 ι
331 5359 657 5412 intercessor
684 5350 930 5425 eligitur?
950 5349 1063 5416 Qua
1087 5348 1266 5416 itaque
1290 5345 1484 5399 ﬁducia
1512 5346 1576 5400 ad
1597 5361 1717 5400 cum
1740 5359 1837 5414 pro

278 5467 292 5495 ι
323 5446 562 5516 peccatis
600 5443 793 5498 alienis
837 5441 1161 5495 intercessor
1200 5436 1378 5497 venio,
1415 5436 1554 5516 apud
1578 5451 1736 5505 quem
1773 5437 1855 5510 de

279 5557 293 5587 ι
327 5536 561 5607 propriis
606 5549 831 5590 securus
870 5546 975 5585 non
1020 5527 1175 5583 sum?
1208 5525 1265 5581 Si
1306 5525 1537 5581 fortasse
1570 5526 1835 5597 quispiam

278 5645 293 5676 ι
330 5627 468 5696 apud
494 5633 772 5695 potentem
797 5624 1001 5683 virum,
1035 5618 1126 5689 qui
1161 5625 1216 5670 et
1243 5614 1343 5669 sibi
1373 5616 1569 5679 iratus,
1614 5624 1669 5669 et
1705 5616 1834 5670 mihi

277 5737 297 5770 ι
329 5727 474 5774 esset
528 5715 873 5784 incognitus,
929 5714 1339 5766 intercessorem
1383 5722 1538 5761 suum
1588 5721 1676 5760 me
1721 5706 1837 5760 ﬁeri

1934 4519 2039 4565 tur.
2072 4508 2313 4563 Cunctas
2337 4521 2486 4572 vero,
2519 4519 2655 4575 quas
2686 4504 2908 4575 praelata
2932 4508 3238 4560 veneranda
3261 4505 3508 4561 Coneilia

1934 4616 2193 4675 personas
2211 4607 2490 4671 respuunt,
2505 4613 2700 4667 respuo
2725 4614 2739 4662 ;
2765 4613 2902 4667 quas
2924 4605 3269 4660 venerantur,
3297 4599 3506 4667 ample-

1935 4702 2050 4749 ctor
2081 4710 2093 4746 :
2135 4692 2260 4762 quia
2283 4692 2412 4746 dum
2436 4688 2727 4743 universali
2755 4697 2879 4743 sunt
2899 4702 3164 4742 consensu
3185 4686 3504 4754 censtituta,

1935 4798 1993 4837 se
2018 4792 2074 4837 et
2099 4796 2206 4836 non
2232 4780 2321 4834 illa
2355 4778 2612 4841 destruit,
2638 4777 2883 4848 quisquis
2915 4777 3226 4847 pncsumit,
3268 4784 3361 4831 aut
3396 4779 3507 4833 sol-

1936 4887 2063 4927 vere
2104 4886 2240 4941 quos
2290 4869 2442 4940 161
2475 4860 2864 4938 religantfaut
2900 4866 3067 4937 ligare
3091 4880 3227 4937 quos
3272 4866 3504 4923 solvunt.

1940 4964 2194 5035 Quisquis
2212 4978 2341 5034 ergo
2363 4963 2504 5017 aliud
2527 4961 2685 5032 sapit,
2721 4960 3009 5015 anathema
3030 4960 3120 5015 sit.
3160 4981 3179 5015 ι

2009 5054 2098 5111 Ἣ.
2136 5053 2262 5109 Haec
2281 5052 2517 5108 Joannes
2537 5052 2603 5107 de
2634 5050 2888 5121 Symbolo
2915 5058 2968 5104 et
2989 5049 3251 5122 Synodiea
3287 5049 3345 5107 S.
3375 5051 3511 5108 Gre-

1941 5146 2100 5217 gorii,
2136 5160 2256 5215 quae
2280 5151 2339 5198 ut
2356 5143 2427 5199 ad
2455 5158 2571 5199 rem
2612 5151 2853 5197 nostram
2877 5151 3215 5211 exponuntur
3243 5142 3429 5197 utilius
3454 5151 3512 5197 et

1940 5239 2163 5309 clarius,
2214 5237 2551 5294 observanda
2588 5236 2713 5291 duo.
2760 5218 3020 5300 Primum,
3068 5236 3233 5297 unius
3280 5236 3357 5289 rei
3404 5235 3511 5288 tria

1943 5332 2108 5389 fuisse
2132 5332 2372 5397 nomina,
2396 5331 2604 5393 Fidem,
2635 5326 2966 5400 Symbolum,
2989 5327 3289 5382 lndiculum
3317 5342 3329 5377 :
3359 5322 3511 5377 Fidei

1941 5440 2137 5481 nomen
2174 5425 2242 5480 ab
2270 5428 2586 5494 argumento
2622 5419 2820 5474 factum
2846 5426 2958 5481 est;
2992 5413 3256 5485 Symboli,
3289 5409 3356 5462 ab
3382 5409 3512 5463 arti—

1943 5516 2187 5571 euiorum
2216 5514 2428 5576 ordine,
2474 5509 2761 5572 brevitate,
2797 5518 2851 5561 ct
2879 5514 3098 5559 tessera:
3124 5494 3507 5561 similitudine;

1944 5608 2165 5663 Indiculi
2192 5623 2221 5661 a
2262 5606 2456 5670 forma,
2484 5618 2604 5673 qua:
2631 5601 2833 5669 scripto
2859 5593 3194 5654 tradebatur,
3241 5585 3387 5641 velut
3432 5588 3485 5643 in

1944 5707 2300 5753 strumentum
2331 5696 2443 5750 suis
2475 5691 2745 5752 omnibus,
2771 5695 3034 5753 personae,
3067 5677 3325 5747 temporis
3350 5686 3404 5734 et
3434 5685 3513 5733 tea
