3990 6184
406 297 509 352 155

1658 283 1747 336 ΑΙ)
1782 278 2057 335 LIBRUM-
2082 276 2400 334 DIURNUM

3553 278 3656 334 136

402 410 591 471 ειίυηι,
621 402 886 473 adjunctis
931 402 1213 465 tunnitum,
1242 407 1296 452 et
1335 398 1386 451 in
1416 395 1636 449 arcltivo
1682 407 1965 449 asservan-
1998 396 2045 453 Α
2074 390 2143 445 tis
2168 398 2296 444 tunc
2323 390 2582 453 caruisse,
2615 405 2735 443 eum
2781 391 3075 453 scriberet,
3113 408 3129 438 ι
3178 398 3463 459 propterea
3512 398 3659 461 quod

406 501 554 553 dum.

478 589 741 653 Alterum,
769 586 933 641 fuisse
961 581 1396 654 pariteralterius
1410 578 1629 633 nomina
1654 578 1778 642 tria,
1804 563 1978 645 Expoé

408 683 658 735 sitionem
691 678 831 742 ﬁdei,
871 674 1208 737 Sermonem,
1237 678 1293 725 et
1320 669 1663 739 Synodicam.
1695 666 1851 720 Dicta
1894 672 1977 719 est

408 768 685 839 Expositio
716 765 857 827 ﬁdei,
888 763 1013 833 quia
1048 759 1356 831 explanatio
1401 757 1647 826 qumdam
1676 754 1778 808 fuit
1819 754 1976 825 Sym-

407 861 529 913 bolo
553 858 827 928 prolixior,
855 862 908 907 et
930 852 997 906 ad
1038 853 1273 906 haereses
1300 846 1634 903 damnandas
1672 860 1976 900 accommo-

406 953 582 1006 datior
609 968 621 1003 :
652 948 862 1009 Sermo,
907 943 1162 1012 quoniam
1193 956 1295 1011 pro
1341 939 1601 1005 concione
1626 936 1861 991 ﬁdelium
1888 935 1979 989 ﬁe-

407 1041 496 1093 bat
526 1057 537 1091 :
572 1034 857 1107 Synodiea,
884 1031 1162 1101 quoniam,
1190 1037 1246 1083 et
1270 1042 1301 1082 e
1330 1026 1547 1098 Synodo
1578 1025 1820 1079 Romana
1847 1024 1974 1077 mit-

404 1128 613 1182 tebatur
635 1126 702 1179 ad
722 1120 1093 1184 Patriarcbas,
1114 1127 1171 1173 et
1195 1118 1251 1171 in
1280 1116 1496 1187 Synodo
1533 1113 1977 1168 Patriarcharum

403 1217 619 1288 legenda
652 1216 771 1281 fuit,
786 1222 847 1269 ut
875 1224 987 1267 tota
1012 1209 1244 1266 ecclesia
1267 1208 1350 1263 sui
1375 1206 1613 1261 doctoris
1629 1205 1787 1260 ﬁdem
1812 1219 1976 1275 agno-

401 1318 595 1364 sceret.

473 1398 580 1451 Vll.
622 1398 699 1451 De
742 1393 915 1449 forma
949 1392 1101 1455 ﬁdei,
1156 1405 1318 1460 quam
1361 1386 1663 1461 symbolum
1706 1386 1971 1447 diximus,

404 1502 617 1557 quaque
649 1484 864 1538 Electus
901 1490 1025 1536 ante
1052 1479 1444 1534 ordinationem
1482 1478 1755 1542 utebatur,
1779 1490 1975 1531 occur-

406 1587 532 1632 runt
560 1576 885 1646 quaestiones
909 1572 1045 1627 dute.
1090 1571 1289 1633 Prima,
1330 1569 1633 1639 cujusmodi
1664 1567 1827 1623 fuerit
1864 1566 1977 1634 pri-

406 1670 513 1724 scis
553 1665 881 1736 temporibus
914 1682 926 1714 :
964 1662 1140 1731 prisca
1181 1661 1320 1725 dico,
1359 1675 1480 1728 qua:
1511 1658 1756 1729 Gregorii
1797 1656 1975 1727 Magni

2078 478 2221 533 nulla
2262 478 2368 533 illic
2394 480 2616 534 hmresis
2644 479 2965 548 sumpsisset
2999 479 3319 544 exordium;
3363 479 3419 532 in
3443 483 3659 538 caeteris

2079 579 2257 624 autem
2283 570 2438 634 locis,
2480 577 2743 639 quantum
2783 569 3007 639 intelligi
3043 569 3223 632 datur,
3265 579 3492 638 propter
3519 586 3658 625 non-

2077 659 2253 713 nullos
2303 659 2609 725 haereticos,
2653 659 2837 714 addita
2875 658 3119 727 quaedam
3155 658 3348 722 videri,
3394 673 3493 728 per
3536 674 3658 729 qum

2078 751 2301 804 novellae
2323 750 2584 805 doctrinm
2611 764 2802 805 sensus
2832 748 3148 803 crederetur
3171 746 3405 802 excludi.
3455 768 3476 800 ι

2147 839 2259 893 ΧΠ.
2285 839 2414 894 Inde
2436 840 2580 895 enim
2603 840 2789 895 videor
2800 838 2932 893 mihi
2956 853 3064 893 non
3080 836 3505 905 improhabiliter
3524 852 3663 891 con-

2078 929 2315 993 cludere,
2342 931 2721 985 necessitatem
2757 929 3088 985 accessionis
3114 927 3378 983 facienda:
3403 936 3532 981 tunc
3563 942 3670 982 ex-

2077 1017 2273 1081 titisse,
2303 1033 2424 1071 cum
2458 1017 2719 1087 capitales
2750 1025 2860 1073 tres
2907 1017 3143 1071 haereses
3173 1016 3443 1085 Origenis,
3487 1014 3662 1069 Mani-

2077 1109 2230 1173 chazi,
2262 1119 2316 1165 et
2355 1110 2469 1164 Arii
2519 1112 2573 1165 in
2609 1109 2908 1164 Romanam
2938 1108 3238 1164 Ecclesiam
3286 1109 3525 1178 irrepere
3558 1123 3661 1162 co-

2079 1207 2216 1254 nataa
2247 1211 2393 1255 sunt.
2427 1201 2648 1256 Conatae
2684 1209 2809 1255 sunt
2829 1215 2980 1266 vero,
3008 1210 3061 1254 et
3097 1216 3220 1257 cum
3249 1200 3386 1255 liber
3407 1199 3660 1270 Origenis

2076 1294 2194 1366 περὶ
2219 1293 2402 1365 ἀρχῶν
2423 1291 2608 1345 Romae
2635 1291 2783 1345 visus
2819 1298 2924 1355 est,
2957 1298 3016 1344 et
3042 1304 3168 1345 cum
3193 1288 3473 1343 Manichaei
3516 1287 3659 1343 clam

2078 1379 2330 1446 latentes,
2368 1381 2536 1435 certis
2564 1380 2779 1436 indiciis
2803 1380 3146 1450 deprehensi,
3177 1380 3423 1449 producti
3448 1388 3575 1434 sunt
3601 1379 3659 1434 in

2075 1470 2369 1538 publicum,
2398 1478 2457 1526 et
2488 1487 2609 1526 cum
2633 1471 3004 1542 Eutychianus
3028 1486 3203 1535 error,
3233 1470 3421 1526 Ariani
3445 1471 3661 1527 soboles

2080 1562 2349 1630 quaedam,
2384 1563 2715 1631 percrebuit.
2968 1592 2978 1603 -
3332 1564 3341 1575 '

2148 1655 2282 1710 Xlll.
2347 1657 2508 1711 Liber
2550 1661 2669 1730 περί
2717 1659 2898 1731 ἀρχῶν
2940 1657 3273 1726 temporibus
3315 1655 3587 1711 Anastasii
3634 1656 3660 1710 ι

403 1767 619 1811 (etatem
650 1735 1061 1825 praecesserunt,
1113 1751 1285 1805 fuitne
1313 1750 1594 1805 dumtaxat
1639 1747 1978 1819 Symbolum,
2008 1735 2054 1794 Β
2082 1747 2307 1802 Romam
2328 1747 2504 1811 venit;
2531 1746 2853 1802 Manichaeos
2873 1747 3168 1803 insectatus
3193 1756 3277 1802 est
3298 1747 3408 1801 Leo
3434 1746 3660 1814 Magnus

404 1848 545 1917 quod
593 1845 954 1915 Apostolicum
983 1851 1228 1907 vocatur,
1278 1849 1334 1896 et
1364 1841 1494 1895 illud
1536 1841 1773 1910 quidem,
1824 1838 1983 1908 quale

408 1950 750 2003 usurpamus,
784 1950 847 1986 an
865 1930 1134 2001 quomodo
1150 1938 1269 1984 erat
1289 1929 1419 1983 olim
1447 1930 1500 1983 in
1529 1945 1628 1983 usu
1654 1927 1983 1983 Roma}?Se-

406 2023 600 2087 cunda,
630 2020 788 2093 «male
816 2019 979 2076 fuerit
998 2019 1239 2090 priscum
1268 2017 1523 2074 Romanae
1549 2016 1805 2074 Ecclesia:
1833 2015 1982 2089 Sym-

405 2116 608 2171 bolum.

480 2204 608 2259 Vlll.
642 2203 712 2260 Ut
734 2204 908 2274 prima
934 2204 1160 2272 qutestio
1187 2202 1343 2281 plane
1374 2200 1633 2267 solvatur,
1663 2200 1843 2271 prisca
1873 2199 1984 2268 pri-

406 2312 556 2352 mum
584 2305 827 2365 tempora
854 2295 1134 2350 dividenda
1160 2302 1303 2357 sunt,
1329 2302 1441 2347 tum
1464 2294 1707 2347 Romana
1731 2290 1983 2362 Symbola

411 2387 805 2459 distinguenda.
857 2386 1134 2441 Prioribus
1180 2385 1545 2454 temporibus,
1596 2384 1650 2438 id
1692 2392 1818 2449 est,
1859 2392 1985 2438 ante

412 2498 616 2536 annum
665 2479 790 2541 400,
822 2479 1036 2548 quando
1060 2478 1285 2532 Ruﬁnus
1314 2476 1671 2545 Aquileiensis
1698 2475 1986 2546 Presbyter

412 2569 543 2623 nihil
573 2570 698 2622 dum
721 2566 1076 2621 additamenti
1109 2566 1308 2620 factum
1334 2564 1498 2621 fuisse
1523 2564 1714 2620 scribit
1738 2563 1984 2619 Romano

413 2657 687 2728 Symbolo,
742 2672 848 2710 non
882 2655 1042 2709 aliam
1076 2664 1207 2725 puto
1243 2657 1496 2711 emissam
1530 2655 1597 2710 ab
1628 2655 1827 2709 Electis
1861 2670 1985 2724 pro-

382 2798 383 2801 η
412 2745 701 2800 fessionem
735 2744 879 2810 ﬁdei,
925 2760 1086 2814 quam
1117 2761 1235 2815 qua:
1265 2745 1522 2817 Symbolo
1568 2745 1813 2800 Romano
1838 2747 1987 2802 addi-

415 2837 575 2891 tionis
599 2851 735 2907 puro
763 2836 1141 2891 continebatur
1175 2855 1187 2890 :
1217 2837 1605 2906 posterioribus
1628 2852 1771 2899 vero,
1800 2837 1855 2891 id
1878 2846 1986 2902 es‘t,

414 2927 483 2980 ab
512 2940 654 2979 anno
696 2925 913 2979 circiter
938 2925 1064 2989 400,
1091 2925 1157 2979 ad
1192 2924 1509 2996 Gregorium
1547 2924 1820 2995 Magnum,
1852 2924 1987 2980 reci-

2075 1857 2206 1896 enn.
2236 1841 2360 1897 445.
2410 1841 2742 1912 Eutychiana
2778 1841 2998 1897 haeresis
3038 1842 3139 1896 sub
3176 1841 3368 1896 eodem
3397 1838 3662 1894 Pontiﬁce

2085 1934 2267 1987 turbas
2310 1932 2507 2001 ubique
2536 1932 2720 1996 movit,
2745 1934 3030 1988 occasione
3057 1931 3349 1987 Latrocinii
3374 1930 3652 1999 Ephesini.

2083 2023 2354 2078 Adversus
2384 2020 2633 2094 Origenis
2655 2023 3006 2093 temporalem
3033 2031 3087 2079 et
3103 2020 3661 2079 muta‘bilembeatitn—

2083 2113 2262 2167 dinem
2302 2122 2613 2169 sanctorum
2648 2114 2752 2170 vita
2780 2121 2976 2167 (eterna
3013 2112 3223 2167 credita
3247 2118 3334 2167 est
3362 2129 3376 2164 :
3401 2111 3661 2165 adversus

2084 2202 2537 2258 Manichaeismum
2568 2204 2634 2260 de
2669 2204 2852 2258 mundi
2886 2203 3155 2259 sensibilis
3200 2219 3231 2257 a
3259 2201 3503 2258 daemone
3527 2215 3660 2257 eon-

2084 2293 2303 2358 ditione,
2333 2293 2505 2362 factor
2528 2293 2642 2348 creti
2664 2302 2715 2347 et
2744 2302 2895 2347 terrm
2926 2306 2945 2344 :
2974 2293 3228 2347 adversus
3254 2291 3371 2346 Arii
3392 2305 3658 2356 errorem,

2084 2382 2227 2451 quod
2249 2382 2394 2436 nulla
2420 2381 2583 2437 fuerit
2613 2382 2668 2435 in
2702 2380 2917 2437 Christo
2948 2381 3153 2445 anima,
3179 2381 3457 2434 descensus
3476 2380 3546 2434 ad
3569 2380 3657 2434 in-

2086 2473 2222 2541 feros
2253 2472 2466 2538 animae,
2497 2487 2618 2527 cum
2642 2487 2836 2543 corpus
2861 2470 3072 2539 jaceret
3101 2471 3155 2525 in
3182 2470 3446 2539 sepulcro.

2154 2564 2294 2620 XIV.
2330 2564 2456 2619 Hzec
2484 2563 2594 2619 sola
2637 2563 2853 2633 quidem
2883 2562 3078 2632 triplex
3114 2561 3318 2617 additio
3340 2560 3570 2617 accessit
3588 2559 3659 2616 ad

2088 2654 2424 2727 Symbolum,
2447 2662 2606 2724 prout
2621 2654 2937 2708 tradebatur
2957 2650 3381 2716 catechumenis,
3406 2659 3462 2706 et
3496 2650 3553 2705 in
3570 2650 3663 2706 ba-

2086 2749 2286 2819 ptismo
2325 2747 2647 2802 reddebatur
2684 2764 2696 2799 :
2731 2746 2825 2801 sed
2856 2745 3014 2816 longe
3054 2741 3225 2811 major
3251 2742 3463 2796 videtur
3484 2740 3659 2806 facta,

2088 2853 2208 2893 cum
2260 2838 2326 2891 ab
2365 2836 2697 2901 ordinandis,
2734 2843 2795 2889 ut
2830 2835 2987 2889 ﬁdem
3030 2848 3183 2890 suam
3226 2846 3416 2901 puram
3458 2831 3665 2887 erroris

2088 2929 2398 2999 probarent,
2425 2925 2820 2996 proferebatur.
2843 2923 2901 2978 ld
2928 2931 3141 2979 constat
3162 2938 3230 2978 ex
3265 2921 3508 2993 symbolo
3528 2920 3664 2976 Gre-

416 3024 587 3070 tatum
629 3016 866 3069 arbitror
903 3016 972 3071 ab
1014 3015 1202 3071 iisdem
1242 3015 1441 3070 Electis
1494 3015 1806 3087 Symbolum
1848 3016 1989 3071 idem
2023 3076 2059 3088 Α
2092 3017 2227 3088 gorii
2273 3015 2472 3088 Magni,
2513 3015 2657 3085 quod
2701 3029 2863 3086 quam
2914 3014 3184 3068 diversum
3223 3013 3292 3068 sit
3339 3028 3370 3066 a
3408 3011 3660 3083 vulgari,

416 3106 806 3178 Apostolicum,
855 3105 949 3162 sed
975 3122 1100 3162 cum
1143 3076 1554 3171 additamentis,
1579 3106 1740 3161 modo
1772 3108 1989 3177 paueio-
2017 3076 2060 3137 (ἶ
2092 3076 2253 3161 nemo
2278 3076 2390 3161 neti
2413 3106 2576 3161 videt.

418 3198 589 3261 ribus,
633 3196 792 3251 modo
818 3196 1086 3267 pluribus,
1129 3204 1289 3266 prout
1318 3196 1566 3267 exigebat
1602 3197 1743 3252 ratio
1784 3206 1990 3267 tempo—

418 3303 558 3351 rum,
589 3296 644 3342 et
671 3288 890 3358 propius
918 3287 986 3341 ad
1016 3286 1308 3357 septimum
1333 3285 1587 3342 saeculum
1610 3285 1985 3347 accedebatur,

418 3393 523 3447 quo
555 3386 793 3449 tempore
829 3393 892 3431 ea
930 3377 1053 3431 ﬁdei
1082 3375 1348 3448 professio
1371 3377 1570 3432 emissa
1598 3383 1704 3441 est,
1736 3392 1854 3445 qua:
1895 3375 1987 3430 Li-

418 3468 514 3522 bro
546 3468 748 3522 Diurno
779 3467 1102 3529 continetur,
1130 3475 1185 3522 et
1217 3466 1284 3520 ad
1321 3465 1589 3521 decimum
1615 3467 1865 3535 quintum
1895 3482 1989 3521 us-

417 3574 524 3628 quc
553 3557 838 3623 sacculum,
868 3566 961 3612 aut
993 3557 1156 3612 etiam
1185 3556 1428 3622 ulterius,
1458 3556 1513 3611 in
1551 3572 1650 3613 usu
1686 3557 1807 3612 fuit.

487 3647 578 3700 IX.
616 3649 744 3714 Qua:
773 3657 833 3701 ut
855 3646 1223 3702 manifestiora
1256 3645 1407 3710 ﬁant,
1436 3646 1689 3700 solvenda
1712 3653 1794 3700 est
1820 3646 1989 3702 altera

419 3737 666 3805 quaestio,
690 3735 848 3805 quale
872 3734 1033 3789 fuerit
1060 3734 1247 3789 Romae
1268 3734 1631 3804 Apostolicum
1651 3733 1983 3805 Symbolum,

420 3826 509 3879 cui
541 3825 675 3878 nihil
716 3823 892 3877 adhuc
916 3822 1177 3887 additum,
1209 3821 1458 3887 Ruﬁnus,
1485 3822 1646 3891 paulo
1688 3833 1812 3879 ante
1856 3841 1989 3894 qua-

421 3911 903 3982 dringentesimum
929 3910 1128 3965 Christi
1149 3925 1371 3984 annum,
1407 3909 1698 3965 scribebat.
1727 3912 1806 3967 Ex
1841 3923 1989 3969 vete-

420 4004 574 4057 ribus
587 4004 969 4069 monumentis,
986 4003 1057 4057 ita
1078 4018 1135 4058 se
1151 4002 1750 4074 habuisseintelligitur.
1776 4024 1795 4057 ι
1814 4006 1987 4063 Credo

422 4097 477 4150 in
515 4097 681 4151 Deum
710 4095 924 4152 Patrem
948 4097 1393 4167 omnipotentem,
1427 4104 1482 4151 et
1525 4097 1580 4150 in
1611 4096 1792 4153 Jesum
1828 4098 1987 4153 Cbri-

422 4194 566 4239 stum
595 4184 759 4239 ﬁlium
784 4185 897 4256 ejus
919 4185 1254 4253 unigenitum
1283 4183 1570 4240 Dominum
1595 4196 1861 4252 nostrum,
1894 4189 1989 4257 qui

422 4284 713 4348 conceptus
756 4287 839 4334 est
882 4277 949 4333 de
1001 4278 1205 4348 Spiritu
1238 4286 1446 4345 saneto,
1504 4288 1662 4335 natus
1713 4296 1779 4336 ex
1821 4278 1989 4333 Maria

424 4368 659 4440 Virgine,
688 4383 879 4438 passus
904 4369 1002 4425 sub
1028 4368 1221 4424 Pontio
1262 4368 1461 4432 Pilato,
1488 4369 1799 4434 cruciﬁxus,
1848 4384 1990 4423 mor-

423 4471 546 4514 tuus
572 4468 628 4514 et
647 4460 886 4530 sepultus
918 4459 1073 4531 162
1104 4460 1263 4514 tertia
1295 4459 1383 4515 die
1408 4460 1724 4526 resurrexit,
1751 4460 1992 4515 ascendit

423 4552 488 4607 ad
502 4550 692 4616 caelos,
714 4552 863 4607 sedet
877 4552 943 4605 ad
964 4553 1241 4606 dexteram
1264 4551 1359 4607 Dei
1379 4550 1573 4615 Patris,
1595 4551 1720 4607 inde
1735 4561 1993 4607 venturus

423 4649 509 4696 est
548 4640 794 4710 judicare
842 4642 993 4697 vivos
1032 4650 1087 4697 et
1135 4649 1398 4697 mortuos.
1445 4641 1619 4698 Credo
1648 4643 1703 4696 in
1731 4641 1991 4712 Spiritum

425 4740 690 4796 sanctum,
716 4744 955 4788 sanctam
984 4734 1282 4788 Ecelesiam
1297 4733 1650 4797 Catholicam,
1672 4731 1991 4788 Sanctorum

428 4823 878 4888 communionem,
917 4825 1291 4880 remissionem
1319 4832 1684 4894 peccatorum,
1712 4824 1892 4879 carnis
1915 4839 1995 4879 re

428 4912 836 4967 surrectionem.
892 4932 910 4964 ι
941 4912 999 4965 In
1044 4928 1110 4966 eo
1151 4913 1346 4967 desunt
1385 4913 1507 4977 tria,
1547 4927 1665 4980 qua:
1691 4913 1745 4966 in
1788 4913 1992 4984 vulgari

430 5000 788 5062 continentur,
816 4998 1111 5054 Creatorem
1126 5000 1239 5055 coeli
1267 5010 1313 5055 et
1341 5010 1513 5067 terrw,
1540 5001 1801 5056 descendit
1821 5004 1890 5057 ad
1912 5005 1994 5058 in-

431 5089 588 5159 feros,
629 5088 783 5141 vitam
810 5098 1079 5142 retentam.

500 5177 568 5232 Χ.
594 5176 719 5231 Inde
741 5176 912 5230 oritur
942 5177 1099 5232 tertia
1128 5178 1385 5248 qtnestio,
1423 5179 1638 5249 quando
1682 5182 1990 5251 contigerit,

433 5278 485 5323 et
529 5264 806 5336 quorsum“,
850 5264 973 5317 addi
1000 5265 1116 5319 btec
1160 5264 1300 5319 tria?
1350 5264 1540 5331 Nemo,
1586 5268 1727 5336 quod
1784 5268 1950 5322 sciam
1977 5309 1994 5333 ,

440 5362 484 5417 id
513 5356 809 5431 inquisivit,
843 5355 969 5410 utile
1000 5366 1178 5412 tamen
1227 5364 1312 5412 est
1350 5373 1527 5423 nosse,
1555 5358 1640 5413 vel
1671 5375 1767 5429 per
1812 5356 1996 5427 conje-

432 5463 659 5508 Claram.

503 5542 592 5596 XI.
629 5537 1193 5603 VidetuLponnullum
1224 5537 1449 5592 Ruﬁnus
1477 5539 1794 5608 conjiciendi
1820 5540 1996 5595 locum

435 5635 585 5700 dare,
611 5650 731 5688 cum
765 5633 944 5697 tradit,
977 5634 1275 5687 Romanum
1325 5629 1634 5698 Symbolum
1665 5632 1997 5688 additamen-

2160 3196 2275 3252 XV.
2305 3196 2547 3265 Septimo
2576 3197 2792 3260 saeculo,
2824 3211 2945 3252 cum
2976 3197 3174 3251 summi
3212 3196 3499 3252 Pontiﬁces
3517 3199 3665 3252 ordi-

2091 3296 2375 3353 narentur,
2394 3288 2503 3359 jam
2527 3304 2631 3343 non
2658 3288 2980 3359 symbolum,
3003 3289 3144 3359 quod
3171 3297 3332 3344 antea
3353 3289 3542 3354 ﬁebat;
3568 3290 3664 3344 sed

2090 3394 2189 3448 pro
2222 3378 2478 3450 Symbolo
2508 3378 2609 3434 fuit
2643 3379 2815 3436 forma
2848 3380 2993 3439 ﬁdei,
3037 3379 3337 3450 cuiusmodi
3376 3380 3664 3434 exhibetur

2089 3471 2143 3524 in
2165 3471 2388 3526 Diurno.
2403 3471 2647 3527 Obtinuit
2669 3471 2759 3526 illa
2774 3487 2925 3536 vero,
2944 3487 3050 3526 non
3068 3479 3277 3527 tantum
3302 3474 3370 3527 ad
3392 3472 3663 3527 decimum

2090 3563 2283 3618 saltem
2314 3563 2587 3629 saeculum,
2620 3579 2727 3633 quo
2779 3564 2992 3619 vivebat
3022 3564 3137 3620 Yvo
3168 3564 3536 3628 Carnotensis,
3566 3568 3663 3621 sed

2088 3654 2253 3708 etiam
2279 3654 2344 3709 ad
2370 3662 2611 3724 tempora
2643 3655 2964 3711 Basileensis
2990 3655 3240 3722 Concilii,
3275 3666 3335 3711 ut
3360 3665 3542 3727 postea
3576 3659 3660 3712 di-

2089 3751 2242 3797 cetur
2285 3760 2296 3794 :
2344 3742 2456 3796 Vvo
2492 3746 2636 3797 enim
2682 3753 2870 3812 aperte
2915 3746 3046 3800 satis
3093 3746 3292 3811 innuit,
3339 3748 3451 3801 suis
3496 3747 3663 3801 etiam

2090 3831 2441 3900 temporibus,
2458 3846 2697 3888 summos
2719 3834 3007 3889 Pontiﬁces
3030 3835 3083 3889 in
3103 3834 3442 3890 ordinatione
3457 3835 3663 3906 profes-

2089 3922 2296 3977 sionem
2322 3921 2467 3976 illam
2495 3923 2761 3988 emisisse,
2794 3923 2945 3991 cuius
2976 3940 3082 3979 non
3112 3925 3438 3981 mediocrem
3454 3935 3662 3997 partem

2089 4028 2155 4068 ex
2177 4014 2381 4068 Diurno
2406 4014 2592 4074 refert,
2622 4024 2678 4069 et
2708 4015 3039 4072 Basileenses
3068 4017 3207 4073 hanc
3230 4019 3450 4088 exigunt
3483 4019 3550 4074 ab
3574 4034 3665 4073 or-

2091 4105 2327 4161 dinando
2353 4104 2635 4160 Pontiﬁce.

2163 4195 2317 4266 163
2344 4195 2483 4249 XVI.
2511 4194 2698 4251 Oritur
2721 4196 2882 4251 etiam
2912 4206 3104 4266 quarta
3127 4199 3371 4269 quaestio,
3391 4214 3498 4268 quo
3527 4207 3663 4254 tem-

2089 4296 2221 4354 pore
2236 4285 2585 4338 commutatio
2600 4284 2837 4355 Symboli
2854 4286 2907 4339 in
2929 4286 3157 4341 formam
3174 4287 3294 4342 ﬁdei
3314 4288 3515 4342 Diumo
3528 4304 3659 4342 con-

2015 4414 2068 4475 D
2094 4383 2297 4429 tentam
2324 4371 2463 4428 facta
2489 4374 2595 4428 sit?
2624 4375 2842 4430 Factam
2865 4377 3074 4444 opinor,
3093 4385 3377 4447 postquam
3392 4377 3662 4447 prioribus

2094 4481 2188 4520 sex
2216 4463 2469 4520 Conciliis
2494 4466 2842 4521 tecumenicis
2867 4466 3142 4537 religionis
3162 4466 3483 4523 Christiana:
3508 4469 3660 4538 prin-

2094 4557 2231 4627 cipia
2258 4557 2382 4621 duo,
2412 4556 3304 4626 eonsuhstantialitaspersonarum
3337 4557 3658 4621 divinarum,

2093 4654 2148 4700 et
2191 4644 2578 4701 lncarnationis
2623 4647 2859 4711 veritas,
2904 4646 3194 4701 constituta
3242 4654 3427 4700 essent
3472 4664 3484 4699 :
3537 4655 3665 4699 tunc

2094 4737 2238 4791 enim
2280 4736 2519 4792 Concilia
2566 4737 2826 4806 recipere,
2874 4744 2929 4790 et
2970 4736 3226 4799 haereses,
3261 4750 3397 4805 quas
3430 4736 3663 4805 proscri-

2094 4829 2349 4898 psissent,
2377 4828 2641 4893 execrari,
2670 4828 2968 4883 indubitata
2996 4827 3098 4882 fuit
3133 4826 3417 4900 ὀρθοδοξίας
3444 4836 3587 4880 nota.

2166 4916 2327 4971 XVll.
2364 4916 2612 4972 Orituret
2637 4918 2846 4986 quinta,
2874 4933 2942 4972 an
2969 4918 3084 4972 sine
3097 4916 3431 4983 discrimine,
3463 4920 3662 4972 summi

2099 5007 2388 5061 Pontiﬁces
2412 5007 2611 5076 aliique
2638 5007 2907 5078 Episc0pi,
2949 5008 3136 5062 saltem
3179 5009 3270 5078 qui
3310 5008 3491 5061 Roma-
3536 5024 3663 5061 con-

2099 5098 2470 5161 secrabantur,
2501 5099 2613 5151 sive
2657 5097 2901 5153 forenses
2948 5108 3149 5162 essent,
3177 5101 3290 5153 sive
3336 5098 3664 5152 ordinationi

2100 5190 2244 5245 sedis
2280 5189 2598 5258 Apostolica:
2632 5191 2852 5255 subditi,
2881 5205 3031 5244 suam
3057 5191 3441 5259 proﬁterentur
3483 5189 3659 5243 ﬁdem.

2100 5278 2225 5332 Fuit
2252 5278 2379 5333 illud
2400 5279 2483 5333 vel
2514 5280 2804 5333 maximum
2841 5281 3149 5345 discrimen,
3194 5280 3337 5349 quod
3376 5278 3667 5334 Pontiﬁces

2103 5375 2287 5421 sancto
2316 5366 2474 5421 Petro
2498 5371 2721 5436 ἀμέσως,
2754 5370 3001 5438 Episcopi
3032 5370 3328 5424 successori
3361 5370 3530 5438 sancti
3572 5368 3670 5422 Pe-

2104 5455 2195 5519 tri,
2224 5455 2379 5510 ﬁdem
2405 5469 2745 5514 sacramento
2768 5461 3090 5529 obligarent.

2174 5545 2353 5600 XVlll.
2384 5548 2569 5603 Oritur
2597 5561 2650 5607 et
2684 5553 2799 5606 [nec
2836 5560 3129 5620 postrema,
3155 5568 3315 5621 quam
3341 5567 3527 5606 verum
3571 5551 3665 5614 sit,

2104 5642 2195 5686 aut
2216 5637 2391 5703 potius
2421 5655 2525 5707 quo
2565 5642 2810 5695 examine
2835 5651 3008 5708 egeat,
3038 5644 3179 5709 quod
3220 5642 3534 5712 Euthymi‘us
3571 5640 3685 5712 Zy-
