3990 6184
342 235 433 309 l3?

1293 253 1904 311 DlSSERTATlONES.
1944 290 2012 298 —
2053 255 2512 322 DISSERTATIO
2548 265 2612 319 ll.

3481 276 3579 329 188

334 369 560 436 gabenus
590 365 669 418 tit.
703 381 774 417 xu
811 380 919 418 sua
951 363 1219 433 PanOplia
1240 365 1435 431 refert,
1466 382 1532 422 ex
1555 368 1730 422 Photii
1755 369 1894 424 Con-
1923 377 1971 434 Α
1997 380 2176 427 autem
2211 384 2388 431 vestra
2419 378 2633 434 dilectio
2663 379 2828 434 etiam
2859 379 2925 433 ad
2953 381 3234 452 contiguas
3264 383 3366 439 sibi
3409 402 3576 456 quas-

331 458 787 526 stantinopolitani
809 457 1188 514 dissertatione
1219 460 1283 514 de
1306 459 1540 530 Splritus
1569 464 1741 516 sancti
1771 479 1896 532 pro-

329 552 586 614 cessione,
611 566 628 600 ι
660 565 828 617 usque
849 551 914 602 ad
941 558 1180 620 tempora
1211 550 1892 623 SergiiConstantinopoli-

1998 475 2103 528 que
2129 461 2467 534 Provincias,
2522 469 2833 538 vicinosque
2860 469 3147 527 Pontiﬁces
3191 472 3356 530 faciat
3381 493 3576 547 perve-

1994 553 2134 620 nire,
2188 565 2243 610 ut
2287 558 2655 616 Eeelesiarum
2694 561 2979 628 Prasides,
3027 565 3291 621 universa
3331 569 3580 626 veritatis

330 643 437 696 tani
467 640 767 711 (ordinatus
791 649 876 694 est
918 655 1060 694 anno
1092 640 1246 708 608),
1290 642 1559 697 Romanos
1604 643 1894 698 Pontiﬁces
1995 645 2352 706 instmctione
2404 664 2679 726 percepta,
2705 656 3038 711 mortiferam
3065 657 3337 714 declinare
3367 657 3577 716 valeant

327 732 379 784 in
411 731 749 800 episcopatus
778 731 861 784 sui
893 731 1137 795 exordio,
1169 731 1312 795 fidei,
1353 747 1515 800 quam
1563 734 1890 802 proﬁteban-

324 830 431 886 tur,
462 821 630 874 literis
676 821 953 874 canonicis
1004 821 1073 874 ad
1100 821 1255 876 sedes
1281 837 1468 878 omnes
1493 823 1892 880 Patri‘srchalcs

322 913 672 975 transmissis,
703 911 1012 983 Symbolum
1051 913 1166 967 sine
1198 915 1496 969 mutatione
1523 915 1835 971 inseruisse.
1868 938 1885 970 ι

316 1001 501 1058 Primo
540 1004 682 1058 enim
711 1003 957 1068 mutatio,
998 1002 1066 1058 de
1092 1019 1199 1072 qua
1246 1004 1502 1074 loquitur,
1536 1022 1599 1059 ea
1631 1007 1741 1060 sola
1767 1016 1851 1060 cst
1873 1049 1888 1069 ,

316 1107 425 1162 qua
459 1093 692 1164 Spiritus
714 1104 930 1148 sanctus
959 1108 990 1146 a
1020 1093 1180 1148 Patre
1215 1093 1460 1164 Filioque
1491 1097 1782 1166 procedere
1809 1098 1892 1152 di-

313 1192 552 1238 ceretur.
588 1183 812 1249 Deinde,
861 1183 1004 1253 quod
1044 1185 1149 1249 ait,
1198 1200 1437 1242 summos
1482 1187 1788 1252 Pontiﬁces,
1836 1199 1891 1245 et

314 1271 629 1343 Symbolum
657 1273 766 1328 suis
792 1276 1067 1330 canonicis
1107 1275 1416 1344 adjunxisse
1458 1295 1628 1348 usque
1655 1281 1720 1333 ad
1762 1288 1893 1334 tem—

310 1379 446 1432 pora
477 1363 648 1432 Sergii
682 1363 1283 1435 Conslantinopolitzni,
1315 1379 1369 1423 et
1412 1370 1464 1422 in
1511 1386 1608 1424 suo
1638 1370 1892 1440 Symbolo

310 1469 417 1522 non
451 1454 695 1524 posuisse
723 1457 1125 1523 processionem
1178 1458 1412 1526 Spiritus
1459 1462 1631 1514 sancti
1658 1477 1687 1514 a
1731 1461 1891 1516 Patre

307 1552 364 1596 et
400 1544 559 1609 Filio,
588 1545 850 1599 refellitur
879 1548 1125 1617 exemplo
1163 1548 1409 1618 Gregorii
1443 1550 1640 1622 Magni,
1686 1553 1777 1622 qui
1807 1569 1892 1608 se-

304 1633 440 1688 dere
469 1635 633 1705 capit
675 1651 802 1690 ann.
832 1637 959 1702 590,
985 1639 1268 1708 siquidem,
1300 1649 1356 1696 et
1402 1641 1456 1695 in
1499 1641 1754 1713 Symbolo
1794 1660 1892 1700 suo
1920 1721 1950 1723 _
1994 1658 2253 1723 cundum,

298 1723 586 1792 professus
610 1735 691 1781 est
707 1725 965 1796 Spiritum
992 1737 1238 1784 sanctum
1267 1746 1298 1784 a
1321 1731 1484 1785 Patre
1516 1742 1571 1787 et
1594 1733 1731 1789 Filio
1763 1751 1890 1805 pro-
1919 1721 1965 1779 Β
1993 1747 2112 1803 Iasii
2162 1721 2267 1806 rem

365 2017 526 2072 XIX.
567 2017 721 2084 Quod
765 2022 1002 2088 pertinet
1046 2024 1114 2078 ad
1162 2023 1462 2095 Synodicas
1506 2028 1712 2095 literas,
1757 2046 1894 2099 quas

287 2109 514 2162 summi
538 2108 844 2177 Pontiﬁces,
877 2113 1060 2168 statim
1109 2124 1271 2186 atque
1297 2117 1659 2189 Apostolicam
1710 2123 1894 2177 sedem

291 2201 708 2268 ascendissent,
753 2205 819 2258 ad
849 2205 1197 2264 Patriarchas
1225 2210 1662 2282 Patriarchisque
1699 2230 1893 2285 suppa-

292 2304 386 2344 res
412 2289 726 2354 Antistites,
759 2292 983 2360 dabant,
1015 2307 1212 2366 prater
1239 2314 1303 2354 ea
1340 2317 1463 2370 qua
1493 2303 1635 2358 dicta
1683 2314 1809 2359 sunt
1835 2307 1889 2360 in

294 2471 563 2539 antiquus
600 2469 762 2526 fuerit
802 2473 892 2527 ille
933 2490 1068 2538 mos,
1102 2479 1318 2546 quando
1347 2483 1595 2549 coeperit,
1640 2485 1709 2538 ad
1751 2500 1888 2554 quos

297 2559 590 2632 Synodiea
619 2563 983 2630 mitterentur,
1031 2567 1162 2635 quid
1195 2569 1575 2637 continerent,
1613 2573 1736 2642 quis
1765 2575 1888 2629 init-

297 2656 444 2710 tendi
494 2655 640 2717 ﬁnis,
667 2657 883 2725 quando
923 2657 1200 2716 desierunt
1228 2662 1392 2728 mitti,
1435 2679 1664 2735 quorum
1703 2665 1888 2722 Ponti-

297 2747 460 2800 ﬁcum
501 2743 782 2816 Synodica
807 2747 875 2802 ad
905 2765 1005 2804 nos
1033 2754 1414 2821 pervenerint?

273 2931 280 2938 l
364 2856 496 2912 XX.
539 2855 789 2913 Veterem
843 2858 1010 2916 fuisse
1050 2878 1256 2920 morem
1299 2866 1456 2922 docet
1499 2867 1745 2927 Gelasius
1774 2874 1887 2943 epi-

298 2947 427 3000 stola
454 2952 485 3000 ι
520 2947 588 3001 ad
617 2947 974 3017 Euphemium
993 2992 1006 3016 ,
1050 2967 1087 3005 ιι
1125 2954 1191 3007 ad
1217 2953 1567 3014 Laurentium
1587 2959 1882 3032 Ligniden-

297 3053 403 3093 sem
459 3037 786 3105 Prasulem,
823 3051 896 3152 ei
913 3058 972 3097 Ill
1014 3044 1080 3098 ad
1119 3046 1398 3102 Dardania
1435 3050 1747 3123 Episcopos.
1802 3055 1884 3110 Ad
1913 3090 1956 3152 Ο

296 3128 664 3199 Euphemium
688 3132 829 3186 enim
858 3132 1507 3207 Constantinopolitanum
1548 3157 1886 3215 conqueren-

301 3230 423 3286 tem,
452 3222 612 3291 quod
639 3223 951 3292 synodicam
974 3227 1208 3282 nondum
1232 3245 1263 3282 a
1307 3229 1523 3288 Gelasio
1550 3236 1882 3305 accepisset,

307 3309 853 3380 respondetPontifex
871 3313 923 3367 in
937 3315 1053 3369 hac
1065 3317 1228 3370 verba
1246 3335 1258 3370 :
1280 3335 1298 3368 ι
1321 3316 1682 3386 Apostolicam
1704 3325 1884 3378 sedem

309 3398 612 3455 institutum
670 3400 773 3456 sibi
829 3403 1042 3457 noviter
1087 3403 1434 3461 Sacerdotem
1460 3448 1474 3469 ,
1523 3412 1888 3478 praeuntibus

311 3490 614 3557 oportuisse
641 3489 825 3545 dixisti
850 3491 1023 3546 literis
1051 3492 1310 3548 indicare.
1341 3493 1466 3548 Fuit
1491 3496 1762 3564 quondam
1794 3498 1891 3554 Ec-

312 3578 610 3635 clesiastica
663 3587 820 3636 vetus
847 3583 966 3639 hac
1013 3583 1199 3653 regula
1239 3585 1379 3654 apud
1409 3584 1600 3642 Patres
1637 3596 1884 3654 nostros,

311 3672 495 3740 quibus
537 3687 649 3726 una
688 3672 967 3729 Catholica
1007 3675 1420 3747 Apostolicaque
1465 3681 1773 3736 communio
1818 3683 1885 3738 ab

308 3764 443 3816 omni
472 3762 963 3832 pravaricatorum
989 3765 1157 3820 libera
1202 3767 1496 3836 pollutione
1549 3761 1833 3827 constabat
1865 3792 1878 3826 :

317 3851 462 3926 164
492 3868 648 3910 nunc
676 3864 855 3910 autem
891 3873 1012 3911 cum
1041 3858 1354 3915 societatem
1381 3860 1639 3930 praferre
1683 3862 1882 3920 malitis

310 3953 646 4010 extraneam,
669 3960 829 4015 quam
851 3947 918 4002 ad
943 3949 1086 4004 beati
1107 3949 1253 4005 Petri
1279 3967 1472 4022 purum
1502 3953 1683 4010 redire
1704 3955 1846 4011 illiba
1863 3986 1879 3997 -

314 4043 530 4106 tumque
557 4039 915 4106 consortium,
945 4040 1216 4109 quomodo
1246 4043 1584 4098 cantabimus
1608 4045 1880 4100 canticum

314 4123 517 4184 Domini
542 4128 600 4183 in
633 4138 775 4184 terra
801 4129 1018 4185 aliena?
1043 4134 1313 4200 quomodo
1339 4134 1710 4203 dispositionis
1736 4136 1881 4206 Apo-

315 4218 508 4275 stolica
538 4218 765 4291 antiqua
785 4219 993 4277 fadera
1027 4223 1362 4292 prabeamus
1401 4226 1707 4282 hominibus
1733 4243 1883 4282 com-

315 4311 582 4366 munionis
609 4315 914 4369 extranea?
950 4334 966 4367 ι

1994 732 2303 792 falsitatem.
2340 761 2357 793 ι

2065 843 2204 899 XXI.
2245 848 2350 902 Sed
2373 853 2590 918 quando
2619 853 3004 912 Ecclesiastica
3021 858 3155 924 hac,
3179 875 3298 930 qua
3313 861 3413 917 fuit
3433 864 3575 933 apud

1991 933 2199 999 Patres,
2247 946 2402 993 vetus
2444 941 2626 1010 regula
2678 943 2892 999 initium
2947 951 3234 1018 acceperit,
3285 953 3576 1009 obscurum

1991 1031 2076 1076 est
2107 1037 2120 1076 :
2152 1025 2280 1080 licet
2328 1035 2508 1082 tamen
2557 1030 2802 1086 veritatis
2836 1033 3040 1104 aliquid
3080 1039 3262 1095 videre
3286 1083 3300 1106 ,
3338 1043 3382 1096 si
3417 1043 3576 1099 modo

1991 1114 2390 1187 distinguantur
2428 1120 2534 1175 duo
2573 1122 2626 1175 in
2651 1121 2916 1190 ejusmodi
2949 1127 3140 1195 literis,
3165 1131 3399 1188 alterum
3433 1137 3578 1204 quod

1993 1208 2366 1264 renuntiarent
2393 1210 2458 1264 de
2485 1211 2848 1279 ordinatione,
2883 1217 3116 1274 alterum
3158 1226 3304 1292 quod
3335 1226 3461 1281 ﬁdei
3489 1243 3578 1282 ex-

1990 1295 2311 1361 positionem
2335 1299 2654 1354 contineret.
2686 1300 2908 1372 Opinari
2953 1306 3217 1375 siquidem
3250 1328 3356 1366 non
3382 1314 3577 1385 impro-

1993 1383 2246 1440 babilitcr
2265 1388 2534 1458 quispiam
2560 1394 2748 1461 possit.
2781 1395 3016 1463 primum
3047 1398 3214 1455 fuisse
3244 1383 3480 1472 semper,
3525 1410 3578 1462 in

1993 1487 2222 1543 eamque
2258 1492 2370 1531 rem
2395 1480 2598 1534 utiliter
2626 1483 2856 1552 proferri
2895 1488 3266 1546 testimonium
3317 1494 3572 1565 Cypriani

1993 1566 2060 1618 ad
2089 1564 2401 1623 Cornelium
2455 1586 2646 1627 recens
2696 1577 3004 1632 ordinatum
3043 1564 3442 1641 rescribentis:
3487 1603 3574 1644 se-

2279 1659 2438 1728 hujus
2460 1662 2586 1718 licet
2616 1667 2818 1722 mentio
2843 1684 2950 1723 non
2972 1674 3276 1741 reperiatur
3311 1688 3440 1734 ante
3473 1681 3575 1737 Ge-

2273 1769 2428 1822 pora,
2481 1759 2589 1811 exti

1992 1855 2096 1910 que
2121 1843 2357 1907 duxisse,
2379 1845 2489 1914 jam
2515 1848 2637 1904 inde
2669 1866 2699 1904 a
2731 1855 3071 1922 temporibus
3103 1856 3382 1914 Aureliani
3408 1861 3577 1933 Impe-

1994 1933 2214 1998 ratoris,
2239 1935 2289 1990 id
2316 1945 2417 2004 est,
2445 1939 2662 1995 circiter
2692 1957 2895 1998 annum
2920 1943 3126 2002 Christi
3151 1948 3278 2004 270.

2066 2044 2200 2100 Nam
2239 2046 2487 2105 Gelasius
2521 2068 2664 2108 anno
2695 2055 2800 2111 695
2847 2065 3081 2114 testatur
3115 2080 3134 2113 ι
3163 2079 3374 2121 morem
3409 2068 3576 2126 fuisse

1996 2133 2254 2191 Romana
2276 2139 2531 2196 Ecclesia
2558 2144 2839 2201 Sacerdoti
2868 2150 3081 2204 noviter
3131 2155 3446 2221 constituto,
3476 2159 3583 2214 for-

1993 2243 2138 2282 mam
2167 2229 2291 2285 ﬁdei
2315 2247 2426 2287 sua
2453 2235 2519 2288 ad
2545 2233 2775 2292 Sanctas
2787 2238 3062 2295 Ecclesias
3078 2259 3438 2315 praerogare.»
3465 2249 3578 2304 Mos

1990 2317 2080 2372 ille
2106 2320 2272 2388 igitur
2303 2321 2418 2390 jam
2457 2325 2660 2380 dudum
2691 2330 3019 2386 obtinuerat.
3066 2335 3322 2393 Testatur
3365 2343 3531 2398 etiam
3556 2385 3573 2408 ,

1987 2407 2153 2464 fuisse
2202 2420 2440 2467 veterem
2487 2417 2628 2484 apud
2669 2418 2858 2475 Patres
2919 2425 3159 2495 regulam
3201 2447 3213 2481 :
3257 2445 3390 2503 ergo
3430 2407 3574 2490 obtié

1988 2508 2182 2554 nuerat
2211 2515 2279 2556 ex
2308 2502 2467 2572 longo
2495 2514 2754 2576 tempore.
2785 2509 2891 2566 Sed
2921 2527 2988 2566 ex
3010 2517 3152 2584 quo?
3177 2517 3294 2573 Non
3335 2502 3470 2577 sane
3500 2525 3572 2579 ab

1986 2592 2194 2662 origine
2234 2595 2506 2662 Ecclesia,
2557 2615 2730 2669 neque
2764 2604 2957 2671 primis
3000 2607 3210 2664 duobus
3239 2614 3472 2679 saeulis,
3500 2619 3575 2671 si-

1987 2684 2206 2753 quidem
2251 2700 2352 2741 nec
2378 2687 2545 2742 ullum
2580 2699 2735 2746 extat
2758 2694 3046 2765 vestigium
3073 2738 3088 2761 ,
3118 2715 3218 2755 nec
3252 2702 3359 2757 ulla
3411 2706 3578 2776 conji-

1988 2773 2165 2828 ciendi
2197 2776 2357 2841 ratio,
2383 2792 2506 2832 cum
2537 2788 2666 2835 tunc
2689 2781 2885 2838 lateret
2912 2785 3171 2855 Ecclesia,
3199 2773 3573 2855 minitantibus

1987 2864 2225 2934 undique
2249 2865 2616 2938 lmperatoriis
2637 2875 3009 2932 mucronibus.

2059 2978 2250 3034 Restat
2277 2996 2424 3051 ergo,
2459 2992 2519 3038 ut
2548 2986 2780 3061 mos‘ille
2810 2996 2937 3046 tunc
2974 3001 3128 3049 ortus
3151 2996 3240 3062 sit,
3282 3014 3406 3056 cum
3437 3000 3571 3058 ﬁdes

1988 3067 2242 3125 Ecclesia
2267 3071 2525 3129 Romana
2544 3079 2790 3145 pateﬁeri
2810 3083 2988 3148 potuit
2999 3085 3232 3154 publice,
3259 3089 3392 3157 ipsis
3406 3091 3574 3146 etiam

1990 3160 2292 3218 volentibus
2315 3164 2755 3236 lmperatoribus,
2781 3181 2842 3226 ut
2861 3183 3004 3230 esset
3025 3179 3278 3235 credendi
3302 3199 3490 3238 norma
3513 3194 3572 3240 et

1990 3252 2323 3308 orthodoxia
2356 3257 2558 3326 regula.
2612 3259 2669 3314 ld
2712 3276 2844 3317 vero
2887 3267 3116 3338 contigit
3154 3271 3254 3325 sub
3281 3272 3572 3331 Aureliano

1990 3339 2242 3406 primum,
2275 3343 2466 3398 deinde
2496 3347 2595 3401 sub
2636 3346 2991 3408 Constantino
3018 3373 3031 3407 :
3058 3372 3184 3410 nam
3222 3359 3565 3428 Aurelianus,

1991 3430 2237 3496 quamvis
2282 3431 2551 3499 ethnicus,
2600 3436 2859 3493 adversus
2899 3440 3127 3498 Paulum
3155 3444 3568 3507 Samosatenum

1992 3517 2059 3572 ab
2134 3517 2351 3588 Synodo
2385 3521 2458 3574 ‘ll
2524 3522 2863 3582 Antiochena
2941 3542 3318 3591 exautoratum
3387 3543 3566 3596 sanci-

1989 3611 2086 3675 ‘vit,
2136 3620 2195 3665 ut
2242 3611 2314 3666 illi
2362 3614 2620 3671 Ecclesia:
2665 3616 3015 3678 Antiochena
3065 3625 3259 3682 domus
3306 3630 3568 3688 tribuere-

1991 3710 2099 3768 tur,
2133 3703 2219 3757 cui
2276 3703 2532 3762 Romana
2575 3707 2832 3765 Ecclesia
2877 3709 3178 3786 Episc0pus
3226 3721 3567 3779 tribuendam

1987 3803 2275 3860 censeret,
2337 3797 2492 3865 quasi
2556 3798 2712 3870 165
2763 3801 3010 3871 diceret,
3065 3822 3189 3862 eum
3235 3811 3422 3869 haberi
3475 3813 3568 3870 de-

1985 3885 2118 3941 bere
2158 3886 2496 3944 Catholicum
2536 3889 2794 3947 Ecclesia:
2840 3893 3192 3956 Antiochena
3231 3901 3522 3963 Prasulem
3551 3948 3565 3966 .

1986 3974 2138 4043 cujus
2162 3976 2320 4033 ﬁdem
2345 3978 2602 4035 Romana
2627 3981 2879 4040 Ecclesia
2900 3987 3204 4060 Episcopus
3227 3998 3502 4065 probaret.

2055 4068 2441 4127 Constantinus
2464 4087 2610 4138 vero,
2641 4076 2732 4144 qui
2759 4076 3055 4134 Ecclesiam
3085 4098 3115 4136 a
3160 4087 3420 4143 servitute
3457 4091 3564 4143 cri-

1983 4160 2121 4229 puit,
2141 4161 2287 4228 fecit,
2315 4171 2376 4218 ut
2395 4165 2538 4234 quod
2561 4166 2725 4221 habet
2744 4183 2774 4222 a
2795 4167 3012 4226 Christo
3043 4170 3284 4228 Ecclesia
3316 4176 3561 4232 Romana

1986 4251 2210 4306 docendi
2257 4252 2416 4308 ﬁdem
2456 4256 2605 4310 orbis
2644 4258 3018 4329 privilegium,
3068 4260 3123 4316 in
3173 4272 3354 4318 actum
3398 4265 3567 4322 libere

1983 4353 2314 4413 erumperet,
2354 4354 2409 4400 et
2435 4347 2502 4401 ab
2529 4349 2781 4405 omnibus
2801 4362 3208 4421 agnosceretur.

375 4421 452 4478 Ad
491 4423 850 4480 Laurentium
878 4427 932 4482 ίη
956 4427 1265 4484 Macedonia
1310 4430 1630 4502 Episcopum
1658 4451 1672 4487 ε
1704 4452 1721 4484 ί
1745 4433 1882 4500 Ουίθ
1910 4435 1963 4494 Ι)
2059 4453 2186 4509 Hac
2213 4455 2376 4524 igitur
2400 4457 2580 4526 Opinio
2609 4462 2774 4514 menti
2806 4478 2940 4518 mea
2963 4465 3181 4531 insedit,
3201 4465 3314 4536 jam
3349 4469 3472 4525 inde
3499 4471 3567 4526 ab

375 4527 418 4536 _-
452 4524 532 4536 ,,.
568 4514 818 4536 unum-
851 4517 1095 4536 ,
1135 4519 1168 4536 η
1319 4521 1336 4536 .
1378 4521 1413 4536 _.
1550 4523 1582 4536 ._
1816 4523 1847 4536 _.

313 4522 421 4567 mos
448 4524 538 4569 est
568 4514 825 4571 Romana
850 4517 1105 4574 Ecclesia
1135 4519 1415 4578 Sacerdoti
1443 4523 1652 4578 noviter
1676 4523 1882 4578 consti-

315 4614 440 4674 tuto,
471 4607 708 4664 formam
738 4609 858 4667 ﬁdei
899 4627 1009 4668 sua
1032 4614 1098 4669 ad
1129 4622 1345 4669 sanctas
1384 4614 1657 4670 Ecclesias
1678 4631 1882 4686 praero-

315 4709 461 4765 gare;
492 4700 612 4754 hac
635 4701 822 4756 eadem
851 4705 1233 4776 compendiosa
1273 4705 1440 4759 nimis
1480 4706 1744 4760 brevitate
1772 4716 1886 4760 stu-

315 4787 396 4841 dui
427 4805 714 4857 renovare,
746 4801 805 4847 ut
825 4794 928 4848 sub
954 4809 1057 4863 qua
1087 4795 1192 4850 ﬁde
1239 4795 1525 4851 vivendum
1553 4797 1646 4860 sit,
1691 4811 1884 4852 secun-

315 4879 430 4934 dum
460 4889 668 4937 statuta
697 4881 940 4949 Patrum,
967 4885 1021 4938 in
1052 4886 1152 4940 hac
1180 4893 1364 4940 nostra
1393 4885 1640 4954 epistola,
1665 4893 1886 4954 propter

316 4970 652 5038 brevitatem,
683 4973 800 5029 sine
816 4973 1036 5030 fastidio
1073 4975 1241 5032 lector
1263 4988 1541 5045 agnoscat.
1577 4997 1594 5029 ι

377 5079 454 5136 Ad
493 5080 790 5154 Episcopos
827 5083 1111 5140 Dardania
1143 5099 1156 5137 :
1190 5103 1207 5135 ε
1244 5085 1502 5157 Regimen
1564 5087 1885 5158 Apostoliea

315 5171 450 5227 sedis
479 5173 679 5244 adepti,
698 5175 923 5245 strepitu
948 5176 1162 5246 publico
1183 5177 1508 5243 retardante,
1537 5180 1883 5236 commissum

317 5260 462 5318 nobis
494 5275 660 5320 sacra
691 5266 1106 5337 dispensationis
1130 5268 1657 5340 oﬂicium,propriis,
1680 5278 1740 5324 ut
1769 5287 1884 5327 mos

315 5361 445 5415 erat,
473 5351 648 5410 literis
679 5358 1020 5428 nequivimus
1048 5359 1304 5426 indicare,
1344 5377 1454 5432 quo
1479 5371 1659 5417 vestra
1695 5362 1887 5420 frater-

319 5442 452 5498 nitas
504 5445 568 5500 de
626 5451 1022 5506 communionis
1066 5452 1276 5507 Domini
1330 5469 1552 5508 munere
1608 5457 1885 5512 nobiscum

319 5536 628 5599 gratuletur.
657 5560 676 5591 ι
708 5539 843 5595 Tum
873 5542 1130 5598 adversus
1155 5556 1489 5616 grassantem
1514 5545 1759 5602 haresim
1783 5549 1886 5602 Eu-

322 5627 615 5692 tyeliianam
644 5634 868 5702 exponit
896 5633 1075 5698 ﬁdem,
1100 5643 1154 5690 et
1183 5637 1284 5691 sub
1315 5636 1471 5691 ﬁnem
1501 5639 1646 5693 addit
1673 5659 1683 5691 :
1725 5657 1744 5689 r
1765 5639 1887 5696 Hac

674 5722 954 5784 Par-non.
1002 5724 1128 5789 CV.

1986 4550 2146 4597 atate
2173 4543 2449 4600 Aureliani
2480 4546 2803 4617 EpiscOpum
2829 4550 3157 4634 Romanum,
3187 4570 3310 4610 eum
3333 4559 3567 4628 primum

1987 4635 2301 4692 succederet
2330 4637 2380 4691 in
2404 4639 2585 4694 sedem
2603 4637 2771 4705 Petri,
2793 4643 2884 4712 qui
2901 4642 3088 4712 jussus
3113 4658 3198 4700 est
3223 4645 3423 4704 fratres
3443 4665 3569 4707 suos

1985 4729 2327 4794 conﬁrmare,
2352 4729 2419 4786 ad
2463 4748 2680 4789 omnem
2719 4731 2813 4791 Dei
2854 4738 3113 4808 populum
3164 4739 3394 4799 formam
3438 4743 3563 4803 ﬁdei

1987 4837 2119 4883 sua,
2147 4823 2199 4878 id
2220 4831 2321 4887 est,
2353 4823 2655 4891 catholica,
2684 4829 2915 4884 misisse.

2059 4911 2222 4968 XXll.
2251 4911 2494 4970 Mittebat
2521 4930 2648 4971 vero
2673 4918 2736 4972 ad
2761 4919 3127 4988 Patriarchas,
3158 4934 3216 4980 ut
3243 4936 3401 4982 antea
3429 4928 3570 4986 dixi—

1990 5017 2129 5066 mus,
2169 5020 2533 5088 supparesque
2571 5005 2900 5068 Patriarcbis
2927 5012 3194 5072 Prasules
3236 5020 3568 5092 autocepha-

1989 5091 2086 5147 los.
2111 5093 2167 5148 Id
2197 5085 2409 5151 constat
2430 5101 2629 5168 partim
2655 5117 2722 5156 ex
2743 5101 2978 5170 Gelasio,
2994 5109 3188 5178 partim
3215 5125 3281 5165 ex
3303 5085 3570 5183 Gregorio

1991 5181 2181 5256 Magno
2209 5206 2220 5241 :
2251 5204 2374 5244 nam
2400 5189 2488 5246 ille
2518 5193 2585 5248 ad
2617 5193 2957 5268 Macedones,
2986 5208 3040 5254 et
3066 5201 3344 5260 Dardanos
3367 5181 3571 5273 episto-

1991 5277 2070 5332 las
2099 5278 2265 5343 dedit,
2281 5280 2368 5335 hic
2383 5281 2447 5335 ad
2469 5281 2730 5342 Joannem
2752 5287 3431 5363 ConstantinOpolitanum,
3460 5291 3569 5356 Eu:-
3633 5299 3638 5304 ’

1989 5368 2188 5440 logium
2239 5369 2697 5441 Alexandrinum,
2759 5377 3079 5454 Gregorium
3131 5381 3567 5444 Antiochenum,

1990 5457 2250 5516 Joannem
2296 5461 2866 5537 llierosolymitanum,
2893 5481 2947 5527 et
2987 5469 3332 5525 Anastasium
3385 5469 3570 5528 itidem

1992 5548 2384 5607 Antiochenam
2405 5553 2593 5610 literas
2623 5572 2652 5610 a
2671 5560 2915 5626 paribus,
2945 5561 3139 5629 quibus
3161 5572 3271 5610 sua
3303 5556 3424 5613 ﬁdei
3446 5573 3572 5629 pro-

1994 5641 2281 5698 fessionem
2307 5645 2618 5713 complexus
2647 5657 2728 5700 est
2758 5648 2894 5716 (Lib.
2927 5650 2951 5702 Ι
3010 5663 3088 5716 ep.
3129 5645 3240 5716 2t).
