3990 6184
356 301 452 353 ΚΩ

1598 280 1688 334 AD
1726 277 1926 334 LIBRI]
1939 275 1982 328 II
2024 275 2085 327 DI
2098 275 2130 327 [ζ
2145 261 2335 326 RNUM

3516 255 3614 309 ιιξο

422 406 827 466 Observandum
857 417 1020 474 porro
1049 416 1114 454 ex
1138 397 1355 453 Gelasio
1396 401 1450 447 et
1476 391 1756 460 Gregorio,
1790 387 1925 442 Pon—
1953 389 2005 448 Α
2031 384 2137 438 nali
2193 392 2248 438 et
2277 380 2520 448 corporis
2564 377 2928 446 susceptione,
2981 373 3303 430 homousion
3332 371 3478 426 Patri
3529 388 3616 425 ses

357 505 530 560 tillccs
557 499 853 573 Synodicas
884 511 1010 549 suas
1050 493 1116 545 ad
1158 487 1422 542 Prtesules
1463 483 1757 538 schismate
1797 480 1930 534 divi-

355 611 444 650 sos
475 609 581 648 non
600 570 851 651 misisse;
886 583 1097 637 misisse
1128 592 1256 633 vero
1283 577 1352 630 ad
1379 589 1493 638 eos,
1527 572 1619 641 qui
1646 570 1749 625 etsi
1787 570 1931 639 deje-

356 687 427 741 cti
453 700 551 756 per
577 683 686 738 vim
723 687 777 735 et
806 676 1054 745 injuriam
1081 672 1257 726 forent
1299 670 1364 724 de
1395 671 1609 732 throno,
1644 665 1934 718 manebant

357 753 540 831 tamen
572 775 628 827 in
666 767 1044 826 communione
1069 762 1212 818 sedis
1249 759 1580 830 Apostolica:
1607 755 1810 809 factum
1835 753 1934 806 im-

359 863 654 936 probantis.
678 859 812 914 Nam
832 853 1079 910 Gelasius
1101 865 1277 920 neque
1303 849 1370 903 ad
1395 847 1656 903 Joannem
1677 845 1936 899 Constan-

360 954 768 1024 tinopolitanum
795 945 1043 1016 scripsit,
1074 958 1248 1013 neque
1291 941 1357 996 ad
1391 938 1935 994 Thessalonicensem

358 1045 700 1118 Episcopum,
739 1045 1027 1110 propterea
1067 1033 1211 1103 quod
1242 1039 1472 1098 uterque
1507 1034 1625 1081 erat
1663 1025 1934 1080 Acaciano

357 1115 647 1192 schismate
695 1129 1016 1201 impeditus;
1055 1124 1274 1193 scripsit
1299 1131 1508 1186 tamen,
1542 1129 1598 1172 et
1625 1118 1692 1171 ad
1737 1115 1937 1170 Darda-

357 1243 454 1282 nos
479 1224 753 1294 subjectos
777 1215 1378 1284 Constantinopolitano
1410 1209 1762 1272 Patriarchae,
1794 1213 1848 1260 et
1870 1205 1934 1258 ad

357 1315 710 1371 Laurentium
744 1307 1089 1382 Lignidensis
1122 1303 1380 1358 Ecclesiae
1425 1299 1721 1354 Prtesulem
1769 1296 1937 1351 Thes-

357 1405 680 1464 salonicensi
727 1401 1024 1462 subditum,
1069 1402 1127 1450 ut
1173 1409 1240 1448 ne
1276 1397 1526 1448 carerent
1553 1385 1934 1443 communione

358 1498 506 1563 ﬁdei,
533 1495 627 1566 qui
662 1493 777 1550 suis
803 1487 1132 1546 Primatibus
1180 1479 1539 1539 schismaticis
1567 1493 1676 1533 non
1709 1489 1937 1532 consen-

361 1588 586 1642 tiebant.

429 1675 589 1732 Dedit
623 1674 810 1729 literas
852 1667 1144 1739 Gregorius
1173 1665 1240 1720 ad
1268 1659 1617 1718 Anastasium
1643 1657 1793 1711 illum
1843 1671 1936 1709 no-

2029 476 2263 530 cnndum
2309 475 2608 537 Deitatem,
2653 479 2708 526 et
2750 469 3070 524 homousion
3120 465 3276 521 nobis
3319 465 3616 520 secundum

2032 565 2421 620 humanitatem
2456 580 2468 615 :
2512 562 2740 616 duarum
2781 560 2925 614 enim
2975 566 3294 612 naturarum
3342 554 3614 625 perfecta-

2033 671 2151 709 rum
2179 655 2358 710 unitas
2380 652 2523 707 facta
2545 659 2628 707 est
2657 649 3027 714 ineﬂ‘abiliter,
3046 655 3268 718 propter
3289 646 3432 716 quod
3445 662 3613 700 unum

2031 745 2308 800 Christum
2353 744 2600 798 eumdem
2628 741 2823 796 Filium
2853 740 2951 794 Dei
2979 747 3034 794 et
3071 738 3325 800 hominis,
3371 735 3618 807 unigenio

2037 847 2148 891 tum
2179 853 2210 891 a
2239 837 2420 901 Patre,
2465 844 2519 890 et
2545 835 2967 904 primogenitum
3006 847 3073 886 ex
3119 831 3346 885 mortuis
3391 829 3617 884 confite-e

2033 943 2155 982 mur
2184 947 2195 982 :
2222 930 2456 982 scientes
2503 926 2645 995 quod
2672 927 2886 994 quidem
2920 931 3222 978 comternus
3257 923 3328 978 sit
3355 936 3452 976 suo
3466 917 3616 976 Patri

2035 1017 2332 1074 secundum
2379 1017 2734 1082 divinitatem,
2783 1015 3076 1070 secundum
3111 1030 3269 1083 quam
3306 1011 3488 1084 opifex
3535 1018 3621 1066 est

2035 1111 2299 1173 omnium,
2333 1117 2386 1163 et
2427 1109 2578 1162 nasci
2627 1109 2881 1178 dignatus
2925 1106 3017 1170 sit,
3054 1112 3179 1176 post
3210 1104 3621 1159 consensionem

2036 1198 2390 1252 sanctissimae
2414 1196 2671 1264 Virginis,
2694 1209 2818 1250 cum
2850 1194 2988 1250 dixit
3034 1195 3102 1248 ad
3141 1193 3405 1264 Angelum
3437 1207 3451 1244 :
3485 1190 3622 1245 Ecce

2035 1289 2229 1343 ancilla
2269 1288 2500 1352 Domini,
2531 1287 2624 1356 ﬁat
2651 1286 2780 1339 mihi
2807 1284 3093 1340 secundum
3122 1285 3331 1340 verbum
3357 1294 3524 1338 tuum.
3558 1301 3578 1335 ›

2113 1400 2132 1431 ι
2171 1379 2518 1435 Ineﬂ‘abiliter
2539 1379 2641 1433 sibi
2687 1394 2752 1432 ex
2780 1377 2894 1447 ipsa
2926 1377 3212 1432 mdiﬁcavit
3237 1378 3520 1446 templum,
3567 1387 3625 1435 et

2037 1473 2138 1527 sibi
2165 1473 2368 1536 univit,
2407 1471 2551 1540 quod
2585 1485 2692 1524 non
2723 1478 3054 1525 coaeternum
3081 1471 3147 1524 de
3175 1485 3272 1524 sua
3319 1472 3624 1528 substantia

2037 1579 2067 1618 e
2092 1564 2229 1619 coelo
2251 1563 2449 1617 detulit
2470 1546 2809 1632 corpus,'sed
2841 1578 2909 1617 ex
2937 1577 3116 1616 massa
3146 1570 3346 1618 nostrae
3370 1564 3624 1620 substan—

2038 1656 2150 1719 tiae,
2197 1657 2301 1708 hoc
2353 1662 2457 1718 est,
2521 1667 2587 1706 ex
2635 1653 2859 1721 Virgine
2912 1653 3016 1707 hoc
3065 1651 3358 1722 accipiens,
3418 1661 3474 1708 et
3521 1655 3626 1711 sibi

361 1769 546 1832 bilem,
581 1765 672 1835 qui
713 1762 913 1818 dicitur
935 1757 1163 1821 Sinaita,
1190 1770 1254 1808 ex
1307 1751 1644 1805 Antiochena
1675 1746 1802 1802 sede
1845 1759 1941 1813 per
1967 1732 2015 1790 Β
2043 1746 2256 1808 uniens,
2289 1760 2396 1798 non
2428 1744 2569 1797 Deus
2619 1743 2852 1797 Verbum
2902 1741 2955 1795 in
2986 1755 3222 1820 parnem
3257 1756 3450 1796 versus
3501 1754 3586 1798 est
3608 1784 3623 1809 ,

364 1860 614 1930 iniuriam
634 1854 936 1926 expulsum,
961 1848 1182 1920 perinde
1211 1861 1274 1900 ac
1301 1845 1368 1898 ad
1404 1843 1537 1897 alios
1567 1837 1939 1901 Patriarclias,

279 1961 282 1970 ‘
362 1929 488 2008 licet
515 1951 568 2004 in
615 1946 783 2016 ipsius
811 1944 989 1998 locum
1012 1939 1269 1994 inductus
1289 1942 1434 1990 esset
1463 1931 1784 2002 Gregorius;
1833 1929 1945 1982 imo

361 2043 586 2116 parilem
616 2035 898 2108 epistolam
924 2031 1137 2087 dedisse
1166 2043 1274 2082 non
1305 2031 1618 2085 contentus,
1645 2021 1807 2074 aliam
1843 2018 1945 2072 mi-

363 2113 456 2203 sit,
483 2136 574 2190 ubi
599 2139 723 2203 post
752 2129 888 2183 alia:
926 2143 945 2176 ‹
974 2125 1268 2187 Prmterea,
1296 2119 1457 2175 sicuti
1473 2115 1805 2172 Patriarchis
1826 2113 1946 2168 aliis

363 2226 586 2297 paribus
616 2221 833 2284 vestris,
866 2215 1193 2287 Synodicam
1219 2211 1375 2267 vobis
1403 2208 1705 2280 Epistulam
1742 2204 1943 2270 direxi,

365 2319 492 2388 quia
519 2316 660 2386 apud
684 2327 773 2368 me
799 2323 1016 2380 semper
1039 2308 1145 2362 hoc
1171 2305 1327 2369 estis,
1356 2303 1499 2373 quod
1520 2316 1588 2356 ex
1613 2300 1950 2368 omnipoten-

372 2387 442 2464 tis
478 2407 577 2462 Dei
602 2415 831 2460 munere
863 2397 1149 2468 accepistis
1185 2409 1326 2458 esse,
1355 2408 1461 2447 non
1490 2391 1637 2461 quod
1664 2404 1733 2444 ex
1759 2387 1948 2442 volun-

369 2506 480 2552 tate
507 2495 788 2550 hominum
813 2489 1077 2561 putamini
1101 2502 1208 2542 non
1228 2499 1366 2541 esse.
1404 2504 1423 2538 ›

441 2584 624 2642 XXIII.
663 2582 933 2654 Synodica
982 2593 1148 2650 porro
1190 2576 1505 2632 continebat
1549 2573 1650 2629 tria
1689 2572 1772 2627 vel
1810 2586 1947 2642 qna-

368 2690 526 2736 tuor:
558 2677 805 2732 nuntium
832 2674 900 2728 de
927 2670 1269 2727 ordinatione
1292 2667 1490 2724 summi
1513 2664 1810 2729 Pontiﬁcis,
1836 2664 1948 2719 for-

368 2787 514 2827 mam
542 2769 690 2832 ﬁdei,
734 2779 957 2836 precum
1004 2759 1522 2831 expostulationem,
1569 2765 1733 2825 atque
1780 2755 1947 2811 etiam

371 2860 806 2918 exhortationem
849 2855 917 2910 ad
975 2867 1173 2908 munus
1214 2849 1564 2921 implendum.
1623 2847 1682 2902 Id
1737 2855 1950 2902 constat

366 2952 564 3025 partim
590 2963 658 3004 ex
683 2946 952 3020 Synodica
971 2942 1215 3014 Gregorii
1241 2940 1439 3011 Magni,
1460 2939 1660 3010 partim
1674 2953 1739 2992 ex
1755 2937 1948 2992 Diurni

375 3043 643 3190 “1:315:
665 3131 744 3185 Ex
776 3129 862 3183 his
888 3133 1133 3197 apparet,
1158 3137 1266 3194 quo
1294 3122 1403 3178 ﬁne
1431 3122 1757 3181 mitteretur,
1793 3118 1952 3172 nimi-

375 3236 516 3287 rum,
546 3227 606 3276 ut
642 3217 844 3274 Christi
870 3216 1010 3271 ovile
1045 3212 1188 3268 foret
1220 3227 1409 3272 unum,
1452 3217 1511 3264 ut
1559 3223 1687 3264 oves
1719 3207 1953 3278 pastoris

372 3314 455 3370 sui
478 3326 666 3368 vocem
693 3308 943 3364 audirent
968 3313 1023 3361 et
1053 3311 1430 3374 sequerentur,
1465 3308 1525 3354 ut
1551 3297 1810 3354 Ecclesiae
1835 3296 1954 3350 uni-

371 3414 479 3471 tas,
502 3403 655 3474 cujus
689 3398 962 3455 vinculum
1009 3404 1094 3451 est
1125 3394 1277 3459 ﬁdes,
1324 3409 1388 3448 ac
1422 3391 1788 3457 membrorum
1812 3387 1956 3458 capi-

373 3496 547 3567 tisque
591 3491 897 3554 consensio,
939 3488 1150 3558 integra
1189 3491 1540 3540 servaretur:
1578 3496 1702 3536 nam
1742 3479 1914 3534 literis
1937 3518 1952 3546 ,

374 3594 430 3640 et
453 3593 637 3654 pastor
657 3597 805 3646 oves,
852 3579 1012 3652 166
1045 3592 1169 3655 cum
1199 3576 1495 3639 darentur;
1521 3580 1579 3628 et
1612 3585 1742 3626 oves
1774 3578 1958 3642 pasto-

377 3690 514 3738 rem,
541 3688 666 3728 cum
699 3672 1099 3740 reciperentur,
1130 3664 1525 3736 agnoscebant.

451 3762 618 3817 XXV.
648 3758 895 3815 Obtinuit
916 3773 1034 3811 mos
1060 3756 1170 3819 ille,
1197 3754 1454 3824 quamdiu
1491 3751 1733 3808 Ecclesia
1759 3752 1956 3809 Orien-

379 3854 501 3909 talis
523 3854 592 3908 ab
613 3848 944 3908 Occidentali
967 3862 1077 3903 non
1103 3845 1348 3904 recessit.
1380 3845 1679 3915 Postquam
1708 3859 1836 3900 vero
1879 3845 1960 3900 di-

378 3960 500 4000 rum
527 3942 765 3998 schisma
796 3940 1024 3996 alteram
1050 3938 1119 3993 ab
1163 3937 1334 3993 altera
1381 3936 1658 4002 distraxit,
1688 3935 1803 4007 jam
1849 3951 1958 3991 non

377 4035 484 4091 fuit
506 4041 891 4108 opportunum,
911 4026 1087 4100 neque
1113 4029 1353 4084 scribere
1373 4027 1499 4082 ﬁdei
1522 4025 1755 4082 formam
1775 4026 1844 4081 ad
1866 4028 1960 4081 ho-

382 4129 580 4194 mines,
618 4125 710 4195 qui
752 4124 937 4180 sedem
961 4119 1328 4192 Apostolicam
1368 4118 1574 4176 erroris
1614 4108 1904 4190 arguerent
1941 4133 1955 4173 :

380 4235 557 4290 neque
583 4218 831 4275 caritatis
856 4223 1097 4288 paterna:
1123 4212 1341 4269 vinculo
1368 4211 1656 4281 complecti
1701 4227 1815 4280 eos,
1867 4211 1960 4282 qui

377 4330 478 4386 per
503 4313 813 4383 superbiam
849 4303 1129 4380 amplexus
1152 4314 1410 4378 paternos
1436 4304 1778 4376 repellerent.

450 4403 638 4459 XXVI.
664 4402 966 4457 Paucorum
991 4414 1153 4470 porro
1199 4395 1513 4468 pontiﬁcum
1562 4394 1844 4467 Synodicm
1889 4394 1958 4450 ad
1984 4424 2038 4484 Β

377 4512 478 4552 nos
522 4501 906 4567 pervenerunt.
939 4489 1165 4546 Curiose
1195 4488 1471 4559 inquisivi,
1496 4503 1598 4542 nec
1623 4487 1805 4541 inveni
1839 4486 1958 4556 plu-

378 4605 467 4646 res
496 4597 651 4644 extra
681 4587 971 4652 Diurnum,
1008 4600 1169 4654 quam
1197 4592 1429 4653 quatuor
1455 4580 1655 4636 Gelasii
1684 4579 1726 4644 I,
1757 4578 1961 4650 Pelagii

376 4683 418 4747 I,
445 4678 690 4751 Gregorii
723 4675 922 4748 Magni,
955 4681 1010 4728 et
1042 4674 1242 4730 Leonis
1271 4669 1363 4738 IX,
1412 4673 1457 4726 si
1490 4679 1667 4724 tamen
1704 4670 1820 4723 bare
1868 4683 1962 4738 po-

377 4778 604 4833 strenua,
633 4777 824 4822 exacte
850 4766 1144 4835 loquendo,
1171 4764 1447 4835 Synodica
1483 4762 1589 4816 dici
1619 4763 1796 4815 debet.
1827 4759 1962 4816 Istas

381 4862 525 4915 hunc
554 4858 610 4911 in
638 4857 814 4911 locum
868 4854 1073 4910 referre
1113 4869 1291 4923 operae
1333 4853 1566 4923 pretium
1597 4860 1680 4907 est
1709 4870 1720 4904 :
1755 4851 1961 4907 collatae

380 4949 526 5003 enim
554 4962 677 5003 cum
704 4946 806 5010 his,
834 4959 972 5014 quas
1009 4944 1245 4998 Diurnus
1273 4943 1510 5005 exhibet,
1543 4957 1647 4995 non
1677 4938 1962 4997 mediocri-

382 5053 464 5095 ter
492 5040 560 5095 ad
584 5037 1013 5094 ecclesiasticam
1042 5036 1346 5092 doctrinam
1370 5034 1698 5090 conducunt.

454 5129 665 5186 XXVII.
694 5128 942 5185 Gelasius
969 5128 1134 5200 igitur
1169 5128 1222 5182 in
1249 5126 1475 5196 epistola
1505 5141 1626 5180 mox
1659 5125 1871 5181 laudata
1894 5127 1964 5181 ad

381 5221 738 5279 Laurentium
761 5219 1143 5292 Lignidensem
1175 5237 1187 5272 :
1224 5235 1241 5268 ‹
1269 5215 1621 5280 Conﬁtentur,
1643 5217 1834 5287 inquit,
1852 5217 1963 5271 Do-

386 5307 594 5372 minum
627 5322 872 5370 nostrum
891 5309 1074 5367 Iesum
1102 5311 1376 5368 Christum
1409 5309 1600 5364 Filium
1636 5309 1730 5366 Dei
1778 5312 1966 5380 unige-

382 5408 581 5474 nitum,
623 5413 750 5461 ante
776 5404 959 5460 omnia
988 5403 1205 5473 quidem
1249 5401 1463 5466 srccula,
1505 5402 1622 5457 sine
1658 5401 1921 5470 principio
1944 5441 1959 5465 ,

384 5513 453 5552 ex
479 5497 636 5554 Patre
665 5506 852 5558 natum
903 5495 1197 5553 secundum
1235 5494 1524 5560 deitatem;
1558 5495 1608 5548 in
1655 5493 1965 5549 novissimis

387 5599 566 5645 autem
595 5592 785 5648 diebus
807 5591 874 5646 de
897 5589 1240 5648 sanctissima
1269 5586 1490 5658 Virgine
1517 5586 1686 5640 Maria
1715 5586 1963 5645 eumdem

386 5683 752 5750 incarnatum,
780 5691 840 5740 et‘
863 5683 1163 5755 perfectum
1190 5679 1466 5734 hominem
1488 5695 1555 5733 ex
1594 5681 1774 5732 anima
1807 5678 1966 5732 ratio-

2048 1849 2226 1904 neque
2253 1842 2314 1887 ut
2350 1835 2673 1904 phantasma
2704 1832 2975 1903 apparuit,
3016 1831 3113 1886 sed
3141 1832 3628 1888 inconvertibiliter

2043 1934 2099 1982 et
2152 1923 2666 1979 incommutabiliter
2705 1937 2858 1976 suam
2903 1922 3246 1977 conservavit
3291 1922 3580 1977 essentiam
3608 1962 3627 1988 ,

2042 2020 2419 2092 primitiasque
2466 2022 2676 2071 naturae
2718 2024 2917 2096 nostra:
2970 2015 3303 2084 suscipiens,
3355 2015 3460 2072 sibi
3507 2017 3631 2071 uni-

2047 2113 2144 2167 vit.

2122 2223 2140 2255 ι
2174 2205 2308 2259 Nam
2337 2203 2480 2258 Deus
2501 2200 2739 2256 Verbum
2769 2201 2870 2254 has
2897 2207 3097 2254 nostra
3125 2205 3334 2252 natura:
3355 2197 3630 2268 primitias

2047 2294 2215 2348 multa
2245 2293 2348 2348 sibi
2378 2293 2619 2347 bonitate
2645 2290 2802 2344 unire
2828 2289 3081 2360 dignatus
3107 2298 3211 2354 est,
3249 2289 3340 2358 qui
3369 2303 3478 2343 non
3500 2303 3628 2358 per-

2047 2387 2271 2451 mixtus,
2295 2385 2391 2441 sed
2419 2384 2473 2438 in
2509 2383 2792 2452 utriusque
2815 2381 3117 2436 substantia
3139 2397 3279 2435 unus
3313 2389 3369 2434 et
3399 2381 3516 2450 ipse
3541 2379 3631 2434 vi-

2047 2490 2162 2541 sus,
2199 2473 2499 2530 secundum
2529 2472 2671 2542 quod
2701 2471 2966 2541 scriptum
2998 2479 3083 2526 est
3111 2485 3125 2523 :
3158 2468 3353 2524 Solvite
3379 2469 3631 2541 templum

2047 2565 2282 2632 istud,et
2306 2568 2363 2620 in
2385 2566 2552 2620 tribus
2590 2563 2771 2618 diebus
2813 2562 3160 2619 ressuscitabo
3192 2561 3348 2616 illud.
3387 2561 3631 2617 Solvitur

2049 2659 2193 2714 enim
2221 2657 2472 2712 Christus
2498 2655 2678 2721 Iesus,
2697 2655 2995 2710 secundum
3019 2667 3222 2709 meram
3239 2652 3620 2716 substantiam,

2049 2765 2211 2819 quam
2244 2748 2499 2818 suscepit,
2531 2754 2588 2802 et
2633 2746 2868 2802 solutum
2899 2746 3129 2802 suscitat
3165 2746 3444 2816 proprium
3493 2752 3630 2799 tem-

2051 2840 2220 2910 plum,
2253 2840 2357 2894 hoc
2373 2840 2499 2909 ipse
2525 2838 2820 2894 secundum
2845 2837 3086 2892 divinam
3114 2835 3502 2902 substantiam,
3547 2849 3637 2891 se-

2054 2931 2288 2986 cundum
2320 2945 2483 3000 quam
2512 2937 2567 2986 et
2590 2929 2833 2984 omnium
2863 2927 3059 2983 artifex
3095 2936 3196 2982 est.

2134 3042 2152 3075 ι
2199 3023 2486 3092 Nunquam
2512 3030 2692 3076 autem
2721 3029 2846 3092 post
2876 3019 3333 3077 resurrectionem
3375 3017 3640 3073 unitionis

2057 3126 2258 3172 nostras
2283 3123 2488 3171 natura:
2512 3115 2762 3170 discessit
2791 3128 2822 3167 a
2851 3113 3071 3184 proprio
3111 3110 3333 3181 templo,
3355 3123 3458 3165 nec
3471 3109 3641 3164 disce-

2055 3207 2190 3264 dere
2221 3215 2400 3277 potest
2427 3216 2653 3277 propter
2688 3204 3016 3261 ineIl‘abilem
3046 3218 3200 3260 suam
3229 3202 3638 3273 benignitatem,

2059 3299 2156 3354 sed
2184 3305 2270 3354 est
2308 3299 2424 3369 ipse
2448 3297 2710 3352 Dominus
2736 3295 2893 3352 Jesus
2904 3295 3154 3352 Christus
3174 3294 3448 3365 passibilis
3467 3294 3637 3349 etim-

2055 3389 2359 3460 passibilis;
2395 3388 2552 3460 167
2576 3387 2854 3458 passibilis
2883 3385 3181 3442 secundum
3201 3384 3594 3442 humanitatem
3622 3423 3639 3450 ,

2059 3481 2411 3552 impassibilis
2441 3480 2738 3535 secundum
2769 3478 3128 3534 divinitatem.

2137 3593 2155 3625 ς
2195 3573 2489 3628 Suscitavit
2517 3572 2683 3641 igitur
2711 3584 2866 3625 suum
2891 3568 3150 3638 templum
3189 3568 3334 3623 Deus
3359 3566 3594 3622 Verbum
3622 3607 3638 3630 ,

2059 3675 2116 3721 et
2143 3667 2198 3720 in
2223 3681 2283 3721 se
2312 3672 2523 3720 natura:
2547 3671 2748 3718 nostras
2775 3662 3228 3717 resurrectionem
3251 3668 3307 3714 et
3332 3659 3639 3714 renovatio-

2059 3773 2185 3813 nem
2212 3763 2469 3828 operatus
2497 3764 2600 3822 est,
2625 3765 2681 3811 et
2720 3756 2863 3811 hanc
2896 3755 3159 3811 Dominus
3177 3753 3428 3810 Christus
3452 3761 3641 3807 noster

2058 3850 2221 3917 Deus,
2254 3856 2542 3919 postquam
2569 3846 2869 3903 resurrexit
2892 3845 3188 3908 amortuis,
3215 3842 3494 3913 discipulis
3525 3843 3640 3898 suis

2059 3940 2381 3999 ostendebat
2421 3939 2608 3994 dicens
2654 3955 2667 3990 :
2705 3935 2924 4007 Palpate
2966 3951 3047 3989 me
3092 3943 3140 3988 et
3192 3933 3357 3988 videte
3393 3932 3644 4003 quoniam

2059 4031 2288 4104 Spiritus
2339 4045 2548 4084 carnem
2596 4038 2645 4082 et
2674 4043 2792 4081 ossa
2841 4042 2947 4080 non
2987 4024 3160 4090 habet,
3204 4022 3647 4095 quemadmodum

2059 4140 2141 4178 me
2193 4122 2373 4176 videtis
2413 4119 2620 4174 habere.
2681 4117 2798 4174 Non
2837 4116 2995 4182 dixit,
3059 4115 3513 4185 quemadmodum
3561 4127 3650 4167 me

2061 4216 2240 4272 dicitis
2269 4228 2408 4277 esse,
2433 4212 2528 4266 sed
2558 4211 2757 4265 habere
2791 4227 2802 4263 :
2836 4219 2897 4264 ut
2922 4216 2977 4263 et
3003 4207 3099 4278 qui
3126 4207 3313 4269 habet,
3345 4214 3402 4260 et
3425 4203 3518 4274 qui
3545 4203 3646 4257 ha-

2061 4307 2219 4362 betur
2261 4303 2636 4367 considerans,
2667 4317 2773 4355 non
2804 4299 3243 4371 permixtionem,
3282 4312 3388 4352 non
3416 4309 3649 4350 conver-

2064 4396 2294 4461 sionem,
2335 4409 2445 4449 non
2481 4393 2859 4456 mutationem,
2909 4390 3003 4446 sed
3051 4391 3318 4444 unitatem
3341 4386 3543 4442 iactam
3566 4401 3652 4440 re-

2067 4487 2285 4557 spicias.
2320 4485 2615 4556 Propterea
2644 4492 2700 4538 et
2719 4484 2924 4538 ﬁxuras
2965 4481 3263 4544 clavorum,
3300 4487 3356 4534 et
3393 4478 3650 4532 ﬁxionem

2067 4578 2268 4634 lanceae
2294 4575 2706 4646 demonstravit,
2730 4580 2928 4628 etcum
2962 4570 3244 4640 discipulis
3268 4567 3647 4642 manducavit,

2070 4675 2130 4721 ut
2170 4682 2268 4737 per
2296 4665 2476 4721 omnia
2516 4663 2970 4720 resurrectionem
3011 4670 3212 4717 nostrae
3242 4669 3452 4716 naturas
3491 4659 3547 4712 in
3589 4673 3651 4713 se

2071 4764 2384 4814 renovatam
2411 4755 2648 4811 doceret.

2145 4869 2162 4901 ι
2205 4850 2271 4904 Et
2300 4849 2426 4918 quia
2465 4848 2760 4903 secundum
2806 4847 3022 4902 beatam
3069 4845 3370 4900 divinitatis
3397 4844 3653 4898 substan-

2066 4946 2196 5000 tiam
2224 4940 2652 4998 inconvertibilis
2679 4948 2783 5005 est,
2825 4937 3302 5004 incommutabilis,
3347 4935 3654 5004 impassibi-

2064 5037 2153 5102 lis,
2203 5031 2542 5095 immortalis,
2581 5029 2777 5085 nullius
2811 5030 3078 5098 indigens,
3134 5027 3422 5098 perliciens
3442 5024 3648 5087 omnia,

2063 5128 2346 5199 passiones
2399 5123 2646 5195 permisit
2713 5122 2931 5192 proprio
2989 5119 3181 5175 inferri
3230 5117 3457 5188 templo,
3505 5119 3652 5184 (μιοά

2066 5218 2267 5272 virtute
2296 5215 2512 5286 propria
2561 5213 2868 5278 suscitavit,
2912 5221 2967 5267 et
3018 5227 3116 5280 per
3156 5210 3430 5281 propriam
3469 5207 3650 5278 perfe-

2069 5309 2300 5364 ctionem
2344 5306 2527 5377 templi
2576 5305 2698 5372 sui,
2748 5304 3154 5360 renovationem
3207 5310 3406 5357 nostra:
3442 5307 3652 5356 natura:

2070 5413 2328 5477 operatus
2354 5411 2457 5459 est.

2149 5513 2167 5544 ι
2199 5494 2298 5561 Qui
2337 5502 2515 5548 autem
2546 5493 2731 5548 dicunt
2761 5491 3013 5547 subtilem
3051 5490 3322 5550 hominem
3349 5485 3652 5550 Christum,

2073 5585 2498 5658 autpassihilem
2555 5586 2741 5649 Deum,
2789 5583 2964 5638 autin
3019 5596 3236 5638 carnem
3268 5593 3506 5643 versum,
3557 5587 3656 5631 aut

2073 5677 2416 5749 congenitum
2447 5675 2700 5732 habuisse
2726 5688 2945 5743 corpus,
2970 5680 3064 5727 aut
3099 5671 3167 5727 de
3199 5669 3340 5726 coelo
3370 5668 3472 5723 hoc
3501 5666 3658 5722 detu~
