3990 6184
426 292 527 352 ΗΥ

1382 286 1991 350 DISSERTATIONES.
2037 322 2102 330 -
2141 289 2602 349 DISSERTA'I'IO
2642 291 2703 352 ιι.

3560 304 3658 356 ΗΞ

416 405 555 475 lisse,
604 418 695 463 aut
726 409 1040 478 phantasma
1077 423 1216 474 esse,
1255 419 1347 463 aut
1371 411 1654 465 mortalem
1710 411 1972 465 dicentes.
2007 412 2057 469 Α
2083 408 2298 463 venisse
2320 408 2511 463 Filium
2524 411 2640 474 Dei,
2663 411 2756 465 sed
2777 410 2916 465 sicut
2938 411 3199 480 scriptum
3232 426 3315 469 est
3340 432 3354 468 :
3383 417 3659 486 Sapientia

417 501 577 554 Deum
609 501 844 555 Verbum
887 501 1196 570 indiguisse,
1228 511 1290 554 ut
1319 517 1348 555 a
1393 500 1553 555 Patre
1582 501 1936 556 suscitaretur
1965 542 1979 566 ,

412 592 524 646 sine
567 590 744 644 anima
781 606 997 661 corpus,
1029 599 1124 645 aut
1153 591 1270 646 sine
1299 606 1458 646 sensu
1492 592 1766 646 hominem
1797 607 1984 646 susce-

413 682 570 752 pisse,
611 689 705 736 aut
748 682 880 736 duas
920 683 1248 738 substantias
1279 679 1503 748 Christi,
1535 683 1830 738 secundum
1859 697 1984 752 per-

411 773 730 827 mixtionem
773 771 1043 837 confusas,
1091 789 1254 827 unam
1296 773 1494 828 factam
1533 772 1700 828 fuisse
1728 773 1983 827 substan-

412 863 572 928 tiam;
607 871 794 916 etnon
835 863 1154 918 conﬁtentes
1198 863 1487 917 Dominum
1526 870 1768 917 nostrum
1796 859 1981 916 Iesum

407 951 680 1006 Christum
695 953 830 1007 duas
857 968 975 1008 esse
1003 962 1223 1008 naturas
1256 953 1589 1019 inconfusas,
1611 969 1773 1008 unam
1800 962 1982 1009 autem

406 1053 713 1108 personam,
741 1043 1036 1096 secundum
1062 1044 1203 1112 quod
1227 1060 1364 1098 unus
1387 1043 1663 1111 Christus,
1686 1061 1824 1100 unus
1837 1045 1982 1100 idem

407 1128 568 1194 ﬁlius,
603 1131 736 1185 istos
779 1131 1204 1186 anathematizat
1250 1133 1527 1188 Catholica
1576 1143 1630 1189 et
1672 1134 1981 1205 Apostoliea

406 1222 667 1276 Ecclesia.
713 1242 732 1275 ι

476 1311 751 1382 Expositio
785 1313 887 1367 ista
928 1314 1073 1379 tidei,
1107 1322 1218 1368 tota
1264 1323 1468 1384 quanta
1495 1323 1598 1380 est,
1637 1317 1874 1385 pertinet
1915 1317 1982 1370 ad

403 1403 687 1456 veritatem
714 1403 1103 1460 incarnationis
1149 1406 1408 1459 adversus
1439 1407 1677 1459 haereses
1725 1421 1786 1460 ea
1848 1415 1984 1460 tem-

400 1502 609 1561 pestate
629 1507 953 1564 grassantes,
987 1511 1121 1565 quas
1152 1497 1293 1550 inter
1322 1496 1748 1566 Apollinariana,
1789 1497 1982 1552 Nesto-

400 1584 577 1648 riana,
613 1592 666 1638 et
703 1585 1039 1654 Eutychiana
1065 1587 1396 1641 eminebant.

473 1674 707 1730 XXVIII.
752 1675 1000 1745 Pelagius
1027 1675 1048 1729 I
1075 1677 1128 1730 in
1157 1677 1380 1746 epistola
1407 1678 1476 1731 ad
1513 1677 1715 1748 Regem
1755 1677 1978 1732 Childe-

2082 501 2385 557 aediﬁcante
2400 502 2503 557 sibi
2523 502 2738 557 domum
2749 542 2762 566 ,
2775 519 2898 559 mox
2919 519 3137 561 carnem
3162 507 3214 560 in
3229 516 3386 562 utero
3401 506 3657 580 Virginis.

2081 606 2204 646 mox
2234 593 2396 647 Verbi
2425 593 2518 647 Dei
2559 607 2782 648 carnem
2811 593 3032 661 factam,
3056 596 3375 667 exindeque,
3401 599 3521 654 sine
3553 602 3658 657 ulla

2084 684 2487 753 permutatione
2538 693 2633 738 aut
2676 686 3027 742 conversione
3057 688 3216 743 Verbi
3251 691 3540 761 carnisque
3565 709 3661 746 na-

2081 781 2236 838 turae,
2272 773 2513 828 Verbum
2538 790 2603 829 ac
2625 774 2821 830 Filium
2849 776 2942 831 Dei
2968 776 3166 834 factum
3183 781 3477 848 hominem,
3493 799 3658 839 unum

2081 862 2138 916 in
2166 870 2400 931 utraque
2434 872 2651 927 natura,
2675 865 2858 920 divina
2886 866 3091 923 scilicet
3118 880 3174 925 et
3218 871 3474 938 humana,
3501 873 3657 929 Chri-

2080 960 2226 1007 stum
2253 950 2462 1017 Jesum,
2492 953 2658 1007 Deum
2685 969 2895 1021 verum,
2929 960 3290 1030 eumdemque
3329 979 3516 1018 verum
3563 966 3659 1018 Ιιο-

2081 1044 2279 1098 minem
2301 1043 2648 1114 processisse,
2674 1043 2728 1098 id
2747 1053 2854 1110 est,
2888 1055 3078 1103 natum
3103 1065 3244 1116 esse,
3273 1065 3481 1107 servata
3516 1054 3654 1107 inte-

2081 1135 2272 1206 gritate
2299 1143 2558 1190 maternae
2579 1135 2929 1204 virginitatis,
2955 1141 3083 1207 quia
3117 1142 3196 1196 sic
3217 1158 3338 1196 eum
3363 1144 3510 1212 virgo
3537 1160 3657 1212 per-

2082 1240 2304 1279 manens
2330 1225 2534 1294 genuit,
2567 1226 3027 1293 quemadmodum
3057 1231 3207 1298 virgo
3228 1235 3495 1302 concepit.
3529 1236 3658 1288 Pro-

2082 1325 2200 1384 pter
2233 1313 2373 1383 qndd
2412 1317 2654 1370 eamdem
2701 1317 2917 1372 beatam
2972 1317 3248 1388 Virginem
3304 1325 3527 1381 Mariam
3563 1327 3662 1382 Dei

2082 1403 2396 1473 genitricem
2437 1405 2714 1460 verissime
2753 1407 3077 1463 conﬁtemur
3106 1427 3118 1463 :
3152 1415 3363 1481 peperit
3386 1417 3535 1470 enim
3581 1419 3661 1471 in-

2082 1503 2362 1548 carnatum
2395 1495 2488 1548 Dei
2517 1494 2769 1552 Verbum.

2158 1622 2175 1654 l
2211 1605 2308 1659 Est
2333 1620 2461 1674 ergo
2483 1621 2623 1662 unus
2661 1617 2823 1677 atque
2846 1609 2986 1666 idem
3032 1611 3190 1668 Iesus
3213 1614 3462 1672 Christus
3497 1634 3659 1674 verus

2079 1693 2247 1748 Filius
2297 1694 2413 1759 Dei,
2447 1703 2501 1748 et
2530 1697 2670 1751 idem
2708 1698 2822 1769 ipse
2850 1715 3011 1756 verus
3054 1703 3197 1759 [ilius
3235 1705 3488 1772 hominis,
3534 1723 3658 1778 per-

395 1766 637 1829 bertum,
665 1767 802 1836 apud
835 1775 994 1834 quem
1046 1767 1375 1822 calumniose
1421 1779 1706 1824 accusatus
1758 1769 1970 1833 fuerat,

2079 1785 2252 1841 fectus
2282 1788 2335 1840 in
2360 1788 2582 1853 deitate.
2607 1798 2664 1844 et
2686 1759 2828 1845 idem
2861 1791 2975 1861 ipse
3009 1794 3278 1863 perfectus
3301 1759 3650 1852 inhumani-

394 1855 558 1924 quasi
585 1857 652 1910 de
686 1856 1057 1911 Incarnatione
1088 1856 1250 1912 Verbi
1273 1857 1440 1912 divini
1476 1873 1581 1912 non
1619 1861 1842 1928 perinde
1863 1874 1981 1912 sen-

393 1948 552 2013 tiret,
590 1963 654 2001 ac
697 1945 754 2001 S.
782 1947 913 2012 Leo,
938 1956 1063 2016 post
1107 1949 1405 2013 laudatum,
1455 1965 1616 2016 quem
1641 1951 1762 2003 aliis
1809 1950 1981 2004 literis

393 2045 707 2106 receperat,
730 2037 927 2093 Leonis
966 2047 1190 2103 tomum,
1223 2040 1571 2108 priorumque
1604 2049 1838 2109 quatuor
1875 2040 1980 2110 Sy-

397 2129 674 2183 nodorum
702 2129 1055 2183 honorificam
1080 2130 1431 2184 mentionem.

482 2235 502 2266 ι
539 2216 734 2284 Credo,
765 2218 959 2288 inquit,
994 2219 1045 2272 in
1071 2234 1233 2272 unum
1258 2220 1445 2284 Deum,
1473 2219 1689 2274 Patrem
1715 2229 1768 2274 et
1786 2220 1978 2274 Filium

389 2319 450 2364 et
473 2308 736 2380 Spiritum
768 2321 1033 2376 sanctum,
1063 2311 1277 2366 Patrem
1303 2313 1506 2367 scilicet
1532 2313 1975 2382 omnipotentem,

391 2401 810 2468 sempiternum,
851 2401 1145 2468 ingenitum
1178 2418 1189 2453 :
1227 2399 1418 2454 Filium
1461 2417 1589 2456 vero
1635 2417 1700 2455 ex
1730 2401 1972 2470 ejusdem

397 2492 581 2545 Patris
621 2492 922 2546 substantia
961 2493 1221 2562 genitura,
1274 2500 1400 2547 ante
1435 2509 1596 2548 omne
1644 2496 1865 2549 omnino
1889 2495 1972 2548 vel

395 2584 662 2652 temporis
688 2583 767 2637 vel
793 2582 1106 2652 cujusquam
1127 2583 1357 2647 initium,
1384 2583 1448 2638 de
1474 2585 1842 2654 omnipotente
1863 2601 1976 2640 om-

396 2677 758 2746 nipotentem,
793 2673 1073 2744 mqualem,
1110 2677 1618 2746 consempiternum,
1649 2684 1704 2730 et
1740 2678 1976 2732 consub-

395 2768 710 2823 stantialem
738 2768 965 2839 genitori
993 2784 1006 2821 :
1039 2767 1300 2837 Spiritum
1329 2783 1543 2838 quoque
1581 2776 1825 2823 sanctum
1850 2784 1970 2824 om-

393 2859 756 2928 nipotentem,
788 2859 1024 2928 utrique,
1071 2858 1220 2912 Patri
1269 2857 1475 2913 scilicet
1497 2873 1562 2913 ac
1602 2858 1758 2925 Filio,
1792 2875 1973 2930 mqua-

393 2951 524 3011 lem,
585 2952 1078 3020 consempiternum
1107 2961 1267 3021 atque
1293 2953 1832 3019 consubstantialem,
1877 2954 1970 3024 qui

389 3058 456 3096 ex
485 3043 655 3097 Patre
700 3042 1368 3111 intemporalitcr-cedens,
1402 3043 1579 3098 Patris
1606 3053 1690 3098 est
1737 3042 1968 3114 Filiique

391 3131 657 3202 Spiritus.
684 3130 796 3187 IIoc
821 3141 899 3186 est
929 3141 1038 3187 tres
1063 3149 1340 3202 personas,
1371 3134 1486 3188 sive
1515 3140 1626 3189 tres
1669 3135 1969 3190 subsisten-

388 3226 492 3279 tias
545 3225 712 3278 unius
759 3223 1027 3288 esSentitn,
1075 3224 1188 3279 sive
1227 3232 1453 3289 naturae,
1506 3226 1666 3280 unius
1716 3225 1966 3289 virtutis,

387 3317 554 3370 unius
601 3315 951 3384 operationis,
997 3316 1156 3369 unius
1200 3316 1568 3380 beatitudinis,
1606 3317 1768 3386 168
1808 3325 1971 3386 atque

388 3406 554 3460 unius
578 3404 887 3474 potestatis,
917 3414 975 3458 ut
1005 3405 1149 3458 trina
1171 3404 1244 3458 sit
1279 3404 1483 3468 unitas,
1510 3412 1566 3458 et
1606 3421 1712 3459 una
1740 3407 1811 3459 sit
1848 3405 1971 3458 Tri-

386 3496 555 3560 nitas,
599 3493 756 3562 juxta
806 3508 994 3548 vocem
1031 3493 1328 3547 Dominica:
1366 3492 1648 3557 veritatis,
1684 3493 1914 3548 dicentis
1955 3511 1967 3546 :

389 3585 488 3653 Ite,
512 3587 704 3640 docete
743 3602 920 3640 omnes
943 3595 1142 3654 gentes,
1185 3584 1509 3655 baptizanles
1537 3601 1624 3639 eos
1669 3585 1724 3638 in
1764 3587 1971 3641 nomine

389 3674 574 3731 Patris
601 3686 650 3730 et
675 3674 808 3729 Filii
834 3685 881 3730 et
913 3675 1142 3745 Spiritus
1169 3676 1356 3729 sancti.

459 3785 476 3816 ι
511 3764 583 3822 In
614 3765 854 3830 nomine,
887 3765 1080 3834 inquit,
1108 3780 1214 3820 non
1246 3765 1576 3828 nominibus,
1607 3774 1666 3820 ut
1693 3774 1748 3824 et
1794 3781 1963 3821 unum

384 3853 582 3920 Deum,
612 3871 711 3924 per
737 3855 1109 3910 indistinctum
1135 3855 1328 3909 divinae
1363 3857 1614 3910 essentia:
1643 3871 1839 3911 nomen
1873 3871 1960 3911 os-

387 3948 658 4010 tenderet,
687 3954 743 4001 et
764 3959 1116 4014 personarum
1159 3946 1541 4002 discretionem
1589 3949 1700 4003 suis
1741 3948 1961 4002 demon-

388 4045 618 4093 stratam
675 4036 1095 4107 proprietatibus
1124 4038 1375 4093 edoceret
1415 4057 1426 4091 :
1473 4039 1599 4108 quia
1635 4040 1762 4093 dum
1792 4040 1963 4095 tribus

389 4140 550 4182 unum
583 4127 808 4182 deitatis
836 4141 1030 4181 nomen
1055 4135 1156 4190 est,
1195 4128 1478 4198 aequalitas
1509 4129 1815 4184 ostenditur
1839 4145 1960 4199 per-

389 4233 672 4283 sonarum,
700 4227 755 4272 et
783 4233 971 4273 rursus
996 4219 1278 4288 aequalitas
1305 4235 1659 4290 personarum
1696 4221 1832 4275 nihil
1869 4237 1960 4276 ex-

389 4315 664 4373 traneum,
692 4307 824 4362 nihil
855 4309 1106 4364 accidens
1133 4309 1187 4363 in
1215 4309 1296 4364 eis
1322 4311 1827 4382 permittitintelligi
1852 4331 1864 4366 :
1889 4315 1961 4368 ita

392 4409 448 4451 ut
489 4408 543 4454 et
591 4399 965 4467 unusquisque
1011 4413 1197 4454 eorum
1245 4414 1408 4454 verus
1458 4399 1840 4471 perfectasque
1893 4404 1966 4456 sit

392 4489 548 4560 Deus,
586 4493 844 4548 videlicet
868 4508 934 4548 ex
980 4493 1312 4562 plenitudine
1339 4493 1658 4560 divinitatis,
1697 4496 1834 4550 nihil
1865 4497 1963 4550 mi-

392 4596 488 4636 nus
517 4585 572 4637 in
609 4582 861 4653 singulis,
894 4583 1023 4636 nihil
1055 4582 1282 4652 amplius
1309 4583 1640 4654 intelligatur
1669 4585 1723 4639 in
1767 4586 1960 4641 tribus.

461 4690 482 4723 ι
516 4673 599 4728 Ex
633 4672 734 4727 hac
777 4679 958 4726 autem
986 4680 1174 4728 sancta
1208 4679 1260 4725 et
1286 4672 1596 4727 beatissima
1644 4684 1807 4746 atque
1837 4692 1967 4732 con-

390 4763 730 4820 substantiali
767 4761 1055 4830 Trinitate,
1091 4765 1254 4819 credo
1285 4771 1448 4833 atque
1471 4765 1753 4833 cenﬁteor,
1800 4783 1962 4824 unam

391 4867 700 4922 personam,
729 4854 784 4909 id
810 4861 909 4918 est,
937 4853 1131 4909 Filium
1162 4855 1276 4920 Dei,
1302 4871 1400 4927 pro
1426 4857 1600 4912 salute
1628 4859 1848 4914 humani
1873 4876 1963 4932 ge-

393 4944 566 5010 neris,
608 4945 920 5000 novissimis
963 4947 1293 5014 temporibus
1337 4947 1681 5005 descendisse
1707 4951 1775 5005 de
1801 4952 1962 5018 cmlo,

393 5049 487 5090 nec
513 5037 745 5106 patriam
774 5039 977 5104 sedem,
1026 5055 1126 5096 nec
1171 5043 1352 5098 mundi
1379 5047 1747 5116 gubernacula
1796 5047 1964 5104 relin-

390 5133 661 5192 quentem,
682 5134 739 5181 et
758 5127 816 5182 S.
835 5127 1038 5197 Spiritu
1060 5135 1473 5202 superveniente
1493 5135 1547 5190 in
1571 5137 1726 5192 beata
1747 5137 1964 5209 Virgine

393 5211 578 5274 Maria.
613 5224 774 5286 atque
799 5218 1154 5278 obumbrante
1180 5223 1229 5277 ei
1259 5225 1459 5279 virtute
1491 5225 1780 5293 Altissimi,
1815 5244 1965 5284 eum-

392 5301 509 5356 dem
537 5303 776 5360 Verbum
816 5321 882 5361 ac
911 5307 1106 5364 Filium
1138 5311 1232 5366 Dei
1279 5313 1334 5367 in
1384 5321 1540 5368 utero
1563 5312 1799 5383 ejusdem
1841 5332 1963 5372 san-

390 5401 489 5447 cta:
521 5395 761 5468 Virginis
781 5397 964 5454 Maria:
984 5399 1275 5459 clementer
1290 5403 1614 5473 ingressum,
1643 5413 1698 5461 et
1718 5409 1782 5462 de
1801 5423 1963 5465 carne

392 5485 506 5554 ejus
536 5487 640 5543 sibi
678 5491 861 5546 unisse
892 5505 1108 5547 carnem
1140 5495 1318 5550 anima
1365 5497 1615 5552 rationali
1656 5507 1711 5554 et
1756 5502 1965 5558 intelle-

391 5577 554 5631 ctuali
586 5581 900 5636 animatam.

465 5685 484 5717 ε
518 5667 631 5724 Nec
654 5680 776 5726 ante
797 5680 1036 5728 creatam
1076 5690 1196 5730 esse
1225 5690 1464 5744 carnem,
1492 5687 1546 5733 et
1568 5687 1754 5747 postea
1777 5695 1964 5751 super-

1989 4463 2042 4521 D

2080 1886 2213 1942 tate,
2249 1886 2308 1931 ut
2344 1887 2469 1948 pote
2499 1889 2644 1935 totus
2678 1883 2733 1937 in
2763 1884 2896 1949 suis,
2927 1893 2982 1938 et
3007 1885 3150 1939 idem
3174 1888 3287 1955 ipse
3316 1897 3461 1944 totus
3482 1890 3537 1944 in
3559 1907 3658 1945 no-

2083 1969 2210 2022 stris
2238 1986 2251 2022 :
2283 1970 2362 2024 sic
2390 1985 2488 2038 per
2515 1975 2807 2028 secundam
2838 1977 3180 2032 nativitatem
3217 1995 3434 2036 sumens
3455 1998 3524 2038 ex
3554 1985 3653 2038 ho-

2082 2058 2228 2112 mine
2273 2068 2444 2114 matre
2471 2061 2741 2129 quodnon
2771 2073 2908 2128 erat,
2935 2073 2996 2118 ut
3040 2081 3148 2120 non
3196 2068 3484 2125 desisteret
3533 2084 3654 2126 esse

2081 2149 2221 2217 quod
2251 2165 2348 2218 per
2375 2151 2626 2219 primam,
2654 2168 2758 2222 qua
2780 2169 2846 2207 ex
2868 2155 3027 2210 Patre
3056 2167 3215 2212 natus
3241 2168 3344 2224 est,
3368 2170 3505 2216 erat.

2156 2256 2174 2288 ο
2196 2238 2423 2310 Propter
2436 2243 2580 2311 quod
2603 2258 2726 2298 eum
2750 2261 2816 2298 ex
2836 2246 3042 2301 duabus
3063 2249 3191 2302 etin
3209 2249 3415 2305 duabus
3435 2267 3658 2308 manen-

2077 2331 2219 2385 tibus
2249 2331 2496 2388 indivisis
2536 2334 2943 2405 inconfusisque
2971 2339 3246 2395 credimus
3271 2356 3392 2396 esse
3426 2345 3652 2397 naturis.

2076 2418 2322 2474 lndivisis
2348 2423 2600 2491 quidem,
2633 2425 2758 2493 quia
2788 2433 2842 2478 et
2876 2435 2998 2494 post
3028 2427 3452 2498 assumptionem
3501 2441 3656 2485 natu-

2077 2528 2148 2565 rte
2192 2522 2389 2567 nostra:
2426 2531 2563 2570 unus
2605 2515 2856 2572 Christus
2905 2517 3074 2574 Filius
3110 2519 3206 2575 Dei
3260 2523 3556 2590 permansit
3601 2538 3656 2577 ct

2075 2615 2354 2672 permanet
2386 2624 2397 2658 :
2433 2607 2729 2661 inconfusis
2754 2619 2958 2674 autem,
2992 2610 3120 2678 quia
3155 2609 3315 2665 sicin
3350 2626 3511 2665 unam
3531 2628 3653 2682 per-

2074 2711 2260 2751 sonam
2297 2707 2458 2767 atque
2488 2699 2896 2754 subsistentiam
2933 2699 3200 2756 adunatas
3233 2702 3506 2758 credimus
3533 2719 3655 2759 esse

2073 2795 2312 2850 naturas,
2352 2796 2411 2840 ut
2449 2789 2730 2858 utriusque
2778 2789 3108 2857 proprietate
3150 2800 3366 2846 servata
3394 2833 3409 2858 ,
3457 2803 3652 2848 neutra

2073 2885 2479 2932 converteretur
2509 2878 2564 2931 in
2591 2879 2837 2932 alteram.
2860 2878 2939 2934 Ac
2973 2889 3282 2947 propterea,
3322 2884 3463 2938 sicut
3504 2901 3648 2953 saepe

2073 2967 2324 3032 diximus,
2379 2983 2544 3022 unum
2587 2971 2942 3039 cumdemque
2988 2970 3261 3027 Christum
3293 2989 3414 3030 esse
3461 2991 3645 3030 verum

2071 3057 2265 3112 Filium
2294 3057 2410 3123 Dei,
2443 3067 2498 3114 et
2521 3061 2768 3115 eumdem
2793 3061 2968 3130 ipsum
2997 3077 3182 3117 verum
3206 3064 3374 3119 lilium
3413 3066 3649 3121 hominis

2071 3148 2409 3215 confitemur,
2460 3151 2975 3206 consubstantialem
3004 3152 3150 3208 Patri
3195 3157 3489 3211 secundum
3540 3160 3652 3212 dci-

2071 3247 2258 3305 tatem,
2307 3241 2822 3295 consubstantialem
2855 3244 3012 3297 nobis
3053 3246 3304 3299 eumdem
3355 3249 3649 3302 secundum

2071 3329 2484 3394 humanitatem,
2513 3346 2608 3398 per
2628 3333 2806 3386 omnia
2832 3334 2986 3387 nobis
3014 3335 3247 3388 similem
3278 3337 3481 3406 absque
3525 3354 3650 3406 pec-

2071 3428 2213 3484 cato,
2247 3419 2559 3488 passibilem
2610 3437 2795 3487 carne,
2844 3425 3094 3477 eumdem
3137 3425 3313 3492 ipsum
3343 3428 3651 3496 impassibi-

2072 3507 2176 3562 lem
2200 3507 2419 3562 deitate.

2146 3597 2306 3668 169
2346 3616 2364 3648 ‹
2394 3596 2564 3666 Quem
2592 3599 2692 3654 sub
2721 3595 2914 3656 Pontio
2939 3599 3112 3656 Pilato
3143 3611 3331 3673 sponte
3359 3620 3456 3674 pro
3484 3608 3655 3665 salute

2070 3698 2252 3743 nostra
2295 3704 2518 3758 passum
2564 3704 2686 3746 esse
2731 3707 2894 3747 carne
2936 3691 3290 3760 confitemur,
3334 3695 3650 3752 cruciﬁxum

2069 3796 2252 3846 carne,
2267 3792 2534 3838 mortuum
2548 3798 2732 3848 carne,
2753 3785 3116 3841 resurrexisse
3144 3787 3302 3842 tertia
3318 3788 3424 3853 die,
3450 3786 3652 3860 glorifi-

2067 3879 2186 3926 cata
2199 3880 2252 3927 et
2265 3873 2653 3943 incorruptibili
2669 3875 2858 3930 eadem
2872 3892 3058 3943 carne,
3073 3886 3126 3934 et
3138 3889 3515 3936 conversatum
3530 3891 3653 3952 post

2069 3965 2514 4019 resurrectionem
2544 3981 2668 4020 cum
2702 3964 2976 4036 discipulis
3012 3969 3124 4024 suis
3154 3984 3218 4024 ac
3250 3971 3435 4026 multis
3475 3972 3651 4027 modis

2066 4056 2340 4111 evidenter
2383 4057 2462 4111 eis
2498 4059 2796 4113 ostendisse
2845 4061 2927 4114 sui
2968 4061 3212 4130 corporis
3249 4065 3556 4130 veritatem,
3595 4076 3653 4120 et

2064 4147 2476 4216 quadragesimo
2501 4149 2584 4203 die
2609 4149 2914 4207 videntibus
2934 4151 3137 4207 eisdem
3160 4154 3438 4223 discipulis
3460 4171 3652 4210 ascen-

2065 4236 2207 4291 disse
2249 4237 2302 4290 in
2345 4237 2540 4302 cmlos;
2587 4240 2777 4296 sedere
2825 4242 2988 4296 etiam
3033 4244 3100 4296 ad
3143 4244 3419 4298 dexteram
3448 4242 3644 4311 Patris,

2065 4327 2240 4379 credo
2263 4335 2318 4379 et
2351 4327 2632 4392 confiteor,
2677 4332 2972 4384 secundum
3015 4331 3444 4387 testiﬁcationem
3481 4349 3646 4404 ange-

2067 4414 2263 4479 lorum,
2309 4417 2446 4470 sicut
2485 4421 2724 4474 ascendit
2760 4423 2812 4474 in
2846 4422 3036 4486 cmlos,
3078 4421 3149 4476 ita
3197 4433 3482 4480 venturum
3511 4425 3650 4494 judi~

2069 4519 2195 4558 care
2240 4507 2392 4560 vivos
2438 4517 2490 4561 et
2538 4517 2794 4563 mortuos.
2845 4511 3047 4566 Omnes
3091 4513 3236 4566 enim
3283 4514 3531 4572 homines
3577 4517 3646 4572 ab

2067 4596 2237 4651 Adam
2286 4612 2455 4666 usque
2503 4600 2568 4652 ad
2618 4603 3134 4659 consummationem
3181 4605 3357 4662 saeculi
3399 4618 3554 4666 natos
3594 4623 3648 4666 et

2067 4696 2327 4754 mortuos,
2359 4705 2480 4744 cum
2511 4690 2626 4760 ipso
2659 4691 2830 4747 Adam
2855 4694 3078 4764 ejusque
3106 4711 3294 4764 uxore,
3324 4699 3415 4770 qui
3443 4715 3548 4756 non
3577 4719 3644 4758 ex

2066 4779 2185 4835 aliis
2209 4781 2524 4850 parentibus
2561 4783 2672 4838 nati
2703 4792 2849 4850 sunt,
2883 4788 2978 4841 sed
3016 4787 3154 4843 alter
3182 4789 3248 4844 de
3268 4797 3432 4860 terra,
3473 4794 3643 4850 altera

2065 4879 2242 4928 autem
2270 4871 2337 4927 de
2359 4882 2508 4930 costa
2538 4874 2661 4941 viri,
2689 4877 2858 4932 creati
2891 4886 3016 4934 sunt
3041 4898 3052 4934 :
3083 4889 3209 4937 tunc
3239 4894 3644 4943 resurrecturos

2065 4978 2183 5020 esse
2220 4964 2500 5033 conﬁteor,
2543 4976 2597 5022 et
2633 4968 2848 5024 adstare
2881 4977 3007 5026 ante
3038 4968 3272 5029 tribunal
3311 4975 3533 5042 Christi,
3585 4989 3644 5032 ut

2067 5054 2288 5124 recipiat
2316 5058 2682 5127 unusquisque
2707 5060 2922 5130 propria
2951 5063 3224 5133 corporis,
3253 5073 3414 5135 prout
3451 5067 3640 5137 gessit,

2065 5143 2178 5200 sive
2205 5146 2368 5211 bona,
2401 5147 2514 5201 sive
2546 5148 2720 5214 mala;
2750 5158 2804 5205 et
2832 5147 3010 5217 justos
3037 5154 3253 5223 quidem
3284 5170 3380 5226 per
3408 5155 3644 5225 largissi—

2065 5248 2206 5288 mam
2237 5236 2465 5304 gratiam
2498 5234 2612 5302 Dei,
2643 5245 2702 5292 ut
2731 5247 2855 5307 pote
2880 5256 3008 5297 vasa
3031 5242 3422 5300 misericordia!
3445 5243 3502 5297 in
3529 5242 3641 5312 εῐοο

2065 5323 2204 5378 riam
2245 5335 2576 5397 przeparata,
2613 5337 2826 5385 aeterna:
2867 5332 2990 5386 vitm
3023 5334 3262 5403 praemiis
3292 5332 3635 5397 donaturum,

2066 5414 2119 5468 in
2166 5417 2424 5471 societate
2460 5417 2710 5473 videlicet
2756 5422 3098 5492 angelorum,
3145 5423 3348 5490 absque
3379 5418 3489 5474 ulIo
3525 5421 3635 5492 jam

2065 5508 2246 5579 lapsus
2273 5511 2353 5564 sui
2387 5522 2566 5577 metu,
2601 5513 2716 5567 sine
2747 5512 2852 5568 line
2884 5515 3121 5570 victuros
3150 5531 3161 5565 ε
3191 5513 3405 5581 iniquos
3432 5524 3632 5576 autem.

2066 5601 2289 5655 arbitrio
2314 5601 2607 5656 voluntatis
2637 5603 2890 5672 proprim,
2925 5616 3053 5654 vasa
3085 5602 3178 5654 ira:
3208 5611 3330 5670 apta
3361 5603 3414 5658 in
3443 5605 3633 5661 interi-

2068 5696 2177 5743 tum
2208 5700 2616 5760 permanentes,
2644 5691 2734 5760 qui
2768 5692 2909 5745 viam
2943 5690 3180 5758 Domini,
3215 5703 3304 5749 aut
3334 5711 3440 5752 non
3473 5713 3634 5770 agni»
