3990 6184
263 289 360 350 HS

1514 275 1602 330 an
1639 265 1898 328 LIBRUM
1939 253 2251 324 DIURNL'M

3419 248 3510 302 ιιι

257 413 486 469 verunt,
519 409 612 457 aut
645 401 915 472 cognitam
944 392 1171 450 diversis
1207 391 1347 461 capti
1381 386 1836 460 praevaricationi-
1864 392 1912 449 Α
1939 383 2198 438 sticorum
2230 375 2579 434 observandis
2620 375 2812 427 ritibus
2847 369 3074 442 alligari.
3125 364 3425 440 EaprOpter
3454 380 3515 424 ut

259 501 362 556 bus
396 495 764 565 reliquerunt,
805 490 978 561 pinnis
1013 484 1196 540 aeterni
1227 491 1388 551 atque
1417 477 1842 549 inextinguibilis

263 592 425 660 ignis,
467 597 528 642 ut
557 585 674 640 sine
709 583 814 637 fine
845 577 1095 640 ardeant,
1117 571 1421 645 iustissimo
1445 569 1648 640 judicio
1678 569 1844 623 tradi-

262 689 464 733 turum.
494 696 513 729 ι

334 768 521 824 Nullus
562 780 742 822 sermo
771 764 832 819 fit
862 767 928 819 de
956 764 1000 819 V
1028 763 1265 834 Synodo,
1295 759 1554 832 quoniam
1581 754 1755 810 adhuc
1786 755 1841 819 in

262 860 450 915 Galliis
478 858 618 912 male
643 855 910 918 audiebat,
938 855 1093 924 quasi
1130 847 1555 908 Calchedonensi
1582 859 1844 915 repugna-

263 962 348 1007 ret
378 971 390 1005 :
423 952 483 1006 fit
525 958 702 1004 autem
741 947 808 1002 de
846 945 1328 1016 praedestinatione
1362 947 1418 994 et
1451 937 1599 992 vasis
1632 933 1842 988 miseri-

263 1043 477 1106 cordiae,
513 1047 797 1110 propterea
835 1037 979 1108 quod
1014 1035 1341 1106 quaestiones
1378 1046 1442 1085 ea
1479 1029 1545 1084 de
1578 1043 1637 1082 re
1668 1027 1843 1080 adhuc

265 1135 614 1192 movebantur
653 1131 708 1187 in
748 1145 918 1201 regno
962 1126 1312 1190 Childeberti,
1347 1123 1593 1194 quamvis
1623 1119 1842 1174 Arausi-

261 1243 396 1282 cana
422 1227 464 1281 II
495 1223 747 1296 Synodus
779 1223 965 1277 habita
1011 1237 1138 1276 ann.
1180 1219 1284 1274 529
1325 1215 1648 1272 sententiam
1682 1213 1845 1267 dixis-

262 1327 362 1381 set,
397 1329 627 1384 eamque
652 1311 962 1367 Bonifacius
986 1310 1028 1365 II
1061 1310 1454 1366 confirmasset.

337 1405 528 1460 XXIX.
573 1403 867 1474 Gregorius
892 1401 913 1455 I
939 1401 1005 1454 ad
1031 1399 1380 1454 Patriarchas
1413 1395 1658 1451 scribens
1694 1407 1842 1448 more

262 1497 528 1568 majorum
555 1533 570 1560 ,
619 1501 741 1564 post
778 1491 1051 1562 expositas
1088 1489 1295 1560 prolixe
1333 1487 1512 1543 oneris
1557 1483 1846 1555 pastoralis

264 1589 632 1651 difficultates,
676 1585 1095 1656 imploratasque
1132 1581 1363 1636 fratrum
1398 1592 1608 1648 preces,
1650 1577 1846 1646 quibus

266 1682 335 1737 ad
364 1680 694 1750 implendum
721 1692 916 1731 munus
931 1675 1171 1745 juvetur,
1198 1672 1277 1726 sic
1297 1670 1489 1726 habet:
1513 1687 1530 1719 ι
1551 1668 1840 1731 Praeterea,

264 1776 390 1845 quia
415 1773 570 1828 corde
595 1771 826 1824 creditur
859 1768 928 1822 ad
949 1767 1234 1837 justitiam,
1274 1781 1362 1818 ore
1390 1772 1563 1817 autem
1589 1760 1842 1829 confessio

264 1868 325 1934 ﬁt
359 1865 428 1920 ad
457 1863 700 1927 salutem,
724 1861 864 1916 sicut
889 1858 1064 1913 sancti
1095 1855 1366 1926 Evangelii
1393 1861 1627 1923 quatuor
1655 1849 1843 1914 libros,

269 1961 349 2014 sic
389 1965 622 2029 quatuor
666 1951 906 2009 Concilia
937 1950 1211 2018 suscipere
1253 1956 1310 2002 et
1341 1943 1590 2000 venerari
1632 1955 1718 1995 me
1767 1940 1846 1994 fa-

267 2063 474 2106 teor....
521 2065 538 2097 ι
570 2045 827 2111 Quintum
864 2055 1078 2111 quoque
1118 2037 1417 2094 Concilium
1450 2034 1652 2104 pariter
1687 2045 1846 2085 vene-

269 2157 384 2205 ror,
415 2159 433 2191 ι
463 2149 587 2201 etc.,
615 2150 734 2206 quae
756 2148 876 2205 pag.
905 2132 1007 2186 l60
1033 2130 1193 2185 allata
1223 2136 1368 2184 sunt.

335 2229 504 2287 XXX.
551 2228 800 2298 Quinque
824 2225 1162 2296 Synodorum
1189 2220 1458 2291 susceptio
1478 2217 1581 2272 fuit
1607 2217 1691 2272 his
1714 2226 1847 2271 tem-

266 2325 486 2395 poribus
532 2321 690 2391 plena
741 2324 996 2384 certaque
1045 2314 1168 2368 fidei
1223 2311 1512 2368 Catholicae
1559 2307 1844 2379 expositio.

269 2416 588 2482 Quintaeque
613 2410 813 2465 idcirco
841 2407 985 2462 facta
1010 2413 1092 2461 est
1113 2403 1418 2460 distinctior
1437 2399 1850 2471 expressiorque

267 2509 492 2572 mentio,
515 2503 771 2576 quoniam
799 2519 829 2556 a
855 2501 1036 2554 multis
1062 2497 1298 2552 nondum
1326 2500 1544 2562 recepta
1569 2491 1764 2556 fuerat,
1795 2497 1850 2546 et

269 2605 324 2658 in
347 2603 464 2672 ipsa
487 2613 702 2670 quoque
729 2596 902 2660 Italia,
924 2593 1220 2660 vicinisque
1244 2590 1377 2645 locis
1402 2584 1732 2642 schismatici
1754 2582 1849 2636 ad-

270 2695 377 2748 huc
404 2690 687 2746 movebant
715 2687 923 2750 turbas,
945 2698 974 2737 a
995 2683 1192 2752 quibus
1213 2696 1272 2736 se
1301 2680 1628 2744 discernere,
1652 2673 1852 2731 Catho-

272 2785 498 2838 licerum
526 2780 805 2834 intererat.

571 2919 599 2991 §
626 2916 713 2972 IV.
768 2914 844 2968 De
869 2915 1037 2984 prima
1064 2907 1384 2982 professione
1411 2905 1554 2977 ﬁdei.

346 3033 535 3090 XXXI.
552 3030 824 3085 Hactenus
840 3027 904 3082 de
918 3024 1342 3095 professionibus
1365 3019 1488 3076 fidei
1506 3015 1847 3090 generaliter,

1871 1735 1918 1794 B

1942 475 1996 528 in
2025 472 2266 528 futurum
2294 468 2519 524 Romani
2550 463 2840 536 pontificis,
2863 463 2917 517 in
2943 477 3053 516 sua:
3084 461 3372 515 creationis
3403 462 3514 530 pri-

1942 564 2187 629 mordiis,
2217 561 2474 632 singulari
2504 559 2783 629 splendore
2805 555 2982 610 luceat
3015 553 3175 624 plena
3211 552 3362 618 ﬁdes,
3403 561 3514 606 sta-

1942 655 2142 709 tuimus
2163 662 2219 708 et
2236 653 2572 714 ordinamus,
2603 648 2743 718 quod
2770 646 3022 716 deinceps
3053 643 3280 715 quilibet
3313 643 3368 698 in
3407 641 3517 696 Ro-

1941 759 2160 798 manum
2188 741 2499 812 pontificem
2537 737 2835 810 eligendus,
2871 743 3158 804 antequam
3187 747 3285 787 sua
3321 731 3513 787 electio

1940 834 2263 906 publicetur,
2291 846 2472 886 coram
2501 829 2614 883 suis
2635 825 2960 882 electoribus
2985 822 3194 892 publice
3222 815 3516 876 confessio-

1941 943 2064 982 nem
2091 937 2145 980 et
2168 923 2559 995 professionem
2589 920 2753 975 faciat
2780 917 2920 971 infra
2944 917 3193 985 scriptas.

2018 1034 2036 1066 ι
2073 1014 2132 1068 1η
2165 1014 2382 1068 nomine
2423 1018 2622 1065 sancta:
2659 1017 2714 1063 et
2747 1007 3033 1062 individua:
3077 997 3378 1071 Trinitatis,
3415 1005 3518 1060 Pa-

1943 1107 2059 1174 tris,
2085 1115 2140 1161 et
2169 1105 2323 1170 Filii,
2351 1112 2405 1157 et
2437 1101 2670 1172 Spiritus
2695 1098 2887 1154 sancti.
2927 1097 3122 1152 Amen.

2019 1219 2037 1251 ι
2061 1200 2217 1254 Anno
2255 1213 2285 1251 a
2319 1195 2614 1250 Nativitate
2651 1191 2862 1246 Domini
2901 1189 3211 1253 millesimo,
3243 1195 3348 1244 etc.
3404 1187 3520 1256 Ego

1943 1292 2008 1347 N.
2035 1291 2240 1346 electus
2266 1290 2321 1344 in
2342 1287 2565 1357 Papam,
2592 1283 2945 1353 omnipotenti
2982 1281 3112 1345 Deo,
3149 1279 3304 1350 cujus
3341 1277 3519 1333 Eccle—

1943 1383 2079 1438 siam
2107 1396 2205 1436 suo
2240 1378 2492 1449 praesidio
2527 1375 2815 1446 regendam
2851 1372 3110 1442 suscipio,
3143 1379 3198 1424 et
3233 1370 3388 1424 beato
3424 1367 3521 1422 Pe-

1944 1482 2030 1528 tro
2075 1470 2454 1541 Apostolorum
2496 1466 2729 1535 Principi
2755 1505 2770 1530 ,
2811 1464 2976 1520 corde
3013 1471 3068 1518 et
3102 1476 3198 1517 ore
3241 1459 3521 1530 profiteor,

1946 1562 2200 1634 quamdiu
2234 1562 2288 1615 in
2317 1561 2418 1614 hac
2443 1556 2622 1627 fragili
2645 1556 2751 1610 vita
2773 1554 3096 1610 constitutus
3123 1551 3295 1618 fuero,
3322 1567 3407 1606 me
3435 1550 3522 1605 fir-

1947 1656 2109 1711 miter
2137 1653 2358 1710 credere
2393 1660 2449 1706 et
2484 1661 2664 1705 tenere
2702 1657 2943 1704 sanctam
2983 1644 3142 1700 fidem
3175 1643 3520 1707 catholicam,

1947 1747 2241 1804 secundum
2264 1745 2582 1800 traditiones
2599 1740 2996 1810 Apostolorum,
3024 1737 3356 1808 generalium
3386 1736 3526 1792 Coa-

1948 1840 2214 1902 ciliorum,
2265 1844 2320 1891 et
2363 1835 2590 1889 aliorum
2634 1841 2943 1887 sanctorum
2986 1827 3238 1891 Patrum,
3290 1827 3525 1882 maxime

1947 1934 2129 1981 autem
2156 1933 2468 1979 sanctorum
2496 1929 2619 1977 octo
2653 1919 3014 1975 Conciliorum
3049 1915 3400 1987 generalium,
3440 1917 3522 1968 vi-

1948 2017 2141 2071 delicet
2181 2015 2341 2086 primi
2394 2012 2627 2076 Nicaeni,
2666 2009 2886 2064 secundi
2921 2005 3524 2076 ConstantinOpolitani,

1949 2108 2093 2162 tertii
2119 2106 2394 2176 Ephesini,
2421 2104 2599 2173 quarti
2620 2098 3093 2162 Calchedonensis,
3117 2097 3290 2166 quinti
3311 2105 3365 2152 et
3386 2097 3526 2151 sexti

1948 2194 2686 2265 Constantinopolitanorum,
2715 2189 2928 2260 septimi
2957 2189 3084 2242 item
3107 2187 3327 2250 Nicarni,
3351 2187 3525 2242 octavi

1949 2302 2162 2358 quoque
2207 2281 2822 2353 Constantinopolitani,
2877 2295 3086 2334 necnon
3125 2277 3526 2338 Lateranensis,

1949 2378 2340 2451 Lugdunensis,
2371 2385 2426 2432 et
2452 2375 2800 2438 Viennensis,
2837 2372 3168 2444 generalium
3194 2371 3359 2424 etiam
3387 2368 3526 2425 Con-

1950 2474 2229 2539 ciliorum;
2259 2479 2313 2527 et
2342 2470 2487 2526 illam
2509 2469 2668 2524 fidem
2693 2481 2861 2537 usque
2892 2467 2958 2520 ad
2990 2480 3156 2520 unum
3189 2465 3395 2534 apicem
3424 2463 3526 2517 im-

1950 2565 2251 2621 mutilatum
2276 2577 2514 2627 servare,
2552 2569 2608 2617 et
2645 2573 2815 2629 usque
2852 2557 2922 2613 ad
2953 2557 3189 2612 animam
3229 2562 3285 2610 et
3317 2555 3531 2625 sangui-

1952 2673 2076 2712 nem
2121 2655 2477 2720 confirmare,
2525 2650 2842 2715 defensare,
2879 2656 2936 2703 et
2973 2647 3288 2717 praedicare.
3349 2644 3528 2699 Ritum

1954 2745 2157 2816 pariter
2195 2743 2664 2798 Sacramentorum
2704 2738 3208 2793 Ecclesiastieorum
3255 2734 3533 2790 catholica:

1956 2837 2208 2893 Ecclesiae
2260 2834 2518 2889 traditum
2575 2829 2883 2887 omnimodo
2934 2827 3190 2900 prosequi
3242 2835 3298 2882 et
3347 2827 3531 2880 obser-

1954 2945 2100 2985 vare.

2029 3021 2184 3091 171
2214 3038 2231 3071 ι
2261 3019 2410 3074 lianc
2456 3026 2634 3073 autem
2670 3015 3059 3087 professionem
3093 3025 3270 3068 meam
3308 3027 3406 3084 per
3437 3027 3532 3066 no—

276 3141 420 3182 nunc
449 3124 514 3180 de
540 3122 766 3193 singulis
793 3139 804 3173 :
834 3126 888 3173 et
913 3119 978 3174 de
1002 3117 1176 3186 prima
1202 3113 1420 3183 quidem
1449 3106 1855 3181 observavimus
1882 3102 1926 3165 C
1959 3111 2156 3166 uirium
2189 3109 2542 3166 scriniarium
2563 3117 2764 3163 sanctae
2779 3107 3035 3162 Romam;
3048 3104 3323 3169 Ecclesiae,
3341 3118 3426 3159 me
3441 3103 3531 3175 δα-

274 3217 381 3270 duo
409 3234 420 3268 :
449 3214 698 3276 alterum,
734 3209 892 3281 170
927 3222 1048 3261 eam
1087 3205 1231 3260 circa
1269 3201 1560 3271 septimum
1597 3196 1852 3252 steculum

273 3304 601 3362 successisse
636 3299 911 3372 Symbolo,
942 3297 1084 3367 quod
1120 3310 1184 3350 eo
1218 3307 1388 3364 usque
1425 3292 1480 3346 in
1519 3290 1619 3346 usu
1657 3287 1851 3351 fuerat,

275 3411 374 3468 pro
395 3393 728 3464 temporibus
743 3400 920 3446 tamen
943 3387 1309 3442 additamenta
1329 3382 1575 3455 quaedam
1601 3393 1817 3450 passum
1839 3396 1849 3430 :

273 3489 522 3553 alterum,
550 3486 663 3540 suis
686 3491 742 3539 et
763 3483 934 3554 ipsam
960 3477 1367 3534 accessionibus
1390 3473 1639 3530 affectam
1666 3471 1854 3534 fuisse,

271 3587 432 3652 prout
461 3592 491 3630 a
515 3574 744 3644 septimo
769 3569 986 3632 saeculo,
1027 3583 1136 3639 quo
1168 3566 1421 3636 usurpari
1452 3565 1638 3633 erepit,
1678 3575 1856 3616 reces-

273 3683 394 3722 sum
431 3673 514 3720 cst
553 3662 766 3732 longius
803 3661 870 3714 ad
914 3667 1148 3728 tempus,
1197 3672 1303 3726 quo
1341 3654 1539 3709 desiit:
1568 3661 1856 3718 utrumque

274 3759 485 3816 abunde
513 3757 565 3810 in
600 3755 742 3809 notis
766 3752 1050 3821 probatum
1081 3755 1189 3802 est.

347 3842 562 3903 XXXII.
608 3842 799 3896 Restat
844 3839 1138 3908 inquirere,
1179 3849 1281 3905 pro
1322 3843 1563 3903 tempore
1596 3833 1853 3888 desierit:

277 3946 396 3994 erat
420 3935 595 3990 adhuc
639 3932 696 3986 in
727 3945 826 3984 usu
865 3936 1022 3984 aetate
1059 3926 1263 3982 Yvonis
1301 3924 1666 3988 Carnotensis,
1709 3930 1767 3977 ut
1805 3924 1856 3976 in

277 4024 596 4098 praefatione
625 4021 879 4083 diximus,
916 4017 968 4074 id
1010 4026 1113 4082 est,
1146 4031 1272 4070 ann.
1307 4014 1461 4079 1115,
1494 4014 1602 4068 imo
1627 4021 1682 4067 et
1715 4029 1860 4068 anno

283 4111 443 4182 1294,
466 4130 573 4186 quo
593 4129 736 4169 anno
758 4109 1068 4166 Bonifacius
1086 4108 1194 4164 VlII
1216 4107 1272 4163 S.
1297 4105 1568 4162 Celestino
1585 4105 1624 4159 V
1640 4119 1858 4160 succes-

279 4213 350 4272 sit
377 4228 388 4264 :
416 4223 535 4263 eam
557 4207 700 4261 enim
722 4203 773 4258 in
795 4199 1137 4257 ordinatione
1160 4214 1256 4254 sua
1283 4197 1490 4263 emisit,
1525 4206 1582 4249 ut
1610 4202 1693 4251 est
1719 4195 1861 4265 apud

279 4300 556 4362 Bzovium,
586 4312 652 4352 ex
683 4294 778 4348 Ms.
813 4292 985 4346 Vatic.
1014 4290 1170 4345 Libet
1200 4289 1411 4343 initium
1434 4287 1538 4342 huc
1558 4285 1858 4342 adducere:

285 4417 302 4445 ‹
336 4396 391 4450 In
422 4391 638 4448 nomine
675 4396 876 4444 sanctae
911 4393 965 4439 et
998 4382 1284 4438 individua:
1324 4381 1624 4436 Trinitatis.
1664 4379 1854 4434 Amen.

1959 3202 2140 3265 bentc,
2156 3202 2411 3270 scriptam
2425 3199 2642 3268 prepria
2665 3213 2826 3252 manu
2843 3195 3164 3266 subscripsi,
3183 3203 3234 3250 et
3252 3194 3347 3250 tibi
3361 3194 3534 3249 omni-

1957 3292 2159 3362 potenti
2177 3291 2285 3346 Deo
2299 3306 2433 3360 pura
2451 3298 2629 3344 mente
2645 3298 2700 3344 et
2714 3289 2905 3343 devota
2918 3287 3250 3343 conscientia
3267 3301 3429 3357 super
3443 3285 3536 3339 tali

1957 3384 2134 3449 altari,
2152 3391 2280 3449 etc.,
2308 3383 2592 3438 sinceriter
2613 3380 2798 3447 offero,
2824 3385 2876 3434 in
2896 3380 3184 3450 praesentia
3207 3378 3414 3449 talium,
3429 3386 3534 3432 etc.

1957 3475 2174 3539 Datum,
2202 3484 2307 3529 etc.
2339 3492 2359 3526 ›

2028 3566 2262 3622 XXXIV.
2314 3565 2460 3621 Idem
2491 3566 2843 3620 decreverunt
2871 3562 3238 3626 Basileenses,
3269 3559 3541 3616 eamdem-

1957 3673 2062 3728 que
2091 3664 2392 3713 statuerunt
2419 3655 2647 3710 formam
2677 3669 2994 3720 consensus,
3014 3661 3074 3707 ut
3093 3651 3408 3721 loquuntur,
3431 3649 3540 3705 nisi

1959 3748 2101 3816 quod
2133 3745 2375 3802 conciliis
2412 3746 2730 3801 addiderunt
2761 3744 3096 3809 Basileense,
3129 3752 3184 3797 et
3209 3739 3538 3797 confessioni

1959 3837 2397 3908 pollicitationem
2425 3844 2584 3905 atque
2607 3833 2997 3904 juramentum.
3041 3852 3060 3885 ι
3084 3833 3347 3888 Polliceor
3374 3832 3540 3888 etiam

1962 3927 2190 3982 ﬁdeliter
2221 3927 2468 3982 laborare
2491 3941 2591 3998 pro
2619 3927 2845 3981 tuitione
2871 3925 2994 3981 fidei
3028 3924 3331 3990 catholicae,
3360 3932 3415 3979 et
3449 3939 3545 3979 ex-

1962 4021 2248 4090 tirpatione
2286 4022 2551 4077 haaresum
2593 4035 2658 4074 ac
2693 4033 2962 4083 errorum,
3001 4016 3387 4073 reformatione
3427 4029 3536 4070 mo-

1962 4125 2104 4176 rum,
2139 4126 2205 4166 ac
2228 4126 2361 4182 pace
2395 4112 2448 4164 in
2485 4109 2682 4181 p0pulo
2702 4109 3032 4165 Christiano.
3074 4106 3206 4163 Juro
3227 4109 3392 4162 etiam
3417 4100 3544 4178 pro-

1962 4204 2110 4272 sequi
2137 4203 2556 4259 celebrationem
2576 4201 2936 4258 Conciliorum
2963 4199 3316 4270 generalium,
3338 4209 3392 4254 et
3414 4214 3542 4254 eon-

1963 4294 2324 4349 ﬁrmationem
2368 4292 2713 4358 electionum,
2755 4289 2913 4358 juxta
2948 4291 3166 4345 decreta
3209 4291 3350 4345 sacri
3393 4289 3546 4346 Basio

1965 4385 2166 4441 lecnsis
2202 4384 2448 4440 Concilii.
2503 4384 2653 4439 [lane
2681 4393 2862 4438 autem
2891 4382 3281 4453 professionem
3304 4423 3319 4447 ,
3351 4392 3457 4438 etc.
3482 4403 3502 4434 ι

280 4487 437 4541 Anno
498 4481 790 4538 Dominicae
841 4474 1232 4532 Incarnationis
1277 4473 1561 4527 millesimo
1611 4472 1864 4528 ducente-
1887 4456 1940 4518 D
2033 4476 2116 4530 Ad
2157 4477 2273 4532 hac
2300 4474 2531 4531 formam
2563 4473 2958 4542 adiunxerunt,
2987 4489 3093 4544 qua
3124 4473 3351 4545 singulis
3390 4473 3546 4527 annis

279 4577 420 4631 simo
448 4571 792 4642 nonagesimo
819 4573 1032 4638 quarto,
1064 4564 1358 4620 Indictione
1382 4573 1594 4619 octava.
1626 4562 1738 4633 Ego
1765 4563 1866 4618 Be-

279 4666 526 4722 nedictus
555 4661 842 4733 Cajetanus
871 4657 928 4714 S.
957 4657 1024 4711 Β.
1060 4656 1120 4710 Ε.
1156 4656 1417 4711 diaconus
1456 4654 1770 4720 cardinalis,
1810 4662 1866 4708 et

283 4741 511 4819 electus,
541 4761 602 4806 ut
627 4753 753 4806 fiam
781 4765 880 4820 per
908 4747 1004 4802 Dei
1031 4748 1281 4818 gratiam.
1318 4765 1337 4798 ι
1367 4745 1595 4807 Czetera,
1633 4759 1752 4813 quae
1775 4758 1863 4798 se-

281 4854 542 4916 quuntur,
577 4852 704 4899 sunt
731 4843 919 4896 eadem
946 4840 1187 4903 omnino,
1211 4854 1332 4908 qua:
1355 4838 1408 4891 in
1432 4837 1754 4892 Baroniana.

354 4936 592 4992 XXXIII.
651 4934 876 4990 Videtur
923 4931 1146 4986 desiisse
1188 4928 1383 4984 saeculo
1427 4928 1861 4996 sequenti:nam

281 5011 728 5088 Constantienses
749 5035 869 5077 eam
894 5019 1040 5075 velut
1058 5018 1389 5088 antiquatam
1420 5017 1758 5087 aliquatenus
1781 5034 1865 5072 re-

282 5133 482 5179 vocare
503 5115 640 5172 velle
667 5115 734 5170 ad
763 5127 922 5168 usum
949 5111 1049 5166 visi
1080 5118 1226 5174 sunt,
1255 5125 1378 5164 eum
1405 5124 1538 5165 sese.
1569 5109 1638 5165 59
1661 5118 1864 5165 statue-

283 5222 432 5279 runt,
453 5224 560 5284 qua
582 5205 812 5264 formula
835 5218 1076 5258 summus
1095 5201 1331 5273 pontifex
1352 5241 1366 5266 ,
1389 5210 1677 5271 antequam
1699 5200 1865 5270 ipsius

283 5303 477 5360 electio
517 5298 883 5372 publicaretur
908 5335 922 5360 ,
969 5293 1126 5349 ﬁdem
1168 5307 1321 5348 suam
1358 5290 1726 5362 profiteretur.
1776 5292 1867 5346 Sic

282 5398 430 5453 enim
456 5395 675 5452 edicunt
699 5410 712 5445 :

361 5503 381 5537 ι
401 5487 614 5553 Quanto
637 5484 913 5537 Romanus
930 5476 1173 5548 pontifex
1197 5473 1537 5530 eminentiori
1560 5473 1702 5528 inter
1723 5488 1867 5526 mor-

292 5575 428 5631 tales
453 5575 692 5645 fungitur
714 5579 999 5644 potestate,
1029 5578 1181 5622 tanto
1211 5567 1533 5622 clarioribus
1563 5568 1736 5634 ipsum
1772 5564 1864 5618 dc-

291 5675 377 5724 cet
416 5663 588 5718 fulciri
623 5664 742 5718 fidei
771 5662 1018 5726 vinculis,
1047 5670 1101 5714 et
1127 5665 1586 5714 sacramentorum
1614 5654 1870 5709 ecclesia-

1965 4582 2208 4623 summus
2233 4564 2495 4637 pontifex,
2524 4565 2894 4620 anniversario
2923 4565 3010 4620 die
3038 4579 3149 4620 sua:
3175 4563 3542 4627 exaltationis,

1966 4659 2108 4713 inter
2129 4657 2419 4712 missarum
2456 4655 2736 4721 solemnia,
2762 4671 2793 4710 a
2819 4655 2994 4725 primo
3021 4654 3305 4719 cardinali,
3331 4654 3398 4709 de
3431 4654 3546 4708 olli-

1966 4749 2052 4804 cio
2074 4755 2386 4803 moneretur
2408 4764 2421 4800 :
2446 4761 2567 4816 quae
2586 4743 2762 4800 forma
2783 4744 3027 4800 nonnihil
3052 4744 3215 4800 habet
3236 4743 3410 4800 simile
3435 4759 3547 4798 mo-

1967 4837 2114 4901 nitis,
2145 4851 2266 4906 qua:
2290 4849 2481 4890 recens
2508 4835 2792 4890 ordinatus
2813 4835 3095 4904 episcopus
3122 4848 3152 4888 a
3183 4848 3394 4889 summo
3415 4827 3545 4902 pon-

1970 4925 2115 4981 tiﬁce
2135 4926 2456 4996 accipiebat,
2482 4933 2543 4979 ut
2568 4933 2653 4980 est
2677 4926 2730 4979 in
2757 4925 3012 4995 capitem
3043 4923 3251 4990 Diurni,
3284 4925 3367 4978 tit.
3396 4938 3471 4976 ix.

2042 5017 2256 5073 XXXV.
2313 5017 2445 5071 Cum
2471 5017 2539 5072 ab
2567 5017 2908 5072 ordinatione
2930 5014 3193 5072 Bonifa'cii
3225 5014 3338 5070 VIII
3363 5015 3431 5069 ad
3457 5015 3548 5068 de-

1973 5116 2179 5162 cretum
2211 5105 2624 5161 Constantiense
2666 5102 2970 5160 effluxerint
3013 5104 3140 5158 anni
3182 5102 3401 5158 circiter
3422 5101 3546 5163 123,

1971 5213 2191 5253 necesse
2227 5204 2330 5261 est,
2370 5211 2436 5250 eo
2469 5195 2725 5265 temporis
2762 5194 3046 5250 intervallo
3074 5195 3407 5264 antiquatam
3431 5206 3550 5248 esse

1970 5295 2206 5340 veterem
2231 5283 2535 5340 formulam.
2573 5284 2843 5338 Incertum
2878 5297 3028 5350 vero,
3067 5299 3172 5354 qua
3213 5283 3433 5339 deﬁnite
3464 5284 3550 5337 in-

1972 5380 2184 5435 tervalli
2229 5388 2426 5449 parte:
2456 5379 2721 5434 incertum
2765 5381 2954 5445 etiam,
2990 5395 3151 5450 quam
3197 5379 3268 5434 ob
3308 5394 3547 5434 causam.

1973 5467 2156 5540 Neque
2191 5470 2334 5523 enim
2364 5469 2614 5524 audiendi
2661 5477 2788 5524 sunt
2830 5470 2973 5524 sedis
3011 5467 3319 5539 apostolicae
3353 5468 3552 5537 impor-

1974 5561 2085 5613 tuni
2113 5560 2329 5628 quidam
2353 5560 2764 5624 obtrectatores,
2789 5559 2879 5627 qui
2901 5573 3018 5626 qua:
3041 5559 3332 5622 somniant,
3350 5566 3554 5608 temere

1975 5651 2242 5719 effutiunt,
2270 5651 2495 5707 desiisse
2534 5666 2688 5705 usum
2727 5649 2989 5714 formulre,
3027 5650 3080 5706 in
3115 5665 3219 5720 qua
3258 5650 3458 5703 mentio
3495 5647 3555 5700 fit
