3990 6184
398 258 505 341 ³ης

1376 279 1989 339 DISSEBTATIONES.
2032 312 2102 322 —
2140 280 2594 341 DISSERTATIO
2629 282 2693 337 Il.

3566 286 3669 352 με

405 370 925 460 Εαιείιίοιιυω.ἐιιω
952 395 1157 451 moveri
1186 397 1349 466 coepit
1381 397 1622 466 quaestio,
1660 397 1727 451 de
1759 393 1972 467 pontifi-

2085 393 2168 447 tite
2194 402 2411 449 maneat
2451 393 2507 448 in
2540 409 2648 459 me,
2683 403 2741 449 et
2772 392 2976 465 judicia
3012 403 3194 451 vestra
3224 395 3343 455 non
3382 398 3663 471 ﬂuctuent,

407 503 521 544 sum
549 494 605 542 et
635 484 985 542 concilion
1014 486 1305 541 autoritate
1336 494 1669 557 comparata.

469 575 708 632 XXXVI.
764 574 881 632 Non
910 575 1014 631 alia
1039 591 1202 648 porro
1233 577 1429 633 emissa
1453 584 1535 632 est
1558 578 1615 632 in
1640 576 1982 632 ordinatione

401 670 566 726 forma
588 667 943 740 professionis
975 685 1006 724 a
1034 667 1093 725 S.
1119 669 1391 726 Celestino
1410 670 1478 736 γ,
1499 685 1662 740 quam
1683 685 1803 740 qua:
1830 685 1862 724 a
1876 669 1981 724 Bo-

400 760 597 817 nifacio
641 775 955 817 successore
987 778 1001 815 :
1031 776 1202 832 quare
1245 776 1310 817 ea
1354 761 1518 817 etiam
1555 762 1719 817 verba
1755 761 1981 834 protulit

398 852 767 907 sanctissimus
785 851 1050 922 pontifex,
1082 868 1203 923 qua;
1232 853 1287 907 in
1316 851 1490 909 forma
1518 852 1641 909 ﬁdei
1668 853 1973 908 habentur:

402 960 423 991 s
450 938 715 997 Proﬁteor
754 942 875 1008 tibi,
913 943 1071 998 beate
1101 942 1259 999 Petre
1284 943 1664 1014 Apostolorum
1696 943 1975 1015 Princeps,

399 1041 705 1102 sanctaque
732 1040 839 1088 tute
874 1033 1148 1099 Ecclesiae,
1189 1049 1351 1104 quam
1389 1035 1550 1091 hodie
1595 1042 1688 1090 tuo
1726 1036 1979 1106 praesidio

396 1124 683 1196 regendam
706 1124 960 1196 suscipio,
984 1125 1128 1196 quod
1149 1126 1404 1196 quamdiu
1435 1126 1490 1180 in
1518 1125 1623 1181 hac
1651 1125 1849 1179 misera
1867 1124 1978 1179 vita

393 1216 717 1271 constitutus
761 1214 934 1281 fuero,
977 1216 1151 1287 ipsam
1188 1231 1299 1272 non
1336 1217 1578 1271 deseram
1598 1257 1614 1280 ,
1662 1231 1770 1270 non
1814 1214 1981 1271 relin-

391 1322 576 1377 quam,
603 1323 723 1365 non
740 1307 1036 1380 abnegabo,
1059 1324 1167 1364 non
1196 1309 1460 1365 abdicabo
1490 1309 1848 1378 aliquatenus,
1877 1323 1980 1364 nec

390 1413 459 1452 ex
482 1413 820 1469 quacumque
853 1414 1036 1464 causa,
1070 1397 1458 1469 cujuscumque
1494 1406 1672 1453 metus
1706 1397 1793 1453 vel
1829 1398 1980 1469 peri-

390 1489 498 1545 culi
525 1491 812 1547 occasione
839 1491 1126 1557 dimittam,
1151 1504 1252 1547 nec
1271 1507 1360 1547 me
1384 1490 1683 1562 segregabo
1705 1491 1773 1545 ab
1794 1491 1930 1561 ipsa.
1953 1509 1974 1542 ι

459 1579 723 1638 XXXVII.
774 1584 953 1654 Atque
973 1583 1100 1638 hinc
1124 1583 1426 1653 praesertim
1452 1588 1826 1654 argumentum
1854 1597 1982 1652 sup-

386 1672 609 1741 petebat
650 1671 915 1728 Bonifacii
958 1674 1133 1728 octavi
1174 1672 1457 1740 hostibus,
1495 1688 1594 1729 cur
1627 1670 1686 1727 S.
1721 1672 1977 1728 Celestini

2084 491 2304 553 praestet
2339 484 2393 540 in
2434 498 2720 540 commune
2752 485 2910 544 nobis
2947 488 3199 545 omnibus
3240 488 3391 562 pacis
3430 494 3667 563 bonum,

2082 576 2174 646 qui
2219 577 2375 632 vobis
2415 579 2789 635 unanimitatis
2834 580 3010 637 studia
3053 581 3287 639 infudit:
3316 594 3377 641 ut
3416 589 3671 647 omnibus

2082 667 2271 723 diebus
2308 668 2433 723 vitae
2468 683 2602 725 mea:
2636 670 2691 725 in
2727 670 3113 741 omnipotentis
3139 673 3235 730 Dei
3274 677 3576 747 servitium,
3613 691 3671 737 et

2079 760 2147 815 ad
2173 769 2353 816 vestra
2379 771 2602 831 paratus
2625 763 2907 834 obsequia,
2940 780 3062 820 cum
3096 765 3292 824 ﬁducia
3319 771 3524 840 possim
3566 773 3671 830 Do-

2077 853 2285 909 minum
2324 854 2606 925 deprecari
2633 874 2646 909 :
2673 853 2840 910 Pater
2870 868 3076 925 sancte,
3103 876 3348 918 conserva
3376 881 3464 920 eos
3490 867 3545 921 in
3577 885 3671 923 no-

2077 948 2216 1000 mine
2247 954 2358 1011 tuo,
2389 963 2521 1017 quos
2554 946 2750 1000 dedisti
2773 948 2904 1002 mihi
2928 948 3111 1021 (Joan.
3138 968 3270 1020 xm,
3298 972 3346 1009 υ.
3386 954 3498 1029 ii),
3529 973 3672 1014 sem-

2076 1052 2281 1108 perque
2326 1037 2742 1109 proticientibus
2779 1040 2939 1096 vobis
2973 1042 3043 1097 ad
3082 1043 3332 1113 salutem,
3372 1049 3671 1120 magniﬁca

2076 1128 2255 1182 anima
2280 1144 2396 1182 mea
2422 1127 2709 1182 Dominum
2745 1127 2898 1200 (Luc.
2926 1146 2967 1196 ι,
2991 1148 3041 1185 υ.
3066 1132 3156 1205 46)
3177 1175 3192 1199 ,
3224 1144 3279 1191 et
3312 1137 3365 1191 in
3394 1137 3557 1194 futuri
3587 1155 3674 1195 re-

2078 1219 2374 1274 tributione
2405 1219 2594 1290 judicii
2623 1220 2698 1275 ita
2734 1221 2868 1276 mihi
2899 1223 3041 1294 apud
3074 1225 3285 1295 justum
3320 1230 3556 1300 iudicem
3586 1249 3672 1288 sa-

2078 1310 2303 1364 cerdotii
2340 1311 2447 1366 mei
2470 1311 2609 1365 ratio
2646 1312 2927 1378 subsistat,
2977 1321 3039 1369 ut
3077 1329 3176 1371 vos
3218 1318 3351 1373 mihi
3394 1336 3493 1392 per
3529 1322 3671 1379 bona

2078 1413 2245 1470 Opera
2266 1407 2445 1456 vestra
2468 1401 2589 1457 sitis
2609 1403 2862 1473 gaudium
2886 1445 2901 1471 ,
2948 1419 3047 1462 vos
3073 1422 3267 1462 corona
3310 1408 3365 1481 (1
3393 1410 3573 1468 Thess.
3606 1431 3670 1481 ιι,

2079 1511 2127 1548 υ.
2158 1490 2268 1563 i9),
2298 1494 2392 1564 qui
2425 1492 2569 1550 bona
2604 1495 2881 1554 voluntate
2916 1498 3191 1556 sincerum
3224 1505 3510 1573 praesentis
3547 1508 3674 1565 vita

2080 1585 2451 1640 testimonium
2499 1587 2853 1657 praestitistis.

2155 1691 2174 1725 ι
2200 1672 2584 1731 Honorabilem
2614 1677 2782 1750 igitur
2796 1680 2949 1748 mihi,
2968 1682 3329 1753 dilectissimi,
3348 1685 3671 1747 hodiernum

385 1764 784 1822 abdicationem
830 1765 1163 1838 iliegitimam
1203 1766 1512 1836 iactarent:
1540 1767 1738 1839 quippe
1777 1765 1977 1822 factam
2005 1758 2053 1819 B
2080 1766 2224 1823 diem
2265 1765 2398 1823 fecit
2443 1768 2627 1825 divina
2668 1771 2933 1844 dignatio,
2983 1789 3107 1845 quae
3144 1776 3271 1832 dum
3309 1777 3670 1837 humilitatem

384 1866 582 1913 contra
606 1859 902 1915 solemnem
927 1858 1342 1929 promissionem
1370 1857 1483 1913 Deo
1507 1857 1872 1927 Ecclesiaeque
1899 1857 1980 1912 fa-

387 1956 563 2002 ctam.
605 1946 806 2002 Verum
843 1947 1004 2018 hujus
1041 1948 1355 2017 quzestionis
1383 1946 1518 2001 nihil
1543 1957 1812 2018 superest,
1839 1948 1984 2018 quod

381 2035 691 2106 prudenter
716 2036 937 2091 tractari
968 2036 1171 2105 possit,
1192 2043 1315 2106 post
1337 2035 1602 2091 Bonifacii
1633 2037 1984 2094 constitutio-

383 2140 521 2181 nem
546 2125 800 2197 Corporis
825 2125 970 2181 Juris
993 2125 1253 2182 Canonici
1274 2127 1559 2196 insertam,
1584 2136 1638 2184 et
1659 2126 1863 2198 Egidii
1884 2128 1988 2184 Ro-

381 2215 541 2270 mani
570 2215 909 2287 aliorumque
940 2216 1126 2272 libros.
1226 2224 1235 2231 ‘

546 2313 704 2383 172
744 2312 771 2386 §
804 2311 868 2368 V.
919 2313 1000 2368 De
1034 2314 1263 2368 secunda
1294 2314 1616 2385 professione
1641 2314 1787 2384 ﬁdei.

455 2402 746 2458 XXXVIII.
805 2404 882 2459 De
925 2404 1162 2459 secunda
1192 2398 1323 2459 vero
1357 2404 1412 2458 id
1447 2420 1589 2460 nunc
1619 2406 1977 2471 tractandum,

380 2496 535 2568 quod
558 2495 835 2567 attigimus
860 2496 914 2551 in
946 2498 1114 2562 notis,
1146 2495 1347 2552 lectore
1384 2496 1450 2551 ad
1491 2497 1634 2551 hunc
1672 2496 1849 2553 locum
1889 2513 1982 2553 re-

381 2592 583 2656 misso,
614 2590 659 2645 si
694 2590 760 2646 de
789 2606 1043 2646 sermone
1083 2589 1139 2645 S.
1181 2588 1376 2645 Leonis
1413 2589 1467 2644 in
1498 2589 1586 2645 die
1622 2590 1982 2649 ordinationis

384 2683 582 2739 habito
611 2682 827 2739 edoceri
854 2682 1034 2738 vellet.
1526 2748 1531 2753 η

451 2771 703 2828 XXXIX.
774 2772 1093 2829 Sermonem
1134 2774 1278 2829 hunc
1300 2814 1315 2839 ,
1350 2775 1443 2845 qui
1491 2776 1701 2846 primus
1734 2776 1979 2833 omnium

376 2879 406 2920 a
438 2873 643 2920 sancto
669 2864 931 2922 Pontiﬁce
961 2866 1230 2922 dictorum
1260 2878 1601 2936 numeratur,
1644 2870 1777 2925 editi
1817 2869 1981 2927 Codi-

375 2973 501 3023 ces,
540 2957 703 3012 etiam
735 2958 828 3028 qui
857 2972 1051 3029 nuper,
1094 2957 1292 3013 factum
1322 2959 1507 3014 dicunt
1533 2961 1588 3014 in
1615 2962 1701 3016 die
1738 2962 1979 3017 anniver-

2078 1874 2257 1914 meam
2282 1859 2337 1914 in
2367 1875 2638 1918 summum
2673 1864 2902 1935 gradum
2928 1867 3200 1937 provehit,
3226 1871 3369 1940 quod
3395 1874 3670 1930 neminem

2082 1964 2304 2005 suorum
2332 1962 2633 2021 sperneret,
2663 1954 3057 2013 demonstravit
3081 1977 3093 2013 :
3118 1960 3260 2015 unde
3287 1960 3387 2017 etsi
3414 1978 3669 2019 necessa-

2084 2041 2228 2095 rium
2258 2042 2415 2114 173
2454 2052 2537 2098 est
2569 2046 2841 2115 trepidare
2875 2048 2943 2103 de
2979 2050 3206 2115 merito,
3252 2051 3559 2120 religiosum
3590 2064 3676 2111 est

2086 2138 2268 2187 tamen
2289 2132 2524 2205 gaudere
2550 2135 2618 2189 de
2641 2133 2805 2202 dono,
2834 2138 3089 2207 quoniam
3111 2140 3201 2210 qui
3224 2142 3356 2196 mihi
3389 2144 3570 2200 oneris
3592 2152 3678 2200 est

2086 2234 2263 2290 autor,
2291 2225 2409 2295 ipse
2446 2225 2577 2281 mihi
2605 2226 2698 2283 ﬁet
2724 2228 3211 2288 administrationis
3234 2232 3448 2304 adjutor
3481 2253 3493 2287 :
3522 2244 3577 2291 et
3607 2251 3676 2293 ne

2081 2316 2184 2372 sub
2228 2318 2600 2389 magnitudine
2634 2321 2821 2392 gratiae
2856 2324 3174 2379 succumbat
3205 2324 3453 2382 inﬁrmus
3474 2369 3487 2393 ,
3524 2327 3676 2384 dabit

2081 2407 2360 2475 virtutem,
2394 2411 2486 2480 qui
2515 2412 2743 2467 contulit
2771 2413 3109 2486 dignitatem.

2156 2519 2177 2553 s
2200 2500 2533 2558 Recurrente
2555 2504 2722 2573 igitur
2740 2522 2841 2576 per
2868 2524 3024 2564 suum
3046 2511 3295 2568 ordinem
3318 2514 3425 2580 die,
3450 2532 3558 2587 quo
3587 2533 3674 2574 me

2081 2591 2341 2648 Dominus
2365 2593 2702 2665 Episcopalis
2721 2596 2881 2653 ofﬁcii
2907 2600 3078 2656 voluit
3097 2601 3299 2659 habere
3320 2606 3669 2677 principium,

2080 2696 2212 2738 vera
2234 2683 2371 2739 mihi
2402 2683 2458 2771 in
2488 2683 2713 2755 gloriam
2735 2685 2832 2743 Dei
2854 2703 3016 2746 causa
3040 2698 3123 2747 est
3143 2691 3376 2761 laetandi,
3401 2696 3492 2767 qui
3515 2697 3672 2764 mihi,

2081 2780 2142 2827 ut
2170 2773 2399 2828 multum
2439 2788 2469 2828 a
2508 2789 2598 2830 me
2638 2775 2973 2848 diligeretur,
3022 2779 3189 2836 multa
3229 2781 3468 2850 dimisit;
3512 2793 3567 2841 et
3614 2795 3676 2842 ut

2079 2865 2385 2921 mirabilem
2409 2865 2612 2924 faceret
2641 2870 2873 2941 gratiam
2895 2886 3069 2939 suam,
3095 2874 3148 2928 in
3175 2889 3298 2928 eum
3324 2891 3547 2931 munera
3574 2894 3672 2934 sua

2078 2958 2324 3025 contulit,
2378 2959 2431 3014 in
2483 2976 2591 3032 quo
2633 2961 2953 3019 meritorum
2992 2964 3245 3037 suffragia
3287 2984 3395 3023 non
3443 2970 3668 3027 invenit.

373 3051 531 3106 sario
566 3051 935 3122 assumptionis
969 3052 1084 3122 ejus
1124 3052 1195 3106 ad
1234 3051 1488 3107 Romana:
1524 3053 1662 3109 sedis
1698 3054 1903 3110 culmen
1926 3065 1977 3111 et
2018 3120 2047 3124 _
2081 3048 2199 3116 QUO
2230 3064 2395 3121 opere
2417 3066 2515 3107 8110
2542 3052 2834 3119 Dominis.
2864 3055 2994 3124 φιίά
3023 3057 3278 3112 cordibus
3307 3059 3508 3115 nostris
3535 3060 3670 3115 ἱηεί-

377 3158 538 3197 unm.
591 3141 878 3214 irrepsisse
924 3158 1111 3197 vocem
1157 3143 1299 3199 hanc
1353 3145 1710 3199 anniversario
1735 3186 1750 3211 ,
1800 3162 1980 3203 sermo
2005 3120 2050 3182 (ἶ
2081 3148 2235 3206 nuat,
2255 3141 2451 3211 quidve
2471 3144 2815 3199 commendat
2835 3184 2849 3209 ,
2872 3144 2973 3199 nisi
2997 3153 3057 3199 ut
3081 3145 3147 3200 de
3161 3144 3370 3214 justitia
3393 3164 3490 3203 sua
3513 3164 3676 3204 nemo

380 3230 496 3304 ipse
525 3232 725 3298 docet,
760 3247 924 3302 seque
961 3232 1205 3287 habitum
1236 3233 1290 3303 in
1320 3233 1438 3304 ipso
1474 3234 1858 3303 assumptionis
1893 3237 1981 3292 die

385 3327 674 3382 evidenter
698 3326 966 3393 ostendit;
998 3325 1142 3397 quod
1173 3326 1299 3395 quia
1338 3327 1646 3381 nonnullius
1682 3335 1766 3382 est
1800 3329 1868 3382 ad
1898 3329 1982 3383 hi-

382 3419 650 3475 storicam
690 3420 976 3473 veritatem
1014 3416 1318 3480 momenti,
1355 3423 1409 3469 et
1450 3416 1691 3486 apprime
1735 3417 1985 3487 congruit

384 3509 521 3576 loco,
558 3510 611 3565 in
639 3525 748 3580 quo
774 3524 1074 3571 versamur,
1108 3508 1483 3577 exponendum
1514 3515 1598 3562 est
1623 3505 1979 3573 manifestius,

386 3616 447 3659 ac
492 3601 1001 3672 comprobandum;
1048 3598 1143 3654 sed
1193 3598 1343 3668 prius
1394 3597 1752 3668 proferendus
1804 3613 1982 3654 sermo

388 3700 533 3749 totus
569 3710 583 3744 :

454 3804 472 3838 s
497 3784 741 3839 Laudem
771 3783 985 3838 Domini
1015 3782 1260 3855 loquatur
1282 3799 1338 3837 os
1360 3800 1550 3849 meum,
1574 3791 1621 3838 et
1645 3800 1829 3838 nomen
1854 3801 1981 3838 san-

386 3885 523 3930 ctum
554 3874 670 3945 ejus
694 3876 873 3929 anima
903 3892 1018 3929 mea
1050 3892 1111 3929 ac
1141 3876 1377 3946 spiritus,
1413 3892 1534 3928 caro
1556 3884 1602 3928 et
1631 3874 1809 3945 lingua
1831 3875 1980 3929 bene-

387 3966 526 4021 dicat
563 3964 735 4037 (Psal.
768 3980 948 4031 cxuv,
977 3982 1024 4020 υ.
1047 3964 1160 4037 2i).
1201 3964 1338 4033 Quia
1374 3980 1482 4020 non
1516 3965 1854 4031 verecundae,
1885 3966 1980 4021 sed

387 4056 615 4129 ingratae
644 4057 841 4112 mentis
868 4057 1123 4112 indicium
1150 4057 1255 4120 est,
1278 4056 1539 4112 beneﬁcia
1563 4064 1741 4113 tacere
1763 4055 1976 4123 divina;

386 4157 437 4202 et
460 4147 603 4204 satis
631 4147 849 4218 dignum
876 4154 979 4212 est,
1007 4163 1037 4202 a
1062 4147 1344 4203 sacriﬁciis
1372 4147 1664 4202 Dominica:
1689 4146 1862 4202 laudis
1884 4147 1979 4202 ob-

388 4241 638 4311 sequium
672 4240 973 4295 consecrati
1014 4239 1289 4297 Pontiﬁcis
1329 4241 1614 4305 inchoare;
1642 4240 1767 4311 quia
1793 4242 1847 4294 in
1880 4239 1980 4295 Itu-

389 4331 610 4384 militate
640 4340 817 4384 nostra
844 4347 1040 4384 memor
1069 4331 1167 4400 fuit
1190 4332 1354 4386 nostri
1386 4330 1555 4403 (Psal.
1581 4345 1779 4395 cxxxv,
1808 4347 1854 4385 υ.
1882 4329 1977 4401 25)

392 4421 677 4486 Dominus,
718 4430 770 4477 et
806 4421 1081 4476 benedixit
1132 4422 1332 4489 nobis;
1385 4422 1511 4492 quia
1553 4420 1675 4490 fecit
1711 4418 1976 4474 mirabilia

390 4529 581 4594 magna
608 4511 751 4567 solus
780 4511 943 4583 (Ibid.
984 4529 1031 4566 υ.
1064 4510 1153 4583 5),
1182 4520 1243 4566 ut
1268 4520 1590 4581 praesentem
1615 4525 1702 4565 me
1728 4516 1977 4565 cerneret

389 4616 583 4660 vestrae
619 4604 924 4660 sanctitatis
969 4602 1199 4667 affectio,
1242 4617 1401 4673 quem
1437 4602 1642 4658 fecerat
1678 4599 1976 4657 necessitas

389 4692 563 4766 longae
593 4693 1044 4765 peregrinationis
1078 4693 1379 4748 absentem.

462 4805 479 4838 ι
508 4785 627 4857 Ago
651 4786 817 4858 igitur
841 4784 953 4840 Deo
969 4794 1158 4840 nostro
1184 4785 1406 4854 gratias,
1437 4792 1492 4839 et
1516 4797 1733 4854 semper
1756 4790 1978 4838 acturus

391 4891 504 4932 sum
537 4893 632 4948 pro
669 4877 907 4931 omnibus
936 4892 1052 4947 qua:
1074 4876 1255 4929 tribuit
1283 4875 1410 4929 mihi
1439 4872 1609 4945 (Psal.
1642 4889 1764 4939 ειν,
1797 4890 1842 4927 v.
1874 4871 1928 4943 5)
1962 4889 1975 4927 :

391 4969 555 5025 vestri
604 4985 821 5041 quoque
871 4968 1072 5024 favoris
1116 4968 1398 5023 arbitrium
1441 4967 1623 5023 debita
1672 4966 1970 5037 gratiarum

394 5061 603 5116 actione
640 5059 986 5126 concelebro,
1031 5060 1307 5114 evidenter
1345 5059 1670 5129 intelligens,
1709 5066 1973 5127 quantum

395 5149 522 5204 mihi
554 5150 764 5221 possint
802 5150 1140 5215 reverentiae,
1183 5148 1385 5203 amoris
1415 5156 1470 5205 et
1499 5147 1646 5213 ﬁdei,
1676 5147 1856 5201 studia
1883 5162 1975 5201 ve-

394 5246 516 5294 stra:
537 5238 841 5295 dilectionis
862 5238 1193 5310 impendere,
1223 5239 1529 5292 animarum
1555 5244 1860 5291 vestrarum
1890 5251 1977 5291 sa-

394 5326 554 5385 lutem
590 5331 852 5403 pastorali
896 5330 1235 5391 solicitudine
1273 5328 1531 5399 cupienti,
1573 5328 1665 5397 qui
1699 5336 1810 5383 tam
1847 5344 1976 5383 san-

395 5423 626 5481 ctum,de
654 5437 761 5488 me,
786 5420 947 5477 nullis
971 5419 1258 5476 admodum
1282 5416 1715 5489 prmccdentibus
1743 5418 1973 5484 meritis,

388 5508 647 5578 judicium
684 5513 1011 5586 protulistis.
1336 5522 1345 5527 '
1768 5576 1771 5577 ν

472 5622 491 5649 ι
523 5604 758 5661 Obsecro
780 5605 944 5676 igitur
977 5621 1075 5675 per
1098 5602 1498 5659 misericordias
1532 5602 1764 5665 Domini,
1791 5603 1975 5672 juvate

399 5696 558 5763 Votis,
588 5714 745 5762 quem
775 5692 1057 5754 desideriis
1084 5698 1404 5771 cxpetiistis,
1432 5704 1483 5749 ut
1518 5705 1569 5753 et
1603 5696 1838 5768 Spiritus
1863 5714 1979 5767 gra-

2080 3242 2401 3302 prtesumat,
2431 3243 2487 3289 et
2510 3236 2577 3291 de
2601 3237 2774 3306 ipsius
2812 3238 3185 3292 misericordia
3226 3254 3386 3294 nemo
3427 3239 3677 3297 diliidat!

2082 3323 2213 3389 Quae
2255 3332 2388 3379 tunc
2428 3325 2731 3381 evidentius
2773 3328 3110 3396 prmeminet,
3157 3330 3375 3397 quando
3416 3340 3676 3400 peccator

2085 3412 2482 3477 sauctiﬁcatur,
2526 3422 2581 3467 et
2618 3414 2863 3483 abiectus
2903 3415 3150 3484 erigitur.
3198 3414 3385 3483 Neque
3423 3418 3568 3471 enim
3607 3418 3677 3475 de

2085 3507 2348 3577 qualitate
2376 3513 2689 3562 nostrorum
2717 3520 2941 3576 operum
2968 3506 3166 3576 pendet
3192 3505 3493 3562 cmlestium
3519 3523 3676 3566 men-

2084 3615 2211 3655 sura
2246 3598 2530 3662 donorum,
2563 3605 2657 3662 aut
2688 3598 2739 3652 in
2776 3597 2883 3652 isto
2909 3596 3124 3663 steculo,
3170 3598 3223 3653 in
3265 3613 3372 3669 quo
3416 3607 3536 3676 tota
3571 3603 3677 3656 vita

2058 3688 2298 3753 tentatio
2331 3699 2404 3743 est
2432 3685 2555 3761 (Job
2605 3704 2702 3753 vn,
2743 3705 2791 3743 υ.
2829 3688 2904 3761 i),
2937 3689 3041 3744 hoc
3083 3689 3375 3761 unicuique
3417 3691 3676 3747 retribui-

2082 3791 2189 3847 tur,
2221 3780 2362 3850 quod
2396 3791 2657 3846 meretur,
2690 3779 2780 3834 ubi
2810 3781 2857 3835 si
2882 3781 3187 3853 iniquitates
3207 3781 3467 3838 Dominus
3495 3783 3672 3838 obser-

2080 3883 2246 3940 varet,
2286 3872 2462 3928 nullus
2490 3874 2753 3944 judicium
2788 3891 2938 3929 suum
2970 3876 3248 3931 sustineret
3285 3873 3456 3948 (Psal.
3484 3893 3670 3944 enix,

2079 3983 2130 4020 υ.
2160 3967 2236 4038 5).

2157 4080 2175 4112 α
2204 4059 2542 4131 Magniﬁcate
2571 4074 2721 4131 ergo,
2746 4059 3107 4126 dilectissimi,
3129 4059 3409 4114 Dominum
3445 4066 3669 4128 mecum,

2079 4162 2128 4208 et
2162 4151 2449 4207 exaltemus
2496 4166 2682 4205 nomen
2728 4151 2842 4221 ejus
2886 4152 2943 4204 in
2994 4150 3214 4204 invicem
3256 4148 3429 4222 (Psal.
3474 4166 3668 4215 xum,

2081 4260 2131 4297 υ.
2159 4241 2239 4314 ι),
2266 4250 2325 4296 ut
2350 4248 2461 4296 tota
2501 4240 2645 4295 ratio
2680 4240 3014 4295 celebritatis
3042 4240 3320 4294 hodiernae
3357 4239 3424 4293 ad
3459 4239 3673 4295 laudem

2081 4331 2165 4386 sui
2189 4328 2459 4384 referatur
2485 4329 2691 4384 autoris
2715 4346 2728 4381 :
2754 4344 2881 4383 nam
2906 4329 3049 4398 quod
3070 4326 3289 4397 proprie
3321 4327 3388 4383 ad
3418 4326 3670 4384 aﬂ‘ectum

2082 4418 2249 4473 animi
2284 4417 2391 4472 mei
2420 4416 2679 4488 pertinet,
2707 4416 2975 4471 conﬁteor
3003 4431 3091 4472 me
3125 4415 3415 4487 plurimum
3451 4416 3517 4472 de
3552 4433 3669 4472 omo

2079 4509 2229 4563 nium
2259 4516 2502 4562 vestrum
2531 4506 2820 4562 devotione
2854 4508 3120 4577 gaudere;
3154 4521 3385 4576 cumque
3410 4508 3552 4563 hanc
3577 4523 3669 4564 ve-

2079 4597 2402 4654 nerabilium
2428 4597 2872 4652 consacerdotum
2902 4611 3148 4651 meorum
3179 4595 3668 4665 splendidissimam

2080 4691 2445 4762 frequentiam
2490 4690 2669 4755 video,
2717 4688 3017 4759 angelicum
3047 4688 3205 4744 nobis
3247 4687 3301 4744 in
3350 4696 3429 4744 tot
3463 4693 3668 4748 sanctis

2079 4784 2255 4839 sentio
2293 4783 2556 4838 interesse
2580 4787 2943 4837 conventum.
2989 4777 3101 4836 Nec
3142 4779 3329 4837 dubito
3366 4795 3466 4837 nos
3500 4783 3671 4838 abun-

2081 4874 2328 4931 dantiore
2377 4871 2541 4929 hodie
2591 4872 2788 4928 divinae
2836 4870 3141 4944 praesentia:
3192 4871 3365 4943 gratia
3417 4872 3623 4926 visitari
3651 4911 3667 4935 ,

2076 4965 2291 5036 quando
2316 4964 2477 5021 simul
2503 4963 2720 5029 adsunt,
2747 4972 2802 5019 et
2826 4979 2935 5019 uno
2968 4962 3172 5019 lumine
3207 4964 3411 5019 micant
3442 4970 3520 5017 tot
3554 4975 3671 5030 spe-

2078 5055 2376 5112 ciosissima
2413 5052 2762 5110 tabernacula
2790 5052 2911 5120 Dei,
2940 5060 3021 5108 tot
3057 5052 3299 5109 membra
3324 5049 3667 5109 excellentis-

2078 5144 2213 5199 sima
2241 5143 2486 5215 corporis
2509 5142 2734 5215 Christi.

2156 5253 2175 5288 ι
2203 5235 2314 5291 Νεε
2339 5235 2516 5302 abest,
2545 5243 2604 5290 ut
2627 5234 2861 5302 conﬁdo,
2890 5236 2959 5291 ab
2979 5236 3086 5291 hoc
3114 5244 3261 5291 coetu
3289 5233 3454 5289 etiam
3473 5228 3668 5283 beatis-

2080 5325 2204 5381 simi
2234 5324 2462 5395 apostoli
2486 5323 2633 5380 Petri
2660 5325 2752 5395 pia
2779 5325 3018 5397 dignatio
3053 5332 3110 5379 et
3143 5323 3249 5379 tida
3284 5319 3539 5375 dilectio:
3563 5332 3664 5372 nec

2076 5427 2317 5475 vestram
2349 5418 2688 5474 devotionem
2709 5418 2800 5474 ille
2822 5419 3091 5483 deseruit,
3118 5412 3272 5481 cujus
3291 5422 3391 5463 nos
3410 5421 3665 5463 reveren-

2078 5513 2149 5567 tia
2197 5512 2561 5583 congregavit.
2630 5511 2708 5568 De
2753 5520 2935 5568 vestro
2986 5511 3169 5576 itaque
3210 5509 3267 5559 et
3310 5501 3427 5572 ipse
3470 5501 3665 5571 gaudet

2078 5604 2292 5665 an‘ectu,
2330 5610 2386 5658 et
2416 5603 2470 5658 in
2507 5602 2853 5660 consortibus
2894 5596 3115 5654 honoris
3149 5593 3229 5649 sui
3261 5592 3662 5649 observantiam

2082 5696 2370 5749 Dominiczc
2408 5692 2661 5749 institutir
2680 5692 2773 5747 nis.
2793 5686 3150 5760 amplectitur,
3179 5684 3418 5760 probans
3445 5683 3662 5741 ordine,
