3990 6184
296 244 391 301 li?

1528 244 1620 296 AD
1658 237 1918 295 LIBRUM
1958 239 2274 298 DlUiiNUM

3450 247 3562 302 itS'

295 356 563 421 tiasimam
621 356 765 413 otius
806 355 1060 413 Ecclesia
1088 355 1435 419 charitatem,
1481 366 1588 422 qua
1625 352 1681 406 in
1714 349 1863 408 Petri
1888 353 1942 415 Α
1965 350 2112 418 Maii,
2132 360 2519 408 cumvacasset
2540 352 2792 409 nimirum
2815 353 2971 408 sedes
2991 354 3221 423 amplius
3239 353 3312 410 ω
3337 354 3551 423 diebus,

295 448 425 507 sede
444 445 668 503 Petrum
696 445 835 503 forte
865 445 1108 515 suspicit,
1132 453 1189 500 et
1206 458 1235 497 a
1259 443 1393 498 tanti
1417 455 1602 497 amore
1616 440 1870 511 pastoris,

292 555 396 596 nec
425 539 480 593 in
513 552 747 609 persona
773 545 887 591 tam
907 534 1130 604 imparis
1155 533 1378 603 tepescit
1406 531 1657 593 hmredis.

368 628 439 685 Ut
481 643 614 699 ergo
663 628 779 683 haec
807 627 1001 695 pictas,
1042 622 1403 688 dilectissimi,
1424 637 1587 692 quam
1614 637 1742 690 erga
1772 621 1872 676 hu-

295 718 575 773 militatem
598 732 771 772 meam
810 712 1137 769 unanimiter
1175 711 1476 778 exhibetis,
1516 710 1749 766 fructum
1788 711 1870 765 sui

294 808 461 865 studii
503 813 866 876 consequatur
888 845 903 869 ,
953 803 1521 860 misericordissimam
1564 802 1661 857 Dei
1702 802 1872 857 nostri

294 896 636 953 clementiam
661 894 927 966 supplices
946 894 1233 950 obsecrate
1247 933 1263 959 ,
1294 900 1356 947 ut
1377 893 1432 948 in
1447 892 1651 949 .diebus
1671 891 1871 946 nostris

293 995 562 1058 expugnet
597 986 974 1055 impugnantes
1010 1000 1131 1049 nos,
1170 984 1381 1039 muniat
1415 984 1575 1039 ﬁdem
1610 992 1868 1048 vestram,

292 1074 609 1148 multiplicet
650 1075 990 1131 devotionem
1027 1089 1090 1129 ac
1131 1074 1507 1140 dilectionem,
1549 1085 1741 1146 augeat
1778 1089 1871 1143 pa-

290 1183 428 1232 rem,
458 1180 651 1236 meque
687 1164 962 1221 servulum
996 1180 1177 1230 suum,
1215 1180 1377 1234 quem
1417 1166 1486 1218 ad
1524 1167 1868 1221 ostendendae

288 1260 495 1314 divitias
514 1260 703 1330 gratia:
717 1274 850 1323 sum,
871 1258 1251 1329 gubernaculis
1271 1258 1527 1314 Ecclesiae
1545 1260 1713 1315 voluit
1731 1277 1861 1332 prte-

287 1350 488 1415 sidere,
509 1347 866 1405 sufﬁcientem
889 1356 1038 1403 tanto
1058 1348 1228 1418 operi,
1256 1356 1309 1404 et
1334 1348 1520 1404 utilem
1549 1358 1744 1406 vestra:
1770 1353 1867 1406 de-

287 1439 520 1499 fensioni
544 1440 798 1514 dignetur
816 1436 1031 1495 edicere
1052 1479 1066 1504 ,
1089 1448 1146 1494 et
1173 1437 1243 1492 ad
1264 1439 1367 1495 hoc
1397 1448 1640 1512 tempora
1671 1450 1871 1500 nostra:

288 1531 566 1587 servitutis
604 1531 918 1596 extendere,
966 1537 1027 1583 ut
1068 1529 1316 1600 proﬁciat
1371 1530 1674 1596 devotioni,
1726 1534 1873 1603 quod

287 1621 453 1677 fuerit
486 1620 720 1693 largitus
762 1620 931 1687 aztati,
974 1634 1074 1689 per
1117 1619 1392 1675 Christum
1434 1619 1718 1677 Dominum
1768 1639 1866 1678 no-

286 1722 483 1771 strum.
533 1710 726 1766 Amen.

363 1801 523 1875 17E.
542 1800 759 1859 XXXX.
785 1799 842 1857 Si
868 1800 1126 1859 attentius
1146 1815 1325 1855 sermo
1347 1800 1741 1868 consideretur,
1762 1803 1868 1857 sin-

286 1878 519 1967 gulaque
547 1892 717 1964 ipsius
754 1891 1065 1964 diligentius
1105 1892 1531 1964 perpendantur,
1562 1893 1865 1951 confectum

286 1988 539 2043 fatebitur
550 1986 799 2056 quisque,
827 1984 884 2040 id
903 1985 1047 2055 quod
1065 1984 1413 2041 intendimus.
1440 1985 1706 2052 Quorsum
1722 1988 1869 2042 enim

282 2081 447 2136 verba
474 2082 590 2136 htec
622 2097 636 2133 :
671 2096 691 2130 ‹
709 2078 940 2151 Dignum
967 2086 1051 2134 est
1076 2093 1107 2133 a
1132 2075 1412 2134 sacriﬁciis
1432 2077 1724 2134 Dominica:
1754 2077 1867 2133 lau-

283 2172 367 2227 dis
391 2171 707 2242 obsequium
737 2170 1036 2227 consecrati
1055 2170 1326 2242 pontiﬁcis
1354 2170 1637 2237 inchoare,
1663 2178 1793 2236 etc.,
1809 2181 1869 2226 ut

282 2272 605 2334 praesentem
644 2276 733 2317 me
772 2269 1021 2317 cerneret
1057 2269 1250 2317 vestra:
1290 2262 1596 2317 sanctitatis
1632 2260 1864 2326 aﬁ’ectio.

283 2368 446 2423 quem
467 2351 670 2408 fecerat
696 2352 993 2407 necessitas
1015 2350 1185 2422 longe:
1206 2351 1655 2422 peregrinationis
1674 2352 1869 2408 absen-

282 2454 416 2511 tem,
437 2453 543 2500 etc.
563 2460 577 2509 ;
601 2443 769 2499 vestri
790 2458 1004 2513 quoque
1028 2441 1229 2498 favoris
1262 2442 1547 2505 arbitrium
1559 2442 1739 2498 debita
1752 2458 1869 2516 gra-

283 2538 483 2591 tiarum
519 2536 732 2592 actione
766 2536 1107 2603 concelebra,
1146 2543 1252 2591 etc.
1300 2534 1537 2592 Obsecro
1564 2535 1749 2607 igitur,
1780 2536 1868 2608 ju-

282 2639 406 2686 vate
430 2631 568 2687 votis
583 2671 601 2698 ,
627 2646 788 2702 quem
812 2632 1099 2688 desideriis
1123 2632 1426 2703 expetiistis
1442 2672 1457 2697 ,
1480 2640 1541 2687 ut
1559 2640 1615 2687 et
1634 2630 1868 2702 Spiritus

286 2724 475 2796 gratiae
498 2724 554 2779 in
581 2738 666 2778 me
690 2732 925 2790 maneat,
948 2733 1003 2779 et
1018 2723 1221 2793 judicia
1246 2731 1426 2779 vestra
1451 2734 1556 2781 n0n
1586 2722 1861 2786 ﬂuctuant,

282 2826 392 2877 etc.
437 2814 818 2873 Honorabilem
853 2817 1015 2888 igitur
1050 2815 1184 2871 mihi
1213 2816 1533 2872 hodiernum
1562 2814 1706 2872 diem
1736 2814 1867 2871 l‘ecit

283 2905 465 2963 divina
489 2904 747 2977 dignatio,
772 2920 891 2976 quae
914 2905 1042 2960 dum
1059 2905 1417 2960 humilitatem
1438 2920 1611 2960 meam
1636 2906 1691 2960 in
1713 2920 1863 2960 sums

283 3010 430 3059 mum
460 2996 690 3067 gradum
724 2995 989 3066 provehit,
1028 3002 1135 3050 etc.
1189 2995 1525 3051 Recurrente
1561 2994 1722 3066 igitur
1755 2994 1862 3059 die,

283 3102 392 3155 quo
438 3102 526 3143 me
570 3087 831 3143 Dominus
876 3086 1209 3159 Episcopalis
1256 3084 1418 3142 ollicii
1453 3086 1622 3143 voluit
1663 3086 1862 3143 habere

280 3177 540 3244 cilicium,
571 3186 677 3236 etc.
703 3199 722 3233 ι

355 3268 593 3325 XXXXI.
642 3268 933 3339 Quorsum,
975 3268 1215 3338 inquam,
1253 3269 1370 3324 haec
1406 3268 1592 3334 verba,
1630 3269 1676 3323 si
1708 3268 1861 3324 anni-

283 3360 555 3415 versarios
593 3360 711 3416 dies
741 3359 1037 3433 signiﬁcari
1070 3359 1263 3415 debeat
1295 3367 1350 3415 et
1379 3375 1487 3415 non
1515 3362 1744 3430 ipsemet
1770 3374 1864 3413 na-

282 3450 447 3506 talis?
487 3450 752 3519 Quorsum
786 3452 1017 3517 dicitur,
1054 3450 1354 3515 obsequium
1394 3451 1683 3505 consecrati
1721 3448 1865 3503 Pon—

281 3541 437 3613 tiﬁcis
463 3542 699 3598 inchoari
722 3542 747 3597 ?
791 3541 1058 3610 Quorsum
1092 3542 1294 3598 mentio
1330 3543 1525 3597 reditus
1548 3558 1579 3596 a
1600 3541 1755 3612 longa
1776 3558 1862 3611 pe-

283 3634 628 3704 regrinatione
667 3633 691 3687 7
748 3634 1019 3700 Quorsum
1066 3633 1211 3687 actio
1254 3630 1554 3703 gratiarum
1606 3647 1706 3702 pro
1754 3632 1863 3687 ele—

282 3724 506 3781 ctione?
552 3724 819 3790 Quorsum
859 3724 1141 3793 praesentis
1182 3724 1443 3792 temporis
1481 3722 1706 3778 verbum
1743 3741 1865 3794 pro-

284 3814 438 3876 vehit,
468 3813 514 3867 si
536 3811 652 3881 jam
690 3827 857 3867 unum
895 3812 1088 3867 saltem
1124 3827 1322 3867 anmtm
1359 3820 1532 3867 totum
1560 3812 1613 3868 in
1650 3814 1868 3870 Pontiﬁ-

284 3901 388 3955 cali
411 3901 540 3957 sede
563 3901 957 3972 transegisset?

358 3993 621 4051 XXXXII.
672 3994 743 4050 lis
791 3994 973 4065 igitur,
1020 4009 1050 4049 a
1099 3994 1296 4064 quibus
1345 3994 1484 4050 tituli
1525 3996 1865 4053 sermonibus

284 4088 481 4145 Leonis
515 4087 682 4144 additi
717 4095 864 4152 sunt,
901 4087 1275 4157 imposuerunt
1312 4086 1395 4143 hae
1429 4101 1612 4154 voces,
1658 4087 1862 4143 Recur-

284 4189 429 4234 rente
468 4180 629 4250 igitur
664 4178 771 4245 die,
811 4196 913 4252 quo
949 4194 1031 4235 me
1066 4177 1321 4234 Dominus
1351 4176 1678 4249 Episcopalis
1713 4178 1865 4251 ofﬁcii

284 4273 444 4328 voluit
468 4274 659 4329 habere
686 4274 1019 4346 principium.
1075 4272 1218 4328 Visa:
1251 4281 1376 4329 sunt
1403 4274 1548 4330 enim
1582 4290 1863 4331 recursum

1892 1696 1941 1756 B

1973 450 2032 496 ut
2057 452 2141 497 est
2170 442 2223 497 in
2251 441 2520 499 Chronico
2557 442 2764 498 credito
2802 442 3075 514 Prosperi,
3111 444 3198 504 vel
3231 454 3292 501 ut
3323 446 3555 505 habetur

1970 533 2112 603 apud
2135 532 2478 589 emendatum
2497 533 2865 598 Anastasium,
2892 532 2963 588 42
2983 533 3195 590 diebus.

2051 644 2079 716 ᾗ
2104 645 2190 703 Vl.
2216 645 2293 701 De
2322 663 2483 701 causa
2506 645 2737 717 Honorii
2763 648 2954 717 summi
2981 644 3278 717 Pontiﬁcis,
3305 657 3355 704 et
3390 647 3469 704 VI

2492 715 2716 786 Synodis
2745 716 3023 787 generalis.

2038 808 2329 879 Attigimus
2370 809 2531 864 etiam
2566 808 2620 863 in
2645 809 2789 863 notis
2826 810 2896 864 ad
2935 810 3078 869 hanc
3112 810 3509 883 professionem
3530 854 3546 878 ,

1967 916 2141 971 pauca
2170 901 2236 956 de
2264 899 2501 955 Honorio
2528 916 2684 971 papa,
2716 902 2808 969 qui
2838 909 3017 958 tamen
3043 904 3099 958 in
3127 918 3191 959 ea
3223 904 3544 960 damnatur:

1968 1008 2146 1062 operte
2158 993 2387 1063 pretium
2407 1001 2512 1058 est,
2535 993 2600 1048 dc
2624 1008 2787 1049 causa
2808 1001 2957 1051 tanta
2980 994 3271 1060 disserere,
3293 997 3549 1066 quoniam

1969 1096 1998 1135 a
2040 1082 2206 1136 variis
2243 1081 2393 1136 varie
2430 1082 2683 1153 agitatur,
2726 1090 2781 1138 et
2820 1098 2889 1137 ex
2924 1098 2990 1140 eo
3023 1083 3142 1140 loco
3166 1085 3325 1157 175
3353 1086 3409 1141 in
3442 1103 3551 1157 quo

1969 1186 2273 1237 versamur,
2302 1171 2513 1227 deﬁniri
2544 1180 2740 1242 potest,
2764 1175 3032 1243 quomodo
3057 1175 3293 1232 diximus
3321 1177 3376 1233 in
3412 1177 3553 1234 Pras-

1970 1260 2189 1326 l‘atione,
2218 1262 2270 1317 id
2292 1270 2398 1329 est,
2427 1262 2573 1318 salva
2603 1265 2746 1319 sedis
2770 1264 3092 1336 Apostolictc
3116 1274 3172 1321 et
3199 1270 3551 1326 meumeniczc

1972 1352 2175 1423 Synodi
2198 1355 2517 1410 reverentia.

2038 1442 2078 1495 Ι.
2124 1441 2338 1512 Anceps
2365 1444 2479 1498 visa
2501 1451 2586 1499 est
2607 1444 2660 1498 in
2690 1444 2834 1500 hunc
2857 1460 3025 1518 usque
3047 1447 3189 1503 diem
3214 1448 3550 1520 dillicilisqne

1970 1530 2057 1584 illa
2081 1546 2267 1597 causa,
2293 1547 2398 1587 non
2420 1533 2535 1602 ipsa
2560 1548 2657 1604 per
2678 1549 2757 1599 se,
2780 1535 2996 1604 opinor,
3029 1537 3125 1592 sed
3155 1539 3409 1607 quoniam
3438 1540 3551 1595 ani.

1971 1634 2184 1674 morum
2238 1620 2451 1677 aﬂ'ectio
2506 1618 2726 1680 autores
2773 1625 2827 1680 in
2877 1634 3061 1696 partes
3113 1627 3295 1684 divisit
3322 1646 3335 1681 :
3361 1644 3552 1687 omnes

1966 1713 2111 1767 enim
2151 1712 2264 1769 fere
2310 1715 2380 1770 ad
2422 1715 2841 1786 disputationem
2880 1717 3110 1774 aderunt
3148 1721 3551 1791 praajttdicatam

1967 1804 2321 1870 sententiam,
2352 1803 2472 1860 aliis
2501 1805 2797 1862 Honorium
2835 1808 3143 1865 nolentibus
3181 1825 3212 1864 a
3254 1821 3409 1885 sexta
3450 1812 3550 1883 Syw

1967 1894 2108 1949 nodo
2143 1894 2474 1959 damnatum,
2506 1894 2626 1952 aliis
2652 1896 2854 1968 aliquid
2891 1901 3224 1955 contrarium
3262 1902 3551 1958 vehemen-

1966 1994 2051 2049 ter
2078 1986 2399 2044 volentibus.
2450 1988 2555 2055 Qui
2589 1989 2783 2044 nolunt
2805 1989 3138 2057 damnatum,
3170 1993 3244 2049 illi
3282 2002 3342 2048 ut
3379 1994 3551 2064 pluri.

1966 2094 2114 2132 mum
2142 2079 2476 2135 contendunt
2507 2087 2626 2135 acta
2666 2079 2889 2152 Synodi,
2934 2098 3055 2153 quae
3099 2084 3386 2151 habentur,
3429 2101 3551 2141 esse

1967 2179 2260 2239 corrupta;
2300 2177 2426 2225 sunt
2462 2179 2644 2227 tamen
2678 2187 2745 2227 ex
2785 2172 2853 2227 iis
2889 2173 2981 2244 qui
3024 2173 3299 2246 Synodum
3334 2189 3551 2231 errasse

1965 2269 2222 2329 pugnent.
2271 2261 2371 2328 Qui
2398 2261 2711 2317 damnatum
2749 2262 2950 2327 volunt,
2982 2264 3036 2319 hi
3066 2266 3261 2334 partim
3282 2263 3552 2333 aliirmant

1968 2356 2244 2430 Synodum
2287 2374 2531 2425 errasse,
2576 2359 2772 2430 partim
2812 2359 3108 2415 Honorium
3151 2358 3548 2415 Monothelismi

1967 2450 2282 2513 insimulant
2316 2450 2503 2521 :atqui
2532 2450 2636 2504 tria
2675 2449 2789 2506 htcc
2831 2457 3083 2521 corrupta
3120 2464 3242 2506 esse
3283 2458 3421 2513 acta,
3465 2465 3551 2505 er-

1966 2555 2116 2596 rasse
2170 2538 2448 2612 Synodum
2473 2580 2490 2605 ,
2538 2539 2834 2595 Honorium
2884 2539 3287 2595 Monothelitam
3343 2539 3507 2597 fuisse
3531 2582 3546 2606 ,

1968 2631 2199 2688 dililcilia
2266 2632 2513 2697 creditu,
2560 2631 2669 2687 imo
2712 2632 3086 2701 improbabilia
3134 2632 3331 2687 merito
3375 2632 3545 2688 videri

1967 2731 2212 2795 queunt:
2247 2738 2373 2778 nam
2413 2730 2664 2794 corrupta
2702 2738 2823 2778 esse
2863 2730 3004 2789 acta,
3046 2737 3206 2778 nemo
3234 2738 3377 2778 nunc
3405 2720 3550 2778 δῆξις

1967 2822 2180 2869 manter
2219 2812 2540 2881 defenderit,
2580 2813 2673 2883 qui
2701 2813 2843 2868 bona
2872 2813 2978 2868 ﬁde
3002 2827 3118 2867 rem
3147 2821 3302 2884 agat;
3338 2812 3546 2884 reliqua

1968 2912 2150 2960 autem
2177 2907 2283 2961 duo
2306 2903 2584 2961 oll'endunt
2621 2905 2830 2961 animos
2864 2919 3075 2970 eorum,
3112 2906 3204 2975 qui
3244 2904 3326 2959 vel
3373 2904 3548 2975 Syno—

1969 2997 2116 3063 dum,
2149 2997 2234 3052 cui
2262 2996 2517 3071 praesedit
2545 2994 2779 3066 Spiritus
2801 3002 3051 3062 sanctus;
3086 2994 3168 3051 vel
3199 2995 3379 3051 sedem
3402 2996 3545 3066 Apo~

1966 3088 2237 3153 stolicam,
2268 3087 2323 3141 in
2353 3102 2459 3156 qua
2487 3086 2621 3143 ﬁdes
2646 3085 2789 3142 Petri
2824 3086 3177 3143 immobiliter
3203 3095 3421 3154 manet,
3449 3102 3544 3142 ve-

1963 3186 2227 3233 nerantur
2258 3185 2313 3233 et
2344 3177 2545 3232 colunt.

2034 3268 2093 3325 ll.
2145 3267 2337 3338 Operm
2379 3267 2614 3337 pretium
2661 3276 2784 3333 est,
2829 3267 3299 3324 incredibilitatem
3353 3269 3545 3324 horum

1965 3360 2128 3416 trium
2156 3358 2549 3424 demonstrare,
2579 3366 2642 3413 ut
2671 3357 2929 3414 discussis
2964 3373 3227 3414 vanarum
3257 3373 3544 3413 commen-

1963 3452 2228 3506 tationum
2261 3450 2493 3517 nebulis,
2534 3450 2738 3507 veritas
2775 3449 3056 3522 aﬁ'ulgens,
3098 3459 3153 3507 et
3188 3460 3431 3506 actorum
3473 3449 3551 3504 in-

1965 3542 2223 3612 tegritati,
2267 3549 2323 3596 et
2355 3540 2566 3612 Synodi
2611 3540 2913 3608 sententiae,
2956 3552 3010 3597 et
3049 3543 3193 3599 sedis
3227 3541 3549 3614 Apostolicm

1962 3631 2206 3704 puritati,
2236 3631 2533 3686 honoriﬁce
2566 3631 2836 3686 consulat.

2033 3720 2119 3776 Ill.
2173 3719 2243 3776 Ut
2275 3720 2330 3775 id
2357 3735 2485 3775 vero
2518 3730 2825 3790 praestetur,
2864 3723 3202 3792 probandum
3236 3730 3325 3779 est
3345 3720 3543 3793 primo,

1965 3812 2262 3867 adulterata
2293 3826 2398 3867 non
2431 3809 2597 3866 fuisse
2626 3820 2747 3873 acta
2773 3821 2941 3867 sextae
2970 3810 3195 3884 Synodi,
3224 3820 3338 3867 tum
3364 3810 3433 3865 ab
3451 3824 3545 3865 ea-

1962 3904 2085 3960 dem
2126 3902 2344 3975 Synodo
2378 3903 2673 3959 Honorium
2719 3920 2780 3960 re
2818 3905 2934 3976 ipsa
2975 3904 3311 3970 damnatum,
3358 3909 3547 3972 postea

1962 4011 2065 4053 nec
2092 3994 2237 4050 illam
2275 4009 2511 4060 errasse,
2549 4010 2650 4049 nec
2672 3994 2821 4050 illum
2839 3995 3325 4052 ‘Monothelitarum
3349 3990 3544 4048 haeresi

1963 4088 2222 4145 infectum
2247 4086 2443 4154 fuisse;
2479 4087 2573 4145 sed
2612 4088 2765 4159 prius
2802 4087 2869 4144 de
2901 4086 3313 4147 Monothelismo
3344 4083 3550 4173 aliquid

1962 4180 2200 4237 breviter
2217 4179 2623 4250 praelibandum.

2032 4276 2119 4332 IV.
2150 4275 2316 4331 Docet
2341 4275 2446 4330 tria
2478 4273 2612 4331 ﬁdes
2634 4274 2919 4341 catholica,
2946 4290 2986 4329 ι.
3017 4274 3153 4330 duas
3176 4287 3299 4329 esse
3320 4272 3375 4327 in
3390 4268 3548 4327 Chri—.

286 4363 639 4419 anniversarii
669 4362 797 4429 diei,
836 4372 891 4418 et
921 4378 1029 4418 non
1069 4362 1237 4418 solius
1280 4360 1451 4429 ferias,
1492 4370 1615 4443 post
1654 4370 1859 4433 septem

1973 4375 2048 4424 sto
2068 4375 2315 4433 naturas,
2338 4366 2574 4422 divinam
2595 4375 2650 4420 et
2673 4368 2994 4432 humanam;
3018 4380 3079 4420 ιι.
3102 4379 3196 4420 eas
3217 4361 3547 4419 substantia-

286 4453 671 4519 hebdomadas,
693 4455 936 4510 innuere.

354 4543 641 4603 XXXXlll.
696 4544 847 4601 Adde
897 4543 1039 4615 quod
1082 4542 1335 4614 adjuncta
1376 4542 1557 4599 omnia
1603 4543 1859 4599 historica

282 4634 564 4691 electionis
588 4634 1078 4705 assumptionisque
1105 4636 1336 4705 idipsum
1370 4634 1659 4690 ostendunt
1691 4648 1706 4686 :
1735 4649 1861 4690 nam

287 4740 410 4779 tum
442 4725 627 4781 Sixtus
656 4738 954 4795 praecessor
986 4725 1207 4779 exiisset
1231 4740 1261 4780 e
1288 4725 1397 4781 vita
1433 4724 1522 4780 die
1557 4724 1628 4780 εδ
1661 4724 1860 4792 Martii,

286 4814 395 4870 Lco
421 4816 512 4884 qui
536 4816 723 4885 procul
752 4816 808 4869 in
841 4814 1026 4872 Galliis
1047 4856 1063 4882 ,
1095 4815 1165 4872 ad
1191 4816 1621 4871 reconciliandos
1646 4815 1860 4873 Aetium

285 4918 341 4961 et
370 4906 619 4962 Albinum
649 4905 969 4962 dissidentes
988 4946 1001 4970 ,
1033 4904 1379 4971 versabatur,
1415 4906 1651 4961 unanimi
1683 4907 1861 4963 studio

286 5000 493 5055 electus
531 5006 637 5061 est,
676 4996 947 5069 missaque
990 4996 1274 5070 legatione,
1313 4995 1561 5062 Romam,
1599 5013 1705 5067 quo
1742 5007 1863 5071 post

286 5087 643 5160 quadraginta
688 5085 805 5142 dies
834 5065 1000 5154 venit,
1037 5065 1103 5141 ad
1145 5086 1518 5157 pontiﬁcatum
1568 5065 1861 5143 ineundum

283 5190 608 5250 revocatus;
640 5194 750 5251 quo
772 5179 1031 5251 temporis
1063 5178 1346 5236 intervallo
1376 5187 1431 5233 et
1459 5179 1594 5234 mira
1630 5180 1859 5249 quadam

282 5289 417 5346 pace
443 5273 626 5332 omnia
661 5269 933 5329 transacta
967 5281 1114 5339 sunt,
1148 5279 1203 5327 et
1241 5271 1458 5343 plurimi
1499 5271 1762 5328 Prtesules
1796 5271 1862 5327 ad

284 5367 646 5425 ordinationis
680 5364 1032 5424 festivitatem
1074 5364 1451 5422 conﬂuxerunt
1475 5406 1490 5429 ,
1529 5374 1586 5421 et
1628 5366 1864 5422 maximo

288 5459 530 5515 omnium
553 5459 747 5532 plausu
774 5467 993 5529 peracta
1026 5458 1385 5521 consecratio,
1425 5464 1739 5515 recurrente
1757 5456 1867 5512 elc-

287 5549 480 5605 ctionis
506 5552 621 5614 die,
648 5559 709 5608 ut
736 5550 969 5614 scilicet,
994 5550 1086 5623 qni
1111 5549 1314 5606 electus
1340 5551 1518 5607 fuerat
1543 5548 1675 5605 feria
1695 5548 1730 5603 6
1747 5563 1866 5619 quae

294 5642 404 5696 dies
430 5640 501 5696 29
531 5640 724 5707 biartii,
749 5645 1091 5709 ordinaretur
1115 5643 1302 5699 eadem
1331 5641 1483 5707 feria,
1513 5656 1631 5712 qua:
1657 5643 1772 5701 dies
1803 5645 1865 5699 l0

1963 4461 2088 4517 liter
2133 4458 2417 4531 conjungi;
2451 4475 2533 4514 ιιι.
2568 4459 2999 4529 coniunctionem
3042 4458 3184 4512 hanc
3222 4453 3546 4510 substantia-

1963 4550 2070 4606 lem
2104 4566 2225 4607 esse
2264 4558 2473 4606 tantum
2513 4549 2928 4620 hypostaticam.
2980 4544 3403 4602 Substantialem
3429 4558 3540 4597 -na-

1965 4650 2208 4696 turarum
2232 4641 2528 4696 unitionem
2548 4639 2734 4710 aliqui,
2763 4654 2884 4696 cum
2905 4637 3119 4707 assequi
3144 4651 3254 4691 non
3279 4634 3542 4700 valerent,

1964 4729 2449 4788 Nestorianismum
2491 4731 2558 4787 de
2596 4730 2804 4787 duabus
2838 4730 2891 4785 in
2925 4728 3143 4785 Christo
3172 4725 3419 4798 personis
3449 4739 3544 4779 ex-

1966 4824 2299 4895 cogitarunt;
2327 4824 2416 4878 alii
2449 4839 2572 4878 cum
2600 4822 2899 4893 intelligere
2918 4836 3023 4876 non
3044 4826 3265 4890 possent
3294 4818 3542 4874 substan-

1968 4915 2152 4970 tialem
2204 4914 2489 4977 unionem,
2551 4927 2671 4982 qua:
2716 4910 3053 4983 hypostatica
3111 4918 3318 4964 tantum
3374 4912 3578 4970 essetp

1969 5004 2218 5061 haeresim
2240 5003 2308 5059 de
2333 5018 2439 5057 una
2461 5003 2516 5057 in
2550 5001 2765 5057 Christo
2800 5008 2992 5055 natura
3025 5005 3367 5070 pepererunt.
3411 4994 3542 5050 Pec-

1966 5102 2159 5150 carunt
2184 5094 2238 5149 hi
2270 5101 2326 5147 et
2362 5092 2468 5157 illi,
2508 5092 2601 5147 sed
2648 5091 2857 5162 priores
2898 5104 2996 5159 per
3034 5088 3323 5152 defectum,
3372 5083 3541 5141 solam

1964 5183 2219 5238 unionem
2246 5188 2500 5253 σχιτικήν
2523 5190 2914 5253 agnoscentes;
2947 5178 3275 5249 posteriores
3308 5189 3406 5245 per
3442 5187 3540 5227 ει-

1967 5289 2209 5339 cessum,
2245 5273 2538 5345 ﬁngentes,
2579 5281 2670 5328 aut
2699 5273 2933 5328 Verbum
2975 5269 3297 5326 informasse
3321 5280 3544 5323 carnem

1967 5366 2139 5423 instar
2171 5365 2364 5421 anima:
2396 5380 2461 5421 ac
2489 5363 2707 5429 mentis,
2740 5370 2835 5417 aut
2858 5369 3080 5417 naturas
3114 5359 3250 5414 duas
3289 5354 3544 5411 confusas

1966 5456 2151 5521 fuisse,
2186 5464 2279 5511 aut
2305 5455 2625 5512 ineffabilem
2656 5452 2945 5524 quamdam
2968 5450 3191 5507 alterius
3228 5448 3282 5502 in
3316 5446 3542 5501 alteram

1967 5550 2257 5621 contigisse
2281 5548 2709 5611 conversionem,
2733 5560 2837 5617 qua
2859 5544 3030 5609 ﬁeret,
3053 5552 3114 5598 ut
3132 5556 3255 5598 cum
3281 5547 3405 5594 ante
3426 5537 3542 5591 uni-

1969 5646 2166 5700 tionem
2193 5642 2312 5698 duzc
2344 5641 2669 5705 extitissent,
2700 5645 2820 5711 post
2846 5637 3142 5710 unitionem
3171 5634 3329 5689 unica
3361 5645 3539 5685 rcma.
