3990 6184
380 295 472 351 HO

1334 283 1951 345 DlSSER'l‘ATlONES.
1989 314 2060 326 —
2099 285 2553 344 DISSEBTATIO
2584 285 2645 347 1L

3526 292 3637 347 illi}

375 416 538 476 neret,
564 408 663 464 sed
685 420 805 477 qua:
827 412 1006 461 tamen
1034 402 1260 459 alterius
1284 402 1523 473 speciem
1549 401 1832 467 retineret,
1856 416 1946 456 ea-
1971 411 2023 468 Α
2048 405 2281 474 logetieo
2309 405 2379 460 ad
2410 404 2803 469 Theodosium,
2855 404 2997 459 uniri
3048 404 3477 465 αὼυιηιιιιὶωτ
3520 425 3630 467 non

371 515 469 569 que
493 512 550 553 se
580 496 851 551 indueret.

436 590 497 646 V.
548 588 763 644 Primus
791 600 947 642 error
975 585 1078 640 fuit
1116 585 1445 642 Arianorum
1487 592 1542 638 et
1577 582 1934 654 Apollinarii;

370 679 632 739 secundus
669 676 1003 742 Polemonis;
1044 683 1349 747 postremus
1389 673 1669 745 Eutychis,
1705 682 1799 728 aut
1834 672 1939 727 Ar-

370 787 645 829 menorurn
673 770 854 842 potius
881 768 1297 832 Monachorum,
1328 766 1421 836 qui
1472 766 1640 821 deliro
1668 766 1784 821 seni
1812 764 1936 820 illu-

366 870 572 921 serunt.

428 953 517 1011 Vl.
562 953 834 1024 Eutychus
871 952 1039 1022 igitur
1065 949 1500 1007 Incarnationem
1534 962 1601 1003 eo
1631 945 1745 1004 fere
1778 946 1938 1001 modo

362 1042 560 1100 factam
578 1043 834 1109 asseruit,
853 1041 1014 1114 176
1033 1056 1141 1111 quo
1166 1038 1343 1094 solent
1365 1037 1630 1093 Catholici
1654 1052 1937 1092 consecra-

361 1135 558 1191 tionem
572 1132 946 1197 Eucharistize,
969 1130 1325 1187 conversione
1345 1127 1549 1184 scilicet
1570 1128 1795 1183 alterius
1814 1128 1939 1183 sub-

355 1226 569 1282 stantize
581 1226 635 1279 in
648 1225 898 1290 alteram,
913 1222 1091 1297 specie
1103 1223 1246 1278 illius
1261 1237 1384 1294 qua:
1394 1221 1749 1286 convertitur,
1767 1234 1939 1275 rema-

353 1324 514 1373 nente
540 1315 817 1388 alterique
847 1315 1159 1371 adhaerente
1191 1332 1205 1367 :
1240 1313 1454 1369 dicebat
1474 1326 1669 1384 nempe
1687 1321 1938 1368 naturam

350 1407 665 1476 humanam,
697 1423 823 1463 eum
869 1405 1090 1460 Verbum
1119 1421 1244 1460 caro
1269 1403 1470 1475 factum
1498 1412 1597 1469 est,
1622 1416 1940 1461 conversam

348 1495 422 1553 ita
446 1497 502 1553 in
528 1496 785 1565 Verbum,
814 1506 873 1552 ut
901 1502 1207 1552 remaneret
1235 1503 1417 1549 tamen
1439 1495 1676 1549 humana
1707 1494 1937 1564 species,

346 1601 456 1657 qua
498 1589 745 1645 indutum
789 1590 1023 1645 Verbum
1049 1586 1277 1659 perinde
1312 1586 1618 1641 incurreret
1648 1585 1703 1639 in
1730 1583 1936 1640 oculos.

343 1691 411 1731 ac
446 1676 652 1734 Christi
685 1693 903 1750 corpus,
936 1678 1118 1749 specie
1146 1678 1305 1750 panis
1337 1683 1462 1746 post
1494 1684 1773 1746 peractam
1804 1690 1939 1731 con-

344 1769 653 1825 versionem
683 1777 1000 1825 remanente
1031 1767 1362 1833 obvelatum,
1392 1764 1521 1822 ferit
1545 1781 1759 1822 sensus.

417 1861 530 1917 Vl].
575 1862 705 1918 inde
740 1877 870 1919 vero
899 1861 1374 1931 consequebantur
1399 1859 1631 1929 plurima
1650 1900 1666 1926 ,
1697 1859 1794 1915 sed
1825 1860 1943 1915 haec

335 1954 585 2008 maxime
608 1969 740 2009 sex:
771 1969 809 2006 ι.
837 1953 1054 2007 unicam
1080 1965 1203 2006 esse
1239 1951 1421 2020 reipsa
1468 1958 1594 2018 post
1636 1950 1941 2004 unitionem

332 2051 621 2105 naturam,
652 2058 777 2096 cum
804 2050 967 2097 antea
1011 2040 1237 2095 fuissent
1270 2040 1410 2106 dum,
1450 2040 1634 2109 itaque
1669 2040 1944 2111 interpre—

336 2136 568 2189 tabatur
590 2135 861 2205 Eutycbes
892 2134 1080 2204 Cyrilli
1104 2134 1306 2189 dictum
1337 2133 1404 2188 de
1430 2148 1539 2187 una
1576 2141 1701 2202 post
1742 2134 1943 2187 unitio—

330 2242 471 2282 nem
502 2228 781 2282 incarnata
808 2228 1218 2293 Verbinatura;
1249 2243 1309 2281 ιι.
1332 2227 1613 2282 Christum
1632 2242 1752 2282 esse
1770 2226 1942 2282 Deum

328 2317 628 2381 οὐσιωδῶς,
677 2319 954 2373 hominem
991 2320 1212 2389 specie;
1243 2334 1324 2375 ιιι.
1370 2318 1606 2374 Verbum
1648 2332 1774 2373 vere
1817 2332 1940 2374 esse

331 2416 529 2462 natum
566 2421 633 2461 ex
669 2407 922 2480 Virgine,
959 2422 1085 2462 vere
1116 2423 1333 2480 passum
1362 2423 1428 2463 ac
1458 2407 1777 2463 cruciﬁxum
1807 2424 1822 2473 ;
1860 2422 1931 2462 iv.

333 2499 556 2553 unicam
591 2497 759 2553 fuisse
813 2498 1016 2554 Christi
1074 2500 1480 2570 operationem,
1536 2515 1696 2554 unam
1744 2500 1936 2555 volun-

333 2596 549 2653 tatem;
596 2604 649 2647 ν.
698 2589 993 2644 adhaesisse
1020 2589 1318 2661 Eutycbem
1362 2590 1576 2646 Docetis
1625 2590 1932 2658 haereticis,

330 2696 436 2752 qua
456 2688 620 2751 parte
641 2683 874 2751 negabat
894 2682 1186 2737 humanam
1200 2690 1449 2736 naturam
1473 2682 1650 2753 reipsa
1671 2697 1930 2750 manere;

331 2788 402 2828 ri.
430 2774 787 2830 consensisse
806 2789 872 2830 ex
891 2784 1049 2849 parte
1088 2775 1221 2830 Ario
1263 2785 1317 2828 et
1358 2773 1714 2844 Apollinario,
1759 2774 1933 2844 perfe-

329 2876 480 2921 ctam
513 2881 623 2920 non
659 2866 1076 2942 agnoscentibus
1098 2866 1154 2920 in
1176 2865 1391 2921 Christo
1428 2867 1843 2921 humanitatem.

397 2958 540 3017 Vill.
586 2958 754 3014 Error
795 2959 908 3025 ille,
944 2966 1004 3013 ut
1036 2958 1431 3031 potentissimis
1469 2959 1680 3015 duobus
1715 2959 1930 3014 niteba-

330 3058 414 3107 tur
440 3049 739 3120 prmsidiis,
774 3051 1097 3105 auctoritate
1126 3048 1346 3121 Cyrilli,
1390 3056 1652 3105 ementita
1687 3051 1923 3119 quidem,

2040 512 2224 568 posse,
2261 498 2357 554 sed
2398 505 2656 568 σχετικῶς
2703 506 2930 562 tantum,
2972 511 3094 567 quae
3133 496 3346 569 singula
3388 498 3629 567 perfecta

2039 596 2245 654 essent,
2270 594 2432 657 atque
2458 587 2535 642 ita
2552 600 2620 642 eo
2642 586 2866 657 requiri,
2889 596 2949 641 ut
2971 585 3172 657 aliquid
3191 587 3284 641 uni
3304 586 3468 653 desit,
3485 588 3635 658 quod

2039 676 2111 732 ab
2122 675 2292 731 altero
2307 676 2622 746 suppleatur
2645 691 2906 746 :cumque
2924 676 3075 742 illud,
3089 677 3232 745 quod
3256 676 3411 746 177
3438 674 3630 732 deesse

2037 767 2282 834 deberet,
2312 769 2366 823 in
2403 778 2595 824 neutra
2628 779 2821 825 natura
2851 770 3088 841 reperire
3111 781 3362 842 possent;
3398 778 3631 842 utraque

2037 856 2182 911 enim
2217 857 2426 928 integra
2462 867 2521 913 et
2556 860 2800 928 perfecta
2831 863 3008 915 inerat
3037 859 3274 927 Christo,
3303 862 3486 918 divina
3515 862 3634 932 qui-

2037 945 2183 1012 dem,
2213 947 2340 1017 quia
2366 947 2596 1017 simple:
2620 957 2733 1014 est;
2758 951 2997 1005 humana
3023 965 3176 1018 vero,
3201 954 3455 1027 quoniam
3475 953 3631 1010 carni

2037 1054 2213 1108 neque
2232 1040 2409 1094 anima
2432 1040 2668 1095 humana
2697 1041 2907 1107 deerat,
2939 1057 3118 1112 neque
3139 1058 3311 1100 mens.
3350 1044 3409 1100 ld
3432 1045 3489 1099 in
3508 1060 3631 1115 ope~

2039 1131 2250 1186 ratione
2276 1131 2581 1201 ponendum
2606 1141 2959 1199 censuerunt,
2992 1142 3160 1206 atque
3190 1135 3267 1191 ita
3299 1150 3463 1190 unam
3487 1134 3634 1192 dixe-

2039 1230 2169 1276 runt
2200 1236 2324 1277 esse
2364 1222 2569 1278 Christi
2602 1223 2975 1293 operationem
3001 1233 3057 1280 et
3084 1240 3251 1280 unam
3286 1228 3501 1292 θέλησιν,
3535 1242 3633 1283 seu

2039 1313 2389 1379 voluntatem,
2417 1330 2648 1384 eamque
2677 1315 2952 1381 divinam;
2972 1315 3117 1372 unde
3141 1318 3307 1372 etiam
3328 1317 3478 1375 nacti
3499 1323 3626 1377 sunt

2040 1402 2457 1473 appellationem
2479 1402 2973 1460 Monothelitarum.

2112 1491 2228 1547 Xll.
2268 1491 2530 1558 Fuerunt,
2560 1492 2757 1559 fateor,
2787 1502 3106 1564 argumenta
3154 1493 3280 1560 alia,
3314 1495 3513 1565 quibus
3561 1511 3623 1551 se

2040 1585 2388 1656 postmodum
2433 1586 2657 1642 haeresis
2684 1586 2931 1641 stabilire
2964 1595 3159 1643 conata
3204 1593 3327 1642 est:
3362 1587 3461 1642 sed
3502 1599 3624 1643 erat

2040 1676 2375 1747 praecipuum
2420 1676 2481 1731 in
2505 1690 2592 1742 eo,
2629 1675 2774 1746 quod
2817 1675 2954 1742 dixi,
2989 1676 3393 1746 praesidium,sl
3427 1676 3625 1743 modo,

1963 1781 2013 1842 Β
2039 1766 2183 1838 quod
2233 1768 2412 1824 visum
2461 1768 2718 1824 omnibus
2767 1768 2887 1825 fere
2935 1770 3298 1825 communiter
3345 1769 3631 1837 Patribus,
3682 1817 3688 1823 .

2041 1860 2409 1937 llonothelitte
2448 1863 2594 1917 inter
2649 1862 3042 1934 Eutychianos,
3094 1871 3188 1918 aut
3233 1863 3633 1934 Apolinaristas

2043 1951 2228 2022 potius
2253 1961 2587 2008 censentur:
2638 1968 2767 2008 nam
2815 1952 2922 2008 alia
2968 1952 3081 2018 illa,
3113 1966 3235 2022 qua:
3267 1953 3641 2023 protulerunt,

2044 2042 2313 2098 adducere
2340 2058 2441 2115 pro
2469 2059 2531 2098 se
2556 2039 2659 2114 ipsi
2689 2059 2908 2114 quoque
2940 2052 3233 2115 potuerunt
3282 2043 3589 2101 Nestoriani
3611 2085 3630 2110 ,

2043 2133 2139 2204 qui
2186 2146 2376 2189 revera
2415 2133 2780 2190 Monothelitae
2817 2135 3148 2200 extiterunt,
3190 2143 3481 2203 antequam
3527 2134 3635 2191 hoc

2047 2241 2248 2282 nomen
2278 2227 2563 2283 audiretur
2591 2244 2605 2280 :
2639 2225 2970 2282 definiebant
2992 2226 3204 2283 scilicet
3228 2226 3507 2283 Christum
3531 2226 3634 2282 ho-

2040 2317 2249 2371 minem
2291 2332 2324 2371 a
2354 2316 2533 2373 Verbo
2562 2319 2940 2394 ἇνιργούμινον,
2973 2317 3300 2388 aiebantque
3349 2317 3625 2373 hominem

2036 2406 2205 2462 divini
2246 2407 2407 2464 Verbi
2451 2422 2663 2463 merum
2710 2423 2832 2464 esse
2886 2408 3331 2475 instrumentum,
3386 2408 3629 2481 illudque

2035 2498 2214 2553 simile
2244 2497 2621 2565 ferramentis,
2666 2500 2865 2570 quibus
2914 2500 3109 2556 artifex
3154 2501 3346 2568 utitur,
3399 2502 3627 2572 quibus—

2035 2606 2140 2661 que
2166 2600 2374 2647 motum
2400 2593 2691 2664 imprimit,
2717 2608 2843 2648 cum
2879 2608 2913 2647 a
2945 2609 3006 2649 se
3036 2594 3243 2649 nullum
3273 2610 3500 2666 prorsus
3526 2599 3623 2657 ba-

2034 2684 2219 2739 beant.

2108 2776 2242 2830 χιιι.
2278 2776 2409 2832 inde
2460 2775 2665 2831 factum
2702 2784 2808 2841 est,
2848 2785 2909 2830 ut
2962 2776 3018 2831 in
3050 2774 3282 2846 epistola
3327 2776 3629 2847 Agathonis

2031 2881 2186 2936 papae
2214 2868 2284 2921 ad
2325 2866 2749 2923 Constantinum
2797 2869 3207 2938 imperatorem,
3236 2884 3359 2938 qua:
3389 2869 3445 2922 iu
3474 2879 3630 2925 sexta

2032 2960 2252 3032 Synodo
2280 2969 2388 3016 act.
2416 2960 2453 3015 4
2480 2961 2685 3018 relecta
2710 2969 2814 3025 est,
2852 2961 2995 3016 inter
3023 2962 3357 3015 recensenda
3384 2961 3630 3016 testimo-

2030 3060 2120 3114 nia
2164 3059 2547 3115 haereticorum
2589 3074 2689 3129 pro
2734 3073 2843 3112 una
2883 3057 3223 3128 operatione,
3266 3057 3333 3111 de
3374 3054 3639 3112 Nestoriu.

330 3143 418 3197 sed
431 3142 683 3207 credita;
711 3149 906 3196 etvera
927 3140 1188 3212 Eutychis
1209 3138 1930 3210 formidulosaque,propter
1954 3134 1999 3195 C
2032 3151 2148 3205 haec
2180 3152 2500 3205 habeantur,
2538 3169 2557 3202 ι
2587 3150 2725 3205 [rem
2749 3164 2818 3205 ει
2848 3150 2989 3205 nmo
3027 3164 3083 3204 ιν
3113 3147 3353 3202 Nestori;
3380 3146 3620 3203 homini-

332 3239 733 3311 Chtysaphium
768 3238 1113 3303 Eunuchum,
1142 3237 1404 3307 potentia,
1447 3237 1523 3292 ita
1561 3236 1756 3307 exiguo
1790 3244 1930 3290 tem-

334 3347 453 3402 pore
491 3330 899 3386 incredibiliter
935 3329 1200 3383 invaluit:
1232 3344 1360 3383 nam
1397 3337 1453 3383 et
1488 3327 1783 3398 rEgyptum
1818 3329 1933 3384 fere

336 3433 497 3478 totam
540 3422 800 3486 obtinuit,
841 3428 1063 3493 propter
1097 3418 1288 3490 Cyrilli
1320 3433 1551 3482 nomen;
1588 3428 1645 3473 et
1672 3420 1937 3472 Constan-

339 3513 558 3582 tinopoli
587 3512 866 3567 dominata
885 3520 991 3576 est,
1019 3518 1240 3580 prapter
1256 3508 1691 3579 Chrysaphium;
1720 3518 1777 3563 et
1795 3509 1936 3578 apud

336 3604 625 3660 Monachos
665 3604 905 3660 Orientis
945 3603 1084 3659 altas
1122 3603 1234 3674 egit
1274 3602 1519 3667 radices,
1562 3601 1633 3656 ob
1673 3601 1936 3673 Eutychis

339 3696 582 3754 Monachi
619 3696 843 3764 famam,
884 3712 948 3753 ac
986 3697 1224 3767 speciem
1260 3695 1593 3750 sanctitatis.

399 3784 486 3843 IX.
522 3787 829 3843 Damnatus
862 3795 946 3843 est
979 3785 1442 3855 Constantinopoli
1482 3786 1716 3855 primum
1748 3801 1779 3840 a
1815 3801 1934 3842 san-

334 3883 411 3929 cto
433 3874 732 3941 Flaviano;
753 3876 954 3931 deinde
979 3875 1162 3929 Romae
1186 3890 1216 3928 a
1243 3875 1422 3929 Leone
1447 3873 1670 3944 Magno;
1699 3874 1932 3944 denique

336 3968 674 4022 Calchedone
705 3982 736 4021 a
771 3966 1045 4022 sexcentis
1080 3974 1136 4020 et
1172 3965 1391 4036 triginta
1438 3964 1729 4021 Patribus:
1762 3974 1934 4020 extm-

336 4066 556 4129 ctusque
586 4057 760 4112 videri
802 4064 933 4111 tunc
973 4057 1261 4126 potuit,'et
1285 4072 1474 4112 revera
1505 4066 1644 4123 erat,
1681 4058 1787 4112 nisi
1825 4057 1932 4114 alte

338 4151 527 4207 animis
564 4149 844 4203 hominum
887 4148 956 4203 de
995 4147 1156 4218 vulgo
1188 4148 1474 4203 insedisset
1508 4163 1646 4203 vana
1683 4150 1930 4218 quaedam

335 4242 527 4308 opinio,
573 4241 717 4293 inter
751 4239 1013 4310 Eutychis
1050 4247 1105 4294 et
1141 4237 1372 4293 Nestorii
1410 4248 1594 4308 partes
1638 4240 1773 4295 nihil
1812 4255 1932 4295 esse

338 4334 590 4397 medium,
635 4340 692 4386 et
719 4346 846 4388 eum
881 4333 975 4403 qui
1005 4333 1141 4387 duas
1175 4340 1398 4387 naturas
1431 4330 1722 4398 fateretur,
1758 4334 1933 4388 adhat—

338 4438 444 4479 rere
474 4424 769 4489 Nestorio;
807 4424 899 4493 qui
932 4436 1094 4478 unam
1120 4437 1432 4494 personam,
1470 4423 1698 4493 Eutychi
1731 4440 1746 4479 :
1776 4432 1932 4478 natu-

335 4529 442 4571 ram
470 4516 624 4572 enim
646 4529 677 4568 a
705 4525 958 4585 persona,
980 4516 1084 4570 hoc
1110 4516 1166 4571 in
1189 4515 1428 4586 negotio,
1463 4515 1653 4587 vulgus
1674 4529 1783 4570 non
1810 4518 1925 4571 dis-

335 4613 608 4666 cernebat.

399 4699 459 4755 li.
525 4700 659 4756 Post
692 4700 978 4756 concilium
1014 4698 1456 4755 Calchedonense
1496 4698 1690 4754 Oriens
1725 4707 1837 4753 tres
1872 4699 1927 4753 in

333 4801 505 4861 partes
537 4793 742 4847 scissus
761 4803 845 4847 est
870 4806 885 4845 :
912 4806 1039 4846 nam
1060 4790 1285 4845 Concilii
1310 4789 1677 4845 definitionem
1704 4791 1793 4845 alii
1812 4807 1927 4846 om-

335 4882 453 4936 nino
500 4881 839 4951 rejecerunt,
899 4882 988 4936 alii
1036 4882 1258 4936 omnino
1304 4866 1929 4950 receperuntznonnulli

336 4973 527 5039 partim
571 4972 913 5042 reiecerunt,
951 4973 1151 5043 partim
1207 4980 1527 5043 receperunt
1559 4990 1572 5025 :
1608 4982 1930 5043 receperunt

336 5063 474 5116 omni
492 5078 565 5119 ex
585 5072 741 5133 parte
763 5063 1046 5130 Catholici,
1066 5062 1390 5135 Eutychiani
1413 5064 1559 5120 omni
1577 5080 1645 5119 ex
1665 5074 1822 5136 parte
1842 5080 1930 5119 re-

330 5151 598 5222 iecerunt;
631 5156 848 5211 tertiam
882 5156 1027 5210 viam
1062 5156 1290 5225 ingressi
1325 5165 1486 5222 sunt,
1530 5157 1619 5226 qui
1656 5174 1689 5213 a
1724 5157 1927 5213 Graecis

345 5245 721 5325 διακρινόμενα,
754 5264 784 5303 a
819 5248 1028 5302 Latinis
1062 5248 1382 5305 Blesitantes
1417 5250 1546 5305 dicti
1578 5264 1685 5305 :ex
1720 5251 1804 5305 his
1837 5266 1928 5305 or-

341 5345 452 5393 tum
482 5338 844 5395 Monothelita:
884 5339 1208 5395 habuerunt.

408 5430 500 5486 XI.
558 5430 813 5487 Nonnulli
844 5432 987 5486 enim
1013 5473 1029 5500 ,
1067 5448 1192 5489 cum
1236 5436 1525 5492 autoritate
1562 5436 1786 5493 Concilii
1829 5454 1926 5495 co-

342 5545 612 5606 gerentur,
637 5542 773 5595 duas
798 5535 957 5592 fateri
983 5536 1037 5590 in
1057 5531 1275 5589 Christo
1297 5539 1537 5598 naturas,
1564 5530 1671 5586 καθ’
1694 5533 1923 5589 ὑπόστα-

338 5649 415 5683 σιν
441 5632 642 5698 unitas,
674 5648 775 5688 nec
796 5632 970 5687 adhuc
993 5636 1170 5685 tamen
1198 5626 1572 5698 deposuissent
1594 5625 1775 5681 animo
1795 5644 1927 5697 pne-

315 5716 567 5781 ltlicium
591 5724 718 5779 illud
744 5720 1233 5793 Apollinarii,qnod
1254 5718 1489 5802 Cyrillus
1516 5717 1684 5797 refert
1706 5718 1758 5773 in
1781 5718 1917 5796 Apo-

1955 4480 2008 4540 D

2030 3243 2187 3307 colae,
2220 3259 2382 3313 quem
2423 3244 2706 3313 inscripsit
2733 3240 3010 3314 praeclara:
3055 3239 3384 3296 initiationis
3416 3243 3628 3313 (ὶπιγα-

2030 3338 2148 3392 νοῦς
2169 3334 2452 3404 μυήσεως).
2485 3332 2804 3387 lncoufusas
2853 3329 3192 3386 custodimus
3225 3336 3473 3394 naturas,
3515 3342 3627 3385 non

2032 3425 2331 3478 secundum
2344 3425 2705 3478 substantiam
2729 3424 2926 3486 unitas,
2953 3424 3047 3477 sed
3069 3422 3379 3485 voluntate;
3406 3429 3626 3491 propter

2034 3515 2179 3584 quod
2204 3528 2392 3568 earum
2420 3528 2584 3566 unam
2627 3512 2981 3575 voluntatem,
3010 3509 3407 3578 operationem,
3439 3517 3496 3563 et
3526 3510 3624 3566 do-

2036 3606 2389 3661 minationem
2412 3605 2727 3669 statuimus,
2743 3601 3023 3673 dignitatis
3042 3600 3354 3670 aequalitate
3375 3607 3617 3656 ostensa.

2033 3695 2177 3751 Deus
2222 3696 2367 3750 enim
2400 3694 2640 3751 Verbum
2670 3706 2977 3754 assumens,
3007 3705 3170 3763 quem
3215 3689 3620 3760 praedestinavit

2034 3788 2330 3853 hominem,
2361 3800 2462 3859 per
2487 3786 2775 3857 potestatis
2805 3786 3096 3851 rationem,
3125 3783 3195 3839 ad
3226 3798 3353 3839 eum
3385 3798 3495 3839 non
3536 3793 3622 3840 est

2033 3887 2295 3944 secretus,
2329 3886 2551 3948 propter
2577 3876 2941 3947 praestitutum
2972 3875 3249 3931 allectum.
3286 3895 3305 3928 ι

2102 3969 2239 4027 XIV.
2280 3969 2453 4036 Quam
2482 3983 2611 4023 vero
2639 3966 2974 4022 voluntatem
3016 3966 3383 4024 Monothelitae
3420 3965 3619 4021 intelli-

2030 4074 2238 4137 gerent,
2269 4071 2324 4118 et
2363 4064 2615 4119 humanae
2660 4070 2868 4116 naturae
2897 4060 3272 4127 detraherent,
3303 4060 3618 4114 facultatem

2031 4159 2202 4229 ipsam
2230 4156 2466 4221 valendi,
2495 4171 2565 4210 an
2595 4154 2768 4211 solam
2789 4154 3190 4224 operationem,
3223 4153 3500 4222 disputant
3530 4158 3615 4206 re-

2032 4252 2302 4307 centiores
2342 4248 2613 4320 theologi;
2662 4250 2758 4304 sed
2785 4248 3081 4313 immerito,
3124 4253 3184 4300 ut
3228 4246 3360 4300 mihi
3395 4246 3615 4315 quidem

2032 4343 2247 4397 videtur
2290 4359 2305 4395 :
2338 4340 2768 4395 controversiam
2810 4339 2955 4393 enim
2995 4337 3145 4402 fidei,
3187 4350 3416 4405 eamque
3441 4335 3614 4403 maxi:

2036 4445 2197 4493 niam,
2228 4431 2601 4499 imprudenter
2622 4435 2881 4483 revocant
2907 4426 2975 4481 ad
3003 4426 3176 4480 levem
3203 4424 3347 4479 illam
3377 4426 3607 4496 philoso-

2035 4521 2267 4591 phorum
2303 4518 2682 4589 quaestionem,
2726 4524 2909 4571 utrum
2956 4514 3247 4570 facultates
3282 4516 3479 4573 animm
3530 4530 3620 4572 rc-

2032 4614 2147 4683 ipsa
2188 4609 2442 4666 dill‘erant
2500 4610 2569 4664 ab
2602 4609 2773 4678 ipsius
2821 4607 3163 4672 substantia;
3209 4608 3255 4661 si
3304 4609 3450 4663 enim
3503 4624 3613 4666 non

2030 4704 2303 4767 differant,
2359 4702 2451 4772 qui
2477 4701 2653 4772 possit
2703 4701 2896 4756 abesse
2943 4699 3158 4755 volendi
3217 4698 3476 4769 facultas,
3522 4700 3630 4758 ubi.

2028 4796 2208 4849 anima
2243 4794 2370 4849 est?

2098 4886 2215 4943 XV.
2258 4886 2521 4941 Volebant
2552 4885 2736 4957 igitur,
2788 4885 2842 4940 in
2873 4899 2982 4956 quo
3028 4895 3184 4940 erant
3212 4885 3476 4954 haeretici,
3509 4886 3612 4959 hu-

2029 4995 2247 5035 manam
2292 4980 2349 5035 in
2393 4978 2616 5035 Christo
2644 4985 2897 5033 naturam
2928 4994 3048 5034 esse
3078 4980 3502 5036 instrumentum
3529 4980 3614 5036 di-

2029 5074 2169 5129 vinae
2216 5086 2460 5143 personae
2502 5086 2518 5126 :
2550 5072 2992 5136 instrumentum,
3023 5070 3267 5149 inquam,
3317 5086 3426 5127 non
3466 5069 3612 5139 quod

2028 5173 2211 5237 ageret
2237 5179 2358 5219 cum
2402 5172 2679 5235 ageretur,
2726 5173 2788 5218 ut
2817 5163 2985 5219 sentit
3012 5163 3291 5229 Ecclesia,
3322 5163 3419 5219 sed
3464 5160 3612 5229 quod

2028 5266 2281 5326 ageretur
2324 5262 2557 5319 tantum,
2590 5263 2685 5308 aut
2732 5254 2915 5324 potius
2953 5262 3249 5324 pateretur,
3303 5254 3480 5307 instar
3530 5249 3610 5302 in-

2028 5358 2451 5405 strumentorum
2499 5347 2625 5401 vitae
2652 5345 2979 5417 eXpertium,
3023 5362 3145 5416 quae
3175 5360 3239 5400 ex
3283 5358 3362 5405 se,
3403 5353 3612 5407 suoque

2026 5440 2247 5512 proprio
2273 5448 2422 5495 motu
2449 5447 2614 5508 agunt
2640 5436 2792 5502 nihil,
2824 5437 2918 5491 sed
2945 5450 3079 5505 pure
3120 5432 3401 5509 patiuntur
3427 5427 3498 5482 ab
3523 5442 3612 5512 at?-

2024 5535 2185 5590 tilice.

2096 5627 2232 5681 XVI.
2284 5626 2362 5680 Ita
2411 5640 2542 5680 vero
2581 5624 2626 5678 si
2677 5622 2968 5677 constituta
3012 5618 3083 5671 sit
3132 5609 3603 5668 Monothelitarum

2029 5719 2275 5781 laci-esis,
2313 5726 2615 5773 consonant
2672 5710 2901 5766 mil-ilice
2944 5706 3155 5773 omnia,
3212 5718 3333 5776 quae
3375 5704 3455 5761 vel
3495 5704 3604 5777 ipsi
