3990 6184
326 274 421 330 {3'1

1599 270 1690 321 AD
1728 268 1986 324 LIBRUM
2029 269 2338 325 DIllIt'tVL‘M

3476 279 3580 334 ιῖῑῖ

326 403 425 458 pro
458 401 516 441 se
560 383 810 448 afferunt,
846 382 930 438 vel
970 383 1101 454 ipsis
1140 382 1400 438 Catholici
1447 379 1727 446 objiciunt.
1770 380 1899 433 Pro-
1926 386 1977 442 Α
2002 381 2188 435 nitatis
2211 380 2485 451 ὁμοουσίου
2513 378 2914 451 impugnatores
2939 390 3237 448 assumunt,
3257 384 3350 439 ubi
3364 403 3468 442 una
3495 402 3580 446 est

328 477 512 531 ferunt
543 475 616 529 illi
648 491 745 545 pro
777 491 836 530 se
860 475 966 530 duo
987 475 1347 543 potissimum,
1379 487 1571 542 nempe
1597 471 1759 540 quod.
1781 488 1903 526 cum

329 572 400 625 ita
437 569 597 639 178
624 569 882 631 sentiunt,
916 575 968 620 et
995 582 1023 619 a
1051 565 1316 618 damnatis
1346 566 1397 618 in
1425 563 1655 618 concilio
1682 563 1904 617 Chalce-

329 657 554 712 tlonensi
604 655 873 710 hmreticis
923 653 1178 708 recedant
1205 652 1382 721 longe,
1412 661 1466 705 et
1493 649 1696 705 Christi
1733 651 1904 721 digni-

329 748 453 810 tati,
482 755 540 799 ut
579 746 669 814 qui
701 744 955 807 maxime,
994 742 1296 797 consulant.

399 836 560 891 XVII.
602 834 847 891 Damnati
881 843 1028 898 sunt,
1060 833 1395 903 inquiebant,
1421 834 1473 886 in
1503 832 1744 889 Concilio
1784 832 1904 888 Cal-

329 925 655 982 chedonensi
698 923 882 986 Arius,
931 921 1317 992 Apollinarius,
1375 923 1678 988 Nestorius,
1734 924 1900 994 Euty—

331 1017 491 1077 cbes,
531 1023 586 1068 et
635 1011 971 1068 confusionis
1019 1022 1178 1067 autor
1205 1013 1482 1067 Polemon.
1524 1014 1604 1068 Ab
1638 1015 1724 1068 his
1755 1027 1903 1068 rece-

327 1107 504 1161 dimus
529 1104 710 1174 longe,
764 1112 820 1159 et
861 1105 931 1158 ab
975 1104 1107 1159 Ario
1155 1104 1372 1173 quidem
1417 1120 1482 1159 ac
1532 1104 1897 1173 Apollinario,

326 1198 582 1267 quoniam
634 1197 690 1250 in
742 1195 963 1251 Christo
992 1206 1217 1252 naturas
1269 1197 1404 1251 duas
1450 1197 1687 1266 integras
1725 1197 1902 1266 perfe-

324 1298 549 1359 ctasque
587 1288 849 1354 fatemur;
897 1289 964 1341 ab
994 1288 1114 1342 aliis
1141 1297 1344 1353 autem,
1390 1297 1678 1358 propterea
1717 1288 1858 1357 quod
1883 1330 1896 1351 ,

324 1390 379 1438 et
406 1383 707 1436 unitionem
736 1381 1132 1452 hypostaticam
1172 1389 1489 1435 naturarum
1532 1373 1896 1443 admittimus,

323 1481 514 1529 contra
560 1472 898 1537 Nestorium;
930 1480 983 1525 et
1012 1479 1134 1541 post
1160 1472 1458 1526 unitionem
1497 1480 1722 1525 naturas
1765 1470 1901 1524 duas

325 1565 691 1634 agnoscimus,
735 1562 993 1618 adversus
1039 1562 1370 1631 Eutychem;
1424 1570 1480 1616 et
1525 1559 1901 1616 confusionem

325 1666 645 1711 naturarum
675 1654 967 1725 rejicimus,
1001 1662 1188 1709 contra
1216 1653 1580 1708 Polemonem.

2010 473 2272 541 operatio,
2307 487 2410 527 una
2440 488 2650 542 quoque
2700 482 2892 527 natura
2937 464 3059 528 est:
3095 483 3151 528 et
3177 475 3410 546 denique
3452 497 3578 542 cum

2006 559 2359 625 Nestorianis,
2392 563 2624 616 humana
2652 562 2918 632 siquidem
2949 563 3152 618 Christi
3178 575 3393 635 natura,
3423 571 3466 625 si
3489 589 3579 628 vo-

2006 649 2212 704 luntate
2237 652 2473 719 propria,
2491 666 2611 720 qua:
2636 650 2827 716 libera,
2853 661 3059 718 careat,
3079 669 3289 709 merum
3310 668 3395 714 est
3414 661 3576 716 Verbi

2004 740 2168 793 divini
2203 740 2637 805 instrumentum,
2667 742 2999 810 operationis
3043 745 3310 800 naturalis
3349 763 3572 817 expers;

2004 828 2356 898 Christusque
2403 829 2546 884 aliud
2599 830 2730 884 nihil
2767 837 2872 896 est,
2917 847 3080 902 quam
3124 834 3287 891 homo
3317 852 3347 890 a
3403 837 3576 894 Verbo

2003 921 2382 992 ἕνεργούμενος.

2077 1008 2236 1062 XXII.
2276 1009 2480 1064 Deinde
2503 1009 2703 1064 clamat
2728 1011 3019 1081 Apostolus
3047 1013 3284 1069 debuisse
3311 1013 3576 1072 Christum

2001 1117 2093 1169 per
2117 1101 2291 1154 omnia
2320 1100 2572 1169 fratribus
2605 1101 2827 1156 similari
2853 1102 3009 1174 (Heb.
3040 1119 3102 1168 tl,
3131 1121 3177 1158 υ.
3211 1105 3319 1175 I7),
3349 1117 3577 1177 excepto

2001 1200 2242 1258 peccato,
2270 1199 2330 1244 ut
2354 1191 2783 1260 interpretantur
2825 1191 3013 1247 Patres
3057 1211 3070 1247 :
3109 1209 3216 1249 non
3247 1197 3421 1264 potuit
3446 1213 3579 1254 vero

2002 1287 2154 1333 tanta
2180 1279 2470 1335 similitudo
2498 1279 2853 1345 intercedere,
2884 1281 2930 1336 si
2971 1282 3191 1338 Christo
3215 1284 3407 1350 defuit,
3431 1288 3576 1356 quod

2003 1368 2056 1423 in
2085 1368 2204 1422 aliis
2252 1368 2759 1438 praestantissimum
2810 1377 2894 1424 est
2922 1369 3291 1439 αὐτεξούσιον,
3363 1374 3416 1428 id
3468 1384 3573 1438 est,

2001 1459 2242 1526 operatio
2274 1458 2466 1511 animae
2493 1458 2768 1515 rationalis
2797 1461 3036 1528 propria.

2073 1546 2257 1605 XXIII.
2292 1546 2484 1601 Postea
2519 1548 2826 1609 lncarnatio
2871 1559 3090 1619 peracta
3135 1561 3218 1607 est
3246 1568 3312 1612 eo
3341 1553 3464 1616 fine,
3515 1563 3578 1609 ut

2005 1637 2326 1697 liberaretur
2356 1639 2516 1698 homo
2551 1654 2581 1702 a
2607 1640 2869 1695 servitute
2897 1643 3108 1710 peccati
3149 1657 3164 1696 :
3209 1644 3256 1698 si
3281 1658 3412 1714 ergo
3443 1644 3577 1701 Vere

400 1749 579 1805 xvut.
619 1750 701 1805 Ad
732 1750 1050 1819 dignitatem
1097 1748 1336 1814 Christi,
1374 1747 1516 1818 quod
1544 1749 1650 1802 huc
1677 1747 1899 1811 attinet,
1931 1748 1977 1807 Β
2005 1733 2130 1788 bum
2161 1733 2487 1788 voluntatem
2511 1733 2801 1787 humanam
2821 1748 2928 1788 non
2952 1735 3260 1804 assumpsit.
3285 1750 3406 1790 eam
3430 1744 3580 1792 certo

326 1841 534 1894 faciunt
562 1839 860 1908 praesertim
887 1839 1010 1903 duo,
1035 1839 1239 1904 unitas,
1268 1847 1432 1908 atque
1453 1838 1898 1908 impeccabilitas.

328 1933 533 1988 Unitati
556 1931 840 1986 consulere
877 1931 978 1985 sibi
1010 1929 1372 1984 Monothelitae
1395 1931 1752 1984 videbantur:
1791 1929 1904 1996 pri-

324 2039 493 2088 mum,
524 2022 666 2092 quod
707 2023 800 2076 uni
827 2023 1109 2091 eidemque
1137 2023 1313 2078 Verbo
1343 2022 1643 2077 tribuerent
1669 2022 1851 2076 omnia
1879 2060 1894 2083 ,

324 2129 445 2183 quae
469 2114 726 2170 dicuntur
750 2113 815 2167 de
839 2113 1077 2179 Christo,
1102 2114 1333 2168 humana
1361 2123 1416 2168 et
1440 2113 1642 2166 divina.
1676 2111 1899 2177 Deinde,

322 2205 464 2273 quod
494 2220 600 2259 non
630 2204 932 2260 dividerent
956 2219 1119 2258 voces
1160 2203 1510 2275 Evangelicas
1541 2211 1596 2257 et
1618 2200 1893 2270 Apostoli-

325 2310 420 2350 eas
469 2295 536 2350 de
574 2295 808 2350 Christo.
859 2295 1127 2364 Denique,
1173 2295 1317 2364 quod
1346 2296 1516 2349 Deum
1561 2307 1685 2347 vere
1715 2299 1902 2346 natum

327 2387 395 2441 tle
419 2385 641 2454 Virgine
663 2393 991 2449 assererent,
1020 2399 1255 2452 vereque
1282 2400 1501 2454 passum
1525 2395 1578 2438 et
1606 2391 1896 2439 mortuum.

400 2475 539 2532 XIX.
580 2477 1090 2546 Impeccabilitatem
1120 2477 1320 2531 Christi
1352 2477 1572 2531 illmsam
1604 2491 1822 2531 servare
1842 2491 1900 2532 se

323 2567 627 2636 jactahant,
656 2583 779 2621 cum
809 2568 1016 2637 peccati
1049 2568 1288 2622 radicem
1315 2583 1532 2630 omnem
1563 2569 1860 2624 evellerent
1883 2609 1898 2634 ,

327 2673 559 2726 pugnam
603 2657 812 2712 scilicet
835 2656 1160 2725 iudiciorum
1193 2667 1248 2713 et
1302 2659 1661 2714 voluntatum.
1717 2658 1903 2728 Neque

327 2747 474 2799 enim
535 2747 669 2804 duas
720 2747 775 2800 in
819 2747 1038 2803 Christo
1091 2750 1436 2818 operationes
1491 2748 1902 2817 voluntatesque

327 2837 638 2906 ponebant,
679 2839 775 2892 sed
813 2837 1028 2892 unicam
1062 2878 1078 2904 ,
1123 2854 1243 2908 quae
1284 2840 1380 2894 Dei
1423 2839 1604 2894 foret:
1649 2839 1728 2894 sic
1757 2838 1900 2892 enim

329 2928 814 2982 ratiocinabantur.
862 2928 1120 2984 Voluntas
1164 2944 1229 2982 eo
1260 2929 1376 2998 ipso
1405 2929 1550 2999 quod
1582 2937 1766 2984 creata
1809 2928 1900 2993 sit,

327 3017 618 3086 peccabilis
651 3026 734 3072 est
775 3035 788 3072 :
837 3019 882 3073 si
930 3033 1036 3088 qua
1081 3019 1243 3089 igitur
1278 3019 1542 3090 ejusmodi
1589 3020 1643 3073 in
1684 3017 1902 3074 Christo

2006 1838 2112 1878 non
2145 1822 2408 1887 liberavit,
2461 1837 2586 1876 cum
2615 1829 2792 1876 tamen
2825 1836 2890 1875 ea
2929 1821 3010 1876 vel
3053 1823 3306 1889 maxime,
3349 1823 3434 1878 vel
3462 1824 3575 1882 sola

2004 1929 2100 1983 per
2142 1929 2200 1968 se
2239 1913 2488 1977 serviret,
2520 1912 2715 1982 quippe
2759 1926 2880 1980 quae.
2907 1912 3124 1981 proprie
3168 1912 3280 1967 sola
3322 1928 3412 1967 rea
3451 1921 3573 1976 est;

2006 2006 2240 2060 Verbum
2265 2005 2407 2061 enim
2437 2018 2543 2063 non
2575 2003 2826 2058 liberavit
2856 2003 2960 2056 nisi
2990 2003 3134 2072 quod
3160 2003 3470 2072 assumpsit,
3505 2001 3570 2056 Ii-

2002 2095 2211 2150 beratio
2239 2094 2502 2150 siquidem
2528 2091 2755 2148 efﬁcitur
2776 2097 2906 2148 κατὰ
2934 2094 2990 2158 τὸ
3015 2095 3266 2163 συμφυές.
3296 2101 3355 2147 ut
3384 2093 3582 2160 docent

2003 2186 2211 2241 Patres.

2075 2276 2258 2331 XXIV.
2301 2275 2540 2344 Denique
2577 2265 2842 2328 retlimere
2886 2271 3134 2332 Christus
3181 2272 3424 2326 homines
3468 2285 3574 2324 non

2003 2369 2196 2438 potuit,
2231 2368 2336 2423 nisi
2385 2368 2581 2423 merito
2628 2376 2682 2420 et
2723 2364 3126 2429 satisfactione;
3184 2364 3389 2418 nullum
3445 2378 3578 2417 vero

2003 2467 2087 2513 est
2139 2458 2413 2523 meritum,
2467 2456 2610 2510 nulla
2660 2453 2979 2520 satisfactio,
3029 2454 3121 2508 ubi
3149 2452 3293 2507 nulla
3333 2452 3577 2521 operatio

2003 2558 2184 2606 creata
2218 2549 2384 2603 libera
2415 2566 2427 2600 :
2461 2562 2588 2602 nam
2616 2546 2812 2600 mereri
2862 2553 2917 2600 et
2958 2543 3273 2599 satisfacere
3302 2541 3579 2606 inferioris

2002 2651 2107 2707 est,
2131 2641 2224 2712 qui
2270 2640 2438 2700 libere
2463 2639 2702 2693 actiones
2729 2635 3116 2706 passionesque
3161 2633 3381 2689 idoneas
3409 2647 3570 2702 supe-

2003 2731 2134 2787 riori
2159 2728 2363 2784 offenso
2387 2727 2660 2795 exhibeat,

2075 2822 2238 2878 XXV.
2255 2822 2332 2877 Ex
2348 2821 2431 2877 his
2444 2827 2672 2885 constat,
2687 2835 2807 2890 quae
2818 2818 2979 2875 fuerit
2993 2816 3276 2874 Monotheli
3286 2825 3460 2870 tarum
3473 2815 3572 2869 ha}.

2004 2917 2168 2972 resis:
2203 2915 2475 2987 negabant
2500 2912 2708 2967 scilicet
2731 2911 2895 2965 ullam
2923 2924 3043 2966 esse
3066 2909 3118 2963 in
3147 2908 3361 2964 Christo
3389 2907 3578 2960 volun-

2005 3017 2172 3063 tatem
2201 3007 2427 3063 liberam
2454 3012 2650 3076 prteter
2680 3003 2936 3064 divinam,
2972 3016 3092 3072 qua:
3139 2999 3430 3054 humanam
3467 3013 3577 3051 mo-

327 3121 585 3181 ponatur,
618 3112 866 3167 Christus
889 3088 1182 3183 peccabilis
1209 3088 1406 3168 dicitur
1432 3131 1445 3166 :
1479 3128 1586 3166 non
1615 3121 1700 3167 est
1726 3118 1903 3166 autem

2014 3107 2179 3163 veret,
2205 3105 2267 3152 ut
2299 3110 2491 3168 purum
2517 3095 2932 3149 instrumentum
2963 3088 3176 3144 artifex.

332 3203 629 3275 tteccabilis
667 3202 917 3258 Christus
947 3221 960 3256 :
1006 3219 1112 3258 non
1146 3211 1231 3258 est
1279 3204 1442 3272 igitur
1470 3203 1525 3257 in
1563 3217 1630 3257 eo
1660 3201 1906 3256 voluntas

326 3301 531 3346 creata.
565 3293 768 3348 Deinde
797 3284 1121 3362 ubicumque
1169 3301 1295 3348 sunt
1321 3292 1629 3347 voluntates
1653 3291 1772 3344 dure
1797 3329 1812 3354 ,
1851 3296 1907 3343 et

327 3383 431 3437 illa:
456 3383 674 3452 quidem
698 3385 926 3438 duarum
945 3383 1306 3440 differentium
1322 3392 1636 3438 naturarum
1649 3381 1902 3453 propriae,

325 3483 503 3540 potest
539 3488 658 3532 esse
699 3490 910 3545 pugna;
960 3476 1038 3530 sic
1097 3477 1244 3531 enim
1292 3476 1348 3530 in
1391 3475 1608 3530 homine
1657 3474 1906 3528 voluntas

325 3563 507 3618 carnis
549 3573 605 3621 et
636 3565 884 3624 voluntas
925 3565 1151 3636 spiritus
1177 3574 1438 3636 pugnant.
1490 3565 1740 3636 Pugnare
1777 3579 1905 3619 vero

326 3653 660 3709 voluntatem
717 3656 1012 3712 humanam
1072 3672 1196 3710 cum
1248 3657 1448 3722 divina,
1493 3671 1720 3726 peccare
1764 3664 1847 3709 est
1887 3673 1900 3707 :

325 3758 555 3813 peccare
604 3745 766 3813 igitur
791 3752 978 3812 posset
1005 3745 1256 3800 Christus
1283 3784 1298 3810 ,
1338 3745 1383 3798 si
1429 3746 1715 3800 humanam
1744 3744 1906 3798 habe-

327 3845 412 3889 ret
450 3836 787 3896 voluntatem
836 3854 848 3889 :
896 3851 1124 3905 peccare
1159 3844 1339 3892 autem
1383 3851 1490 3890 non
1531 3844 1746 3905 potest,
1798 3851 1904 3890 non

328 3924 492 3981 habet
522 3925 687 3994 igitur
711 3925 1005 3983 humanam
1030 3925 1384 3982 voluntatem.

402 4015 518 4072 XX.
559 4014 686 4077 Iltec
710 4031 808 4086 pro
850 4031 910 4072 se
947 4017 1213 4084 haeretici,
1251 4015 1511 4073 Catholici
1555 4031 1681 4072 vero
1707 4025 1907 4085 praeter

327 4106 513 4161 varios
547 4106 844 4178 Scriptura:
886 4108 1055 4174 locos,
1089 4109 1286 4178 quibus
1311 4110 1546 4177 humana
1590 4109 1644 4162 in
1688 4106 1906 4162 Christo

329 4194 511 4251 anima
533 4197 888 4269 voluntasque
907 4198 1190 4269 probatur,
1215 4199 1542 4270 objiciebant
1568 4198 1906 4268 potissimum

328 4297 582 4359 quatuor.
635 4306 674 4346 ι.
705 4290 859 4358 Quod
903 4291 1064 4348 unius
1111 4291 1402 4361 voluntatis
1446 4298 1744 4346 assertores
1784 4303 1906 4343 cum

329 4377 576 4445 Ducetis,
608 4380 1160 4455 Apollinarianisque,
1191 4391 1248 4438 et
1272 4382 1627 4446 Nestorianis,
1661 4396 1724 4434 ac
1744 4380 1908 4452 buty-

328 4471 540 4527 chianis
587 4473 872 4541 sentirent.
924 4490 985 4542 ιι.
1037 4473 1191 4542 Quod
1239 4481 1606 4545 repugnarent
1648 4469 1906 4542 Apostolo

325 4562 603 4619 Christum
638 4565 871 4636 docenti,
900 4565 1163 4622 fratribus
1207 4582 1304 4638 per
1329 4566 1512 4620 omnia
1557 4564 1796 4619 similem
1825 4561 1906 4617 fa-

326 4661 497 4719 ctum,
524 4663 722 4724 prreter
746 4666 1048 4727 peccatum.
1082 4673 1163 4712 ιιι.
1195 4657 1344 4724 Quod
1366 4653 1756 4711 Incarnationis
1784 4667 1908 4722 per—
1929 4655 1941 4664 '

324 4744 614 4800 lectionem
644 4746 894 4802 tollerent
945 4764 1019 4802 tv.
1069 4747 1222 4814 Quod
1267 4748 1597 4816 perimerent
1624 4743 1906 4798 veritatem

328 4835 716 4909 redemptionis
752 4837 1031 4909 hominum
1064 4852 1161 4907 per
1198 4836 1491 4891 Christum.

398 4923 541 4977 XXI.
582 4922 926 4991 Obiiciebant
952 4926 1056 4981 ista
1078 4925 1361 4990 Catholici,
1389 4925 1660 4994 paradoxe
1686 4924 1900 4992 quidem

328 5020 384 5073 in
420 5019 678 5088 speciem,
709 5019 802 5074 sed
832 5020 1009 5090 reipsa
1041 5036 1204 5076 vere:
1235 5020 1583 5090 quantumvis
1610 5021 1754 5074 enim
1780 5035 1903 5074 ver-

326 5109 414 5164 bis
465 5109 755 5165 catholicis
804 5111 1040 5166 hteretici
1079 5126 1318 5166 errorem
1343 5109 1768 5176 dissimularent,
1812 5125 1901 5165 re-

327 5216 454 5254 vera
488 5210 664 5274 tamen
713 5203 1037 5268 sentiebant,
1067 5212 1122 5259 et
1157 5220 1282 5258 cum
1325 5203 1560 5267 Docetis,
1611 5202 1799 5258 saltem
1834 5217 1900 5257 ex

327 5302 503 5365 parte,
538 5292 825 5348 videbatur
852 5294 995 5349 enim
1038 5309 1158 5351 esse
1187 5297 1424 5350 humana
1462 5294 1517 5350 in
1545 5294 1763 5349 Christo
1808 5307 1904 5346 vo—

328 5380 526 5448 luntas,
559 5399 680 5455 qua:
708 5383 850 5440 nulla
887 5394 1046 5440 erat:
1093 5396 1146 5441 et
1187 5385 1348 5459 179
1374 5401 1497 5440 cum
1539 5383 1901 5455 Apollinari;-

332 5475 437 5541 nis.
462 5480 588 5549 quia
617 5480 708 5535 ubi
736 5487 820 5536 est
847 5489 1040 5535 natura
1088 5480 1314 5535 rationis
1345 5479 1640 5551 particeps,
1683 5489 1903 5532 necesse

333 5573 415 5620 est
435 5569 596 5622 etiam
619 5585 740 5626 esse
760 5572 1058 5627 naturalem
1088 5572 1253 5642 ipsius
1278 5571 1680 5644 Operationem:
1709 5577 1762 5622 et
1780 5583 1901 5622 cum

338 5649 700 5727 feu‘l‘chianis,
729 5663 980 5732 quoniam
1014 5671 1067 5714 ut
1088 5677 1272 5717 omnes
1295 5660 1484 5714 Patres
1511 5658 1764 5714 adversus
1789 5659 1906 5715 Tri-
1953 5683 1958 5686 -

1931 4438 1984 4500 D

2077 3207 2264 3263 XXVI.
2305 3207 2395 3262 Illa
2418 3221 2548 3261 vero
2575 3204 2820 3269 haeresis,
2847 3211 2909 3262 ut
2931 3200 3120 3255 salutis
3148 3199 3397 3253 humanm
3418 3205 3578 3266 caput

2006 3302 2242 3372 petebat,
2279 3301 2353 3354 ita
2389 3297 2791 3355 Catholicorum
2815 3295 3023 3348 animos
3050 3291 3400 3357 vehementer
3421 3303 3572 3343 com-

2007 3394 2176 3448 movit
2205 3410 2218 3446 :
2249 3398 2535 3447 senserunt
2562 3389 2706 3443 enim
2741 3385 2996 3444 continuo
3019 3383 3105 3455 agi
3148 3383 3213 3437 de
3245 3396 3456 3435 summa
3485 3386 3568 3442 to-

2009 3483 2114 3538 tius
2142 3481 2352 3547 salutis,
2383 3488 2438 3535 et
2465 3480 2519 3535 id
2564 3477 2774 3532 occulte
2803 3474 2980 3528 moliri
3007 3474 3324 3535 dazmonem,
3372 3478 3431 3523 ut
3476 3483 3575 3539 per

2005 3575 2282 3629 ministros
2308 3587 2452 3635 suos,
2483 3571 2718 3641 speciem
2745 3566 3146 3640 Catholicorum
3178 3563 3574 3619 Calchedonen-

2006 3679 2120 3718 sem
2166 3663 2324 3717 fidem
2354 3660 2720 3731 proﬁtentium
2764 3657 3072 3725 ementitos,
3103 3654 3452 3725 persuaderet
3473 3667 3574 3722 po-g

2004 3751 2168 3822 pulis,
2199 3757 2293 3806 aut
2318 3750 2462 3820 piam
2493 3763 2614 3805 esse
2641 3748 2801 3804 unius
2838 3743 3167 3815 operationis
3211 3740 3530 3796 sententiam
3555 3777 3573 3804 ,

2007 3856 2102 3901 aut
2129 3844 2482 3915 quzestionem
2511 3843 2577 3898 de
2603 3857 2710 3897 una
2742 3840 2824 3896 vel
2849 3840 3056 3902 duabus
3071 3836 3438 3892 voluntatibus
3456 3849 3576 3891 esse

2005 3938 2195 4001 levem,
2221 3952 2341 4007 quae
2365 3936 2580 3992 silentio
2601 3933 2767 4006 sopiri
2792 3932 3012 3994 deberet
3039 3931 3241 4001 potius,
3265 3943 3426 4000 quam
3454 3943 3577 3987 vere

2005 4029 2089 4084 bis
2117 4029 2328 4099 agitari.

2076 4117 2287 4172 XXVII.
2327 4117 2453 4171 Inde
2479 4115 2700 4182 factum,
2730 4123 2791 4172 ut
2825 4113 3165 4175 Christianus
3193 4111 3342 4167 orbis
3379 4117 3490 4164 tres
3518 4109 3575 4175 in

2005 4219 2188 4280 partes
2234 4208 2602 4272 scinderetur;
2653 4207 2774 4264 aliis
2817 4207 2952 4262 duas
3005 4205 3348 4279 operationes
3389 4202 3576 4272 singu-g

2007 4302 2182 4356 larum
2223 4299 2424 4356 Christi
2472 4307 2791 4354 naturarum
2832 4299 3082 4368 proprias
3124 4294 3570 4359 defendentibus;

2010 4392 2130 4446 aliis
2155 4391 2370 4445 unicam
2400 4389 2597 4459 reipsa,
2629 4403 2858 4458 eamque
2906 4388 3001 4442 Dei
3029 4386 3303 4458 propriam
3345 4382 3573 4437 dicenti-

2008 4483 2141 4547 bus;
2175 4480 2296 4536 aliis
2341 4481 2572 4549 denique
2619 4480 2687 4533 ab
2725 4479 2884 4533 unius
2931 4487 3026 4532 aut
3064 4477 3292 4533 duarum
3340 4473 3574 4544 appella-

2007 4573 2156 4628 tione
2183 4569 2439 4626 abstineri
2466 4567 2788 4632 volentibus,
2819 4567 2975 4638 quasi
3009 4567 3077 4621 ad
3121 4563 3405 4636 ὁρθοδοξίαν
3431 4561 3578 4624 διιῆίτ

2008 4671 2177 4728 ceret,
2208 4659 2525 4731 simpliciter
2562 4659 2932 4728 operationem
2955 4655 3156 4712 Christi
3182 4653 3278 4708 Dei
3318 4661 3374 4706 et
3398 4651 3573 4705 homi-

2009 4753 2096 4807 nis
2123 4750 2410 4821 profiteri;
2457 4756 2652 4804 cretera
2684 4746 3016 4824 enucleatius
3051 4756 3340 4814 exponere,
3390 4755 3574 4809 super-

2011 4840 2174 4895 fluum
2215 4848 2376 4908 atque
2403 4838 2566 4893 ctiam
2596 4837 2836 4892 noxium.
2868 4836 3011 4891 Duas
3052 4833 3357 4887 voluntates
3387 4844 3575 4898 opera-

2005 4932 2286 4999 tionesque
2311 4927 2574 4982 Catholici
2607 4926 2878 4994 dicebant,
2920 4924 3134 4978 unicam
3170 4919 3570 4976 Monothelitaa:

2005 5033 2107 5072 nec
2158 5031 2346 5080 unam,
2381 5028 2482 5067 nec
2519 5014 2653 5067 duas
2680 5013 2787 5070 dici
2837 5012 3057 5076 debere,
3103 5009 3272 5064 edixit
3315 5006 3576 5062 Constan-

2005 5109 2112 5163 tius
2145 5109 2198 5162 in
2235 5107 2405 5176 Typo,
2460 5112 2745 5168 causatus,
2778 5118 2898 5157 eam
2940 5100 3109 5156 fuisse
3158 5098 3380 5154 Honorii
3427 5112 3575 5165 papte

2005 5196 2349 5252 sententiam.
2395 5194 2512 5261 Quo
2546 5194 2669 5264 jure
2711 5193 2766 5247 id
2801 5199 3056 5246 causatus
3086 5190 3178 5262 sit,
3215 5204 3361 5243 nunc
3392 5188 3570 5241 viden-

2006 5288 2150 5343 dum.
2560 5273 2562 5275 ’

2081 5380 2240 5450 180
2283 5377 2514 5433 XXVIII.
2555 5376 2840 5432 Parentum
2877 5383 3038 5430 aetate
3066 5373 3243 5438 multi,
3271 5387 3393 5428 cum
3423 5368 3574 5425 audi~

2008 5479 2128 5526 rent
2166 5471 2453 5526 haereticos
2479 5468 2718 5525 Honorio
2762 5468 2967 5524 crimen
2998 5465 3221 5522 hmresis
3258 5456 3575 5518 Monotlteli-

2007 5573 2183 5617 tarum
2209 5560 2465 5630 obiicere,
2513 5567 2569 5614 et
2595 5561 2900 5631 importune
2925 5570 3219 5626 congerere
3246 5551 3574 5628 testimonia,

2007 5656 2137 5711 falsa
2185 5657 2400 5727 quidem
2449 5659 2645 5726 reipsa,
2692 5649 2784 5704 sed
2816 5645 3111 5718 probabilia
3161 5652 3338 5698 tamen
3370 5641 3420 5695 in
3455 5655 3572 5727 spa-
