3990 6184
349 313 448 370 155

1333 313 1941 371 DISSERTA'I‘IONES.
1981 345 2052 354 —
2088 316 2541 376 DISSER'I‘A'I'IO
2573 318 2638 373 Il.

3489 326 3591 380 «εει

341 427 502 488 clem,
550 420 896 478 crediderunt
923 432 1124 479 temere
1154 439 1264 478 rem
1297 426 1370 478 ita
1407 441 1463 480 se
1510 426 1749 492 habere;
1787 427 1909 495 opi-
1942 428 1991 487 Α
2023 445 2040 477 c
2077 427 2246 483 Unam
2277 429 2608 485 voluntatem
2637 429 2872 486 diximus
2916 430 2967 486 in
2999 433 3253 500 Domino,
3299 450 3408 489 non
3440 436 3589 491 Divi-

341 516 538 585 nioque
586 513 734 568 velut
777 524 1077 570 contestata
1124 516 1378 571 obtinuit.
1423 516 1576 572 Nunc
1609 533 1737 572 vero
1768 527 1912 588 post-

339 620 500 675 quam
528 606 728 674 agitata
751 613 836 658 est
858 603 1165 675 diligentius
1180 609 1526 678 sanctiusque
1545 624 1730 671 causa,
1754 609 1910 678 pauci

341 711 586 761 numero,
637 696 784 766 iique
827 697 910 751 vel
935 707 1199 766 suspecta:
1239 699 1454 755 aliunde
1498 701 1642 763 fidei,
1673 700 1755 754 vel
1802 717 1910 753 non

339 789 588 842 maxima:
616 786 1287 848 auctoritatis.Honorium
1318 792 1716 848 Monothelismi
1758 793 1910 846 dam-

335 886 486 940 nant,
518 879 710 947 reliqui
738 878 874 934 bene
909 882 1062 936 multi
1096 883 1396 938 absolvunt.

406 968 596 1024 XXIX.
631 971 802 1037 Quam
832 973 906 1027 illi
937 973 1336 1029 inconsiderate
1380 975 1641 1037 sentiunt,
1673 983 1786 1028 tam
1829 975 1906 1029 illi

336 1057 728 1128 circumspecte
755 1077 770 1124 ;
807 1077 982 1131 neque.
1005 1063 1150 1116 enim
1177 1063 1334 1116 aliter
1356 1063 1422 1117 de
1452 1065 1747 1132 quastione
1770 1063 1906 1117 scri-

333 1149 444 1217 psit
468 1149 756 1216 Honorius,
795 1167 955 1221 quam
983 1153 1040 1208 S.
1075 1153 1203 1218 Leo,
1237 1155 1340 1208 nisi
1385 1156 1527 1224 quod
1557 1155 1678 1209 fidei
1707 1157 1904 1223 dogma

331 1247 550 1293 sanctus
578 1238 688 1293 Leo
715 1240 934 1295 brevius
955 1243 1319 1311 pressiusque,
1346 1243 1611 1312 prolixius
1634 1244 1903 1299 Honorius

331 1329 600 1397 exposuit.
629 1328 706 1382 Ita
737 1328 795 1383 S.
827 1329 936 1384 Leo
964 1345 979 1384 :
1015 1349 1034 1381 ι
1066 1332 1190 1403 Agit
1216 1341 1444 1401 utraque
1472 1333 1642 1387 forma
1680 1351 1801 1388 cum
1829 1336 1906 1389 al-

331 1417 502 1472 terius
534 1419 931 1485 communione,
963 1422 1105 1490 quod
1131 1422 1408 1490 proprium
1441 1432 1554 1487 est;
1598 1425 1774 1481 Verbo
1799 1427 1905 1481 sci-

328 1506 453 1563 licet
479 1519 754 1577 operante,
783 1512 927 1580 quod
954 1512 1112 1566 Verbi
1141 1521 1261 1579 est;
1293 1522 1346 1568 et
1387 1529 1552 1570 carne
1580 1529 1900 1586 exequentc,

325 1600 468 1668 quod
481 1602 662 1656 carnis
671 1609 771 1656 est.
798 1620 816 1653 ι
835 1601 1100 1659 Honorius
1121 1623 1132 1658 :
1157 1623 1174 1655 ι
1200 1605 1464 1676 Utrasque
1479 1613 1700 1664 natura‘s
1724 1610 1776 1664 in
1794 1627 1901 1666 uno

323 1690 543 1748 Christo
568 1696 776 1751 unitate
799 1699 1028 1753 naturali
1044 1701 1319 1769 copulatas
1371 1719 1492 1757 cum
1507 1704 1728 1759 alterius
1750 1720 1895 1760 com-

2014 518 2200 572 nitatis
2227 518 2342 586 ejus
2371 528 2424 574 et
2465 521 2835 586 humanitatis,
2881 509 2974 577 sed
3006 523 3358 578 humanitatis
3397 523 3583 580 solius.

2010 606 2145 660 Cum
2175 607 2397 678 Sergius
2441 611 2771 680 scripsisset,
2801 611 2944 680 quod
2975 612 3192 681 quidam
3223 613 3358 669 duas
3397 614 3586 668 volun-

2010 705 2150 751 tates
2196 698 2251 751 in
2295 699 2514 755 Christo
2545 703 2852 756 contrarias
2892 701 3156 768 dicerent,
3187 706 3583 775 rescripsimus,

2008 785 2288 839 Christum
2321 804 2429 841 non
2457 789 2594 844 duas
2629 791 2938 846 voluntates
2965 795 3265 848 contrarias
3312 796 3580 857 habuisse,

2005 877 2205 938 carnis,
2235 877 2475 946 inquam,
2506 887 2560 932 et
2591 881 2838 948 spiritus,
2869 882 3012 935 sicut
3047 898 3145 937 nos
3176 884 3435 939 habemus
3459 895 3579 954 post

2004 975 2305 1032 peccaturo,
2336 968 2429 1021 sed
2452 983 2616 1020 unam
2647 977 2883 1035 tantum,
2911 986 3031 1040 qua:
3057 975 3372 1028 naturaliter
3396 975 3582 1029 huma-

2005 1055 2231 1109 nitatem
2268 1055 2384 1122 ejus
2415 1057 2685 1126 signabat.
2727 1078 2745 1110 ι

2073 1145 2312 1200 XXXIV.
2349 1145 2584 1202 Joannes
2635 1147 2725 1212 IV,
2790 1149 2876 1203 vel
2921 1147 3160 1206 Joannes
3219 1153 3359 1208 idem
3405 1154 3584 1209 Abbas

2005 1235 2174 1304 ipsius
2202 1236 2418 1290 nomine
2444 1255 2456 1289 :
2489 1255 2507 1287 ι
2545 1237 2839 1292 Prmdictus
2865 1254 2996 1309 ergo
3028 1241 3286 1296 decessor
3317 1260 3467 1297 meus
3490 1246 3585 1298 do-

2004 1341 2132 1379 cens
2156 1325 2222 1380 de
2248 1327 2504 1396 mysterio
2535 1326 2927 1383 Incarnationis
2953 1329 3179 1394 Christi,
3221 1331 3438 1386 dicebat
3475 1349 3581 1389 non

2003 1415 2170 1469 fuisse
2198 1417 2248 1470 in
2281 1431 2366 1480 eo,
2394 1418 2533 1471 sicut
2559 1419 2611 1471 in
2645 1419 2799 1473 nobis
2839 1422 3240 1489 peccatoribus,
3294 1423 3495 1477 mentis
3525 1432 3581 1478 et

2001 1506 2182 1560 carnis
2212 1506 2515 1560 contrarias
2543 1508 2848 1563 voluntates
2872 1527 2884 1561 :
2916 1509 3059 1578 quod
3085 1509 3307 1578 quidam
3335 1510 3402 1564 ad
3441 1526 3570 1580 pro-

2000 1597 2177 1666 prium
2208 1612 2424 1652 sensum
2458 1609 2857 1664 convertentes,
2888 1600 3197 1655 Divinitatis
3226 1602 3343 1672 ejus
3372 1613 3428 1656 et
3472 1603 3573 1656 bu-

2002 1690 2277 1744 manitatis
2303 1706 2466 1744 unam
2505 1707 2629 1746 eum
2655 1691 2985 1746 voluntatem
3027 1692 3278 1747 docuisse
3313 1693 3576 1764 suspicati

322 1782 581 1836 munione
603 1797 906 1852 operantes,
938 1792 1434 1858 alqueoperatrices
1461 1793 1704 1847 confiteri
1732 1795 1887 1849 debe-

1998 1788 2154 1846 sunt;
2188 1779 2330 1849 quod
2360 1783 2570 1836 veritati
2598 1782 2926 1836 omnimodis
2951 1789 3035 1836 est
3059 1783 3411 1836 contrarium.
3459 1803 3479 1836 ι

319 1883 445 1924 mus
474 1884 488 1922 :
527 1880 581 1926 et
608 1873 843 1928 divinam
872 1877 1110 1945 quidem,
1145 1895 1264 1948 qua:
1290 1881 1384 1934 Dei
1413 1891 1556 1946 sunt,
1583 1894 1899 1952 Operantem

313 1967 370 2012 et
401 1959 720 2024 humanam,
751 1979 869 2031 qua:
897 1968 1076 2021 carnis
1100 1977 1245 2031 sunt,
1276 1979 1820 2042 exsequentemwtc.
1875 1995 1891 2026 ι

385 2050 569 2104 XXX.
614 2052 836 2106 Videtur
885 2070 1014 2126 ergo
1063 2056 1175 2111 fere
1215 2059 1561 2127 superfluum,
1599 2062 1804 2119 diutius
1843 2066 1899 2118 in

307 2140 427 2194 hoc
471 2152 790 2212 argumento
839 2148 1084 2210 versari,
1133 2152 1436 2217 prmsertim
1485 2170 1623 2207 eum-
1659 2157 1899 2224 epistolae

306 2235 438 2288 duae
483 2232 732 2300 Honorii,
779 2253 900 2306 qua:
946 2241 998 2294 in
1049 2253 1200 2296 sexta
1244 2241 1460 2315 Synodo
1505 2249 1726 2318 prolata:
1773 2262 1898 2306 sunt

308 2331 424 2376 act.
456 2322 524 2376 12
553 2334 606 2376 et
637 2325 719 2389 15,
747 2327 791 2380 si
820 2327 1170 2385 conferantur
1203 2349 1326 2387 cum
1358 2337 1472 2404 ipsa
1498 2338 1806 2394 definitione
1832 2341 1894 2395 fi-

308 2414 403 2469 dei
449 2416 519 2468 ab
542 2417 733 2470 eadem
762 2417 981 2488 Synodo
1008 2425 1324 2492 composita,
1376 2427 1515 2480 nulla
1549 2430 1601 2482 in
1632 2439 1784 2499 parte
1814 2432 1894 2486 in-

307 2503 608 2557 veniantur
635 2505 868 2571 differre,
913 2509 1016 2563 nisi
1049 2511 1212 2579 quod,
1239 2521 1293 2566 et
1319 2514 1371 2566 in
1397 2516 1575 2582 priore
1605 2516 1663 2570 fit
1689 2521 1890 2574 mentio

309 2593 478 2647 unius
511 2593 819 2661 voluntatis,
846 2606 902 2651 et
924 2598 979 2651 in
1013 2608 1265 2670 utraque,
1293 2619 1391 2674 per
1417 2608 1705 2673 quamdam
1744 2623 1890 2664 (Ben-

309 2685 552 2751 noniiam
581 2726 594 2747 ,
646 2685 713 2740 ad
762 2691 1088 2746 coercendas
1131 2693 1433 2748 animorum
1481 2699 1884 2768 contentiones,

305 2774 650 2844 prohibetur,
683 2793 749 2832 ne
776 2781 934 2834 unius
961 2782 1044 2835 vel
1071 2779 1301 2839 duarum
1327 2791 1703 2857 operationum
1727 2807 1888 2848 voces

302 2866 456 2918 inter
487 2867 884 2933 prazdicandum
925 2884 1270 2942 usurpentur.

382 2957 576 3011 XXXI.
619 2960 815 3014 Verum
864 2963 1012 3032 prior
1059 2967 1358 3024 differentia
1409 2971 1608 3028 nullius
1653 2983 1736 3029 est
1771 2991 1887 3030 m0-

304 3048 503 3112 menti,
541 3052 809 3118 posterior
832 3056 985 3123 parvi
1017 3058 1083 3111 ad
1113 3075 1249 3123 rem,
1275 3076 1378 3129 qua
1406 3062 1472 3117 de
1509 3063 1685 3134 agitur
1710 3083 1722 3120 :
1761 3082 1883 3120 nam

301 3154 414 3192 una
445 3141 533 3194 illa
563 3142 829 3210 voluntas,
877 3145 1029 3214 cujus
1058 3153 1300 3206 meminit
1326 3155 1593 3222 Pontifex,
1639 3159 1772 3213 nihil
1817 3160 1885 3213 ad
1913 3119 1957 3181 C

305 3231 668 3297 quastiouem
721 3233 1189 3294 Monothelitarum
1243 3245 1482 3312 pertinet
1525 3262 1538 3299 :
1592 3246 1692 3302 fuit
1739 3250 1884 3304 enim

305 3321 544 3375 humana
590 3332 643 3377 et
695 3326 913 3393 spiritus
955 3331 1195 3400 propria,
1236 3335 1528 3390 excludens
1571 3354 1692 3392 eam
1733 3342 1886 3395 dum-

307 3422 480 3477 taxat,
511 3430 632 3483 quae
675 3418 854 3472 carnis
879 3419 1094 3487 dicitur,
1126 3440 1354 3494 quzeque
1383 3426 1436 3479 in
1482 3430 1637 3483 nobis
1662 3432 1886 3501 originis

304 3513 530 3572 peccato
567 3504 782 3561 infectis
822 3510 1082 3566 adversus
1124 3515 1390 3570 rationem
1438 3517 1678 3575 rebellat.
1714 3520 1886 3591 Nega-

304 3595 382 3648 vit
405 3595 463 3649 id
491 3612 654 3650 unum
684 3597 886 3654 scilicet
912 3600 1200 3668 Honorius,
1231 3607 1374 3676 quod
1406 3616 1458 3661 et
1478 3624 1665 3664 omnes
1692 3610 1885 3665 Catho-

306 3685 416 3750 lici,
463 3698 794 3758 assumptam
825 3707 944 3747 esse
988 3709 1018 3746 a
1053 3693 1224 3751 Verbo
1257 3706 1528 3765 naturam,
1567 3701 1617 3755 in
1650 3719 1752 3772 qua
1785 3719 1882 3774 pu-

307 3785 535 3844 gnantes
577 3769 719 3832 inter
747 3795 806 3834 se
845 3779 1023 3844 forent
1046 3785 1371 3853 voluntates,
1407 3797 1459 3843 et
1505 3769 1761 3846 existeret
1785 3769 1881 3847 fo-

305 3855 441 3928 mes,
488 3875 550 3922 ut
576 3869 744 3932 aiunt,
777 3873 1004 3939 peccati.
1043 3873 1188 3929 Istud
1220 3887 1406 3946 aperte
1432 3880 1722 3935 ostendunt
1764 3883 1880 3937 haec

305 3959 510 4014 verba:
548 3979 566 4011 ι
614 3961 788 4017 Unam
819 3963 1052 4020 fatemur
1077 3970 1406 4027 voluntatem
1451 3974 1660 4030 Domini
1707 3979 1877 4033 nostri

301 4045 426 4102 Jesu
454 4047 682 4114 Christi,
708 4053 832 4121 quia
856 4057 1099 4123 profecto
1125 4074 1155 4112 a
1188 4061 1360 4115 Divini
1371 4071 1475 4117 tate
1501 4077 1775 4137 assumpta
1799 4077 1880 4123 est

301 4145 488 4191 nostra
536 4150 746 4205 natura,
786 4159 892 4198 non
939 4147 1127 4216 culpa;
1170 4150 1256 4203 illa
1303 4153 1564 4220 profecto,
1595 4173 1713 4228 quae
1753 4168 1878 4215 ante

297 4238 582 4297 peccatum
612 4242 796 4288 creata
825 4245 929 4302 est,
958 4254 1060 4292 non
1092 4256 1210 4310 qua:
1235 4253 1353 4312 post
1378 4229 1876 4314 przevaricationem

298 4317 510 4372 vitiata.
539 4339 556 4371 ι
576 4321 640 4374 Et
659 4332 842 4390 postea
871 4343 884 4378 :
908 4344 926 4375 ι
957 4326 1074 4382 Non
1101 4340 1182 4385 est
1207 4333 1388 4404 itaque
1414 4348 1706 4409 assumpta,
1738 4343 1876 4396 sicut

299 4409 507 4476 prmfati
545 4426 753 4478 sumus,
793 4430 822 4468 a
853 4415 1132 4474 Salvatore
1160 4423 1349 4476 vitiata
1376 4435 1586 4491 natura,
1629 4445 1747 4498 qua:
1787 4449 1874 4486 re-

291 4511 565 4571 pugnaret
591 4502 692 4574 legi
720 4508 913 4562 mentis
937 4509 1088 4579 ejus;
1122 4513 1213 4566 sed
1255 4516 1390 4569 venit
1415 4533 1650 4587 quwrere
1677 4531 1725 4574 et
1771 4523 1876 4576 sal-

297 4608 418 4644 tare
443 4595 584 4660 quod
595 4597 843 4665 perierat,
865 4601 917 4654 id
939 4610 1042 4668 est,
1065 4604 1306 4660 vitiatam
1331 4608 1562 4664 hominis
1591 4620 1869 4667 naturam:

296 4699 422 4738 nam
453 4685 542 4740 lex
585 4687 687 4742 alia
718 4690 771 4744 in
814 4695 1094 4761 membris,
1122 4705 1215 4750 aut
1235 4698 1484 4754 voluntas
1513 4701 1726 4758 diversa
1768 4721 1874 4762 non

296 4772 419 4840 fuit,
448 4777 534 4831 vel
565 4783 837 4836 contraria
865 4783 1151 4852 Salvatori,
1179 4790 1305 4858 quia
1332 4806 1492 4860 super
1521 4792 1692 4863 legem
1714 4803 1874 4850 natus

295 4875 378 4921 est
401 4868 656 4924 humana:
681 4874 1021 4941 conditionis,
1051 4886 1158 4933 etc.
1195 4899 1212 4932 ι

366 4958 584 5015 XXXII.
623 4962 777 5019 Hunc
804 4967 859 5021 in
893 4983 1110 5024 sensum
1148 4972 1316 5041 accipi
1347 4974 1543 5030 debere
1568 4977 1733 5031 verba
1764 4975 1870 5031 Ho-

296 5051 456 5113 norii,
504 5053 704 5109 docent
735 5065 845 5111 tres
892 5059 1300 5130 locupletissimi
1355 5073 1518 5121 testes
1567 5081 1582 5120 :
1631 5065 1870 5124 Joannes

296 5139 514 5207 Abbas,
551 5143 645 5212 qui
678 5147 957 5216 epistolam
1006 5148 1225 5207 nomine
1254 5153 1474 5210 Honorii
1512 5157 1665 5227 181
1718 5173 1869 5212 com-

296 5231 519 5296 posuit:
552 5231 790 5292 Joannes
833 5237 921 5303 IV,
971 5239 1194 5298 Honorii
1232 5255 1355 5314 post
1385 5262 1587 5301 annum
1632 5249 1867 5304 medium

297 5333 598 5388 successor,
652 5325 705 5380 in
735 5327 1026 5400 Apologia;
1061 5341 1116 5386 et
1145 5344 1367 5391 sanctus
1409 5337 1673 5393 Maximus
1718 5357 1867 5394 mar-

296 5416 402 5478 tyr,
445 5415 736 5486 utriusque
765 5422 1072 5478 testimonio
1119 5435 1364 5481 sanctum
1411 5429 1724 5484 Pontiﬁcem
1771 5433 1865 5488 de-

297 5497 542 5569 fendens,
571 5507 774 5576 partim
801 5508 856 5564 in
889 5510 1250 5581 disputatione
1297 5532 1417 5572 cum
1463 5517 1692 5588 Pyrrho,
1740 5536 1865 5591 par-

299 5593 390 5646 tim
426 5597 479 5650 in
508 5599 740 5667 epistola
771 5601 840 5654 ad
868 5600 1155 5661 Marinum.

368 5683 606 5742 xxxm.
648 5689 832 5745 Abbas
877 5690 1040 5760 igitur
1083 5679 1319 5753 Joannes
1362 5700 1499 5770 apud
1529 5701 1860 5758 Maximum:

2069 1889 2287 1945 XXXV.
2326 1891 2733 1946 Observandum
2764 1893 2942 1948 obiter
2985 1893 3052 1947 ad
3081 1893 3197 1947 hac
3227 1894 3534 1948 testimonia
3557 1935 3571 1956 .

1998 1979 2179 2033 valere
2222 1980 2337 2048 ipsa
2388 1982 2674 2051 plurimum
2721 1983 2786 2036 ad
2823 1984 3172 2038 evertendam
3203 1985 3574 2053 conjecturam

1999 2071 2188 2138 nuperi
2238 2069 2488 2124 Historne
2546 2072 3013 2127 Monothelltarum
3063 2073 3365 2143 scriptoris.
3419 2073 3574 2140 Qua:-

2000 2158 2141 2212 renti
2168 2158 2313 2212 enim
2333 2174 2435 2226 qua
2462 2159 2670 2212 ratione
2687 2168 2872 2228 posset
2892 2159 3256 2228 objectionem
3287 2161 3569 2230 repellere,

1997 2250 2145 2303 venit
2189 2250 2242 2302 in
2287 2259 2522 2303 mentem
2569 2251 2800 2320 opinari,
2851 2253 3273 2320 corruptionem,
3328 2268 3490 2321 quam
3536 2269 3567 2306 a

1993 2339 2195 2394 Gnecis
2229 2340 2432 2396 famam
2462 2343 2513 2396 in
2546 2341 2719 2396 literis
2751 2343 2972 2396 Honorii
3005 2343 3248 2412 queritur
3281 2343 3574 2409 Maximus,

1992 2433 2047 2486 in
2100 2449 2164 2487 eo
2209 2432 2378 2487 fuisse
2434 2435 2689 2504 positam,
2742 2435 2885 2506 quod
2928 2451 3027 2506 pro
3074 2453 3203 2488 nova
3239 2436 3517 2490 voluntate
3553 2477 3568 2502 ,

1992 2539 2152 2593 quam
2184 2524 2408 2580 dixisset
2438 2525 2730 2588 Honorius,
2780 2543 2941 2580 unam
2991 2527 3402 2587 substituerint.
3444 2543 3568 2583 cum

1991 2616 2212 2671 Latinas
2255 2633 2416 2672 voces
2462 2619 2884 2687 interpretarcnt
2919 2617 3124 2672 Graece.
3170 2618 3368 2672 Verum
3403 2619 3446 2671 si
3475 2633 3564 2673 res

1991 2707 2064 2760 ita
2094 2723 2151 2762 se
2179 2708 2423 2770 haberet,
2462 2724 2559 2761 nec
2587 2709 2776 2762 idonea
2818 2709 2958 2762 foret
2991 2707 3455 2777 interpretationis
3479 2722 3566 2762 ra-

1991 2797 2087 2861 tio,
2119 2813 2225 2866 qua
2257 2806 2483 2866 uterque
2513 2797 2758 2852 Joannes
2779 2800 2978 2859 utitur:
3010 2814 3108 2852 nec
3135 2798 3352 2852 tolerari
3379 2808 3563 2869 posset

1991 2889 2269 2942 amborum
2309 2890 2590 2959 patientia,
2623 2890 2690 2944 de
2728 2891 3077 2960 corruptione
3105 2891 3428 2953 tacentium;
3460 2891 3567 2945 imo

1990 2995 2087 3034 nec
2129 2979 2258 3034 ferri
2287 2977 2512 3034 Joannis
2544 2980 2764 3034 Draconi
2790 2981 3036 3035 socordia
3061 2981 3151 3050 qui
3180 2979 3424 3034 Grzecam
3450 2979 3564 3049 epi-

1990 3070 2181 3124 stolam
2216 3086 2337 3124 cum
2369 3072 2680 3127 a‘ulhentica
2713 3071 2905 3126 Latina
2961 3072 3188 3127 contulit
3217 3072 3268 3126 in
3302 3071 3521 3142 Synodo
3553 3111 3568 3134 ,

1990 3177 2088 3215 nec
2123 3161 2190 3215 de
2219 3159 2403 3216 fraude
2435 3162 2569 3216 tanti
2601 3163 2861 3216 momenti
2891 3161 3078 3217 Patres
3102 3164 3330 3217 monuit.

2057 3269 2294 3324 XXXVI.
2336 3270 2472 3336 Quid
2513 3287 2661 3342 ergo,
2694 3273 2928 3341 inquies,
2981 3283 3134 3328 sexta
3183 3273 3404 3344 Syuoalo
3435 3273 3562 3334 fiet?

1988 3375 2054 3412 an
2087 3359 2293 3413 erravit
2340 3369 2396 3413 et
2443 3362 2661 3428 quidem
2715 3369 2916 3427 sciens,
2964 3380 3084 3418 cum
3117 3375 3237 3434 post
3285 3365 3566 3434 utriusque

1987 3447 2214 3502 Joannis
2253 3449 2568 3511 solemnem,
2611 3452 2752 3505 datis
2782 3452 2850 3505 ad
2899 3453 3287 3521 Imperatorem
3331 3454 3564 3518 litteris,

1986 3537 2400 3608 expositionem,
2431 3539 2726 3594 Honorium
2757 3541 3050 3604 damnavit,
3081 3543 3228 3596 velut
3265 3545 3425 3598 unius
3472 3560 3564 3599 vo-

1984 3627 2209 3682 luntatis
2243 3639 2485 3695 assertae,
2523 3646 2784 3700 reumque
2836 3647 2900 3686 ex
2943 3633 3057 3688 suis
3105 3634 3276 3703 ipsius
3322 3635 3565 3704 epistolis

1981 3718 2226 3789 peregit?
2255 3715 2370 3772 Non
2400 3720 2603 3774 erravit
2630 3721 2820 3790 procul
2861 3722 3024 3776 dubio
3055 3733 3239 3778 sancta
3273 3725 3520 3796 Synodus
3543 3769 3559 3794 ,

1982 3825 2105 3864 cum
2153 3809 2294 3863 foret
2342 3813 2679 3869 meumenica
2725 3831 2838 3869 :ex
2889 3815 3037 3881 suis,
3089 3816 3282 3884 fateor,
3317 3820 3562 3890 epistolis

1980 3899 2255 3954 damnavit
2285 3899 2611 3970 Honorium;
2646 3906 2741 3961 sed
2777 3907 2919 3975 quod
2955 3909 3116 3964 unius
3147 3910 3443 3967 voluntatis
3471 3928 3560 3967 as-

1979 4000 2139 4046 serta:
2186 4007 2340 4047 reum
2372 3992 2580 4060 fecerit,
2636 3997 2689 4051 id
2736 3998 3013 4053 enimvero
3049 4017 3217 4072 nego;
3269 4003 3377 4058 imo
3420 4020 3551 4059 con-

1980 4082 2162 4146 tendo,
2194 4097 2298 4137 non
2328 4099 2486 4152 posse
2515 4086 2808 4156 quidquam
2837 4103 2902 4142 ex
2936 4087 3133 4159 Synodi
3165 4093 3304 4146 actis
3333 4092 3515 4146 afferri

1977 4173 2117 4226 unde
2149 4173 2202 4226 id
2234 4173 2480 4227 concludi
2517 4181 2698 4244 queat,
2731 4176 2878 4244 quod
2905 4193 3029 4230 mox
3061 4179 3547 4245 demonstrabitur,

1975 4263 2066 4316 ubi
2096 4263 2160 4317 de
2203 4263 2518 4334 integritate
2554 4273 2797 4319 actorum
2828 4282 2951 4321 cum
3001 4267 3235 4338 B'aronio
3281 4269 3546 4324 disserue-
3591 4283 3606 4302 ‘

1975 4353 2165 4406 rimus.

2047 4442 2315 4498 XXXVII.
2377 4442 2624 4498 Diximus
2673 4445 2860 4499 orbem
2902 4444 3274 4500 Christianum
3325 4449 3554 4505 scissum

1981 4532 2145 4588 fuisse
2176 4541 2288 4588 tres
2314 4533 2366 4587 in
2396 4540 2603 4602 partes,
2632 4543 2854 4603 propter
2888 4543 3084 4588 motam
3115 4536 3181 4590 de
3221 4551 3326 4590 una
3354 4537 3554 4594 Christi

1979 4623 2064 4676 vel
2089 4624 2299 4678 duabus
2325 4624 2694 4678 voluntatibus
2718 4640 2746 4677 a
2785 4625 3150 4681 Monothelitis
3177 4629 3550 4696 quaestionem.

1980 4712 2050 4769 Ut
2076 4729 2179 4783 pax
2208 4713 2463 4768 Ecclesiae
2491 4712 2832 4777 redderetur,
2859 4723 2914 4768 et
2943 4715 3061 4768 orbi
3093 4703 3403 4778 concordia.
3436 4719 3550 4774 col-

1974 4799 2171 4855 lectum
2201 4812 2286 4857 est
2301 4809 2511 4857 sextum
2533 4800 2828 4856 Concilium
2846 4802 3338 4877 Constantinopoli,
3362 4809 3415 4862 in
3440 4826 3547 4880 quo

1975 4891 2237 4947 Catholici
2283 4909 2392 4962 pra:
2441 4893 2558 4948 zelo
2585 4901 2641 4948 et
2681 4895 2874 4950 ardore
2919 4897 3030 4951 veri
3061 4899 3325 4968 dogmatis
3361 4901 3548 4957 defen-

1976 4983 2136 5038 dendi
2167 5000 2275 5039 uno
2301 4984 2598 5053 eodemque
2631 4987 2978 5040 anathemate
3014 4988 3171 5058 182
3202 4991 3547 5059 perculerunt

1975 5071 2248 5128 Ecthcsim
2285 5072 2515 5128 Heraclii
2566 5083 2621 5129 et
2651 5075 2854 5146 Typum
2887 5074 3214 5144 Constantii,
3266 5079 3369 5135 hoc
3425 5091 3542 5147 est,

1977 5163 2137 5218 unius
2163 5165 2498 5234 Operationis
2525 5164 2838 5221 defensores
2865 5167 3264 5234 Monothelitas,
3288 5181 3343 5224 et
3371 5170 3553 5224 Mono-

1976 5244 2285 5306 thelitarum
2315 5252 2572 5319 fautores,
2589 5253 2678 5322 qui
2705 5255 2770 5309 de
2797 5269 2902 5308 una
2931 5264 2985 5310 et
3011 5256 3212 5327 duplici
3233 5259 3544 5326 operatione

1975 5342 2139 5395 taceri
2167 5341 2381 5396 vellent.

2046 5430 2325 5486 XXXVIII.
2367 5431 2479 5488 Hoc
2524 5435 2867 5490 anathemate
2917 5437 3223 5506 implicatus
3273 5432 3540 5501 reperitur

1974 5519 2243 5576 Honorius
2273 5522 2326 5577 in
2366 5524 2500 5578 actis
2536 5523 2783 5591 Concilii,
2823 5528 3001 5597 qualia
3035 5541 3179 5581 nunc
3227 5523 3537 5578 habentur:

1971 5611 2220 5679 opinatur
2262 5611 2525 5667 Baronius
2554 5631 2659 5669 non
2694 5615 2880 5669 haberi
2931 5617 3168 5678 sincera,
3210 5613 3538 5683 opinionem—

1972 5722 2073 5776 que
2104 5723 2251 5762 suam
2277 5708 2346 5762 ita
2376 5711 2740 5776 probabilibus
2771 5708 3096 5776 eonjecturis
3119 5708 3432 5779 conﬁrmat,
3475 5722 3532 5769 ut
