3990 6184
401 269 502 326 I35

1670 262 1757 314 AD
1795 260 2055 316 LIBRUM
2101 258 2414 315 DIUHNUM

3555 263 3652 318 I56

401 382 536 436 viris
558 379 722 434 etiam
752 379 926 434 doctis
946 393 1067 435 eam
1089 376 1435 448 persuaserit.
1457 373 1681 428 Sincera
1707 386 1827 429 esse
1852 389 1972 444 qum
2000 377 2052 435 Α
2076 390 2181 442 que
2227 374 2447 444 Legatis
2476 375 2620 429 sedis
2662 375 3007 444 Apostolicae,
3047 375 3382 446 aliorumque
3410 378 3654 434 Patriar-

401 471 691 534 babentur,
743 467 1235 534 contenduntalii,
1267 465 1572 536 ‘multisque
1620 473 1675 519 et
1723 463 1979 536 gravibus

402 562 736 635 argumentis
754 568 1027 632 pugnant.

473 653 716 711 XXXIX.
758 651 841 706 Ad
888 651 1198 719 opinionem
1236 661 1388 702 suam
1438 645 1758 700 ﬁrmandam
1815 647 1981 701 Baro-

402 749 528 804 nius
565 745 896 816 argumentis
926 751 1158 812 quatuor
1183 743 1355 796 utitur
1388 759 1402 795 :
1445 742 1522 796 ait
1545 742 1711 804 enim,
1742 755 1843 794 nec
1868 739 1979 792 IIo-

404 839 543 895 norii
573 853 638 892 ex
668 845 820 906 parte
863 833 1156 902 quidquam
1185 833 1349 887 fuisse
1377 847 1584 896 causae,
1633 847 1731 886 cur
1757 831 1981 884 damna-

404 939 588 990 retur;
621 943 722 982 nec
748 934 1068 994 potestatem
1102 925 1359 978 habuisse
1404 923 1701 994 Synodum,
1729 937 1832 990 qua
1865 921 1980 991 pri-

405 1035 547 1073 mam
598 1017 780 1072 sedem
825 1017 1128 1086 jndicaret;
1182 1030 1281 1068 nec
1331 1013 1497 1067 fuisse
1540 1013 1839 1076 tacitur-os,
1889 1011 1980 1079 qui

402 1111 649 1172 aderant,
680 1108 827 1162 sedis
854 1106 1181 1176 Apostolicae
1207 1105 1460 1174 Legatos,
1490 1104 1534 1158 si
1561 1104 1688 1173 quid
1716 1101 1980 1170 ejusmodi

400 1207 729 1254 attentatum
759 1199 982 1262 fuisset;
1015 1212 1113 1252 nec
1137 1183 1556 1251 adulteratorem
1578 1197 1809 1266 denique
1839 1195 1988 1250 adul-

401 1290 725 1358 terandique
749 1303 942 1342 causas
970 1288 1158 1342 latere.

471 1379 584 1435 XL.
609 1379 849 1434 Primum
877 1394 944 1434 ex
969 1395 1034 1434 eo
1064 1379 1283 1435 conﬁcit
1309 1398 1320 1433 :
1360 1395 1397 1434 ι.
1424 1379 1576 1446 Quod
1604 1378 1844 1449 epistolae
1865 1379 1984 1434 duae

404 1470 629 1524 Honorii
666 1471 802 1524 nihil
857 1471 1255 1526 Monotbelismi
1297 1473 1638 1535 contineant,
1686 1486 1788 1525 nee
1829 1471 1984 1525 dam-

402 1568 533 1614 ncnt
561 1559 668 1614 ullo
695 1561 853 1614 modo
881 1561 1016 1615 duas
1043 1561 1366 1623 voluntates,
1394 1560 1496 1614 nisi
1521 1576 1641 1630 qua:
1666 1571 1856 1614 mutuo
1885 1575 1986 1628 pu-

404 1657 595 1719 gnent,
633 1658 696 1704 ut
733 1666 862 1706 caro
910 1659 966 1706 et
1002 1652 1225 1721 spiritus
1273 1667 1287 1704 :
1329 1651 1472 1720 quod
1510 1651 1836 1706 catholicum
1878 1659 1981 1704 est.

2082 464 2328 529 charum,
2359 464 2706 534 exemplaria.
2753 465 2810 520 Id
2839 481 2970 520 vero
3009 465 3268 522 facinoris
3293 469 3414 537 quis
3447 477 3656 526 tentare

2081 579 2265 627 ausus,
2314 564 2417 618 nisi
2469 565 2537 629 is,
2564 561 2715 630 cujus
2764 564 3002 620 maxime
3043 565 3330 630 intererat,
3372 563 3658 636 fueratque

2082 657 2135 710 in
2174 656 2448 710 Romanos
2474 656 2763 710 Pontiﬁces
2789 665 2942 711 vetus
2959 657 3172 720 odium,
3213 664 3275 710 ut
3321 657 3416 726 qui
3442 659 3511 712 ab
3557 659 3658 712 lm-

2081 756 2330 814 peratore
2371 747 2693 816 importunis
2735 747 2988 816 precibus
3029 748 3358 811 obtinuerat,
3409 761 3478 802 ne
3509 746 3662 802 Vita—

2081 837 2211 890 liani
2262 853 2457 890 nomen
2509 838 2680 892 sacris
2717 837 2985 907 diptychis
3036 837 3335 892 inderetur.
3391 838 3661 893 Perﬁcere

2081 943 2208 981 vero
2254 929 2430 996 potuit
2485 928 2626 996 quod
2669 937 2882 982 tentare
2929 943 3134 992 ausus,
3182 928 3440 998 quoniam
3499 945 3659 992 cum,

2080 1021 2334 1076 defuncto
2381 1021 2634 1090 Georgio,
2686 1021 2968 1074 restitutus
3003 1029 3149 1076 esset
3201 1020 3252 1073 in
3283 1020 3467 1074 sedem
3513 1018 3659 1074 Con-

2081 1111 2613 1180 stantinopolitanam
2655 1125 2796 1164 anno
2824 1110 2927 1164 682
2955 1110 3006 1164 in
3032 1119 3299 1180 potestate
3327 1110 3514 1164 habuit
3540 1117 3662 1165 acta

2083 1202 2198 1270 ipsa
2252 1201 2593 1265 authentica,
2645 1201 2960 1270 priusquam
2989 1217 3053 1254 ex
3087 1200 3221 1255 urbe
3273 1201 3422 1268 regia
3472 1201 3661 1270 Legati

2082 1289 2312 1344 Romani
2372 1291 2688 1346 recederent
2739 1311 2752 1344 :
2806 1291 2940 1359 ipsis
2990 1289 3155 1360 igitur
3195 1305 3260 1344 ac
3298 1289 3418 1345 aliis
3470 1290 3662 1345 vitiata

2087 1381 2326 1436 tradidit.

2154 1471 2333 1525 XLIV.
2377 1470 2478 1536 Qui
2508 1471 2667 1525 aliter
2695 1486 2855 1540 quam
2893 1470 3160 1525 Baronius
3188 1471 3256 1526 de
3296 1478 3442 1525 tanta
3489 1487 3658 1527 causa

2087 1563 2348 1625 sentiunt,
2393 1563 2467 1616 illi
2507 1569 2566 1615 ut
2599 1562 2763 1615 duum
2802 1569 2927 1616 sunt
2969 1577 3249 1632 generum,
3293 1563 3366 1616 ita
3411 1563 3661 1620 diversas

2089 1653 2155 1706 ad
2216 1653 2449 1720 primum
2495 1651 2800 1706 Cardinalis
2854 1659 3231 1722 argumentum
3282 1652 3667 1722 responsiones

407 1716 467 1796 it.
507 1741 660 1808 Quod
705 1741 759 1796 in
793 1742 906 1796 suis
965 1716 1138 1797 literis
1184 1716 1394 1813 Agatho
1439 1741 1662 1796 Honorii
1704 1755 1984 1796 successor
2014 1716 2060 1774 Β
2089 1716 2365 1798 adhibent.
2435 1743 2536 1810 Qui
2598 1716 3195 1796 Honorium'credunt
3262 1716 3663 1797 Monotltelismi

405 1831 635 1886 aﬁirmet
664 1846 1022 1901 praecessores
1051 1847 1178 1887 suos
1208 1834 1448 1903 integros
1477 1832 1580 1887 ﬁde
1609 1846 1883 1902 purosque
1901 1846 1985 1884 er-

407 1924 548 1978 roris
575 1923 868 1978 exstitisse.
923 1939 1003 1976 ιιι.
1044 1923 1197 1991 Quod
1229 1923 1510 1978 literarum
1537 1923 1836 1991 Agathonis
1865 1936 1984 1976 mo-

409 2022 650 2067 mentum
677 2028 774 2082 per
802 2029 860 2068 se
886 2014 1264 2084 gravissimum
1296 2023 1492 2084 augeat
1518 2013 1716 2082 Synodi
1747 2027 1987 2067 cacume-

405 2103 542 2159 nic:e
587 2104 876 2168 autoritas,
907 2119 1029 2158 cum
1055 2119 1148 2158 eas
1199 2104 1355 2173 quasi
1387 2104 1456 2159 ab
1487 2103 1602 2172 ipso
1648 2102 1810 2156 Petro
1856 2115 1987 2155 con-

405 2198 640 2266 scriptas
669 2197 892 2266 recepit.
1361 2255 1366 2258 _

478 2287 610 2342 XLI.
652 2286 938 2342 Concludit
974 2285 1205 2340 alterum
1235 2300 1303 2340 eo
1349 2285 1587 2338 maxime
1624 2292 1946 2354 argumento
1970 2323 1984 2346 ,

404 2379 551 2449 quod
579 2379 750 2447 prima
781 2378 936 2432 sedes
963 2393 992 2430 a
1022 2378 1240 2431 nemine
1263 2375 1558 2444 judicetur,
1585 2389 1814 2445 eamque
1850 2374 1990 2444 juris

406 2467 655 2523 canonici
685 2466 924 2538 regulam
953 2467 1264 2531 traditione,
1291 2482 1388 2521 usu
1421 2474 1475 2521 et
1503 2467 1826 2521 auctoritate
1853 2464 1991 2518 mul-

409 2569 612 2625 torum,
647 2559 760 2613 sive
810 2573 1144 2613 summorum
1183 2557 1530 2622 Pontiﬁcum,
1576 2558 1690 2611 sive
1734 2557 1986 2623 Patrum,

407 2650 716 2708 conﬁrmat.
1117 2693 1134 2700 -

480 2742 636 2797 XLII.
674 2741 794 2798 Jam
837 2758 968 2798 vero
1012 2741 1231 2797 tertium
1276 2742 1470 2812 probat
1499 2741 1846 2811 conjecturis.
1891 2741 1992 2797 Le-

408 2834 538 2904 gati,
566 2835 664 2898 ait,
701 2834 745 2888 si
773 2833 900 2904 quid
946 2841 1134 2888 contra
1162 2833 1307 2888 sedis
1349 2832 1674 2902 Apostolicaa
1721 2833 1990 2887 honorem

410 2925 609 2981 tentari
637 2925 898 2980 vidissent
925 2926 980 2980 in
1009 2940 1169 2979 causa
1201 2924 1446 2987 Honorii,
1489 2923 1821 2978 restitissent
1844 2931 1991 2977 certe

411 3015 626 3081 eodem,
670 3024 764 3069 aut
803 3016 967 3070 etiam
1005 3015 1210 3083 majore
1236 3015 1413 3070 studio
1433 3056 1446 3079 ,
1472 3030 1633 3084 quam
1656 3029 1763 3083 quo
1790 3013 1992 3068 calum-

2084 1851 2264 1898 reum,
2308 1843 2507 1905 negant
2556 1833 2941 1903 indulgendum
2983 1832 3236 1887 humanis
3265 1834 3368 1887 hac
3415 1833 3467 1886 in
3511 1841 3666 1900 parte

2083 1926 2443 1994 conjecturis,
2479 1924 2574 1979 sed
2619 1924 2869 1978 standum
2908 1921 3115 1991 judicio
3163 1923 3518 1978 meumenicae
3564 1922 3666 1992 Sy-

2085 2018 2231 2080 nodi,
2269 2017 2468 2086 quippe
2513 2015 2598 2071 cui
2642 2016 2896 2086 praesedit
2939 2014 3175 2085 Spiritus
3209 2023 3450 2079 sanctus,
3477 2015 3667 2087 Legati

2085 2112 2228 2167 sedis
2245 2109 2550 2179 apostolica:
2567 2107 2947 2172 interfuerunt,
2971 2099 3166 2162 summi
3193 2107 3484 2162 Pontiﬁces
3510 2123 3666 2162 eum-

2084 2204 2203 2258 dem
2233 2204 2516 2266 honorem,
2553 2215 2714 2270 quem
2763 2200 2884 2255 aliis
2931 2199 3169 2268 quinque
3221 2198 3660 2263 universalibus,

2084 2309 2379 2364 paremque
2428 2293 2831 2347 venerationem
2867 2291 3159 2355 exhibent,
3192 2291 3446 2344 universa
3486 2289 3674 2345 Eccle-

2087 2385 2166 2438 sia
2201 2383 2478 2438 Catholica
2522 2396 2849 2436 consensum
2894 2379 3148 2450 prmbuit,
3194 2387 3250 2433 et
3286 2379 3527 2434 Ecclesia
3556 2378 3668 2433 Bo-

2088 2487 2248 2526 mana
2314 2487 2469 2525 suum
2509 2470 2711 2526 cultum
2753 2470 2820 2522 ad
2861 2469 3074 2523 initium
3123 2483 3294 2537 usque
3352 2469 3523 2522 nostri
3574 2483 3674 2523 sa:-

2087 2561 2194 2616 culi
2225 2569 2476 2614 testatum
2508 2575 2627 2616 esse
2669 2560 2836 2614 voluit
2857 2558 3086 2629 publicis
3109 2560 3219 2614 suis
3248 2559 3518 2629 precibus,
3547 2559 3673 2614 dum

2090 2651 2144 2705 in
2166 2649 2302 2704 festo
2333 2649 2390 2704 S.
2430 2649 2624 2704 Leonis
2664 2647 2708 2702 II
2745 2650 3023 2719 legendam
3046 2649 3432 2719 'przescriberct
3459 2647 3674 2705 tertiam

2089 2741 2230 2796 hanc
2286 2748 2642 2809 quartamque
2697 2738 3041 2805 Lectionem,
3114 2741 3180 2794 ad
3222 2741 3544 2792 matutinum
3581 2736 3677 2794 Of-

2093 2833 2292 2886 ﬁcium.
2344 2851 2361 2881 ι
2407 2831 2505 2886 Hic
2543 2831 2774 2901 suscepit
2825 2841 3065 2885 sanctam
3112 2839 3319 2886 sextam
3362 2829 3675 2901 Synodum,

2092 2936 2210 2990 quze
2236 2935 2407 2989 nuper
2431 2935 2529 2990 per
2577 2921 2673 2975 Dei
2703 2921 3098 2990 providentiam
3145 2921 3199 2974 in
3237 2921 3384 2991 regia
3421 2921 3555 2975 urbe
3581 2935 3676 2976 ce-

2096 3010 2303 3064 lebrata
2334 3020 2438 3074 est,
2479 3010 2669 3066 Grzeco
2703 3010 2917 3080 eloquio
2948 3011 3334 3080 conscriptam,
3366 3018 3675 3078 exequente

411 3105 561 3161 niam
592 3105 788 3176 Vigilio
818 3107 870 3159 in
898 3106 1086 3160 eadem
1114 3105 1333 3175 Synodo
1378 3071 1582 3158 illatam
1632 3105 1946 3174 repulerunt
1976 3120 1990 3158 :
2020 3071 2065 3133 Ο
2101 3116 2162 3154 ac
2194 3100 2459 3154 residente
2482 3101 2724 3170 piissimo
2746 3116 2810 3154 ac
2846 3100 3272 3155 clementissimo
3305 3116 3498 3170 magno
3521 3099 3679 3156 Prin-

414 3211 594 3266 neque
619 3197 763 3251 enim
787 3213 891 3266 par
918 3205 1145 3260 tantum,
1177 3197 1272 3251 sed
1297 3197 1635 3268 etiamlonge
1662 3195 1836 3264 major
1861 3199 1998 3252 ratio

413 3287 750 3357 impellebat,
785 3288 1050 3358 siquidem
1101 3287 1281 3358 Vigilii
1334 3289 1594 3342 memoria
1623 3291 1882 3343 remotior
1923 3288 2001 3342 fo-

413 3387 519 3444 ret,
553 3377 774 3434 Honorii
805 3395 958 3449 pzene
986 3395 1244 3450 prmsens.
1285 3379 1487 3433 Deinde
1527 3380 1580 3433 id
1613 3396 1777 3434 unum
1808 3379 1997 3434 Cardi-

411 3469 563 3526 nales
590 3469 776 3542 Legati
805 3470 952 3526 sedis
967 3470 1286 3540 Apostolicze
1311 3469 1621 3541 Presbyteri
1653 3471 1779 3535 duo,
1805 3478 1858 3523 et
1881 3469 2001 3524 Dia-

413 3577 585 3616 ronus
614 3559 850 3617 Joannes
893 3561 1196 3616 habuerunt
1245 3561 1298 3615 in
1340 3562 1612 3616 mandatis
1643 3603 1658 3626 ,
1711 3579 1728 3612 ι
1766 3571 1825 3615 ιιι
1863 3561 2002 3616 nihil

413 3660 808 3720 praesumerent
839 3668 1055 3722 augere,
1089 3653 1173 3706 vel
1212 3653 1458 3706 minuere
1487 3659 1580 3705 aut
1607 3660 1819 3706 mutare
1841 3693 1856 3717 ,
1907 3653 2002 3707 sed

414 3741 764 3796 traditionem
793 3739 954 3807 hujus
982 3740 1305 3808 Apostolicze
1341 3742 1487 3794 sedis
1509 3782 1524 3806 ,
1557 3749 1615 3794 ut
1641 3758 1672 3794 a
1701 3742 2001 3811 praedeces-

423 3830 640 3884 soribus
666 3828 990 3899 Apostolicis
1021 3829 1376 3884 Pontiﬁcibus
1414 3831 1660 3886 instituta
1692 3841 1795 3896 est,
1829 3833 2002 3887 since-

417 3922 554 3976 riter
575 3935 853 3976 enarrare.
895 3942 913 3975 ι
945 3921 1088 3976 Missi
1119 3937 1248 3976 vero
1291 3922 1359 3976 ab
1402 3921 1733 3977 Occidentali
1781 3922 2001 3994 Synodo

421 4011 674 4082 Episcopi
699 4014 753 4067 in
780 4014 924 4067 aliud
953 4013 1085 4067 nihil
1117 4014 1481 4069 damnandum
1512 4015 1818 4070 consentire
1852 4025 2003 4086 pote-

421 4111 566 4166 rant,
596 4119 758 4173 qnam
789 4105 930 4174 quod
958 4105 1074 4176 ipsa
1103 4104 1374 4175 Synodus,
1408 4103 1561 4172 cujus
1595 4115 1751 4160 erant
1777 4107 1999 4172 vicarii,

420 4194 570 4264 prius
596 4193 934 4258 damnasset;
973 4194 1212 4262 alioquin
1259 4202 1574 4263 peccassent
1601 4194 1655 4248 in
1687 4196 2000 4266 religionem

369 4279 376 4286 ’
423 4285 504 4339 sui
548 4285 809 4350 muneris,
838 4294 891 4339 et
937 4286 990 4339 in
1025 4285 1427 4339 observantiam
1462 4285 1604 4340 sedis
1634 4286 1958 4354 Apostolieae
1983 4327 1998 4351 ,

421 4375 574 4443 cujus
603 4377 881 4447 integritas
906 4385 961 4432 et
989 4376 1123 4430 ﬁdes
1155 4376 1437 4430 videbatur
1464 4376 1603 4441 laedi,
1635 4379 1718 4430 vel
1763 4379 1875 4446 ipsa
1905 4392 1998 4430 ca-
2025 4414 2078 4472 Β

420 4469 548 4538 pitis
577 4469 941 4522 accusatione.
977 4466 1046 4521 At
1072 4467 1322 4538 Synodus
1347 4467 1713 4522 Occidentalis
1740 4468 1874 4521 nihil
1895 4477 2001 4522 sta-

423 4569 597 4614 tuerat
625 4560 680 4614 in
709 4559 1028 4623 Honorium,
1058 4559 1189 4612 nihil
1219 4558 1498 4613 Pontiﬁcis
1532 4568 1640 4612 tam
1668 4559 1842 4612 sancti
1886 4559 2001 4612 cul-

421 4662 666 4722 paverat.

494 4742 674 4797 XLIII.
714 4741 976 4809 Quartum
1005 4743 1237 4810 denique
1281 4743 1358 4795 sic
1401 4740 1636 4795 conﬁcit.
1685 4739 2000 4794 Theodorus

424 4836 714 4889 damnatus
741 4842 824 4888 est
856 4834 1012 4904 183
1042 4835 1094 4888 in
1117 4832 1184 4887 Vl
1208 4832 1446 4902 Synodo,
1473 4848 1573 4886 nec
1600 4848 1827 4900 usquam
1852 4844 2000 4888 acto-

426 4937 549 4979 rum
601 4922 770 4990 ipsius
797 4923 1002 4976 mentio
1050 4923 1150 4974 ﬁt:
1187 4921 1506 4974 adulteravit
1543 4921 1706 4990 igitur
1751 4931 1902 4985 acta,
1943 4931 1998 4976 et

425 5007 645 5082 quidem
693 5012 1009 5081 priusquam
1038 5012 1348 5075 ederentur,
1399 5025 1702 5081 nomenque
1733 5011 1995 5078 Honorii,

425 5103 604 5159 deleto
652 5117 770 5167 suo,
802 5103 1100 5158 substituit.
1152 5101 1476 5157 Damnatum
1529 5103 1754 5172 probat,
1801 5104 1996 5172 partim

425 5194 551 5261 quia
584 5192 934 5247 Monothelita
965 5193 1087 5259 fuit,
1126 5193 1451 5264 Macariiqne
1482 5192 1802 5247 Antiocheni
1841 5195 1997 5248 ﬁdem

425 5285 776 5355 subscripsit;
812 5286 1010 5353 partim
1039 5285 1178 5356 quod
1211 5285 1412 5340 nemini
1459 5283 1708 5355 Synodus
1737 5287 2000 5354 parcitum

428 5376 680 5440 voluerit,
707 5376 799 5446 qui
830 5376 882 5430 in
913 5392 977 5431 ea
1004 5378 1195 5431 haeresi
1226 5376 1434 5431 fuisset.
1472 5375 1819 5430 Adulterasse
1857 5385 1998 5439 acta,

430 5482 496 5522 ex
547 5469 764 5527 silentio
813 5469 1034 5541 colligit,
1093 5469 1430 5538 insertosque
1477 5478 1600 5539 post
1649 5484 1687 5522 ιι
1731 5468 1998 5522 actionem

431 5561 849 5635 quaterniones,
888 5561 1084 5633 quibus
1110 5560 1384 5615 damnatio
1431 5560 1650 5615 llonorii
1698 5559 2002 5614 continere-

437 5655 544 5717 tur,
573 5649 879 5728 factamque
906 5654 1350 5710 atlultcrationcm
1381 5662 1500 5706 ante
1536 5661 1652 5705 acta
1684 5650 1824 5703 edita
1856 5649 2000 5703 data-

2101 3193 2218 3262 cipe
2263 3192 2618 3245 Constantino
2667 3193 2809 3246 intra
2851 3193 3136 3261 palatium,
3184 3192 3327 3261 quod
3373 3191 3678 3262 appellatur

2103 3283 2317 3336 Trullus
2347 3301 2358 3335 :
2391 3282 2656 3352 simulque
2702 3299 2823 3338 cum
2859 3299 2923 3337 eo
2965 3283 3274 3337 residebant
3314 3281 3500 3352 Legati
3532 3280 3677 3336 sedis

2100 3370 2446 3442 Apostolicaa,
2484 3380 2538 3426 et
2581 3373 2686 3427 duo
2724 3373 3080 3438 Patriarchae,
3123 3371 3678 3440 Constantinopolita-

2102 3477 2204 3515 nus
2255 3469 2309 3515 et
2365 3461 2753 3527 Antiochenus,
2808 3469 2970 3532 atque
3022 3471 3237 3517 centum
3287 3463 3681 3533 quinquaginta

2102 3553 2349 3622 Episcopi
2385 3570 2398 3605 :
2440 3553 2494 3606 in
2540 3569 2643 3622 qua
2683 3552 2901 3624 Synodo
2941 3553 3283 3608 condemnati
3331 3563 3458 3608 sunt
3482 3554 3678 3624 Cyrus,

2104 3640 2347 3712 Sergius,
2380 3641 2668 3707 Honorius,
2698 3642 2954 3714 Pyrrhus,
2988 3642 3184 3697 Paulus
3213 3651 3268 3698 et
3311 3643 3523 3708 Petrus,
3551 3659 3680 3698 nec-

2100 3746 2208 3784 non
2245 3728 2510 3784 Macarius
2534 3745 2654 3784 cum
2701 3731 2963 3800 discipulo
2997 3747 3096 3787 suo
3126 3730 3434 3800 Stephano;
3483 3731 3580 3785 sed
3623 3739 3680 3784 et

2101 3819 2497 3890 Polychronius
2521 3835 2693 3874 novus
2721 3818 2927 3886 Simon,
2954 3821 3044 3889 qui
3077 3836 3237 3875 unam
3265 3821 3600 3874 voluntatem
3623 3829 3682 3875 et

2102 3912 2472 3980 operationem
2503 3912 2556 3966 in
2585 3911 2816 3967 Domino
2857 3909 2986 3967 Jesu
3023 3911 3242 3967 Christo
3271 3912 3564 3978 dixerunt,
3595 3911 3683 3967 vel

2101 4004 2556 4073 praedicaverunt,
2589 4012 2695 4058 etc.
2737 4024 2754 4056 ι

2172 4103 2332 4157 XLV.
2359 4102 2512 4158 Nunc
2534 4103 2691 4156 aliter
2719 4103 2821 4171 ista
2844 4103 3168 4173 breviusque
3193 4103 3466 4174 leguntur.
3498 4119 3516 4152 ι
3550 4101 3686 4157 Pro.

2103 4195 2247 4248 bavit
2274 4201 2393 4248 aeta
2429 4201 2594 4247 sexta:
2620 4191 2842 4263 Synodi,
2879 4209 2998 4262 quae
3031 4192 3495 4263 Constantinopoli
3535 4192 3686 4247 cele-

2101 4286 2258 4340 brata
2285 4292 2392 4348 est,
2432 4282 2847 4352 prmsidentibus
2885 4283 3100 4352 Legatis
3129 4285 3275 4339 sedis
3312 4283 3640 4354 Apostolicat
3665 4323 3683 4348 ,

2103 4383 2370 4446 praesente
2400 4389 2614 4443 quoque
2655 4371 3012 4428 Constantino
3051 4375 3417 4445 lmperatore,
3459 4382 3516 4429 et
3550 4374 3687 4429 duo-

2103 4468 2204 4522 bus
2235 4465 2590 4531 Patriarchis,
2613 4463 3210 4525 Constantinopolitano
3238 4473 3293 4520 et
3316 4464 3683 4532 Antiocheno,

2101 4575 2164 4613 ac
2201 4566 2413 4613 centum
2439 4566 2494 4611 et
2531 4558 2864 4628 septuaginta
2887 4557 3186 4628 Episcopis,
3223 4572 3384 4626 quam
3410 4558 3540 4612 etin
3575 4557 3686 4612 La-

2103 4657 2274 4710 tinum
2335 4653 2636 4708 transtulit.
2679 4652 2737 4707 In
2794 4667 2861 4707 eo
2901 4651 3146 4707 Concilio
3190 4651 3364 4722 Cyrus
3391 4693 3406 4717 ,
3458 4651 3688 4722 Sergius

2107 4744 2266 4816 184
2306 4752 2359 4798 et
2406 4744 2644 4813 Pyrrhus
2673 4743 3020 4799 condemnati
3047 4751 3213 4807 sunt,
3243 4758 3408 4797 unam
3447 4751 3688 4799 tantum-

2103 4835 2263 4887 modo
2299 4833 2629 4888 voluntatem
2672 4841 2728 4886 et
2775 4834 3150 4902 operationem
3188 4833 3244 4888 in
3281 4831 3501 4888 Christo
3544 4849 3691 4904 pra:-

2105 4926 2366 4979 dicantes.
2411 4945 2428 4977 ι

2176 5012 2357 5066 XLVI.
2397 5012 2498 5079 Qui
2539 5029 2670 5068 vero
2710 5011 3014 5068 Honorium
3056 5014 3264 5068 erroris
3291 5028 3486 5084 purum
3539 5013 3692 5069 arbio

2109 5113 2340 5168 trantur,
2380 5105 2541 5158 aliam
2591 5105 2660 5159 ob
2702 5097 2925 5160 causam
2965 5107 3284 5161 damnatum
3336 5104 3638 5160 defendunt
3671 5145 3688 5170 ,

2107 5209 2299 5262 nempe
2348 5194 2489 5262 quod
2552 5203 2868 5250 (auctorum
2928 5194 3054 5249 novi
3119 5193 3364 5249 haeretici
3412 5193 3690 5262 dogmatis

2109 5282 2294 5352 pravis
2339 5285 2730 5339 assertionibus
2759 5285 3060 5340 fomentum
3097 5284 3458 5354 impenderit;
3485 5301 3504 5334 ι
3537 5283 3691 5353 quod

2114 5393 2132 5426 ι
2158 5374 2424 5430 haereseos
2450 5375 2650 5443 fautor,
2676 5391 2970 5432 concursor
3010 5385 3175 5445 atque
3203 5375 3555 5431 conﬁrmator
3591 5389 3692 5430 ex.

2109 5465 2280 5520 titerit
2295 5481 2310 5531 ;
2324 5485 2340 5516 ι
2360 5466 2503 5536 quod
2520 5484 2537 5517 ι
2549 5465 2911 5536 Apostolicam
2924 5464 3224 5521 Ecclesiam
3242 5479 3348 5520 non
3362 5462 3694 5534 Apostolica:

2111 5558 2416 5612 traditionis
2437 5559 2682 5614 doctrina
2709 5559 3048 5622 lustraverit;
3075 5557 3170 5614 sed
3190 5555 3412 5628 profana
3428 5555 3691 5627 proditio—

2110 5667 2175 5708 uc
2202 5651 2601 5714 immaculatam
2631 5651 2889 5708 maculari
2919 5654 3284 5724 permiseritu
3319 5649 3454 5721 quod
3483 5667 3500 5699 ς
3530 5648 3688 5703 llam-
