3990 6184
270 317 364 373 1⁸7

317 340 328 350 .

303 354 330 367 ‘l

317 340 328 350 κ

303 354 330 367 ιι

1232 307 1838 364 DISSERTATIONES.
1876 338 1946 350 —
1985 308 2437 366 DISSERTA'I‘IO
2471 311 2528 365 ll.

3450 315 3476 327 οι

3421 314 3513 371 ΙιΒ

265 445 413 486 mam
454 423 689 481 haeretici
723 422 1006 494 dogmatis,
1033 436 1136 476 non
1162 428 1222 475 ut
1257 421 1438 476 decuit
1475 421 1842 490 Apostolicam
1872 426 1921 486 Α
1948 423 2131 478 sedem
2187 424 2532 493 apostolicam
2557 465 2572 490 ,
2621 439 2726 495 qua
2788 425 2996 481 ratione
3053 427 3270 483 tandem
3318 436 3511 497 potuit,

264 517 640 578 autoritatem,
674 513 1017 582 incipientem
1045 511 1490 577 extinxeril,-sed
1521 511 1843 582 negligentia

267 605 573 664 eonfoverit
589 623 604 671 ;
621 626 638 657 ι
659 604 799 674 quod
818 623 836 655 ι
849 603 1246 658 immaculatam
1261 603 1582 672 Apostolicze
1599 605 1844 659 traditio-

265 707 355 759 nis
381 702 646 770 regulam,
694 715 856 769 quam
885 715 913 753 a
941 699 1434 768 praedecessoribus
1459 697 1572 752 suis
1600 698 1841 768 accepit,

266 792 530 848 maculari
554 793 910 847 consenserit.
937 811 956 843 ι

337 883 544 939 XLVII.
586 884 668 938 Ad
715 883 945 937 alterum
990 882 1211 936 Baronii
1258 890 1659 952 argumentum,
1711 879 1844 934 nihil

263 974 466 1029 melius
501 973 682 1028 afferri
723 981 901 1043 potest
933 973 1248 1028 testimonio
1277 973 1503 1026 Adriani
1533 971 1593 1034 II,
1626 970 1847 1025 Pontili-

259 1068 367 1130 cis,
399 1067 469 1122 de
508 1081 608 1121 suo
653 1067 1050 1136 prtedecessore
1095 1063 1348 1128 dicentis,
1401 1065 1453 1118 in
1486 1063 1701 1134 Synodo
1741 1062 1847 1116 Ro-

261 1172 455 1222 mana,
494 1157 639 1226 quod
669 1157 722 1210 in
752 1155 865 1210 Vill
891 1155 1094 1226 Synodi
1125 1155 1327 1209 action.
1360 1154 1390 1206 7
1431 1154 1684 1208 refertur.
1720 1171 1738 1204 t
1767 1153 1847 1207 In-

263 1245 573 1301 tolerabilis
599 1254 684 1300 est
712 1246 812 1300 ista
847 1245 1219 1317 przesumptio,
1247 1255 1303 1299 et
1348 1246 1487 1300 hanc
1518 1261 1676 1299 aures
1709 1261 1846 1314 prte-

259 1339 626 1403 eordiorum,
685 1337 896 1401 fateor,
944 1338 1213 1391 sustinere
1260 1353 1368 1391 non
1415 1347 1660 1407 possunt.
1711 1335 1846 1402 Quis

257 1438 454 1483 autem
504 1437 744 1482 vestrum
776 1427 882 1482 tale
909 1426 1057 1497 quid,
1085 1442 1302 1497 precor,
1337 1427 1562 1490 audivit,
1599 1425 1684 1480 vel
1723 1425 1844 1495 quis

259 1517 578 1585 hujusmodi
629 1517 968 1581 temeritatis,
1021 1518 1212 1572 saltem
1259 1517 1522 1581 lectione,
1571 1515 1848 1572 immensi-

255 1615 437 1662 tatem
469 1607 710 1661 invenit?
747 1606 1027 1675 Siquidem
1071 1606 1374 1660 Romanum
1418 1605 1731 1661 Pontificem
1779 1607 1846 1661 de

265 1698 522 1752 omnium
582 1696 944 1751 Ecclesiarum
1010 1695 1335 1750 Przesulibus
1386 1695 1660 1765 iudicasse
1713 1696 1846 1766 legi-

1948 515 2196 584 quamvis
2248 517 2481 570 maxime
2529 517 2849 582 tentaverit,
2914 519 3071 573 toties
3113 525 3232 573 acta
3285 517 3509 584 vitiare,

1944 607 2157 675 quoties
2195 605 2417 660 Honorii
2458 607 2661 660 mentio
2697 605 2842 662 facta
2881 609 3001 662 est?
3054 607 3319 676 quomodo
3362 607 3515 662 licuit

1945 694 2148 748 homini
2177 696 2267 748 uni
2296 696 2686 763 professionem
2716 696 2837 752 fidei
2861 697 3238 768 EpiscOporum
3266 697 3513 753 manibus

1943 785 2324 852 subscriptam,
2363 785 2620 855 ipsasque
2671 785 3008 841 Constantini
3057 788 3399 857 imperatoris
3450 788 3514 842 li-

1944 883 2087 930 teras
2109 875 2447 929 adulterare?
2471 876 2665 931 Annon
2695 889 2816 932 erat
2839 879 2970 933 fides
2995 878 3179 949 sigillis
3201 879 3516 948 obsignata?

1943 967 2132 1020 Annon
2160 982 2285 1021 suas
2312 966 2497 1020 literas
2518 967 2905 1023 Constantinus
2954 971 3194 1038 apprime
3210 969 3517 1024 Catholicus

1945 1072 2106 1111 manu
2159 1073 2254 1111 sua
2309 1057 2666 1127 subscripsit?
2704 1058 2786 1113 An
2831 1061 3091 1128 pra'cipiti
3138 1059 3517 1128 imprudentia,

1944 1154 1999 1201 et
2039 1163 2143 1202 non
2173 1157 2382 1202 matura
2414 1149 2615 1217 potius,
2660 1157 2718 1203 ut
2755 1149 2807 1203 in
2854 1165 2912 1203 re
2955 1151 3087 1203 tanti
3127 1149 3383 1203 momenti
3421 1165 3520 1218 par

1945 1244 2081 1300 erat,
2131 1237 2357 1291 lectione
2403 1238 2750 1308 recognovit,
2801 1238 2944 1307 quod
2994 1239 3397 1293 subscriberet?
3438 1237 3520 1291 An

1946 1327 2060 1395 ipse
2117 1329 2280 1382 etiam
2343 1327 2662 1398 Imperator,
2713 1344 2873 1396 quem
2924 1327 3280 1382 Constantino
3328 1328 3523 1398 Magno

1947 1415 2194 1486 Synodus
2222 1432 2409 1485 parem
2447 1416 2601 1481 dixit,
2642 1417 2789 1471 venit
2824 1415 2876 1469 in
2906 1416 3220 1469 societatem
3264 1414 3524 1470 facinoris

1945 1521 2068 1560 cum
2095 1506 2414 1561 Theodoro?
2453 1506 2584 1572 Quis
2612 1507 2735 1570 sibi,
2766 1506 2886 1574 quis
2928 1505 3047 1559 aliis
3087 1504 3434 1574 persuadeat,
3468 1502 3519 1556 id

1947 1603 2213 1649 tentatum
2253 1611 2281 1649 a
2312 1595 2564 1666 Principe
2602 1604 2712 1649 tam
2746 1595 2854 1664 pio,
2885 1604 3099 1664 tamque
3135 1596 3390 1648 ardenter
3413 1593 3519 1648 Ca-

1948 1686 2171 1751 tholico,
2204 1695 2264 1740 ut
2299 1686 2585 1754 ipsiusmet
2620 1685 2862 1757 parentis
2892 1685 3120 1754 Typum,
3165 1685 3357 1754 avique
3413 1683 3518 1737 Ec-

251 1802 411 1852 mus,
441 1788 510 1842 de
537 1802 602 1842 eo
627 1800 754 1842 vero
782 1802 1105 1856 quemquam
1127 1785 1402 1853 iudicasse
1431 1802 1539 1841 non
1585 1787 1839 1857 legimus.
1874 1767 1921 1826 Β
1951 1778 2145 1832 thesim
2178 1777 2606 1848 proscripserit?

248 1876 418 1931 Licet
464 1877 610 1932 enim
657 1877 895 1932 Honorio
921 1878 989 1932 ab
1035 1875 1406 1932 Orientalibus
1446 1884 1568 1945 post
1614 1885 1843 1931 mortem

247 1968 558 2023 anathema
610 1971 681 2026 sit
727 1968 950 2033 dietum,
998 1969 1278 2023 sciendum
1331 1977 1511 2022 tamen
1557 1976 1668 2031 est',
1717 1969 1845 2037 quia

243 2058 451 2112 fuerat
476 2073 642 2126 super
666 2058 857 2112 haeresi
885 2066 1187 2120 accusatus,
1218 2065 1443 2126 propter
1467 2071 1629 2126 quam
1675 2056 1846 2111 solam

245 2153 480 2208 licitum
510 2160 594 2206 est
625 2151 926 2206 minoribus
955 2152 1219 2221 majorum
1245 2165 1469 2205 suorum
1499 2150 1737 2205 motibus
1763 2164 1849 2204 re-

2019 1890 2102 1944 ιι.
2151 1891 2416 1944 Baronius
2458 1891 2642 1961 igitur,
2682 1891 2784 1945 etsi
2828 1890 2915 1959 pie
2965 1898 3133 1943 totam
3180 1889 3376 1957 ingenii
3422 1889 3521 1943 do-

1945 1982 2264 2050 ctrinaaque,
2278 1981 2472 2049 quibus
2492 1980 2704 2035 valebat
2722 1980 3036 2050 plurimum,
3062 1979 3167 2032 vim
3193 1977 3521 2040 adhibuerit,

1949 2071 2017 2125 ad
2054 2086 2174 2125 eam
2215 2071 2561 2126 muniendam
2599 2071 2820 2125 Honorii
2862 2069 3185 2126 defendendi
3236 2069 3522 2132 rationem,

1950 2175 2110 2229 quam
2141 2160 2358 2215 unicam
2387 2161 2568 2215 valere
2593 2161 2845 2224 credidit,
2875 2160 3064 2229 paucis
3093 2167 3271 2213 tamen
3299 2158 3528 2213 eruditis

245 2242 518 2306 sistendi.
546 2242 629 2296 vel
672 2257 868 2312 pravos
897 2257 1090 2298 sensus
1117 2243 1284 2298 libere
1325 2241 1634 2312 respuendi.
1660 2257 1850 2312 quam-
1949 2249 2075 2303 fecit
2115 2257 2405 2319 utcumque
2448 2250 2582 2304 satis
2613 2267 2628 2303 :
2665 2250 2898 2303 maxima
2933 2265 3062 2319 pars
3086 2248 3388 2303 auscultare
3422 2263 3527 2302 non

246 2337 334 2390 vis
365 2343 433 2390 et
468 2333 542 2388 ibi
571 2350 673 2388 nec
702 2334 1166 2398 Patriarcharum,
1199 2350 1300 2390 nec
1340 2344 1660 2389 cancrorum
1689 2334 1846 2388 Anti-

246 2428 454 2483 stitum
484 2425 722 2494 cuipiam
771 2426 839 2482 de
879 2441 943 2480 eo
989 2427 1288 2495 quamlibet
1332 2427 1414 2481 fas
1458 2425 1621 2482 fuerit
1666 2426 1846 2498 profe-

253 2516 424 2570 rendi
441 2515 792 2583 sententiam,
824 2517 927 2570 nisi
955 2514 1192 2584 ejusdem
1221 2517 1411 2586 prima-
1445 2519 1589 2572 sedis
1612 2533 1844 2587 prteccs-

254 2610 431 2663 sisset
461 2609 747 2663 autoritas.

325 2695 565 2752 XLVIII.
600 2698 751 2763 Quod
781 2697 1019 2767 pertinet
1045 2697 1112 2751 ad
1141 2697 1388 2767 Legatus,
1421 2699 1593 2753 facilis
1624 2707 1708 2753 est
1754 2715 1841 2755 so-

246 2787 402 2846 lutio
447 2787 693 2851 rationis,
740 2803 902 2858 quam
938 2786 1201 2842 Baronius
1237 2803 1304 2841 ex
1350 2789 1588 2857 ipsorum
1626 2790 1841 2858 silentio

249 2878 520 2933 desumit.
552 2875 686 2931 Nam
725 2877 917 2947 primo,
943 2885 1068 2931 sunt
1093 2878 1182 2946 qui
1216 2892 1309 2932 eos
1340 2878 1641 2933 timiditatis
1681 2896 1843 2934 accu—

250 2976 409 3031 sent,
437 2977 497 3022 ut
531 2968 622 3045 qui
654 2967 969 3024 meticulose
999 2970 1262 3023 cesserint
1295 2969 1679 3035 Orientalibus,
1711 2970 1842 3025 Ser-

252 3058 328 3128 gii
372 3057 479 3119 sui,
521 3072 680 3126 quem
707 3057 934 3112 mirifice
966 3059 1218 3123 colerent,
1246 3075 1344 3114 nec
1372 3061 1669 3116 subducere
1711 3077 1838 3131 pos-

255 3156 390 3201 sent
409 3147 765 3210 anathemati,
798 3148 1029 3202 dedecus
1063 3149 1438 3203 communione
1479 3149 1839 3203 damnationis

258 3254 388 3294 curn
421 3237 670 3292 Romano
699 3236 956 3292 Pontifice
984 3237 1226 3294 minuere
1256 3238 1577 3293 volentibus.
1615 3239 1836 3304 Deinde,

259 3340 391 3388 sunt
423 3332 516 3402 qui
552 3331 871 3401 prudentem
913 3332 1271 3386 teconomiam
1323 3331 1466 3384 laudi
1495 3332 1641 3395 dent,
1675 3332 1842 3400 siqui-

259 3425 384 3478 dem
411 3437 754 3477 communem
780 3421 1046 3476 universae
1077 3421 1334 3482 Ecclesia:
1357 3435 1542 3488 pacem
1567 3421 1725 3473 unius
1749 3422 1843 3474 ho-

260 3514 429 3568 minis
455 3513 648 3568 honori
678 3513 1035 3581 prtetulerint.
1061 3512 1268 3574 Tertio,
1292 3525 1397 3564 non
1419 3509 1846 3578 improbabililer

259 3603 497 3673 aliquiid
511 3604 656 3657 eisin
675 3604 928 3658 mandato
953 3603 1137 3656 datum
1162 3601 1403 3663 credunt,
1437 3600 1578 3669 quod
1608 3607 1661 3653 et
1688 3600 1842 3653 testi-

266 3696 446 3750 monio
474 3695 703 3749 Adriani
740 3710 863 3748 mox
903 3693 1065 3747 allato
1112 3692 1360 3762 probant.
1411 3691 1616 3758 Quarto
1647 3732 1660 3756 ,
1709 3691 1842 3745 nihil

265 3785 407 3840 aliud
426 3785 613 3840 forsan
639 3785 694 3840 in
724 3784 967 3839 Concilio
991 3784 1192 3838 factum
1225 3783 1478 3848 Honorio,
1511 3799 1671 3852 quam
1697 3784 1841 3852 quod

265 3878 318 3932 in
364 3877 583 3949 Synodo
636 3877 896 3940 Romana,
949 3887 1005 3930 et
1051 3875 1105 3930 in
1151 3874 1448 3946 Agathonis
1487 3875 1692 3938 literis;
1735 3873 1840 3927 nisi

264 3969 402 4038 quod
431 3968 901 4038 Constantinopoli
930 3967 1202 4038 patentius
1227 3977 1281 4020 et
1305 3967 1616 4036 expressius
1639 3975 1838 4031 actum,

265 4061 402 4130 quod
430 4061 487 4114 in
524 4059 748 4130 Synodo
779 4059 1044 4124 Romana,
1076 4059 1314 4127 ipsisque
1341 4057 1643 4128 Agathonis
1672 4057 1842 4112 literis

264 4151 519 4221 implicite
541 4162 597 4204 et
621 4150 974 4206 subobscure.

331 4241 517 4296 XLIX.
560 4239 683 4296 Jam
737 4242 880 4310 quod
929 4242 1124 4296 dicitur
1158 4241 1222 4294 de
1275 4238 1557 4294 Theodoro
1595 4248 1838 4294 actorum

265 4343 603 4403 corruptore,
639 4332 797 4386 fidem
841 4331 955 4386 fere
983 4347 1195 4386 omnem
1233 4331 1379 4385 omni
1408 4346 1474 4384 ex
1499 4339 1653 4400 parte
1682 4346 1840 4400 supe-

263 4431 364 4478 rat.
408 4423 544 4478 Nam
573 4424 769 4494 primo,
817 4423 960 4491 quod
989 4431 1209 4491 propter
1238 4421 1709 4476 Monotbelismum
1751 4422 1840 4475 de-
1865 4453 1918 4512 D

260 4517 469 4585 positus
512 4516 604 4578 sit,
637 4524 692 4568 et
722 4514 937 4583 quidem
968 4513 1130 4583 paulo
1158 4521 1282 4567 ante
1328 4511 1603 4582 Synodum
1628 4552 1642 4576 ,
1679 4528 1837 4567 nemo

261 4618 507 4662 veterum
559 4607 744 4670 tradit,
794 4621 953 4660 nemo
984 4611 1108 4658 ante
1137 4604 1468 4658 Baronium:
1510 4619 1839 4675 quamquam

260 4699 495 4768 suspicio
540 4695 760 4750 Baronii
813 4694 970 4766 185
1013 4710 1118 4750 non
1150 4694 1524 4762 improbabilis
1571 4695 1786 4749 videtur
1823 4709 1836 4747 :

261 4805 380 4843 nam
408 4799 466 4843 et
493 4788 752 4842 Macharii
777 4786 1101 4841 Antioclieni
1145 4785 1267 4840 fidei
1297 4784 1646 4854 subscripsit;
1681 4792 1734 4839 et
1775 4799 1840 4839 eo

256 4881 397 4938 facto
427 4881 824 4952 depositionem
860 4880 1074 4942 meruit,
1104 4893 1210 4948 qua
1243 4876 1508 4931 Macarius
1549 4875 1840 4930 mulctatus

257 4985 354 5029 est.
391 4973 620 5038 Deinde,
668 4971 772 5026 etsi
819 4969 1160 5024 consenserit
1198 4967 1454 5032 Macario,
1487 4965 1838 5035 quemadmo-

256 5067 380 5119 dum
419 5073 476 5119 et
507 5063 773 5132 Georgius
802 5075 1103 5123 successor,
1134 5067 1190 5112 at
1213 5058 1463 5128 pertinax
1489 5072 1594 5110 non
1619 5055 1833 5118 mansit,

256 5159 348 5212 scd
381 5157 680 5227 Georgium
725 5155 988 5214 imitatus,
1035 5151 1297 5221 resipuit:
1346 5148 1700 5219 quamobrem
1746 5147 1838 5200 de-

256 5246 442 5300 functo
468 5261 595 5300 mox
623 5244 908 5306 successit,
937 5241 1220 5295 restitutus
1247 5239 1300 5292 in
1328 5238 1510 5292 sedem
1533 5237 1683 5306 prius
1713 5235 1838 5289 reli-

255 5351 417 5397 ctam.
455 5342 706 5414 Synodus
751 5354 878 5395 vero
904 5335 1178 5392 neminem
1207 5329 1559 5403 proscripsit,
1594 5327 1700 5382 nisi
1745 5332 1838 5379 aut

257 5432 570 5488 defunctum
601 5438 696 5485 aut
724 5429 1082 5498 pertinacem.

325 5524 387 5580 L.
438 5525 640 5580 Verum
669 5522 768 5578 etsi
807 5519 928 5574 ficte
957 5515 1231 5588 professus
1271 5512 1483 5567 dicatur
1515 5507 1834 5566 catholicam

255 5614 412 5670 fidem
463 5614 764 5685 cupiditate
813 5611 956 5665 sedis
1015 5606 1376 5678 recipiendae,
1428 5603 1530 5658 etsi
1555 5605 1837 5660 retinuerit

259 5708 433 5762 animo
481 5720 589 5761 non
645 5709 852 5757 tantum
896 5714 1155 5764 errorem,
1210 5695 1311 5769 scd
1347 5705 1508 5750 etiam
1558 5697 1737 5752 odium
1784 5700 1834 5753 in

1867 3111 1910 3173 C

1946 2341 2154 2395 destitit
2193 2341 2434 2395 antiquis
2473 2340 2869 2410 Scriptorihus,
2909 2342 3106 2410 quibus
3157 2356 3430 2410 nunquam
3472 2340 3526 2396 in

1945 2441 2178 2486 mentem
2207 2432 2354 2485 venit
2378 2446 2605 2501 arguere
2634 2431 2771 2498 vitii,
2800 2432 2908 2486 imo
2922 2446 3023 2486 nec
3049 2433 3103 2485 in
3121 2432 3343 2486 dubium
3373 2445 3526 2485 revo-

1945 2539 2068 2579 care
2093 2534 2214 2578 acta
2238 2523 2301 2576 Vl
2333 2522 2556 2593 Synodi,
2589 2523 2760 2577 multo
2810 2524 2992 2578 minus
3017 2523 3121 2576 alia
3148 2522 3375 2592 publicae
3400 2521 3524 2576 fidei

1946 2612 2304 2666 instrumenta
2354 2610 2741 2680 suppositionis
2790 2612 3068 2666 damnare.
3129 2611 3309 2676 Quare
3361 2609 3522 2663 aliam

1945 2702 2182 2755 inierunt
2213 2701 2378 2765 viam,
2405 2701 2672 2770 aliamque
2706 2700 3078 2756 defensionem
3105 2699 3327 2754 Honorii
3351 2699 3522 2754 moliti

1944 2801 2089 2846 sunt.

2013 2884 2120 2938 LII.
2168 2881 2406 2937 Joannes
2435 2883 2499 2947 γ,
2524 2882 2614 2953 qui
2641 2881 2992 2938 duodecimus
3023 2883 3092 2937 ab
3117 2881 3355 2937 Honorio
3378 2882 3521 2937 Pon-

1946 2976 2205 3033 tificatum
2232 2976 2419 3047 gessit,
2458 2991 2703 3046 unusque
2740 2975 2840 3030 fuit
2868 2975 3193 3046 Legatorum
3221 2974 3521 3047 Agathonis

1945 3069 2013 3122 ad
2049 3077 2260 3124 sextam
2292 3067 2588 3138 Synodum,
2635 3084 2755 3123 cum
2794 3068 3020 3122 Romam
3051 3066 3522 3136 Constantinopoli

1942 3166 2257 3222 reverteret,
2289 3157 2470 3212 attulit
2494 3166 2614 3212 acta
2644 3157 2866 3227 Synodi,
2901 3171 3020 3226 quae
3045 3172 3168 3212 cum
3217 3156 3390 3211 literis
3414 3154 3520 3209 lm-

1943 3251 2212 3320 p.~ratoris
2255 3248 2543 3304 deferenda
2585 3248 2812 3303 Romam
2863 3249 3090 3319 accepit.
3149 3248 3337 3314 Qualia
3389 3262 3523 3301 vero

1945 3340 2186 3408 accepit?
2221 3340 2454 3406 Integra,
2497 3355 2566 3392 an
2607 3340 2838 3392 vitiata?
2872 3339 2939 3392 Si-
2965 3342 3194 3409 integra,
3237 3354 3334 3393 cur
3366 3353 3526 3392 revo-

1945 3437 2135 3482 cantur
2165 3428 2218 3480 in
2245 3427 2486 3490 dubium,
2509 3442 2627 3494 qua:
2655 3428 2872 3495 scripsit
2907 3429 3015 3482 Leo
3044 3428 3086 3481 II
3137 3428 3359 3496 integris
3391 3426 3528 3479 actis

1946 3520 2012 3572 de
2040 3517 2280 3570 Honorio
2328 3516 2600 3569 consona?
2649 3515 2705 3567 Si
2745 3517 2953 3578 vitiata,
3000 3515 3272 3584 quomodo
3315 3513 3527 3566 facinus

1947 3623 2051 3661 non
2109 3607 2348 3676 agnovit,
2399 3619 2522 3658 cum
2569 3619 2751 3659 rerum
2800 3619 2929 3674 pars
2974 3618 3165 3673 magna
3211 3602 3408 3656 fuerit?
3464 3601 3522 3656 Si

1945 3699 2192 3769 agnovit,
2223 3697 2494 3766 quomodo
2544 3712 2651 3751 non
2696 3696 2977 3752 admonuit
3006 3710 3276 3749 summum
3308 3693 3528 3748 Pontiﬁ-

1943 3803 2082 3853 ccm,
2115 3795 2442 3856 questusque
2473 3795 2555 3841 est
2592 3787 2657 3841 de
2702 3785 2912 3840 nefario
2958 3784 3199 3840 scelere?
3250 3783 3521 3854 quomodo

1945 3893 2192 3933 summus
2234 3878 2346 3948 ipse
2377 3876 2623 3932 Pontifex
2652 3877 2706 3932 in
2739 3893 2796 3932 re
2828 3884 2937 3931 tam
2982 3875 3200 3931 infanda
3227 3876 3524 3931 conticuit?

1943 3969 2211 4039 quomodo
2238 3976 2609 4038 corruptorem
2642 3984 2747 4022 non
2776 3967 3068 4038 postulavit
3095 3966 3312 4022 nefandi
3345 3967 3522 4022 scele-l

1944 4060 2021 4114 ris
2054 4060 2191 4128 apud
2225 4059 2648 4128 imperatorem?
2677 4057 2945 4128 quomodo
2991 4066 3353 4112 consentanea
3385 4057 3521 4112 actis

1943 4157 1997 4204 et
2037 4149 2332 4219 imperator
2369 4148 2606 4217 scripsit,
2655 4156 2709 4202 et
2749 4148 2862 4216 ipse
2909 4145 3149 4216 pontifex
3199 4146 3519 4214 rescripsit?

1942 4257 2048 4310 quo
2077 4241 2303 4294 crimine
2338 4241 2419 4292 vir
2443 4240 2816 4294 sanctissimus
2842 4247 2962 4293 acta
2994 4239 3202 4301 vitiata,
3231 4239 3344 4292 seJi
3376 4238 3517 4306 Apo-

1942 4330 2145 4384 stolica:
2179 4328 2458 4396 iniuriosa,
2490 4329 2754 4396 plenaque
2782 4327 3064 4381 calumniis
3113 4327 3168 4379 in
3194 4325 3512 4391 Honorium,

1944 4437 2050 4474 non
2098 4418 2415 4488 approbavit
2461 4426 2690 4480 tantum,
2732 4417 2825 4471 sed
2879 4416 3067 4480 etiam,
3113 4423 3327 4470 retento
3365 4416 3517 4470 vitio.

1941 4510 2133 4564 Latina
2173 4507 2322 4572 fecit,
2357 4505 2719 4576 Ilispanisque
2764 4504 3074 4572 recipienda
3104 4504 3268 4574 186
3315 4505 3522 4573 pariter

1943 4615 2006 4654 ac
2031 4598 2198 4653 Gallis
2226 4596 2406 4650 misit?
2435 4596 2704 4664 quomodo
2737 4594 2928 4648 vitium
2964 4593 3106 4647 istud
3147 4594 3201 4646 in
3231 4594 3520 4662 professio-

1942 4705 2064 4744 nem
2097 4687 2218 4742 fidei
2263 4702 2294 4739 a
2330 4685 2554 4740 summis
2581 4683 2936 4738 Pontificihus
2976 4683 3324 4737 emittendam
3355 4684 3514 4739 indu-

1941 4781 2058 4835 xit?
2106 4780 2164 4835 Si
2202 4780 2318 4834 haec
2362 4777 2696 4832 incredibilia
2738 4792 2846 4831 non
2885 4784 3035 4840 sunt,
3077 4776 3255 4846 qualia
3301 4779 3514 4832 tandem

1941 4873 2101 4927 sunt?

2011 4963 2138 5018 LIII.
2167 4961 2282 5017 Jam
2310 4978 2437 5017 vero
2463 4962 2590 5032 quid
2615 4961 2875 5016 faciemus
2901 4960 3020 5014 aliis
3048 4960 3276 5015 aliarum
3304 4961 3510 5016 sedium

1941 5071 2257 5126 magnarum
2305 5054 2563 5124 Legatis?
2617 5053 2989 5108 retuleruntne
3035 5060 3092 5107 ct
3137 5053 3237 5123 ipsi
3281 5067 3409 5108 suas
3458 5051 3514 5106 in

1938 5145 2250 5200 Provincias
2301 5152 2420 5202 acta
2479 5143 2699 5207 vitiata,
2755 5158 2824 5196 an
2869 5143 3114 5212 integra?
3171 5142 3228 5197 Si
3283 5143 3512 5212 integra,

1939 5235 2206 5305 quomodo
2255 5249 2321 5288 ex
2369 5232 2435 5287 iis
2481 5232 2762 5286 emendata
2812 5247 2919 5285 non
2966 5238 3120 5296 sunt,
3165 5247 3284 5300 quae
3324 5231 3513 5284 vitium

1938 5338 2097 5394 passa
2121 5333 2298 5385 erant,
2326 5320 2559 5374 maxime
2584 5335 2706 5373 cum
2749 5321 2976 5388 septima
3005 5329 3062 5376 et
3087 5330 3277 5374 octava
3310 5317 3512 5388 Synodi

1939 5426 2259 5490 cogerentur
2285 5431 2350 5470 ex
2377 5414 2507 5470 orbe
2537 5414 2691 5468 toto?
2727 5412 2784 5468 Si
2809 5415 3019 5478 vitiata,
3045 5414 3136 5484 qui
3164 5412 3280 5465 fieri
3313 5407 3513 5477 potuit,

1938 5519 2000 5565 ut
2045 5511 2110 5564 de
2153 5508 2283 5563 vitio
2332 5505 2511 5561 nullus
2558 5520 2624 5558 ex
2674 5505 3015 5576 septuaginta
3065 5503 3305 5572 quinque
3345 5512 3512 5566 supra

1940 5608 2154 5658 centum
2197 5597 2494 5669 Episcopis,
2536 5594 2712 5648 nullus
2755 5609 2786 5648 e
2815 5594 3262 5662 Presbyterorum
3307 5588 3514 5658 infinita

1938 5712 2072 5766 pene
2116 5688 2456 5748 multitudine
2496 5687 2717 5742 verbum
2757 5684 2958 5740 diceret
3001 5679 3400 5748 scrihcrctque?
3429 5681 3516 5753 An
