3990 6184
468 268 570 330 159

1667 256 1757 312 AD
1793 250 2055 310 LIBRUM
2090 244 2406 306 υιυιιΝωι

3627 240 3724 300 160

467 398 616 447 totus
646 384 796 443 orbis
831 400 895 441 ea
935 387 1252 453 tempestate
1288 379 1635 447 obstupuerat
1662 388 1728 428 eo
1755 384 1948 440 usque,
1978 376 2037 423 ut
2065 367 2116 426 Α
2208 357 2384 416 LVIII.
2426 356 2581 427 Quod
2613 355 2853 453 pertinet
2873 354 2964 453 ad
2993 353 3252 426 primum,
3283 367 3378 410 sex
3403 353 3725 453 omniuoin

467 491 526 538 et
551 480 741 535 vitium
775 485 830 532 et
855 474 1066 530 facinus
1098 481 1392 543 agnoscere
1430 481 1540 522 non
1577 471 1782 536 posset,
1813 471 1892 517 tot
1920 460 2047 530 Epi-

470 570 673 641 scopis,
706 575 893 635 totque
924 561 1149 617 Clericis
1180 566 1426 613 actorum
1460 553 1664 626 Synodi
1702 551 1956 615 consciis,
1993 558 2048 605 et

468 673 727 717 accusare
759 654 1065 710 valentibus
1086 691 1101 717 ,
1140 648 1228 704 vel
1273 649 1317 704 si
1349 652 1687 719 agnosceret,
1715 645 1810 699 uni
1839 642 2045 698 homini

467 763 645 819 neque
693 741 1090 816 potentissimo,
1149 751 1325 808 neque
1379 736 1595 806 optima:
1651 733 1828 797 fama,
1874 745 2064 803 neque.

467 836 862 913 gratiosissimo
889 832 1235 902 Principibus
1270 828 1618 885 adularetur‘i

539 932 673 987 LIV.
721 930 857 997 Quid
891 927 1045 999 plura
1071 926 1411 997 persequar?
1444 923 1571 993 quid
1602 904 2048 991 consequentium

468 1021 810 1085 sreculorum,
859 1019 989 1090 quid
1043 1032 1376 1072 summorum
1401 1014 1744 1078 Pontificum,
1774 1011 2047 1067 Concilio-

469 1129 589 1168 rum
614 1111 970 1184 generalium,
998 1109 1292 1164 illustrium
1325 1106 1683 1176 Scriptorum,
1713 1114 1807 1160 aut
1828 1103 2047 1159 Honorii

467 1201 1000 1264 condemnationem,
1027 1207 1122 1253 aut
1152 1199 1219 1252 de
1241 1198 1584 1266 corruptione
1615 1204 1857 1250 actorum
1887 1195 2051 1250 silen-

468 1290 644 1345 tium?
673 1290 799 1358 quid
828 1288 1084 1343 Ecclesiae
1113 1288 1395 1358 ipsiusmet
1418 1287 1675 1341 Romanae
1710 1295 1818 1340 tam
1847 1287 2053 1341 diutur-

468 1395 596 1434 nam
629 1380 685 1433 in
711 1376 902 1435 Ofﬁcio
938 1377 995 1432 S.
1021 1378 1220 1432 Leonis
1264 1376 1306 1431 ll
1339 1376 1766 1431 confessionem?
1791 1375 1921 1446 quid
1968 1375 2051 1429 in-

471 1474 623 1529 finita
651 1472 913 1543 ejusmodi
941 1471 1296 1544 argumenta?

540 1564 652 1620 LV.
697 1564 965 1621 Constans
1009 1564 1174 1634 igitur
1203 1577 1323 1617 cum
1355 1561 1427 1616 sit
1456 1568 1697 1615 actorum
1746 1558 2047 1629 integritas,

471 1664 732 1713 constans
775 1656 985 1727 pariter
1030 1654 1254 1710 Honorii
1308 1652 1607 1727 ὀρθοδοξία,
1669 1649 2049 1720 inquirendum

471 1754 577 1814 est,
607 1761 728 1817 quae
753 1746 915 1801 fuerit
946 1752 1107 1800 tanta;
1132 1744 1498 1800 damnationis
1518 1741 1665 1811 justa
1696 1756 1858 1796 causa
1887 1757 1898 1792 :
1925 1755 2049 1794 nam

471 1845 683 1893 sextam
712 1834 1014 1907 Synodum,
1048 1842 1142 1889 aut
1172 1832 1397 1902 rejieere
1422 1833 1569 1888 velut
1612 1832 1875 1902 spuriam,
1905 1830 2050 1900 quod

469 1927 604 1984 fecit
640 1927 894 1983 Albertus
934 1926 1192 1999 Pighius;
1262 1933 1353 1980 aut
1401 1925 1659 1979 damnare
1709 1923 1936 1988 erroris,
1994 1922 2051 1977 in

469 2019 770 2091 quaestione
798 2016 952 2084 facti,
981 2018 1126 2088 quod
1168 2019 1342 2071 visum
1370 2016 1727 2086 quibusdam;
1769 2023 1863 2070 aut
1894 2010 2052 2070 usur-

466 2119 607 2183 patze
638 2108 980 2165 auctoritatis
1023 2108 1074 2162 in
1100 2107 1307 2177 judicio
1333 2105 1554 2161 Honorii
1594 2121 1875 2170 accusare,
1907 2105 2051 2177 quod

468 2201 538 2256 ab
560 2199 681 2255 aliis
715 2206 1011 2264 tentatum;
1050 2213 1158 2251 non
1188 2205 1293 2262 est,
1326 2204 1384 2250 ut
1410 2211 1512 2267 ego
1536 2197 1754 2267 quidem
1783 2211 1925 2261 reor,
1955 2196 2053 2251 ho-

467 2290 652 2353 minis,
683 2288 775 2359 qui
816 2295 1181 2344 consentanea
1226 2285 1375 2355 loqui
1400 2285 1529 2340 velit
1554 2301 1567 2337 :
1592 2300 1719 2339 nam
1760 2286 1806 2340 si
1836 2285 2054 2340 valeant

470 2384 817 2456 exceptiones
844 2380 1170 2454 ejuscemodi
1201 2389 1312 2435 tres
1338 2380 1598 2435 adversus
1623 2381 1950 2436 sententiam
1997 2381 2051 2435 in

471 2475 769 2532 Honorium
822 2490 853 2529 a
899 2474 966 2529 VI
1014 2471 1230 2544 Synodo
1302 2470 1489 2537 latam,
1535 2472 1731 2527 merito
1779 2472 2054 2541 qumsierit

471 2566 689 2637 aliquis,
719 2565 865 2635 quod
910 2563 1110 2619 factum
1154 2570 1332 2628 antea,
1370 2576 1470 2617 cur
1507 2563 1593 2617 his
1634 2578 1743 2617 non
1788 2562 1897 2617 sint
1941 2562 2051 2629 usi,

472 2656 566 2727 qui
596 2661 721 2725 post
745 2652 1028 2724 Synodum
1053 2652 1328 2717 vixerunt,
1366 2659 1581 2707 veteres
1608 2651 1832 2707 Honorii
1861 2651 2052 2707 defen-

471 2758 657 2811 sores;
713 2759 812 2800 cur
860 2751 1253 2812 consequentes
1298 2742 1501 2815 Synodi
1552 2744 1926 2808 meumenieaa,
1963 2758 2051 2798 se-

470 2834 643 2906 ptima
691 2841 746 2888 et
796 2842 1019 2897 octava,
1071 2841 1280 2887 sextam
1327 2840 1422 2888 aut
1463 2832 1609 2887 velut
1656 2833 1897 2903 spuriam
1945 2849 2053 2889 non

473 2924 802 2995 rejecerunt,
829 2932 922 2979 aut
952 2933 1207 2993 tanquam
1235 2931 1508 2980 errantem
1539 2932 1739 2979 secutae
1769 2931 1924 2989 sunt;
1957 2939 2056 2979 cur

2145 454 2281 509 locis
2322 461 2565 507 actorum
2608 448 2790 504 afferri
2834 449 3052 505 videtur
3095 462 3285 513 causa,
3334 463 3435 502 cur
3457 445 3726 502 Honorius

2144 543 2453 598 damnetur.
2502 540 2622 596 Act.
2653 554 2777 604 χιιι,
2806 553 2930 609 pag.
2962 552 3116 593 novre
3144 536 3411 593 Editionis
3436 535 3562 602 9M,
3585 536 3725 606 quod

2147 633 2264 702 ejus
2311 632 2541 704 epistola
2584 631 2653 687 ad
2682 630 2930 703 Sergium
2967 630 3309 696 dissentanea
3348 629 3421 684 sit
3454 627 3725 683 Patribus.

2148 724 2371 787 Ibidem,
2404 721 2547 792 quod
2577 720 2752 792 Sergii
2790 729 3024 776 mentem
3073 719 3127 774 in
3155 718 3408 774 omnibus
3446 727 3706 789 sequatur

2147 822 2203 868 et
2229 814 2479 883 dogmata
2506 810 2809 867 confirmet.
2842 810 2964 866 Act.
2998 825 3111 874 xw,
3141 824 3263 879 pag.
3294 809 3422 871 972,
3448 808 3591 877 quod
3614 807 3735 877 ejus

2148 904 2376 974 epistola
2420 903 2473 958 in
2504 917 2668 956 unam
2696 900 3053 970 eamdemque
3085 899 3420 969 impietatem
3443 913 3566 953 cum
3593 898 3704 954 seri

2149 996 2257 1067 ptis
2282 993 2660 1049 haereticorum
2688 998 3000 1047 concurrat.
3044 989 3166 1044 Aet.
3199 1004 3358 1052 xvnt,
3406 1003 3532 1059 pag.
3566 988 3737 1053 4024,

2150 1087 2293 1157 quod
2333 1100 2430 1155 per
2465 1099 2588 1141 eum
2624 1083 2848 1154 perinde
2882 1090 3045 1152 atque
3081 1079 3353 1152 per’alios
3380 1080 3591 1135 dmmon
3620 1079 3734 1134 dis-

2151 1176 2502 1233 seminaverit
2536 1172 2788 1228 hmresim
2830 1171 2994 1226 unius
3034 1170 3329 1225 voluntatis
3367 1178 3422 1224 et
3463 1170 3736 1239 operatio-

2151 1268 2258 1334 nis,
2286 1277 2392 1324 etc.
2438 1266 2559 1321 Act.
2589 1262 2780 1320 eadem
2823 1277 2947 1333 pag.
2974 1262 3131 1327 10M,
3175 1262 3318 1333 quod
3357 1261 3739 1331 pradicaverit

2151 1373 2318 1414 unam
2348 1357 2680 1411 voluntatem
2709 1361 2765 1409 et
2787 1353 3181 1424 operationem.
3234 1352 3436 1408 Eadem
3458 1352 3578 1407 Act.
3608 1367 3733 1423 pag.

2153 1447 2316 1512 1055,
2344 1446 2486 1517 quod
2531 1453 2751 1500 secutus
2791 1444 2866 1499 sit
2891 1442 3258 1507 Theodorum,
3289 1440 3564 1512 Sergium,
3598 1439 3737 1511 Pyr-

2154 1538 2331 1598 rhum,
2361 1547 2469 1592 etc.

2223 1626 2359 1680 LIX.
2404 1626 2480 1681 Ex
2521 1625 2608 1681 his
2647 1624 2782 1682 locis
2824 1624 3114 1690 contendo,
3145 1624 3190 1679 si
3216 1623 3378 1679 modo
3402 1622 3732 1689 referantur,

2076 1709 2214 1773 But
2249 1734 2308 1773 se
2345 1718 2568 1782 habent,
2599 1717 2850 1773 concludi
2895 1731 3004 1771 non
3038 1730 3196 1787 posse
3231 1714 3528 1770 Honorium
3572 1731 3604 1770 a
3631 1713 3740 1786 Sy-

2150 1813 2294 1866 nodo
2332 1809 2639 1879 pereulsum
2685 1810 3062 1874 anathemate,
3102 1816 3390 1878 propterea
3427 1808 3570 1878 quod
3615 1809 3740 1865 uui-

2140 1916 2272 1956 cam
2325 1902 2379 1955 in
2405 1900 2621 1956 Christo
2662 1898 2997 1955 voluntatem
3043 1898 3336 1962 docuisset,
3386 1899 3482 1954 sed
3525 1906 3735 1954 tantum

2150 1990 2294 2062 quod
2319 1989 2635 2046 docentibus
2661 1987 2878 2054 faverit,
2907 1987 3244 2058 docendique
3271 1988 3739 2059 opportunitatem

2153 2083 2603 2156 suppeditaverit.

2220 2194 2333 2249 LX.
2375 2193 2594 2248 Primus
2636 2191 2790 2247 locus
2835 2192 2915 2247 sic
2964 2206 3022 2247 se
3066 2190 3251 2247 habet.
3303 2209 3323 2243 ι
3357 2189 3741 2247 Retractantes

2151 2288 2486 2360 dogmaticas
2513 2284 2792 2357 epistolas,
2824 2299 2945 2354 qnte
2972 2292 3229 2355 tanquam
3278 2298 3310 2338 a
3340 2282 3531 2356 Sergio
3556 2298 3738 2354 quon-

2152 2380 2275 2435 dam
2302 2380 2621 2434 Patriarcha
2650 2376 2810 2445 hujus
2838 2376 3001 2448 regite
3028 2378 3179 2433 uriis
3206 2376 3422 2447 scripta:
3446 2385 3591 2441 sunt,
3621 2384 3737 2430 tam

2151 2472 2220 2527 ad
2266 2471 2467 2543 Cyrum
2493 2510 2508 2535 ,
2561 2470 2653 2540 qui
2715 2478 2842 2524 tunc
2886 2469 3063 2524 fuerat
3105 2468 3402 2539 Episcopus
3446 2467 3735 2529 Phasidis.

2151 2579 2312 2634 quam
2341 2563 2409 2617 ad
2438 2562 2734 2617 Honorium
2761 2561 3027 2630 quondam
3045 2559 3247 2629 Papam
3269 2560 3504 2629 antiquae
3518 2558 3739 2624 Romae;

2153 2654 2402 2711 similiter
2444 2662 2500 2708 et
2546 2652 2829 2723 epistolam
2877 2651 2945 2707 ab
2992 2650 3105 2716 illo,
3139 2650 3192 2705 id
3228 2659 3330 2716 est,
3358 2650 3596 2705 Honorio
3644 2665 3740 2704 re-

2152 2744 2409 2813 scriptam
2447 2744 2514 2797 ad
2545 2742 2794 2798 eumdem
2832 2740 3079 2813 Sergium
3113 2760 3125 2795 :
3160 2742 3367 2811 hasque
3400 2741 3745 2796 invenientes

2151 2836 2374 2893 omnino
2418 2836 2624 2891 alienas
2665 2836 2898 2891 existere
2928 2836 2995 2888 ab
3026 2834 3350 2906 Apostolicis
3372 2832 3743 2904 dogmatibus,

2151 2937 2208 2983 et
2242 2943 2273 2982 a
2298 2927 2703 2983 definitionibus
2736 2934 3048 2982 sanctorum
3081 2924 3468 2988 Coneiliorum,
3518 2931 3574 2978 et
3605 2937 3750 2977 cun-

474 3015 674 3121 sufnmi
736 3014 1048 3121 P3?“r3°.es.
1085 3029 1203 3121 Ῥω).
1244 3014 1408 3116 ξ’ωο
1458 3028 1565 3069 non
1620 3013 2053 3069 reclamavemm
2079 3059 2124 3121 ε
2155 3027 2364 3075 ctorum
2410 3019 2769 3089 probabilium
2797 3017 3047 3082 Patrum,
3083 3017 3236 3087 sequi
3276 3029 3408 3070 vero
3450 3014 3614 3070 falsas
3643 3015 3711 3070 do

476 3105 738 3160 adversus
784 3104 1050 3175 illegitimi
1088 3103 1277 3172 judicii
1326 3118 1474 3158 ream
1501 3143 1516 3169 ,
1573 3104 1667 3159 sed
1711 3119 1830 3159 eam
1872 3104 2054 3175 potius

475 3196 597 3266 pari
643 3212 765 3252 cum
809 3197 1050 3267 quinque
1071 3194 1503 3265 praecedentibus
1541 3195 1889 3250 veneratione
1931 3209 2058 3265 pro-

477 3289 650 3345 secuti
681 3298 835 3355 sunt;
886 3304 983 3345 cur
1031 3290 1084 3344 in
1114 3304 1233 3343 eam
1259 3287 1511 3357 iurarunt
1547 3289 1798 3360 Episcopi
1836 3289 2059 3359 Episco-

473 3394 690 3451 porum,
737 3397 861 3436 cum
915 3380 969 3435 in
1021 3380 1203 3436 sedem
1249 3380 1614 3452 Apostolicam
1666 3383 2053 3447 ascenderem;

476 3486 579 3527 cur
601 3486 726 3527 cum
768 3472 822 3525 in
865 3485 989 3527 eam
1026 3469 1296 3539 jurareut,
1343 3485 1450 3525 non
1497 3470 1659 3525 modo
1690 3470 2056 3525 deﬁnitionem

475 3560 603 3618 ﬂ'dei
638 3561 946 3627 laudarunt,
978 3563 1073 3618 sed
1108 3562 1271 3618 etiam
1296 3561 1537 3616 damnati
1563 3560 1786 3616 Honorii
1815 3560 2055 3616 nomina-

480 3652 577 3707 tim
613 3651 979 3707 meminernnt
998 3651 1023 3703 ?

546 3737 678 3793 LVI.
712 3739 916 3793 Omitto
940 3737 1142 3801 dicere,
1171 3751 1280 3792 non
1309 3736 1480 3791 solum
1508 3737 1574 3793 de
1595 3745 1782 3793 sancto
1795 3738 1975 3794 Leone
1992 3738 2053 3805 H,

478 3829 573 3901 qui
598 3827 897 3900 Synodum,
925 3830 1089 3883 etiam
1130 3845 1236 3899 qua
1265 3837 1417 3899 parte
1445 3839 1734 3886 accusatur
1762 3831 2055 3897 Honorius,

480 3921 688 3976 Latinis
727 3929 782 3976 et
816 3920 1099 3991 legendam
1145 3930 1200 3976 et
1245 3922 1608 3992 recipiendam
1653 3925 1920 3991 exhibuit,
1962 3926 2057 3980 sed

478 4014 643 4068 etiam
690 4014 757 4069 de
804 4013 1096 4070 Gallicanis
1140 4014 1496 4086 Hispanisque
1541 4016 1904 4082 Praesulibus,
1962 4021 2054 4090 qui

476 4103 781 4159 exhibitam
820 4120 1101 4176 recepere;
1150 4106 1259 4161 imo
1298 4105 1445 4162 etde
1470 4107 1863 4165 Collectoribus
1887 4109 2056 4164 Cano-

477 4211 606 4252 num
654 4196 983 4252 doctissimis
1042 4196 1245 4263 Yvone,
1301 4196 1579 4263 Anselmo,
1640 4199 1949 4265 Deusdedit,
2002 4208 2057 4255 et

475 4286 755 4355 Gratiano,
791 4289 882 4361 qui
918 4302 1128 4345 sextam
1158 4289 1435 4361 Synodum
1470 4290 1628 4363 187
1656 4292 2052 4349 accensucrunt

2157 3112 2361 3166 ctrinas
2403 3111 2804 3175 haereticorum,
2853 3125 2947 3164 eas
2993 3108 3302 3164 omnimodo
3340 3104 3640 3174 abjicimns,
3680 3114 3744 3161 et

2157 3212 2413 3273 tanquam
2442 3203 2635 3258 anima:
2662 3203 2853 3257 noxias
2888 3217 3225 3257 execramur.
3266 3219 3285 3253 ι
3336 3198 3501 3271 Atqui
3530 3215 3595 3254 co
3632 3200 3744 3256 loci

2156 3294 2336 3349 nullus
2370 3308 2550 3349 sermo
2587 3292 2649 3347 ﬁt
2682 3307 2937 3362 expresse
2972 3293 3039 3347 de
3068 3307 3174 3346 una
3198 3290 3399 3346 Christi
3434 3290 3739 3356 voluntate,

2156 3386 2249 3442 sed
2282 3393 2490 3440 tantum
2520 3385 2817 3455 generatim
2854 3384 2920 3440 de
2956 3381 3109 3437 falsis
3135 3381 3397 3437 doctrinis
3439 3380 3749 3435 abhorren-

2154 3478 2300 3532 tibus
2328 3476 2396 3531 ab
2420 3476 2800 3546 Apostolorum
2831 3474 3139 3530 traditione.
3181 3472 3489 3528 Abhorrent
3515 3472 3744 3543 quidem

2158 3568 2333 3639 Sergii
2377 3574 2432 3621 et
2457 3565 2651 3636 Pyrrhi
2695 3566 2956 3620 doctrina:
3004 3565 3072 3619 ab
3099 3563 3480 3634 Apostolorum
3521 3563 3589 3617 de
3631 3562 3743 3617 fide

2158 3657 2483 3715 traditione:
2520 3656 2779 3710 abhorret
2814 3671 2943 3711 vero
2985 3654 3286 3710 inconsulta
3311 3652 3559 3719 Honorii,
3589 3653 3749 3723 igna-

2156 3749 2296 3802 viter
2337 3746 2569 3801 nolentis
2614 3745 2880 3801 obsistere
2921 3745 3210 3810 haereticis,
3251 3743 3552 3800 meonomia
3593 3759 3621 3797 a
3650 3757 3749 3813 ge-

2157 3856 2350 3897 nerosa
2399 3837 2716 3894 fortitudine
2755 3838 2931 3902 Pauli,
2967 3837 3301 3906 aliorumque
3328 3834 3745 3906 Apostolorum.

2156 3930 2599 3995 contestantium,
2638 3930 2748 3984 Deo
2800 3928 2969 3999 magis
3015 3943 3178 3997 quam
3222 3925 3532 3981 hominibus
3581 3924 3749 3980 obse-

2156 4020 2379 4076 cundari
2413 4030 2683 4090 oportere.

2225 4112 2362 4167 LXI.
2413 4113 2468 4167 In
2505 4114 2742 4167 secundo
2777 4112 2896 4167 loco
2927 4111 3195 4183 Synodus,
3226 4118 3510 4181 postquam
3540 4123 3751 4162 nomen

2155 4220 2345 4260 eorum
2414 4204 2778 4275 proscripsit,
2831 4203 2994 4275 188
3042 4219 3273 4273 quorum
3324 4202 3536 4272 Agatho
3588 4200 3749 4270 Papa

2156 4298 2486 4352 mentionem
2545 4295 2749 4351 fecerat
2806 4296 2860 4351 in
2913 4296 3159 4365 epistola,
3209 4295 3262 4350 id
3309 4303 3415 4360 est,
3466 4292 3754 4349 Theodori

476 4379 628 4446 aliis,
692 4380 811 4437 sine
867 4381 1185 4451 exceptione
1233 4381 1342 4437 ulla
1407 4390 1502 4437 aut
1557 4383 2046 4439 animadversione.
2076 4389 2526 4468 DPharanitani,
2560 4387 2687 4460 Cyri
2730 4387 3102 4451 Alexandrini,
3149 4385 3342 4458 sergia,
3376 4385 3597 4457 Pyrrhi,
3633 4384 3750 4440 pc-

472 4472 665 4527 Annon
695 4480 816 4528 erat
842 4480 1073 4542 utraque
1103 4474 1338 4529 maxime
1374 4488 1528 4542 opus,
1560 4473 1603 4529 si
1644 4474 1725 4529 vel
1765 4475 1945 4545 spuria
1982 4475 2053 4530 sit

472 4577 627 4625 sexta
654 4566 921 4640 Synodus,
949 4569 1034 4626 vel
1060 4569 1294 4638 erroris,
1323 4578 1701 4640 usurpauequc
1747 4570 2053 4625 autoritatis

472 4673 564 4715 rea
587 4659 612 4712 τ
2022 4664 2031 4674 ·

543 4747 699 4804 LVII.
749 4748 823 4805 Ut
841 4748 988 4817 justa
1028 4747 1390 4803 damnationis
1421 4764 1605 4810 causa,
1635 4765 1796 4817 quam
1826 4749 2052 4819 inquiri-

471 4852 619 4901 mus,
667 4835 954 4891 manifeste
996 4847 1276 4905 appareat,
1304 4839 1557 4892 videntur
1585 4838 1717 4893 mihi
1746 4839 1845 4893 tria
1874 4849 2054 4896 osten-

472 4929 668 4984 denda.
712 4927 976 4994 Primum,
1027 4929 1170 4998 quod
1216 4935 1376 4983 antea
1411 4940 1697 4993 assertum,
1746 4946 1851 4985 non
1892 4945 2051 5000 posse

470 5016 719 5073 concludi
758 5033 826 5073 ex
864 5019 1023 5085 actis,
1065 5019 1173 5074 imo
1210 5033 1384 5089 neque
1420 5033 1631 5085 eorum,
1665 5020 1756 5091 qui
1796 5021 1932 5076 actis
1966 5022 2050 5076 vel

469 5108 822 5166 conficiendis
864 5109 1269 5177 interfuerunt,
1326 5111 1411 5166 vel
1458 5114 1903 5184 recognoscendis
1949 5114 2051 5168 im-

468 5202 689 5274 pensius
712 5202 1054 5269 studuerunt,
1082 5203 1408 5269 testimonio,
1437 5204 1746 5258 damnatum
1778 5219 1806 5259 a
1832 5204 2049 5275 Synodo

473 5292 786 5358 Honorium,
815 5293 959 5364 quod
985 5294 1145 5349 unius
1174 5294 1226 5349 in
1249 5292 1465 5349 Christo
1494 5293 1784 5349 voluntatis
1812 5302 2049 5349 assertor

465 5395 629 5442 esset.
677 5372 957 5453 Alterum,
1004 5387 1368 5444 damnationis
1413 5387 1574 5442 aliam
1624 5402 1879 5451 causam,
1932 5394 1985 5440 et
2014 5401 2046 5441 a

468 5480 688 5552 Synodo
730 5481 979 5548 indicari,
1025 5489 1082 5538 et
1125 5481 1192 5536 ab
1238 5480 1360 5535 aliis
1407 5480 1648 5549 ejusdem
1684 5479 1861 5533 aetatis
1910 5495 2042 5533 con-

469 5581 673 5630 stanter
710 5575 1213 5645 concordanterque
1242 5573 1399 5628 tradi.
1455 5572 1815 5635 Postremum,
1843 5569 2044 5639 justam

474 5660 663 5732 fuisse,
691 5683 852 5739 quam
881 5670 955 5726 illi
987 5669 1225 5736 tradunt,
1252 5665 1613 5724 damnationis
1644 5679 1880 5721 causam.

2155 4480 2223 4533 tri
2262 4487 2316 4533 et
2348 4478 2499 4533 Pauli
2548 4477 3263 4547 Constantinopolitanorum
3288 4517 3304 4541 ,
3375 4490 3579 4545 eosque
3622 4493 3642 4526 ι
3683 4485 3757 4530 ut

2154 4578 2280 4638 pote
2329 4570 2597 4624 contraria
2647 4580 2808 4623 rectae
2859 4568 2983 4624 ﬁdei
3036 4568 3334 4623 sentientes
3404 4569 3752 4623 anathemati

2157 4661 2401 4715 submitti
2446 4659 2710 4715 definivit.
2748 4680 2766 4713 ι
2836 4659 3020 4732 Pergit
3067 4660 3121 4713 in
3164 4661 3277 4713 licec
3309 4660 3515 4714 verba:
3546 4676 3564 4709 ι
3601 4658 3752 4714 Cum

2156 4753 2241 4807 his
2268 4769 2395 4809 vero
2428 4752 2586 4809 simul
2614 4751 2804 4824 projici
2855 4769 2884 4807 a
2915 4760 3102 4808 sancta
3128 4752 3222 4807 Dei
3248 4751 3521 4807 Catholica
3550 4750 3755 4805 Eccle-

2156 4845 2255 4909 sia,
2297 4845 2563 4915 simulque
2602 4843 3051 4900 anathematizari
3088 4841 3431 4912 prmvidimus
3467 4848 3522 4895 et
3551 4839 3754 4895 Hono-

2152 4934 2313 4999 rium,
2344 4934 2436 5004 qui
2466 4934 2568 4988 fuit
2597 4934 2742 5004 Papa
2774 4934 3009 5004 antiquae
3036 4934 3238 4996 Romae,
3268 4947 3332 4986 eo
3358 4932 3501 5001 quod
3531 4931 3759 4986 inveni-

2155 5041 2278 5082 mus
2305 5041 2402 5095 per
2436 5027 2661 5097 scripta,
2690 5042 2810 5096 quae
2839 5026 2906 5080 ab
2936 5041 3000 5081 eo
3028 5022 3167 5113 facta
3206 5032 3331 5081 sunt
3367 5024 3433 5078 ad
3460 5021 3753 5093 Sergium,

2152 5116 2279 5187 quia
2324 5116 2378 5169 in
2416 5116 2668 5171 omnibus
2712 5115 2832 5186 ejus
2872 5123 3108 5171 mentem
3150 5123 3369 5172 secutus
3409 5123 3525 5180 est,
3568 5115 3758 5183 impia

2152 5206 2400 5278 dogmata
2430 5206 2791 5263 conﬁrmavit.
2841 5226 2860 5260 ι

2224 5298 2702 5354 Verumeuimvero
2749 5297 2899 5355 locus
2934 5298 3025 5355 hic
3062 5305 3277 5353 tantum
3318 5297 3490 5362 abest,
3522 5303 3586 5351 ut
3607 5310 3759 5367 pro-

2150 5391 2263 5457 bet,
2294 5391 2589 5447 Honorium
2620 5392 2781 5447 unius
2812 5388 3128 5448 voluntatis'
3147 5398 3369 5447 asserta:
3394 5390 3755 5456 damnatum,

2151 5491 2211 5538 ut
2239 5483 2291 5538 in
2320 5484 2653 5539 contrarium
2684 5483 2863 5540 afferri
2890 5494 3052 5555 queat
3077 5503 3089 5538 :
3120 5491 3357 5539 mentem
3384 5483 3528 5537 enim
3554 5481 3751 5553 Sergii

2152 5582 2396 5630 secutum
2429 5591 2569 5641 esse,
2608 5592 2714 5630 non
2753 5586 2834 5631 est
2872 5578 2937 5631 de
2966 5578 3216 5648 dogmate
3246 5575 3603 5637 consensisse,
3639 5577 3755 5632 sed

2155 5664 2443 5730 adlimsisse
2507 5668 2729 5724 consilio
2773 5669 2840 5725 de
2889 5669 3103 5725 silentio
3163 5667 3474 5735 indicendo;
3542 5665 3767 5725 Graece.
