3990 6184
175 244 256 295 lﬁl
1120 231 1733 291 DlSSERTATlONES.
1775 268 1840 278 -—
1882 236 2334 294 DISSEHTATIO
2369 235 2429 290 ll.

3285 209 3412 292 tua

167 357 300 409 enim
321 355 513 426 legitur
537 361 599 427 τῇ
626 353 812 406 ἐκείνου
842 352 1013 424 γνώμῃ
1036 353 1521 415 ἐξακολουθήσαντα,
1550 351 1600 404 id
1624 359 1730 413 est,

1909 353 2092 421 LXIV.
2135 351 2445 407 Postremus
2485 351 2634 405 locus
2677 351 2728 404 in
2757 350 3176 421 prosphonetico
3210 351 3278 404 ad
3306 351 3413 404 Im-

165 445 384 500 consilio
417 443 756 506 famulatum,
800 455 907 510 quo
943 439 1084 495 facta
1124 441 1284 512 impia
1321 443 1437 511 ejus
1482 443 1732 511 dogmata

163 537 524 601 conﬁrmavit,
573 550 681 589 non
727 533 1131 598 consentiendo,
1186 534 1280 588 sed
1327 533 1682 589 connivendo.

231 629 466 682 Observo
501 627 568 679 ad
599 625 742 679 hunc
773 625 969 688 locum,
1003 623 1192 693 projici
1222 624 1290 677 ab
1319 624 1559 678 Ecclesia
1592 640 1735 677 mor-

161 730 368 773 tuorum
405 717 648 779 nomina,
679 731 880 785 eosque
913 717 1246 770 anathemati
1284 717 1546 781 submitti,
1591 718 1733 771 aliud

160 809 286 864 nihil
315 823 458 871 esse,
489 822 651 876 quam
683 821 868 860 coram
907 807 1128 861 nomina
1170 823 1233 862 ex
1268 808 1438 862 sacris
1469 808 1736 878 diptychis

159 899 343 962 deleri,
378 906 436 952 et
465 898 518 951 in
540 896 810 961 Ecclesia,
841 896 927 949 vel
953 897 1174 951 omnino
1209 913 1316 951 non
1342 897 1618 968 appellari,
1651 897 1734 951 vel

157 1004 260 1044 non
292 989 411 1043 sine
442 986 629 1041 infami
654 986 830 1056 elogio
865 996 1026 1056 atque
1053 985 1338 1041 dedecore.

227 1078 444 1134 Tertius
487 1077 638 1133 locus
683 1077 925 1132 continet
959 1078 1283 1133 sententiam
1322 1075 1523 1148 Synodi
1567 1078 1630 1132 de
1670 1078 1735 1132 li-

154 1168 328 1233 bellis,
380 1169 566 1233 eartis,
616 1177 670 1224 et
723 1168 1011 1238 opusculis,
1070 1184 1190 1238 quae
1237 1185 1265 1222 a
1311 1167 1734 1239 Chartophylace

150 1261 360 1330 prolata
395 1259 632 1324 fuerant,
660 1267 717 1315 et
752 1275 934 1314 coram
961 1259 1213 1314 Patribus
1257 1260 1416 1320 lecta.
1451 1261 1588 1314 inter
1615 1276 1736 1330 qua:

149 1353 378 1408 Honorii
421 1353 660 1424 epistolae
700 1352 818 1407 dum
849 1351 1082 1416 fuerunt,
1115 1361 1214 1408 τῶν
1244 1351 1438 1412 εἴδησιν
1468 1355 1732 1416 λαϐόντες,

146 1445 380 1518 ἔγνωμεν
411 1449 481 1505 εἰς
513 1448 633 1514 μίαν
669 1448 756 1499 καὶ
785 1449 874 1502 τήν
903 1446 1059 1503 αὐτὴν
1096 1443 1332 1499 ἀσέϐειαν
1362 1445 1616 1519 οέρεσθαι,
1651 1450 1736 1499 καὶ

148 1536 448 1606 συνείδομεν
475 1543 640 1591 ταῦτα
663 1539 734 1597 εἰς
753 1532 944 1602 βέϐηλοι
965 1538 1052 1589 καὶ
1073 1533 1384 1610 ψυχοφϐόρα
1406 1545 1735 1608 παραχρῆμα

143 1630 280 1699 πρὸς
313 1629 501 1682 τέλειον
536 1630 816 1699 ἀφανισμὸν
844 1637 951 1701 πῦρ
988 1625 1354 1702 παραδοθῆναι.
1403 1625 1500 1680 His
1528 1643 1733 1696 perspe-

1835 454 2145 510 peratorem
2207 459 2396 513 parum
2448 441 2733 496 admodum
2778 441 2950 506 valet,
3005 441 3071 494 ad
3119 440 3411 494 llonorium

1836 537 1994 588 unius
2021 535 2315 589 voluntatis
2341 543 2562 588 asscrtac
2599 548 2744 588 reum
2771 533 3154 603 peragendum,
3184 530 3412 585 multum

1834 623 1900 677 ad
1944 623 2348 677 absolvendum.
2399 624 2489 678 Sic
2529 625 2673 678 enim
2710 639 2767 678 se
2807 623 2965 677 habet
2995 642 3008 676 :
3042 641 3060 672 ι
3104 621 3412 692 Superﬁuas

1832 728 2027 767 vocum
2074 714 2345 768 novitates
2388 724 2443 768 et
2479 715 2672 768 harum
2716 715 3092 768 adinvcntores
3119 712 3304 784 procul
3346 715 3414 766 ab

1833 805 2223 860 ecclesiasticis
2283 806 2452 873 septis
2495 803 2805 872 abjicimus,
2846 816 2901 860 et
2939 805 3266 860 anathemati
3303 818 3412 859 me-

1833 897 1939 953 rito
1962 896 2296 965 subjicimus,
2327 897 2669 952 Theodorum
2693 898 3140 962 Pharanitanum,
3166 897 3412 968 Sergium

1838 998 1888 1044 et
1909 989 2157 1053 Paulum,
2186 989 2450 1058 Pyrrhum
2484 989 2643 1042 simul
2675 999 2728 1043 et
2754 989 2999 1053 Petrum,
3032 991 3122 1058 qui
3152 988 3415 1044 Constan-

1836 1082 2133 1152 tinopoleos
2158 1081 2511 1136 Prtesulatum
2544 1090 2856 1144 tenuerunt,
2893 1083 3116 1153 insuper
3142 1090 3199 1136 et
3217 1082 3416 1151 Cyrum

1835 1172 1926 1240 qui
1954 1172 2442 1228 Alexandrinorum
2480 1172 2841 1226 sacerdotium
2871 1174 3058 1243 gessit,
3090 1182 3146 1226 et
3175 1189 3299 1227 cum
3337 1173 3417 1226 eis

1837 1263 2154 1327 Honorium,
2185 1265 2275 1331 qui
2309 1263 2408 1317 fuit
2431 1263 2614 1318 Roxnze
2631 1263 2853 1327 Prmsul,
2886 1273 2943 1317 ut
2969 1273 3089 1332 pote
3120 1265 3212 1332 qui
3242 1281 3334 1319 eos
3365 1266 3416 1318 in

1837 1353 2171 1416 hissecutus
2202 1362 2304 1407 est.
2344 1374 2362 1405 ι
2399 1353 2606 1418 Grmce,
2639 1359 2706 1415 ὡς
2739 1358 2938 1415 ἐκείνοις
2974 1357 3024 1409 ἓν
3053 1356 3253 1415 τούτοις
3294 1357 3414 1409 ἀκο-

1836 1445 2178 1504 laverimus.
2209 1443 2615 1499 Observandum
2646 1454 2846 1508 autem,
2876 1445 3172 1498 Honorium
3205 1444 3273 1496 ab
3298 1445 3419 1496 aliis

1838 1536 2072 1605 sejungi,
2100 1536 2254 1604 quasi
2292 1536 2526 1606 disparis
2553 1536 2878 1591 conditionis
2905 1545 3067 1600 esset,
3109 1544 3164 1589 et
3194 1535 3419 1589 damna-

1839 1633 1950 1680 tum
1997 1626 2126 1692 dici,
2177 1627 2320 1695 quod
2373 1626 2495 1680 aliis
2539 1625 2830 1680 famulatus
2881 1628 3278 1696 obsecutusque
3326 1626 3416 1687 sit,

145 1719 266 1780 clis,
305 1718 640 1786 cognovimus
682 1718 736 1770 in
778 1733 935 1770 unam
976 1718 1142 1786 ipsam
1177 1717 1511 1787 eamdemque
1556 1718 1735 1786 impie-
1764 1704 1810 1762 Β
1837 1717 1943 1772 hoc
1984 1718 2128 1770 enim
2176 1717 2444 1786 signiﬁcat
2485 1732 2586 1770 vox
2637 1718 3084 1778 ἀκολουθήσαντος.
3141 1716 3418 1771 Perversis

146 1815 307 1856 tatem
345 1803 576 1868 tendere,
615 1815 661 1858 et
697 1804 829 1859 velut
865 1805 1092 1876 profana
1128 1822 1188 1858 ac
1223 1807 1415 1859 animis
1443 1807 1736 1875 perniciosa

143 1897 403 1948 continuo
434 1897 540 1965 igni
577 1896 834 1949 tradenda
867 1898 1181 1949 censuimus.
1217 1895 1324 1950 Sed
1352 1911 1473 1950 cum
1506 1896 1557 1949 in
1593 1913 1739 1950 eam-

143 1987 265 2039 dem
299 1985 514 2054 dispari
553 1985 712 2039 modo
749 1986 1079 2054 impietatem
1115 1986 1336 2040 tendere
1367 1977 1575 2054 possint
1609 1987 1742 2041 scri-

144 2086 229 2144 pta
256 2076 416 2138 duo;
457 2074 708 2138 alterum,
733 2075 858 2143 quia
882 2075 1076 2144 dogma
1103 2093 1114 2124 :
1146 2074 1391 2137 alterum,
1431 2075 1558 2143 quia
1588 2075 1744 2129 dissi—

144 2165 516 2220 mulationem
542 2164 809 2232 dogmatis
836 2165 1081 2219 continet
1106 2181 1118 2216 :
1144 2164 1463 2218 concludere
1493 2180 1595 2218 non
1619 2165 1746 2218 licet

145 2259 288 2323 inde,
324 2255 594 2327 Epistolis
625 2255 848 2309 Honorii
884 2257 1147 2310 contineri
1186 2255 1405 2310 deﬁnite
1431 2256 1740 2310 hazreticum

145 2351 371 2420 dogma,
401 2347 498 2402 sed
530 2345 851 2400 alterutrum
880 2347 1164 2402 dumtaxat
1191 2346 1488 2402 indeﬁnite.

219 2436 380 2492 LXII.
425 2434 607 2490 Nihilo
645 2434 766 2504 plus
806 2435 950 2488 valet
984 2445 1212 2504 quartus
1251 2435 1442 2492 locus:
1483 2436 1560 2490 ait
1594 2436 1738 2490 enim

148 2530 428 2601 Synodus,
463 2546 481 2578 α
516 2528 813 2582 daemonem
843 2543 940 2596 per
966 2543 1167 2597 organa
1200 2543 1315 2593 sua,
1343 2529 1396 2584 id
1421 2537 1524 2594 est,
1557 2529 1738 2584 Theo-

148 2623 368 2684 dorum,
411 2619 682 2690 Sergium,
713 2619 1003 2689 Pyrrhum,
1056 2617 1274 2673 Petrum
1313 2631 1368 2674 et
1390 2620 1639 2682 Paulum,
1685 2628 1740 2674 et

151 2712 477 2776 Honorium,
517 2727 580 2766 ac
617 2709 840 2782 Cyrum,
879 2718 1040 2780 atque
1071 2710 1388 2777 Macarium,
1421 2721 1476 2766 et
1511 2711 1740 2783 Stepha-

152 2822 274 2860 num
304 2803 567 2862 Ecclesia:
597 2805 940 2858 continenter
969 2804 1173 2859 erroris
1194 2805 1448 2858 scandala
1476 2805 1737 2867 excitare,

153 2896 310 2950 unius
357 2893 654 2948 voluntatis
699 2901 754 2948 et
797 2895 1128 2964 operationis
1175 2896 1228 2949 in
1278 2896 1488 2950 duabus
1531 2896 1743 2952 naturis

153 2985 356 3040 Christi
379 2984 630 3039 haresim
662 2985 716 3038 in
737 2983 992 3052 populum
1013 2983 1348 3040 Catholicum
1380 2988 1700 3057 spargendo.
1717 3007 1734 3038 ι

155 3078 354 3132 Verum
384 3077 613 3132 hzeresis
637 3085 693 3131 et
717 3077 957 3133 docendo
981 3088 1036 3133 et
1061 3079 1376 3135 docentibus
1400 3082 1738 3137 connivendo

155 3169 448 3239 spargitur.
492 3167 672 3234 Quare
701 3169 945 3224 concludi
988 3185 1054 3224 ex
1090 3170 1193 3226 hoc
1227 3172 1365 3238 loco,
1397 3188 1504 3242 quo
1535 3173 1737 3245 Synodi

156 3259 455 3322 deﬁnitiva,
488 3266 550 3312 ut
583 3257 897 3328 loquuntur,
946 3261 1216 3314 sententia
1247 3263 1574 3329 continetur,
1606 3265 1738 3318 nihil

155 3351 299 3406 aliud
347 3350 591 3419 legitime
639 3359 836 3420 potest,
883 3365 1045 3420 quam
1090 3352 1233 3420 quod
1279 3352 1542 3407 alterutro
1581 3355 1742 3409 modo

155 3444 218 3498 ad
243 3442 500 3497 hteresim
534 3441 893 3511 spargendam
922 3440 1198 3495 Honorius
1233 3441 1542 3496 contulerit.

220 3534 408 3589 LXIII.
451 3533 686 3602 Quintus
713 3533 865 3587 locus
907 3533 1074 3587 habet
1107 3533 1161 3587 in
1202 3534 1438 3602 speciem
1474 3534 1594 3603 plus
1637 3535 1737 3589 ali-

158 3627 284 3694 quid
330 3625 612 3680 momenti.
659 3623 909 3695 Synodus
952 3624 1096 3678 enim
1144 3640 1266 3680 cum
1316 3625 1745 3696 interrogaretur

159 3716 223 3769 ab
251 3714 603 3785 lmperatore,
635 3727 705 3767 an
743 3727 932 3768 omnes
956 3713 1254 3769 deﬁnitioni
1286 3725 1475 3786 sponte
1504 3716 1743 3771 subscri-

162 3806 383 3873 pserint,
418 3804 708 3869 exclamat,
749 3805 805 3858 in
846 3805 962 3859 haec
987 3806 1187 3860 verba:
1224 3825 1243 3856 ‹
1280 3806 1526 3862 Nestorio
1555 3817 1610 3863 et
1635 3809 1742 3861 Eu-

163 3895 322 3964 tychi,
373 3902 431 3948 et
470 3895 697 3951 Discoro
735 3896 1044 3950 anathema.
1093 3897 1394 3968 Apollinari
1437 3909 1492 3953 et
1539 3899 1741 3955 Severo

165 3988 463 4041 anathema.
521 3986 913 4042 Consentaneis
969 3988 1128 4058 189
1175 4004 1363 4044 eorum
1429 3993 1736 4048 anathema.

165 4075 443 4132 Theodoro
469 4075 780 4131 Pharanitze
823 4077 1130 4131 anathema.
1179 4076 1368 4149 Sergio
1411 4088 1465 4133 et
1503 4080 1740 4138 Honorio

162 4170 467 4224 anathema.
519 4167 736 4238 Pyrrho
773 4175 829 4222 et
861 4167 1028 4222 Paulo
1075 4171 1380 4224 anathema.
1424 4170 1658 4227 Macario
1687 4182 1743 4227 et

165 4258 436 4330 Stephano
457 4257 882 4330 etPolychronio
920 4261 1226 4315 anathema.
1271 4261 1530 4319 Omnibus
1572 4267 1741 4322 haere-

162 4353 279 4417 ticis
314 4352 632 4406 anathema.
680 4349 781 4416 Qui
824 4352 1278 4421 praedicaverunt,
1328 4363 1384 4409 et
1425 4357 1736 4424 praedicant,

161 4452 209 4495 et
253 4444 456 4498 docent
506 4456 572 4494 ac
623 4441 833 4495 docturi
887 4449 1011 4496 sunt
1056 4459 1218 4497 unam
1277 4445 1632 4514 voluntatem,
1687 4458 1743 4505 et

160 4550 317 4593 imam
360 4534 738 4604 operationem
784 4533 838 4587 in
881 4533 1280 4604 dispensatione
1309 4537 1522 4593 Domini
1569 4542 1742 4596 nostri

157 4624 279 4680 Jesu
305 4623 540 4689 Christi,
571 4623 881 4678 anathema.
916 4645 935 4676 ι
972 4625 1235 4681 Videntur
1262 4627 1407 4682 enim
1429 4645 1621 4686 omnes
1649 4633 1741 4701 qui

160 4720 412 4790 appellati
441 4727 594 4783 sunt,
640 4736 658 4769 t
694 4717 799 4774 dici
828 4719 1087 4784 bteretici,
1119 4721 1210 4790 qui
1239 4720 1454 4791 quidem
1481 4723 1741 4792 praedica-

153 4811 331 4866 veriut
357 4827 528 4866 unam
557 4809 908 4865 voluntatem.
955 4831 974 4864 ι
1005 4812 1202 4866 Verum
1230 4811 1577 4869 distinctione
1605 4831 1742 4884 pun-

148 4908 368 4956 ctorum
411 4899 690 4955 evanescit
729 4901 904 4955 omnis
944 4903 1248 4972 argumenti
1290 4903 1373 4957 vis
1407 4915 1461 4958 et
1503 4907 1738 4974 species:

152 5007 279 5044 nam
308 4992 611 5046 anathema
636 4990 835 5046 dicitur
859 4990 1168 5046 hominibus
1202 4994 1520 5050 nominatim
1561 4997 1744 5066 appel-

155 5083 296 5148 latis,
327 5097 501 5136 unam
530 5081 884 5149 eamdemque
907 5081 976 5136 ob
1001 5096 1218 5136 causam
1248 5083 1302 5136 in
1328 5084 1740 5151 exclamatione,

154 5174 224 5226 ob
247 5188 420 5244 quam
457 5173 514 5226 in
559 5172 895 5237 deﬁnitione,
943 5173 1007 5228 de
1051 5187 1154 5242 qua
1186 5189 1308 5228 mox
1356 5185 1554 5241 actum.
1607 5175 1742 5232 Tum

155 5267 374 5336 adjecto
427 5273 635 5337 puncto
682 5261 1064 5336 subiungitur,
1123 5283 1142 5316 ι
1175 5263 1434 5321 Omnibus
1479 5267 1747 5322 luereticis

154 5357 470 5411 anathema.
523 5373 542 5406 ι
578 5353 778 5409 lterum
821 5353 1034 5423 adjecto
1069 5367 1290 5425 puncto,
1355 5374 1374 5406 ς
1410 5354 1511 5422 Qui
1555 5357 1749 5426 pnedi-

152 5456 424 5502 eaverunt
470 5454 526 5499 et
574 5446 891 5515 praedicant,
940 5453 994 5498 et
1034 5445 1228 5500 docent
1274 5460 1338 5500 ac
1376 5446 1584 5500 docturi
1623 5456 1749 5503 sunt

155 5552 319 5592 unam
359 5537 701 5592 voluntatem
739 5545 795 5589 et
832 5550 996 5600 unam
1029 5536 1398 5606 Operationem
1438 5534 1494 5588 in
1528 5534 1746 5606 dispeno

155 5631 375 5689 ratione
399 5629 609 5686 Christi
629 5629 736 5691 Dei
774 5628 960 5693 nostri,
991 5627 1293 5682 anathema.
1337 5645 1354 5678 ι

1837 1821 1968 1861 vero
1993 1806 2235 1860 consiliis
2263 1805 2488 1859 alior‘um
2517 1804 2808 1859 famulatus
2833 1815 2936 1868 est,
2965 1819 3070 1858 non
3097 1805 3417 1866 resistendo,

1839 1906 1902 1950 ut
1928 1912 2026 1965 par
2051 1904 2191 1958 erat,
2225 1896 2316 1949 sed
2348 1911 2445 1964 per
2473 1897 2870 1965 imprudentem
2899 1895 3100 1948 silentii
3125 1894 3420 1964 jussionetu

1843 1985 2074 2039 favendo
2103 2003 2116 2040 :
2145 2000 2252 2054 quo
2282 1986 2496 2040 silentio
2523 1987 2676 2041 abusi
2705 1986 2947 2040 hzert-tici
2977 1985 3169 2056 dogma
3198 1985 3424 2039 Catholi-

1842 2090 1968 2129 cum
2009 2075 2074 2129 de
2114 2075 2324 2130 duabus
2373 2077 2736 2130 voluntatibus
2783 2076 3008 2146 populos
3053 2077 3253 2130 sensim
3309 2078 3426 2130 sine

1843 2183 2007 2222 sensu
2051 2169 2313 2223 dedocere
2360 2170 2658 2222 tentabant.
2715 2169 2832 2223 Non
2881 2169 3044 2239 igitur
3091 2169 3313 2224 haaresis
3342 2186 3428 2223 as-

1842 2267 2002 2314 serta:
2045 2274 2172 2314 reus
2214 2258 2334 2324 fuit,
2383 2260 2477 2314 sed
2525 2260 2683 2325 fotaa;
2740 2277 2846 2316 non
2887 2261 3264 2316 consensionis
3303 2277 3426 2316 cum

1841 2351 2128 2415 haereticis,
2163 2351 2256 2406 sed
2288 2351 2609 2406 inconsultae
2641 2351 3109 2407 dissimulationis.

1913 2461 2071 2518 LXV.
2113 2462 2299 2530 Quoad
2329 2462 2660 2518 secundum:
2688 2463 2987 2534 Imperator
3012 2465 3420 2529 Constantinus,

1842 2555 1933 2624 qui
1964 2554 2178 2625 Synodo
2223 2554 2487 2619 interfuit,
2539 2564 2596 2610 et
2620 2571 2864 2611 summus
2891 2556 3138 2611 Pontifex
3170 2557 3301 2618 Leo,
3332 2558 3424 2626 qui

1843 2654 1964 2700 acta
2007 2661 2037 2700 e
2074 2645 2277 2701 Grzecis
2306 2646 2500 2700 Latina
2545 2647 2692 2712 fecit,
2725 2647 3024 2702 Honorium
3067 2664 3171 2703 non
3205 2648 3427 2703 haeresis

1845 2753 2032 2804 causa,
2062 2738 2156 2792 sed
2185 2737 2409 2791 alterius
2441 2736 2703 2792 facinoris
2731 2739 3046 2792 damnatum
3077 2737 3314 2792 tradunt.

1913 2848 2303 2904 Constantinus
2330 2848 2492 2918 igitur
2523 2848 2576 2901 in
2602 2848 2813 2914 Edicto,
2845 2867 2862 2899 ι
2890 2847 3426 2902 Anathematizamus

1846 2955 1960 3004 eos,
1986 2941 2186 3011 inquit,
2216 2939 2309 3010 qui
2339 2954 2602 2993 novorum
2633 2940 2944 3010 dogmatum
2975 2948 3192 2993 autores
3226 2948 3280 2993 et
3310 2938 3426 2992 fau-

1768 3060 1812 3122 Ο
1851 3041 1994 3086 tores
2021 3038 2148 3086 sunt
2193 3048 2205 3083 :
2233 3029 2578 3085 Theodorum
2611 3031 2860 3096 dicimus,
2892 3031 2985 3100 qui
3025 3029 3126 3084 fuit
3156 3029 3423 3085 Pharani—

1846 3132 2004 3178 tanus
2032 3123 2360 3192 Episcopus,
2402 3133 2456 3176 et
2482 3120 2764 3192 Sergium,
2812 3122 2904 3191 qui
2947 3121 3050 3174 fuit
3088 3120 3246 3189 hujus
3276 3120 3427 3175 urbis

1844 3213 2103 3279 Antistes,
2133 3213 2376 3266 moribus
2405 3212 2695 3266 Theodoro
2722 3221 2776 3266 et
2807 3211 3083 3280 impietate
3109 3226 3316 3280 parem,
3346 3218 3427 3264 at-

1843 3319 1947 3372 que
1978 3303 2140 3355 etiam
2169 3301 2486 3365 Honorium,
2521 3303 2610 3368 qui
2638 3301 2735 3354 fuit
2777 3302 3015 3368 antiquae
3044 3301 3228 3354 Roma:
3259 3301 3424 3368 Papa,

1847 3393 2040 3446 horum
2092 3391 2382 3450 fautorem,
2422 3387 2722 3454 adiutorem
2768 3399 2823 3443 et
2855 3390 3290 3443 confirmatorem
3320 3391 3430 3443 bte-

1848 3484 2040 3549 resis,i
2073 3491 2180 3535 etc.
2209 3479 2466 3533 Homines
2496 3479 2588 3546 qui
2615 3480 2959 3539 damnantur,
2978 3480 3140 3533 duum
3171 3494 3427 3550 generum

1846 3572 1995 3637 facit,
2035 3573 2347 3642 dogmatum
2392 3580 2612 3623 autores
2655 3576 2709 3623 et
2749 3569 3027 3622 fautores:
3059 3565 3340 3622 Theodoro
3376 3577 3428 3623 et

1848 3664 2037 3734 Sergio
2083 3661 2230 3714 velut
2285 3659 2584 3724 autoribus,
2635 3657 2875 3713 Honorio
2903 3666 3162 3727 tanquam
3206 3656 3424 3723 fautori,

1843 3757 1973 3812 dicit
2006 3754 2309 3809 anathema.

1917 3869 2116 3942 Synodi
2174 3882 2337 3939 porro
2383 3875 2621 3930 mentem
2683 3881 2840 3921 nemo
2893 3866 3086 3921 melius
3135 3865 3420 3935 intellexit,

1843 3977 2004 4033 quam
2048 3961 2365 4032 Imperator,
2416 3958 2574 4029 190
2619 3967 2679 4012 ut
2727 3959 2819 4028 qui
2875 3959 3038 4014 rebus
3088 3958 3424 4030 Theologicis

1845 4054 2086 4124 apprime
2120 4061 2238 4107 erat
2275 4052 2538 4115 eruditus,
2573 4050 2885 4124 Synodique
2926 4053 3230 4107 actionibus
3275 4055 3425 4107 inde-

1843 4147 1984 4202 fesse
2021 4144 2287 4210 interfuit,
2318 4145 2428 4200 imo
2465 4144 2627 4199 etiam
2664 4159 2792 4214 pars
2820 4144 3022 4216 optima
3053 4146 3253 4200 extitit.
3289 4144 3425 4202 Cum

1842 4241 2002 4312 paulo
2047 4247 2172 4295 ante
2213 4239 2439 4294 dixisset
2478 4237 2544 4292 de
2583 4236 2994 4301 Sacerdotibus,
3039 4237 3131 4306 qui
3174 4252 3426 4306 perverse

1845 4335 2115 4390 Ecclesias
2160 4331 2548 4403 gubernarunt.
2612 4349 2630 4380 ι
2670 4329 2734 4384 Hi
2782 4339 2926 4395 sunt,
2960 4329 3152 4398 inquit,
3183 4329 3428 4386 Theodo-

1767 4399 1818 4458 D
1847 4441 1960 4490 rus,
2008 4423 2100 4493 qui
2137 4399 2237 4475 fuit
2271 4421 2483 4476 Pbaran
2530 4421 2848 4492 Episcopus,
2903 4421 3144 4492 Sergius,
3188 4423 3278 4492 qui
3328 4423 3429 4480 fuit

1847 4522 2045 4569 nostra:
2085 4527 2116 4566 a
2148 4511 2258 4566 Deo
2286 4511 2669 4566 conservanda:
2707 4511 2867 4581 regiae
2895 4511 3045 4566 urbis
3071 4510 3333 4576 Antistes,
3361 4515 3426 4568 ad

1847 4607 1963 4661 haec
1986 4604 2278 4670 Honorius,
2311 4602 2403 4673 qui
2437 4601 2538 4656 fuit
2566 4601 2802 4671 antiquae
2830 4601 3014 4656 Romae
3045 4600 3208 4674 Papa,
3246 4603 3428 4672 hujus-

1848 4697 1992 4754 modi
2035 4697 2308 4752 haereseos
2373 4692 2760 4759 conﬁrmator,
2810 4692 2902 4764 qui
2948 4692 3112 4747 etiam
3163 4692 3266 4748 sibi
3314 4695 3427 4764 ipse

1844 4797 2064 4861 pugnat,
2102 4809 2120 4839 ι
2156 4799 2260 4843 etc.
2313 4787 2483 4843 Vocat
2517 4786 2954 4841 conﬁrmatorem
2986 4785 3272 4852 hatreseos,
3301 4803 3426 4857 pro-

1843 4891 1965 4954 pter
2009 4880 2366 4936 inconsultam
2406 4878 2762 4936 teconomiam
2791 4895 2803 4931 :
2853 4877 3033 4949 arguit
3057 4878 3200 4947 quod
3227 4890 3428 4950 pugnet

1845 4990 2049 5037 secum,
2077 4972 2202 5042 quia
2227 4987 2347 5026 cum
2381 4970 2645 5027 catholice
2687 4971 2859 5038 reipsa
2896 4969 3121 5024 sentiret
3151 4967 3205 5022 in
3233 4969 3423 5032 literis,

1845 5081 1954 5121 non
2004 5073 2181 5118 tamen
2229 5063 2444 5131 spiritu,
2489 5076 2596 5130 quo
2643 5059 2708 5112 ad
2750 5057 3142 5130 profligandam
3173 5057 3422 5113 haeresim

1847 5168 1983 5226 opus
2003 5161 2143 5218 erat,
2167 5161 2222 5207 et
2251 5152 2463 5206 locutus
2490 5161 2572 5206 est
2608 5158 2661 5206 et
2689 5149 2817 5220 egit.

1916 5265 2098 5321 LXVI.
2140 5265 2249 5321 Leo
2276 5265 2337 5319 ll.
2379 5265 2436 5318 In
2463 5263 2688 5332 epistola
2718 5263 2786 5317 ad
2808 5239 3226 5319 Constantinum
3247 5263 3422 5331 Impe-

1845 5365 2103 5414 ratorem.
2147 5372 2164 5405 ι
2196 5353 2728 5408 Anathematizamus
2777 5353 2900 5406 novi
2933 5352 3137 5406 erroris
3182 5351 3428 5404 invento-

1849 5462 1956 5511 res,
1994 5446 2046 5499 id
2081 5452 2182 5508 est,
2216 5444 2556 5498 Theodorum
2602 5441 3024 5495 Pharanitanum
3075 5439 3424 5506 Episcopum,

1847 5535 2044 5606 Cyrum
2069 5532 2514 5604 Alexandrinum,
2545 5530 2815 5600 Sergium,
2861 5527 3148 5596 Pyrrhum,
3177 5521 3421 5591 Paulum,

1851 5625 2090 5692 Petrum,
2131 5622 2736 5692 Constantimpolitanie
2779 5617 3032 5673 Ecclesiae
3081 5615 3424 5674 subsessores
