3990 6184
510 292 535 311 ,ι

510 292 535 311 ,.

481 286 575 342 l-..3

1678 264 1767 326 AD
1804 264 2066 325 LIBRUM
2110 256 2419 322 DIUltNUM

3636 259 3740 313 16!

470 401 663 473 magis,
711 412 875 472 quam
900 394 1194 459 Praesulcs;
1246 403 1456 445 necnon
1500 393 1555 441 et
1594 382 1912 445 Honorium.
1959 376 2049 447 (illi
2080 382 2131 438 Α
2157 376 2338 447 Τῐριιε
2385 389 2550 445 Porro
2599 371 2898 473 δξηυιθξθξ
2932 376 3016 423 ⁸⁸⁸
3048 383 3078 422 ³
3110 367 3355 472 Μθξίίυο.
3382 367 3423 432 ι’
3457 367 3747 473 Vdulum?

468 469 610 550 hanc
647 469 1012 563 Apostolicam
1046 484 1344 541 Ecclesiam
1378 494 1488 533 non
1517 474 1842 547 Apostolicze
1872 469 2056 563 tradi-

469 584 641 640 tionis
681 562 927 639 doctrina
976 572 1286 637 illustravit,
1336 570 1431 625 sed
1474 565 1700 639 profana
1750 562 2057 634 proditione

477 675 877 735 immaculatam
905 667 1160 724 maculari
1188 662 1453 736 permisit.
1493 679 1511 712 ι

548 769 607 824 In
640 764 865 836 epistola
904 761 972 816 ad
1001 759 1299 827 Episcopus
1322 751 1616 823 Hispaniae.
1673 767 1690 799 ‹
1722 747 2058 803 Condemna—

478 860 625 915 tione
663 852 907 912 mulctati
949 859 1076 906 sunt
1097 847 1415 903 Theodorus
1440 840 1858 903 Pharanitanus,
1887 837 2061 907 Cyrus

477 945 901 1006 Alexandrinus,
950 940 1203 1011 Sergius,
1250 936 1524 1009 Pyrrhus,
1569 931 1795 995 Paulus,
1845 928 2058 993 Petrus,

477 1033 1088 1106 Constantinopolitani,
1146 1045 1289 1088 cum.
1322 1026 1588 1090 Honorio,
1644 1023 1735 1094 qui
1789 1021 2059 1076 ﬂammam

476 1130 715 1190 hmretiei
754 1125 1023 1199 dogmatis
1061 1139 1198 1186 non,
1246 1128 1307 1175 ut
1351 1120 1533 1174 decuit
1558 1114 1925 1186 Apostolicam
1965 1128 2060 1167 au-

476 1223 794 1284 toritatem,
857 1216 1205 1286 incipientem
1261 1210 1532 1273 extinxit,
1594 1207 1687 1263 sed
1736 1205 2061 1277 negligentia

477 1314 738 1371 confovit.
766 1330 785 1364 ο
860 1322 877 1335 ‘

547 1406 606 1460 ln
652 1402 879 1473 epistola
928 1402 993 1455 ad
1036 1397 1311 1467 Ervigium
1358 1395 1579 1463 Regem.
1649 1408 1667 1439 ι
1702 1389 1778 1443 De
1806 1386 2062 1442 Ecclesia:

478 1497 771 1552 Catholicae
805 1493 1131 1549 adunatione
1161 1487 1385 1561 proiecti
1414 1494 1541 1541 sunt
1576 1483 1894 1539 Theodorus
1917 1479 2061 1534 Phao

483 1587 765 1643 ranitanus
818 1582 1140 1653 Episcopus,
1202 1578 1375 1648 Cyrus
1438 1572 1877 1634 Alexandrinus,
1937 1568 2065 1623 Ser—

481 1678 619 1749 gius,
659 1674 877 1738 Paulus,
905 1672 1144 1741 Pyrrhus
1173 1676 1229 1722 et
1252 1667 1469 1729 Petrus,
1502 1663 1775 1734 quondam
1802 1660 2066 1716 Constan-

2158 469 2300 539 pius,
2338 474 2393 522 et
2423 482 2455 521 a
2485 473 2595 520 tota
2630 462 2849 534 Synodo
2876 459 3232 515 Lateranensi
3281 457 3539 527 reiectus,
3567 458 3750 516 allatis

2156 559 2476 622 rationibus,
2507 570 2628 626 qua:
2672 560 2732 608 ut
2768 560 2957 607 sancta
2986 549 3206 623 Synodo
3234 550 3430 622 dignae,
3467 550 3545 606 ita
3573 551 3751 609 inelu-

2157 648 2371 704 ctabilis
2400 655 2529 701 sunt
2572 645 2854 700 momenti.

2230 738 2458 794 LXVIII.
2501 736 2683 792 Facile
2730 718 2875 789 nunc
2917 732 3223 799 coniicitnr,
3271 734 3415 804 quod
3463 732 3644 791 fuerat
3693 736 3751 792 in

2156 830 2448 899 partitione
2477 828 2697 883 tertium
2723 843 2736 879 :
2767 831 2984 881 constat
3004 824 3152 878 enim
3176 837 3432 894 peccasse
3453 822 3757 881 Honorium

2160 936 2257 976 sua
2293 919 2381 973 illa
2422 917 2753 982 oeconomia,
2795 929 2903 985 qua
2938 913 3129 979 voluit,
3164 915 3231 967 de
3267 929 3374 968 una
3416 913 3501 968 vel
3536 915 3760 985 gemina

2160 1013 2478 1083 operatione
2517 1010 2710 1074 taceri,
2743 1024 2867 1064 cum
2903 1014 3088 1063 tamen
3120 1006 3399 1079 religionis
3433 1022 3598 1063 causa
3637 1007 3765 1063 exi-

2161 1112 2331 1174 geret,
2370 1109 2559 1173 aperte
2604 1101 2875 1173 geminam
2918 1097 3213 1155 defendere
3259 1113 3274 1151 :
3318 1111 3387 1153 ne
3430 1099 3642 1155 scilicet
3687 1099 3763 1155 ab

2163 1194 2626 1263 Eutychianorum
2660 1191 2906 1261 reliquiis
2934 1191 3067 1246 fides
3095 1191 3163 1246 de
3189 1190 3399 1246 duabus
3432 1191 3641 1246 naturis
3672 1191 3765 1246 in-

2166 1284 2427 1347 confusis,
2469 1283 2846 1353 impermixtis,
2889 1291 2947 1337 et
2983 1282 3337 1346 indistinctis,
3378 1297 3500 1352 quae
3537 1282 3762 1354 oblique

2162 1375 2472 1444 petebatur,
2535 1381 2775 1429 nutaret.
2839 1372 3056 1428 Nullum
3116 1388 3244 1429 vero
3303 1381 3585 1443 peccatum
3644 1381 3757 1438 est,

2164 1466 2309 1536 quod
2348 1466 2472 1521 fidei
2506 1465 2799 1522 Catholicae
2845 1474 3060 1532 noceat,
3096 1466 3227 1536 quin
3265 1466 3334 1521 ab
3364 1465 3604 1522 Ecclesia
3641 1481 3763 1523 meo

2167 1559 2274 1613 rito
2298 1558 2563 1613 vindicari
2590 1567 2788 1628 queat;
2828 1558 3019 1628 nequit
3058 1567 3261 1621 autem,
3291 1559 3335 1612 si
3365 1564 3651 1628 exemptus
3684 1558 3764 1612 sit

2165 1666 2196 1705 e
2235 1650 2375 1704 vivis
2420 1648 2510 1719 qui
2552 1647 2830 1718 peccavit,
2878 1649 2983 1703 nisi
3027 1662 3187 1702 eraso
3224 1648 3293 1702 de
3334 1648 3507 1703 sacris
3559 1647 3761 1703 tabulis

483 1733 819 1833 tinopolitani
848 1733 1130 1823 Praesules,
1159 1765 1215 1811 et
1251 1771 1357 1810 una
1396 1733 1527 1810 cum
1557 1753 1638 1808 eis
1662 1750 1932 1806 Honorius
1956 1749 2065 1803 Ro-
2091 1733 2139 1791 B
2167 1740 2414 1801 ηοωίηθς
2464 1739 2728 1793 infamati!
2772 1738 3035 1794 memoria
3055 1779 3069 1804 9
3119 1747 3176 1792 ει
3219 1738 3519 1795 combustis
3562 1738 3721 1795 libris
3741 1780 3760 1804 ο

482 1867 700 1918 manus,
728 1851 820 1922 qui
859 1849 1261 1904 immaculatum
1286 1844 1608 1915 Apostolica:
1646 1839 1952 1896 traditionis
1978 1853 2064 1893 re-

483 1943 687 2015 gulam,
715 1957 877 2012 quam
919 1941 974 1995 in
1002 1936 1496 2010 prmdecessoribus
1535 1933 1649 1990 suis
1690 1931 1920 2001 accepit,
1950 1945 2067 1983 ma-

482 2037 652 2092 culari
680 2035 972 2091 consensit.
1012 2054 1031 2087 ι

556 2127 761 2184 LXVII.
806 2126 877 2183 Ut
909 2125 1038 2181 tanti
1071 2123 1367 2180 testimonii
1406 2129 1740 2177 momentum
1766 2117 2068 2191 perpenda-

483 2228 592 2281 tur,
623 2217 1021 2274 observandum
1054 2234 1066 2268 :
1097 2232 1136 2269 ι.
1179 2214 1227 2268 Α
1276 2213 1493 2267 nemine
1542 2211 1880 2266 eruditorum
1923 2223 2069 2262 nunc

486 2308 661 2363 audiri
687 2308 1001 2370 Baronium,
1034 2306 1124 2374 qui
1152 2304 1417 2359 adversus
1459 2301 1809 2371 Imperatoris
1834 2298 2069 2355 Summi-

486 2412 593 2468 que
633 2396 910 2452 Pontiﬁcis
932 2396 1143 2451 litteras
1177 2394 1332 2464 quasi
1366 2392 1739 2463 supposititias
1784 2390 2067 2446 reclamat.

490 2504 556 2545 ιι.
581 2488 817 2544 Leonem
863 2501 1074 2542 summa
1127 2484 1408 2554 diligentia
1452 2483 1749 2554 perlegisse
1787 2490 1908 2537 acta
1950 2496 2072 2552 quae

490 2580 787 2637 transtulit.
844 2598 862 2630 ι
893 2578 1182 2634 Gestorum
1233 2576 1593 2649 synodalium,
1649 2574 1843 2645 inquit,
1874 2574 2073 2629 seriem

488 2680 853 2737 recensentes,
892 2671 1216 2740 curiosaque
1261 2668 1542 2739 diligentia
1586 2665 1798 2738 singula
1844 2680 2075 2736 quaeque

487 2773 638 2837 gesta
682 2763 1004 2835 ﬂagitantes.
1056 2763 1248 2817 eadem
1291 2776 1411 2832 quae
1436 2759 1763 2831 Apostolica‘.
1805 2759 1950 2814 sedis
1976 2756 2091 2815 Le-.

489 2859 600 2929 gati
637 2864 1026 2921 narraverant,
1068 2855 1286 2925 scriptis
1326 2852 1753 2911 consonantibus
1786 2851 2076 2908 convenire

489 2948 809 3020 reperimus.
858 2946 1235 3017 Comperimus
1280 2946 1450 3012 enim,
1484 2965 1504 2998 ι
1560 2952 1667 3001 etc.
1721 2960 1805 2999 ιιι.
1844 2942 2076 3013 Legatos

491 3042 637 3097 sedis
666 3038 989 3109 Apostolicaa
1018 3054 1125 3094 non
1155 3037 1465 3094 interfuisse
1503 3045 1712 3092 tantum
1731 3076 1746 3101 ,
1785 3035 1880 3092 sed
1906 3034 2075 3090 etiam

2166 1844 2286 1900 qua:
2310 1829 2412 1883 tria
2431 1827 2682 1900 Synodus
2708 1829 2965 1883 adversus
2978 1827 3277 1883 Honorium
3306 1829 3579 1884 exercuit:
3605 1830 3763 1885 eradi

2165 1937 2337 1993 porro
2373 1937 2571 1977 nomen
2616 1921 2684 1977 de
2709 1921 2881 1977 sacris
2926 1920 3198 1991 diptycbis
3240 1919 3294 1974 id
3323 1921 3497 1992 ipsum
3547 1929 3669 1987 est,
3712 1922 3764 1977 si

2167 2014 2344 2083 agitur
2388 2012 2457 2067 de
2501 2011 2747 2077 mortuis,
2794 2011 2938 2082 quod
2983 2012 3052 2065 ab
3080 2010 3321 2065 Ecclesia
3346 2008 3575 2081 projici;
3617 2011 3763 2066 infa-

2167 2100 2304 2156 mari
2359 2100 2679 2155 memoriam
2728 2100 2865 2154 nihil
2914 2099 3082 2164 aliud,
3129 2114 3293 2169 quam
3338 2107 3562 2170 propter
3594 2114 3768 2156 nocué

2169 2200 2427 2249 mentum
2450 2192 2659 2247 illatum
2702 2191 2825 2247 ﬁdei
2856 2190 3134 2257 damnari;
3173 2191 3420 2246 comburi
3456 2190 3643 2257 libros,
3676 2200 3769 2247 est

2170 2285 2421 2355 indignos
2447 2283 2554 2338 dici
2589 2282 2682 2352 qui
2715 2282 2990 2353 legantur.

2241 2373 2429 2429 LXIX.
2472 2373 2617 2429 Nihil
2660 2389 2794 2429 vero
2839 2374 3067 2439 mirum,
3115 2373 3305 2428 eadem
3347 2386 3510 2443 pinna
3555 2372 3767 2429 erroris

2171 2464 2442 2532 fautores,
2505 2466 2672 2521 etiam
2717 2465 3013 2535 negativos,
3065 2465 3110 2520 si
3157 2464 3287 2520 licet
3329 2465 3401 2520 ita
3444 2464 3627 2535 loqui,-
3653 2478 3769 2535 qua

2172 2565 2392 2611 autores
2446 2556 2610 2627 ipsos,
2661 2554 2828 2621 allici;
2876 2556 3067 2610 eadem
3110 2556 3266 2629 enim.
3300 2562 3560 2625 utrosque
3604 2556 3769 2627 culpa

2174 2650 2349 2704 teneri
2372 2648 2573 2703 docent
2593 2650 2790 2703 summi
2813 2646 3123 2702 Pontiﬁces.

2243 2739 2586 2795 innocentius
2628 2739 2836 2809 primus
2871 2739 2938 2794 ad
2972 2737 3166 2794 Patres
3193 2737 3569 2794 Milevitanos:
3601 2755 3620 2789 ι
3655 2736 3772 2795 (Ξει-

2174 2839 2299 2887 veat
2320 2830 2611 2902 pastoralis
2646 2846 2775 2885 cura
2802 2845 2874 2885 ne
2904 2830 3133 2885 duarum
3157 2830 3341 2884 ovium
3367 2830 3484 2885 dira
3510 2826 3769 2901 contagia

2176 2930 2398 2993 serpant
2425 2921 2652 2977 forsitan
2682 2936 2778 2993 per
2806 2920 2997 2993 vulgus
3032 2922 3335 2987 incautum,
3361 2921 3651 2992 rapacique
3679 2920 3773 2976 ius

2176 3027 2277 3083 pus
2325 3012 2491 3068 corde
2536 3012 2749 3067 lzctetur
2804 3012 2947 3067 intra
3002 3009 3143 3067 ovile
3192 3010 3525 3067 dominicum
3554 3034 3559 3042 ·
3586 3018 3775 3068 tantas

492 3095 773 3202 ῥέετυίεξθ
812 3129 1118 3185 παρηίδας
1147 3128 1405 3194 concilii,
1446 3128 1501 3182 in
1540 3095 1743 3197 quibus;
1771 3132 1952 3180 auum
1990 3132 2078 3178 εει
2103 3095 2147 3157 C
2180 3105 2361 3161 ovium
2393 3103 2543 3160 fusas
2571 3112 2838 3171 catervas,
2866 3104 2997 3159 dum
3031 3117 3062 3157 a
3088 3103 3402 3159 custodibus
3428 3102 3778 3158 dissimulans

490 3224 558 3280 de
586 3222 825 3279 Honorio
869 3238 883 3274 :
929 3222 1038 3276 imo
1080 3219 1379 3275 deﬁnitioni
1425 3227 1481 3274 et
1525 3217 1974 3289 prosphonetico,
2019 3215 2076 3270 in

496 3316 694 3387 quibus
717 3315 1026 3379 damnatur,
1055 3312 1443 3381 subscripsisse
1465 3312 1671 3382 primos
1696 3310 1960 3374 omnium,
1990 3316 2074 3362 at-

490 3421 597 3477 que
645 3406 719 3461 ita
769 3404 891 3461 fieri
941 3420 1049 3460 non
1098 3404 1382 3474 potuisse,
1434 3410 1497 3456 ut
1541 3403 1786 3457 sinerent
1831 3415 1891 3456 se
1937 3400 2078 3456 actis

489 3497 784 3568 suppositis
839 3494 1014 3561 illudi,
1064 3494 1318 3565 illusique
1356 3492 1675 3550 Pontificem
1724 3491 1780 3547 in
1832 3505 2078 3546 errorem

488 3588 767 3645 ducerent.
797 3602 871 3642 tv.
893 3586 1223 3657 Legatorum
1250 3586 1471 3641 nomine
1496 3600 1605 3640 non
1632 3598 1727 3639 eos
1753 3591 1965 3638 tantum
1995 3583 2078 3637 in—

489 3679 656 3750 telligi
694 3678 920 3741 debere,
956 3677 1050 3746 qui
1095 3675 1275 3729 locum
1310 3673 1610 3743 Agathonis
1656 3681 1924 3739 tenerent,
1981 3673 2077 3727 sed

490 3768 656 3821 etiam
687 3768 779 3835 qui
819 3780 850 3819 a
879 3762 1120 3818 Concilio
1148 3763 1398 3817 Romano
1445 3762 1597 3817 missi
1644 3776 1768 3819 eum
1802 3762 2079 3819 Monachis

492 3856 545 3911 in
577 3856 731 3926 191
764 3853 1005 3910 Concilio
1043 3862 1355 3919 censentur,
1385 3868 1586 3924 eosque
1627 3870 1816 3910 omnes
1855 3870 1957 3911 nec
1986 3873 2077 3911 ru-

490 3945 588 4000 des
624 3943 809 4011 fuisse,
849 3959 952 3999 nec
989 3943 1270 4014 imperitos
1300 3943 1559 4000 doctrina:
1590 3943 1737 4010 fidei,
1770 3946 1865 4002 sed
1902 3946 2080 4001 erudi-

492 4044 579 4091 tos
615 4035 879 4107 apprime,
928 4033 1058 4092 licet
1099 4035 1377 4092 saecularis
1422 4035 1745 4106 eloquentiae
1788 4047 2074 4109 expertes;

491 4140 660 4196 quare
690 4141 799 4182 non
829 4126 1070 4197 potuisse
1107 4134 1221 4181 tam
1260 4126 1452 4197 supine
1488 4123 1624 4192 falli,
1654 4134 1714 4181 nt
1742 4142 1919 4197 neque
1955 4144 2080 4183 scn-

490 4215 721 4271 tentiam
765 4214 1014 4282 Concilii,
1058 4230 1221 4286 quam
1267 4215 1370 4287 ipsi
1415 4216 1759 4286 praesidendo
1807 4216 2075 4283 tulissent,

489 4320 666 4377 neque
713 4314 959 4363 actorum
1012 4307 1402 4377 integritatem,
1438 4323 1560 4378 quae
1602 4307 2076 4377 subscripsissent,

489 4400 728 4468 satisque
748 4397 1068 4455 Pontiﬁcem
1097 4399 1313 4455 curiose
1340 4399 1766 4471 interrogantem
1793 4400 2072 4456 docerent.

489 4502 543 4543 ν.
575 4486 691 4544 Non
720 4488 865 4544 aliud
904 4487 1175 4559 obiectum
1223 4488 1392 4545 fuisse
1423 4489 1681 4556 Honorio,
1722 4506 1887 4561 quam
1930 4491 2075 4562 quod

491 4576 685 4649 Sergio
716 4580 1086 4645 consentiret,
1136 4589 1298 4650 atque
1351 4580 1487 4635 adeo
1544 4579 1751 4636 foveret
1800 4580 2071 4637 haeresim.

489 4668 778 4723 Consensit
805 4684 933 4724 vero
970 4679 1205 4735 tantum,
1239 4686 1345 4742 qua
1372 4679 1526 4740 parte
1556 4672 1779 4742 Sergius
1809 4671 1935 4728 ﬁcto
1980 4688 2077 4742 pa-

492 4761 573 4815 cis
603 4764 819 4815 nomine
848 4762 1301 4816 dissimulandum
1338 4762 1619 4829 censebat,
1650 4771 1881 4834 uterque
1912 4763 2077 4836 igitur

492 4853 796 4908 cuneordiae
838 4855 1017 4908 studio
1055 4853 1191 4908 fovit
1213 4853 1462 4910 bmresim
1488 4869 1503 4908 :
1530 4855 1624 4911 sed
1653 4855 1920 4913 Honorius
1949 4858 2078 4915 alie-

490 4958 642 5009 nam,
680 4945 804 5013 quia
844 4960 949 5000 non
978 4947 1238 5016 peremit;
1282 4962 1434 5000 suam
1470 4945 1712 5017 Sergius,
1750 4948 1875 5019 quia
1916 4951 2075 5006 dissi—

491 5033 737 5089 mulavit.
766 5034 1100 5107 Subscripsit
1127 5047 1351 5107 uterque
1378 5037 1574 5093 similia
1605 5040 1907 5109 reprobatis
1936 5041 2071 5096 duo—

491 5124 597 5178 bus
624 5125 842 5196 scriptis
867 5125 1289 5197 lmpcratorum;
1324 5128 1419 5184 sed
1442 5128 1732 5195 Honorius,
1759 5129 1907 5201 Typo
1927 5129 2072 5187 Con-

491 5214 705 5281 stantis,
753 5231 862 5285 quo
907 5218 1041 5274 nihil
1092 5218 1461 5290 imperabatur
1505 5230 1705 5288 praeter
1762 5220 2068 5289 silentium;

491 5303 734 5378 Sergius,
766 5308 983 5364 Ectbesi
1022 5309 1275 5374 Heraclii,
1321 5326 1425 5380 qua
1462 5320 1661 5381 praeter
1698 5312 1900 5367 silentii
1940 5314 2075 5368 indi-

490 5396 724 5454 ctionem
777 5398 1158 5456 continebatur
1218 5401 1378 5455 unius
1435 5401 1731 5458 voluntatis
1776 5403 2066 5472 professio.

2183 3208 2266 3253 ter
2326 3198 2561 3254 habetur
2619 3196 2816 3252 vulnus
2877 3196 3129 3252 duarum.
3190 3194 3634 3266 Prospiciendum
3682 3204 3779 3251 est

2178 3304 2327 3359 ergo,
2374 3302 2445 3342 ne
2481 3286 2847 3357 permittendo
2892 3286 3068 3355 lupos,
3105 3285 3433 3341 mercenarii
3477 3285 3647 3357 magis
3688 3285 3778 3340 vi—

2178 3377 2407 3432 deamur
2429 3391 2551 3434 esse
2584 3392 2751 3446 quam
2779 3383 3051 3446 pastores.
3100 3393 3119 3428 ι

2248 3470 2568 3525 ϐαξιρδιὶιιιιε
2603 3469 2623 3522 I
2666 3468 2732 3522 ad
2775 3468 3073 3538 Episcopus
3114 3465 3452 3521 Galliarum:
3502 3483 3523 3517 ι
3577 3462 3775 3521 Timeo

2178 3578 2248 3617 ne
2287 3560 2580 3617 connivere
2621 3560 2696 3615 sit
2738 3560 2827 3615 hic
2866 3565 3049 3614 tacere
3079 3572 3093 3612 :
3126 3558 3293 3613 timeo
3340 3571 3410 3613 ne
3446 3558 3619 3629 magis
3665 3558 3774 3629 ipsi

2178 3655 2488 3724 loquantur,
2521 3653 2614 3722 qui
2643 3653 2969 3723 permittunt
3010 3650 3117 3707 illis
3144 3649 3326 3705 taliter
3359 3650 3527 3720 loqui.
3559 3649 3617 3705 In
3641 3648 3773 3705 tali-

2179 3747 2282 3802 bus
2327 3746 2509 3802 causis
2546 3760 2652 3800 non
2692 3753 2844 3800 caret
2880 3743 3189 3815 suspicione
3231 3743 3599 3812 taciturnitas,
3637 3740 3773 3812 quia

2179 3845 2494 3894 occurreret
2518 3837 2743 3901 veritas,
2780 3834 2938 3907 192
2970 3836 3015 3891 si
3045 3834 3257 3890 falsitas
3284 3832 3630 3904 displiceret:
3655 3844 3781 3889 me-

2178 3928 2287 3983 rito
2316 3943 2552 3999 namque
2578 3940 2744 3982 causa
2772 3940 2873 3981 nos
2901 3924 3142 3996 respicit,
3169 3923 3215 3979 si
3248 3923 3464 3980 silentio
3488 3922 3780 3979 faveamus

2178 4019 2373 4075 errori.
2425 4037 2443 4071 ι

2248 4109 2360 4165 Leo
2396 4107 2438 4173 Ι,
2479 4108 2641 4178 epist.
2668 4107 2759 4173 93,
2806 4107 2876 4162 ad
2909 4106 3190 4162 Turibium
3219 4121 3231 4158 :
3263 4123 3282 4155 ι
3314 4103 3372 4159 Si
3400 4100 3642 4174 profanis
3676 4117 3780 4159 er-

2181 4200 2397 4255 roribus
2437 4198 2793 4253 Sacerdotum
2838 4197 3002 4253 corda
3033 4212 3139 4251 non
3171 4194 3455 4258 resistunt,
3499 4207 3606 4263 qua
3639 4208 3780 4249 eon-

2180 4289 2404 4345 scientia
2450 4289 2715 4344 honorem
2756 4287 2860 4343 sibi
2906 4287 3148 4343 debitum
3188 4284 3502 4349 vendicant,
3541 4283 3634 4353 qui
3670 4298 3780 4354 pro

2182 4380 2470 4457 animabus
2495 4379 2599 4433 sibi
2622 4376 2845 4432 creditis
2872 4391 2979 4431 non
3004 4374 3288 4430 laborant?
3314 4373 3512 4428 Bestia
3531 4372 3777 4440 irruunt,

2182 4478 2238 4527 et
2280 4470 2461 4526 ovium
2507 4476 2659 4538 septa
2713 4483 2821 4521 non
2865 4466 3122 4522 claudunt
3165 4483 3180 4519 :
3222 4463 3370 4520 fures
3420 4461 3779 4528 insidiantur,

2181 4571 2238 4618 et
2278 4559 2541 4617 excubias
2583 4573 2693 4613 non
2736 4557 3083 4629 praetendunt
3124 4571 3140 4610 :
3181 4555 3356 4611 morbi
3394 4554 3775 4618 crebrescunt,

2181 4662 2239 4709 et
2265 4652 2506 4710 remedia
2535 4650 2684 4706 nulla
2713 4649 3073 4720 prospiciunt,
3110 4668 3129 4701 ι
3160 4655 3265 4703 etc.

2251 4765 2425 4822 Foelix
2454 4764 2498 4821 ll
2522 4764 2589 4819 ad
2613 4762 2871 4819 Acacium
2906 4760 3588 4833 Constantinopolitanum.
3623 4778 3643 4810 ι
3675 4756 3788 4815 Ne-

2183 4857 2415 4930 gligere,
2459 4871 2584 4912 cum
2617 4855 2795 4927 possis
2829 4855 3118 4911 deturbare
3157 4868 3474 4925 perversos,
3518 4849 3651 4907 nihil
3692 4859 3782 4907 est

2179 4948 2325 5005 aliud
2377 4963 2540 5019 quam
2585 4945 2803 5012 fovere;
2843 4960 2944 5001 nec
2992 4954 3144 5002 caret
3196 4943 3448 5014 scrupulo
3493 4941 3782 4997 societatis

2177 5040 2424 5106 occultae,
2449 5040 2540 5110 qui
2562 5040 2843 5095 evidenter
2865 5035 3093 5092 facinori
3117 5035 3314 5091 desinit
3335 5033 3579 5098 obviare,
3608 5051 3627 5084 ι
3659 5038 3778 5086 etc.

2250 5130 2501 5203 Synodus
2546 5128 2932 5185 Lateranensis
2987 5128 3088 5183 sub
3132 5126 3366 5182 Martino
3414 5123 3455 5192 l,
3508 5123 3576 5179 de
3618 5122 3782 5194 Typo

2178 5223 2488 5280 Constantis
2525 5236 2710 5296 agens.
2769 5240 2788 5272 ι
2824 5218 3113 5286 Similiter,
3165 5217 3361 5289 inquit,
3412 5214 3614 5271 malum
3663 5225 3778 5278 est,

2179 5315 2333 5385 pejus
2355 5313 2625 5387 amplecti,
2662 5319 2714 5368 et
2743 5326 2866 5367 cum
2896 5312 3014 5382 ipso
3042 5309 3236 5365 melius
3282 5306 3574 5363 indiscrete
3600 5301 3783 5377 proji-

2179 5420 2324 5462 cere.
2364 5425 2384 5460 ι

1848 5617 2382 5644 —--—u-———'-
