3990 6184
229 265 337 324 tua

1211 281 1820 339 DISSER'I‘ATIONES.
1847 317 1914 326 ——
1947 289 2404 350 DISSERTATIO
2446 298 2527 351 Ill.

431 415 2526 450 mm

1216 532 1372 603 193
1430 545 2210 634 DISSERTATIO
2289 556 2450 637 III.

1063 738 1377 781 APPENDIX
1411 740 1490 780 an
1533 740 1729 782 mons
1772 741 2013 784 CAPITIS
2058 745 2146 801 tv,
2178 728 2265 790 De
2294 751 2416 792 usu
2442 735 2660 813 pallii.

295 924 340 978 ι.
379 924 531 978 Pallii
579 924 813 990 nomine,
859 940 963 994 qua
1009 926 1401 996 signiﬁcatione
1441 930 1530 984 hic
1555 933 1810 997 sumitur,
1842 942 1891 1002 Α
1918 933 2076 987 tiensi
2114 933 2377 1004 Episcopo
2412 937 2662 1004 permisit
2702 943 2922 1009 pallium
2963 963 3170 1019 gerere,
3209 962 3336 1012 tunc
3364 974 3487 1014 cum

221 1031 396 1088 genus
444 1017 713 1086 quoddam
762 1017 904 1072 sacri
951 1020 1260 1072 vestimenti
1310 1019 1660 1092 intelligitur,
1702 1039 1808 1093 quo

220 1107 555 1162 Patriarchie
616 1108 1007 1164 amiciebantur
1047 1111 1263 1180 quidem
1287 1152 1299 1174 ,
1335 1127 1454 1166 cum
1487 1114 1804 1170 ordinaren-

222 1209 344 1263 tur;
378 1199 715 1254 exuebantur
733 1214 885 1264 vero,
911 1199 957 1254 si
983 1200 1176 1270 deponi
1203 1201 1556 1274 contingeret.

291 1289 358 1342 II.
390 1288 702 1359 Cujusmodi
731 1289 896 1344 fuerit
920 1291 975 1344 in
1003 1291 1247 1346 Ecclesia
1277 1290 1558 1357 Orientali,
1589 1310 1695 1348 non
1723 1305 1806 1350 est

219 1379 384 1447 hujus
406 1379 508 1434 loci
535 1379 804 1434 disserere
833 1397 847 1433 :
877 1379 944 1434 ad
986 1379 1156 1434 solam
1185 1381 1327 1435 enim
1355 1381 1664 1438 Occidentis
1707 1385 1808 1439 Ec-

219 1469 442 1523 clesiam
470 1470 702 1532 pertinet
725 1469 907 1535 Liber,
940 1486 1103 1539 quem
1127 1471 1484 1536 illustramus;
1520 1490 1620 1529 nec
1647 1474 1807 1543 hujus

217 1575 436 1630 quoque
478 1560 578 1616 loci
603 1569 687 1615 est
715 1561 916 1627 dicere,
943 1563 1067 1631 quis
1097 1564 1288 1618 modus
1314 1575 1500 1620 nostra
1531 1575 1688 1621 tetate
1713 1568 1803 1634 sit,

217 1650 346 1719 quis
374 1651 512 1704 ritus
550 1650 880 1715 conferendi,
917 1661 971 1706 et
999 1653 1122 1721 quis
1148 1668 1278 1707 usus
1307 1663 1470 1723 atque
1499 1658 1761 1712 autoritas
1785 1675 1799 1722 ;

215 1756 380 1796 nemo
405 1743 672 1812 siquidem
705 1743 758 1798 id
783 1759 888 1797 non
914 1752 1092 1814 potest
1116 1743 1275 1800 facile
1321 1746 1530 1802 discere
1553 1763 1618 1802 ex
1657 1747 1804 1805 Juris

214 1828 489 1886 Pontiﬁcii
520 1832 924 1901 interpretibus.
959 1835 1027 1888 ad
1055 1835 1268 1889 titulum
1293 1836 1358 1890 de
1387 1853 1483 1890 usu
1513 1847 1560 1891 et
1601 1841 1802 1893 autori-

211 1928 324 1973 tate
350 1920 527 1990 pallii.

277 2009 374 2064 III.
419 2011 503 2065 Ad
524 2012 636 2066 sola
667 2013 832 2083 igitur
853 2013 1036 2082 priora
1069 2013 1267 2069 saecula
1289 2023 1500 2084 spectat
1530 2018 1646 2072 haec
1670 2034 1804 2088 qua-

207 2101 526 2170 liscumque
554 2111 641 2157 est
666 2113 849 2158 nostra
876 2106 1216 2169 Dissertatio,
1253 2108 1298 2162 si
1325 2116 1500 2162 tamen
1537 2109 1806 2165 Disserta-

208 2195 282 2249 tio
319 2204 443 2259 est,
473 2205 530 2249 et
566 2211 674 2250 non
703 2198 883 2264 potius
927 2199 1301 2268 compendiosa
1335 2200 1580 2268 quaedam
1610 2202 1801 2257 obser-

208 2284 382 2338 ratio.

278 2375 372 2429 IV.
417 2374 534 2429 Vox
584 2373 734 2443 pallii
788 2375 931 2444 apud
984 2376 1296 2433 Latinitatis
1348 2387 1567 2434 autores
1591 2391 1794 2437 vestem

207 2465 359 2520 illam
390 2464 605 2535 longam
630 2465 920 2534 signiﬁcat,
947 2482 1068 2536 quae
1101 2467 1220 2522 aliis
1246 2468 1573 2525 indumentis
1599 2471 1671 2526 ita
1695 2472 1796 2525 im-

206 2556 453 2626 ponitur,
477 2564 537 2610 ut
573 2557 800 2612 subinde
829 2568 1154 2628 assumatur,
1186 2575 1307 2614 cum
1343 2561 1710 2628 prodeundum
1737 2563 1791 2616 in

207 2647 513 2717 publicum;
543 2648 866 2718 deponatur,
890 2651 1106 2719 quando
1133 2651 1366 2722 quisque
1394 2653 1538 2708 domi
1561 2654 1703 2723 apud
1733 2670 1791 2710 se

205 2747 313 2793 est.

282 2825 345 2880 ν.
387 2827 446 2880 In
477 2828 646 2884 sacris
672 2831 1009 2886 ornamentis
1034 2846 1133 2886 vox
1167 2832 1255 2888 illa
1289 2835 1596 2906 ambiguam
1625 2836 1791 2891 habet

204 2918 657 2988 signiﬁcationem
687 2939 699 2974 :
732 2922 965 2976 sumitur
1003 2923 1173 2987 enim,
1202 2924 1486 2993 aliquando
1512 2940 1610 2995 pro
1637 2938 1790 2982 veste

203 3023 382 3071 sacra,
416 3024 536 3078 quae
576 3011 1001 3079 superinduitur,
1033 3021 1092 3065 ut
1119 3015 1261 3082 quod
1305 3015 1537 3082 pluviale
1565 3017 1783 3084 dicitur,

203 3098 459 3166 quodque
479 3113 648 3169 cappa
673 3109 727 3154 et
747 3102 961 3166 casula;
991 3102 1279 3172 aliquando
1306 3120 1404 3174 pro
1433 3108 1631 3178 insigni
1654 3126 1788 3180 quo-

205 3189 330 3242 dam
364 3190 647 3260 dignitatis
676 3193 907 3258 eximite,
938 3195 1080 3262 quod
1107 3195 1208 3264 ipsi
1231 3197 1392 3252 etiam
1422 3214 1606 3269 cappai
1630 3215 1787 3256 casu-

203 3278 378 3348 lzeque
408 3280 706 3349 imponitur
740 3301 753 3335 :
784 3292 943 3352 atque
975 3283 1178 3340 idcirco
1213 3287 1362 3356 pallii
1389 3305 1584 3344 nomen
1628 3293 1788 3346 sorti-

205 3377 315 3433 tur,
369 3373 631 3440 quoniam
685 3375 768 3428 vel
820 3375 982 3442 pallio
1021 3376 1336 3445 imponitur,
1383 3377 1520 3432 sicut
1567 3381 1787 3448 pallium

203 3458 429 3527 reliquis
454 3462 713 3528 vestibus,
742 3462 826 3518 vel
849 3463 1095 3532 estpallii
1113 3475 1489 3518 ornamentum
1520 3470 1788 3537 quoddam

202 3556 258 3600 et
285 3549 453 3604 decus
479 3565 494 3603 :
526 3549 730 3606 frustra
763 3554 908 3608 enim
938 3563 1086 3619 sunt,
1117 3556 1212 3625 qui
1239 3570 1401 3625 super
1433 3572 1496 3611 ea
1540 3560 1787 3614 nomina-

205 3642 348 3695 tione
373 3643 537 3697 anxie
569 3645 864 3714 quzerendo
893 3661 953 3701 se
977 3649 1244 3702 cruciant.

281 3732 361 3785 VI.
405 3732 686 3788 Pastrema
715 3736 818 3790 bac
854 3746 1118 3806 potestate
1141 3755 1283 3794 nunc
1311 3740 1591 3810 accipitur,
1623 3750 1784 3812 atque

205 3821 275 3875 ita
301 3823 574 3892 signiﬁcat
599 3825 833 3894 idipsum
861 3829 1209 3896 proportione
1245 3829 1300 3882 in
1347 3829 1607 3897 Ecclesia,
1639 3832 1783 3901 quod

205 3917 411 3984 hirquis
439 3916 495 3968 in
521 3917 850 3973 militaribus
878 3920 1147 3989 regiisque
1168 3919 1326 3992 194
1353 3921 1664 3986 Ordinibus,
1695 3925 1780 3977 ni-

203 4008 398 4061 mirum
438 4009 652 4079 insigne
686 4011 966 4081 dignitatis
1002 4011 1277 4080 cujusdam
1314 4015 1700 4082 przecellentis,
1730 4027 1783 4071 et

202 4099 415 4152 tazniam
446 4099 612 4167 pallio
641 4115 800 4155 sacro
821 4101 1285 4157 circumadditam.

270 4193 378 4248 VII.
421 4195 690 4262 Quoniam
725 4212 856 4252 vero
885 4197 1030 4251 nulla
1057 4207 1142 4253 est
1185 4200 1237 4253 in
1271 4200 1509 4257 Ecclesia
1544 4205 1779 4276 dignitas

201 4284 559 4342 Patriarcbali
606 4287 802 4357 major,
831 4290 1032 4346 idcirco
1066 4302 1288 4347 ornatus
1327 4293 1413 4349 ille
1439 4295 1780 4352 Patriarcba—

202 4395 314 4432 rum
337 4381 592 4450 pr0prius
615 4381 815 4446 extitit,
839 4390 894 4436 et
914 4381 1055 4436 illius
1078 4385 1396 4452 praesertim,
1427 4387 1518 4455 qui
1555 4389 1778 4458 reliquis

197 4472 448 4527 omnibus
475 4472 764 4535 antecellit,
791 4473 990 4542 quique
1011 4470 1134 4539 jure
1163 4473 1344 4528 divino
1362 4488 1574 4544 praeest,
1600 4479 1653 4532 id
1672 4488 1776 4542 est,

199 4564 390 4617 summi
420 4564 735 4629 Pontiﬁcis,
776 4565 888 4620 sive
915 4565 1171 4636 Episcopi
1208 4566 1455 4623 Romani.

263 4655 396 4710 VIII.
427 4655 566 4711 Cum
597 4665 778 4712 autem
802 4657 856 4710 in
883 4657 1123 4712 Ecclesia
1159 4658 1405 4727 dignitati
1429 4669 1668 4728 potestas
1692 4679 1778 4717 rea

195 4756 476 4815 spondeat,
507 4747 748 4816 pallium,
781 4751 847 4803 de
866 4764 974 4818 quo
999 4749 1290 4819 loquimur,
1317 4765 1422 4804 una
1452 4763 1574 4806 cum
1603 4754 1776 4824 digni-

1911 1021 2152 1076 Electnm
2201 1039 2231 1076 a
2274 1022 2431 1078 Clero
2478 1026 2722 1083 Romano
2767 1033 2822 1086 in
2865 1049 3136 1095 summum
3176 1043 3487 1105 Pontiﬁcem

1907 1127 2056 1166 more
2087 1115 2349 1182 majorum
2385 1117 2680 1172 ordinaret.

1907 1391 2148 1438 antorem
2181 1384 2402 1440 faciunt.
2437 1387 2658 1445 Faciunt
2696 1408 2824 1450 vero
2860 1397 3131 1469 Rnpertus
3171 1406 3486 1477 Tuitiensis.

1907 1482 1963 1526 et
1986 1473 2319 1544 Augustinus
2340 1475 2596 1534 Patritius
2628 1499 2641 1535 ε
2675 1483 2761 1538 ille
2787 1486 2840 1540 in
2884 1489 2974 1543 lib.
3006 1508 3021 1545 I
3049 1495 3114 1548 de
3139 1494 3338 1554 divinis
3359 1473 3486 1556 om;

1905 1565 2005 1618 ciis
2041 1580 2162 1634 cap.
2211 1567 2303 1632 27,
2350 1569 2452 1624 iste
2485 1571 2578 1625 lib.
2611 1590 2628 1628 ι
2668 1590 2944 1636 sacrorum
2992 1585 3209 1654 rituum,
3252 1604 3385 1647 sect.
3421 1597 3488 1650 de

1903 1653 2087 1722 pallio.

1974 1746 2062 1800 XI.
2099 1747 2343 1804 Mirabile
2363 1766 2527 1820 porro
2552 1763 2655 1818 est,
2679 1760 2822 1826 quod
2847 1765 3036 1820 scribit
3064 1768 3352 1840 Rupertus,
3379 1776 3486 1832 Ma-

1903 1845 2135 1902 ternum,
2168 1843 2260 1910 qui
2299 1843 2365 1896 ad
2398 1844 2775 1904 Trevirensem
2828 1853 3120 1914 Ecclesiam
3160 1863 3484 1925 fundandam

1902 1941 1933 1978 a
2058 1927 2219 1983 Petro
2263 1930 2518 2001 Apostolo
2561 1938 2758 1995 missus
2794 1952 2899 2009 est,
2941 1947 3307 2008 bmreditatem
3339 1959 3486 2026 pallii

1904 2016 2017 2069 suis
2040 2022 2442 2077 successoribus
2472 2026 2753 2096 reliquisse
2785 2050 2797 2084 :
2831 2033 2885 2088 id
2923 2038 3070 2091 enim
3098 2039 3142 2092 si
3177 2016 3364 2099 verum
3394 2050 3485 2114 sit,

1905 2103 2061 2206 fateri
2087 2116 2330 2176 oportet,
2363 2111 2420 2166 S.
2451 2114 2671 2172 Petrum
2705 2137 2861 2176 usum
2904 2125 3070 2181 fuisse
3105 2132 3287 2198 pallio,
3317 2103 3487 2206 eoque

1903 2193 2203 2253 Maternum
2233 2201 2484 2270 donasse,
2517 2218 2680 2276 atque
2711 2213 2846 2266 adeo
2872 2215 2940 2270 ab
2967 2222 3192 2275 exordio
3214 2193 3489 2285 nascentis

1825 2274 1872 2332 B
1901 2285 2152 2342 Ecclesia:
2199 2305 2440 2348 summos
2470 2297 2760 2355 Pontilices
2800 2312 2853 2356 et
2892 2309 3146 2376 gessisse,
3181 2323 3235 2367 et
3263 2331 3485 2375 conces-

1895 2375 2030 2429 sisse
2063 2379 2304 2447 pallium.
2348 2381 2568 2451 Verum,
2608 2398 2667 2443 ut
2711 2392 2828 2448 sine
2863 2375 3173 2456 testimonio
3215 2418 3478 2477 veterum,

1897 2476 2050 2522 autor
2077 2470 2163 2525 ille
2195 2473 2499 2531 duodecimi
2527 2481 2810 2540 dumtaxat
2840 2491 3023 2545 saiculi
3065 2502 3175 2550 tam
3197 2470 3479 2571 antiquam

1892 2560 2037 2628 pallii
2061 2569 2462 2624 concessionem
2487 2572 2638 2640 facit,
2662 2577 2735 2632 ita
2759 2579 2914 2635 ﬁdem
2938 2585 3023 2638 vix
3043 2588 3287 2647 obtinere
3313 2560 3474 2664 valet,

1891 2650 2082 2706 saltem
2113 2657 2253 2724 apud
2279 2659 2524 2718 homines
2554 2681 2660 2719 non
2688 2670 3040 2728 vehementer
3061 2680 3329 2737 credulos.

1963 2739 2080 2843 XII.‘
2120 2745 2343 2814 Accepit
2374 2750 2704 2843 aRuperto,
2741 2775 2860 2829 qua:
2890 2765 3109 2835 scripsit
3141 2770 3480 2843 Augustinus

1891 2827 2168 2896 Patritius,
2195 2847 2351 2890 autor
2373 2837 2632 2898 librorum
2656 2847 2722 2902 de
2745 2827 2916 2907 sacris
2938 2827 3191 2916 Ecclesia:
3219 2827 3478 2924 {tentante

1891 2921 2106 3019 ritibus,
2147 2941 2284 3019 quos
2336 2932 2426 2999 qui
2484 2935 2726 2992 tribuunt
2790 2943 3180 3019 Cbristopboro
3221 2921 3479 3018 Marcello

1889 3010 2226 3083 Corcyrensi,
2259 3020 2510 3078 videntur
2549 3026 2785 3087 Marcelli
2827 3010 3200 3105 prmfationem
3237 3010 3475 3108 aut};

1890 3121 2012 3204 nem
2063 3109 2108 3163 Χ
2151 3112 2294 3168 inter
2341 3117 2630 3189 legendum
2702 3136 3117 3198 printerniisisse
3152 3159 3164 3193 :
3200 3147 3474 3204 scribebat

1887 3196 2031 3297 enim
2079 3204 2451 3297 praefationem
2505 3196 2790 3274 Marcellus
2837 3238 2982 3280 anno
3034 3196 3474 3297 massae};

1889 3283 2070 3341 Leone
2090 3289 2158 3355 Χ,
2183 3295 2269 3347 cui
2291 3296 2485 3353 librum
2509 3303 2708 3360 dicavit
2731 3321 2746 3360 :
2773 3319 3074 3382 composuit
3096 3320 3292 3378 librum
3319 3337 3478 3383 autor

1891 3387 2036 3483 ξιιῗο
2069 3379 2208 3475 i473
2251 3393 2344 3437 aut
2383 3387 2551 3483 “.74,
2578 3397 2796 3452 sedente
2840 3379 2992 3457 Sixto
3018 3405 3107 3472 IV,
3134 3419 3190 3463 et
3221 3379 3479 3483 regnante

1889 3461 2168 3531 Federico,
2201 3479 2259 3522 ut
2283 3474 2568 3530 manifeste
2591 3486 2844 3538 ostendit.

1961 3553 2096 3608 XII.
2138 3557 2596 3623 Quemadmodum
2639 3585 2770 3627 vero
2807 3581 3002 3634 summi
3042 3583 3332 3644 Pontiﬁces
3382 3608 3476 3662 ρος

2807 3624 3002 3634 __-----..
3042 3624 3332 3644 -.πωπω
3419 3624 3471 3649 υ-

1812 3624 1855 3686 C
1889 3655 2136 3704 testatem
2199 3669 2352 3709 suam
2414 3658 2702 3729 aliquando
2769 3667 3098 3730 Praesulibus
3157 3624 3471 3742 inferiorzm

1884 3737 2248 3798 Ecclesiarum
2300 3753 2788 3821 communicarunt,
2825 3775 3028 3832 eosque
3074 3768 3128 3820 in
3170 3769 3475 3834 Provinciis

1884 3831 2106 3886 remotis
2155 3835 2392 3893 Vicarios
2441 3855 2568 3897 suos
2615 3858 2889 3916 crearunt,
2942 3831 3016 3908 ita
3055 3866 3470 3922 communicata:

1880 3925 2164 3988 potestatis
2196 3925 2404 3997 insigne
2429 3934 2794 4005 contulerunt,
2832 3957 2952 4011 quae
2982 3946 3095 4014 ipsa
3138 3963 3221 4006 est
3247 3969 3498 4013 conces-'

1881 4009 1960 4064 sio
1983 4013 2125 4112 pallii
2150 4033 2162 4068 :
2195 4019 2333 4072 unde
2351 4019 2573 4115 factum,
2595 4027 2750 4099 195
2768 4039 2825 4084 ut
2848 4009 3090 4102 pristinis
3113 4009 3466 4115 temporibus,

1879 4103 2319 4175 quotiescumque
2367 4112 2620 4168 collatum
2662 4129 2762 4184 est,
2812 4130 2954 4179 tat-ta
3004 4128 3073 4182 sit
3109 4103 3310 4188 mentio
3339 4103 3469 4192 con:

1879 4204 2043 4246 cessas
2073 4198 2379 4253 autoritatis
2417 4201 2578 4268 illius,
2614 4223 2734 4276 qua:
2763 4227 2861 4281 per
2889 4230 2947 4269 se
2977 4234 3190 4275 summo
3216 4222 3467 4284 Pontiﬁci

1877 4283 2146 4348 convenit,
2189 4301 2382 4356 nempe
2435 4299 2654 4362 cogendi
2713 4300 2996 4369 Synodos,
3056 4315 3343 4369 exercendi
3400 4318 3468 4373 de

1878 4367 2155 4470 Episcopis
2180 4376 2448 4445 rebusque
2484 4381 2611 4436 ﬁdei
2639 4367 2864 4462 judicia,
2894 4367 3207 4452 facultatem
3239 4367 3466 4470 Episco:

1875 4460 1960 4526 pis
1982 4459 2218 4518 faciendi
2250 4465 2462 4537 longius
2502 4487 2532 4524 a
2556 4488 2653 4527 sua
2679 4459 2922 4534 Ecclesia
2952 4487 3256 4554 recedendi,
3281 4459 3390 4550 etc.

1949 4551 2085 4605 XIV.
2129 4553 2262 4620 Quia
2295 4571 2460 4626 porro
2498 4563 2697 4620 vicaria
2732 4579 2970 4636 potestas
3016 4591 3137 4632 cum
3167 4551 3334 4651 pallio
3363 4588 3464 4642 tri-

1877 4641 2140 4754 buebatur
2164 4661 2430 4754 asumma
2452 4652 2736 4724 Pontiﬁce,
2775 4660 2866 4730 jus
2913 4641 3249 4743 aequitasque
3285 4681 3465 4754 exige-

1876 4731 1987 4796 bat,
2030 4737 2208 4806 utqui
2246 4738 2468 4807 pallium
2506 4746 2868 4819 accipiebant,
2893 4731 3196 4828 obligarent
3223 4731 3462 4829 vicissim

193 4844 320 4900 tate,
373 4837 766 4906 plenitudinem
825 4841 1107 4906 potestatis
1149 4841 1436 4910 signiﬁcat,
1478 4858 1577 4912 pro
1618 4847 1775 4901 modo
1818 4869 1831 4900 ι
1875 4842 2086 4931 “imm-0
2106 4829 2696 4940 Ρξξηίίηοίβίξθυίίπθῐη
2725 4847 2902 4905 ﬁdem
2934 4851 3130 4913 verum
3153 4877 3272 4932 qua?
3294 4883 3465 4940 ang"-

196 4935 369 4982 lamen
392 4941 661 4998 personae,
690 4944 722 4982 a
749 4944 854 4998 qua
875 4931 1085 5002 geritur
1117 4949 1129 4985 :
1163 4947 1286 4986 nam
1313 4933 1367 4986 in
1396 4949 1610 4990 summo
1631 4935 1772 4990 Pon-

194 5017 350 5079 tifice,
376 5019 434 5079 in
464 5018 763 5073 Ecclesiam
793 5021 1131 5087 universam;
1163 5023 1215 5075 in
1245 5023 1367 5079 aliis
1399 5023 1770 5093 Patriarchiis,

193 5107 242 5158 in
273 5108 519 5178 singulas
564 5123 691 5164 suas
725 5109 1018 5175 diteceses,
1067 5122 1385 5182 potestatein
1423 5117 1774 5173 demonstrat.

255 5197 347 5252 IX.
391 5199 546 5256 Sicut
585 5201 640 5255 in
663 5201 923 5258 Orientali
969 5204 1209 5261 Ecclesia
1253 5207 1456 5262 nullum
1505 5211 1774 5280 designari

191 5302 362 5358 potest
403 5302 649 5364 tempus,
682 5312 790 5365 quo
813 5297 925 5367 geri
966 5313 997 5352 a
1040 5299 1370 5356 Patriarcbis
1409 5305 1654 5372 ceperit,
1696 5306 1774 5359 sic

189 5396 362 5451 neque
392 5384 447 5442 in
477 5384 813 5441 Occidentali
846 5404 1055 5458 :quare
1093 5401 1384 5462 perpetuus
1426 5395 1622 5448 merito
1665 5396 1769 5450 dici

189 5482 364 5540 potest
388 5490 522 5530 usus
552 5475 607 5529 in
636 5477 864 5531 summis
897 5477 1268 5543 Pontiﬁcibus,
1296 5497 1418 5534 eum
1447 5483 1620 5535 sacris
1643 5498 1768 5551 ope-

189 5573 458 5629 rarentur,
493 5575 586 5620 aut
615 5567 798 5620 munia
834 5569 936 5624 sibi
964 5571 1180 5641 propria
1213 5573 1446 5627 obirent.
1474 5571 1596 5625 Fuit
1621 5584 1768 5628 certe

187 5667 313 5707 usus
354 5667 482 5712 ante
520 5674 730 5712 annum
774 5657 895 5722 5'56,
929 5674 1036 5728 quo
1077 5677 1219 5715 anno
1253 5661 1460 5715 Marcus
1497 5661 1640 5734 Papa
1672 5662 1767 5718 Os-

1875 4919 1973 4974 stis
1998 4922 2188 4977 vicarii
2228 4929 2468 4984 muneris
2495 4937 2744 4993 terminis
2777 4942 3034 5015 obligatio
3071 4919 3196 5008 ﬁdei
3231 4919 3456 5018 coerce-

1878 5011 2040 5065 batur
2062 5015 2316 5083 primum,
2343 5019 2504 5077 latius
2522 5036 2708 5093 postea
2741 5011 2965 5092 extensa
2994 5049 3099 5097 est.

1951 5102 2062 5207 ξίν.
2104 5103 2299 5163 Primis
2333 5117 2686 5184 temporibus,
2729 5139 2850 5179 cum
2879 5131 3098 5198 pallium
3135 5151 3236 5207 per
3272 5139 3461 5197 literas

1877 5216 1904 5254 a
1949 5200 2301 5262 Pontiﬁcibus
2347 5210 2672 5282 mitteretur,
2716 5220 2885 5278 literae
2935 5200 3306 5302 continebant,
3354 5254 3458 5292 non

1875 5303 2083 5350 tantum
2127 5303 2559 5363 exhortationem
2589 5313 2656 5367 ad
2682 5315 2848 5372 vitam
2881 5327 3123 5384 sanctius
3168 5310 3456 5385 instituen-

1874 5386 1996 5440 dam
2020 5429 2034 5452 ,
2077 5405 2377 5462 munusque
2414 5404 2685 5467 pastorale
2721 5408 2879 5479 digne
2935 5417 3136 5471 vicaria
3190 5429 3458 5485 potestate

1876 5477 2234 5547 implendum,
2268 5487 2361 5539 sed
2399 5489 2558 5544 etiam
2591 5477 2879 5565 aliquando
2909 5505 3161 5558 mandata
3190 5477 3259 5560 de
3291 5510 3456 5564 extir-

1875 5571 2064 5637 pandis
2095 5573 2422 5643 lueresibus,
2453 5581 2783 5656 zizaniisque
2812 5591 2864 5643 in
2901 5607 3030 5660 agro
3054 5593 3310 5651 Ecclesia:
3335 5613 3454 5654 sue-

1875 5666 2260 5722 crescentibus.
2307 5669 2505 5725 Verum
2549 5674 2615 5726 de
2657 5679 2915 5744 peculiari
2948 5682 3250 5743 obedientia
3277 5691 3427 5762 subis
