3990 6184
372 149 409 178 Ι

404 215 501 273 I67

1665 208 1754 265 At)
1792 203 2051 263 Lmaun
2095 185 2409 261 otunNusi

3566 198 3667 256 £38

403 330 689 400 ctioneqne
734 326 910 385 nullus
954 338 1081 384 tunc
1120 336 1238 384 erat
1280 343 1492 390 sermo,
1538 325 1637 379 fuit
1682 324 1982 394 posteriore
2012 324 2056 383 Α
2084 316 2409 374 Praesnlibus
2440 312 2585 384 pallii
2616 326 2742 367 usus
2772 310 3118 400 tribueretur,
3152 321 3259 400 non
3300 305 3431 400 item
3472 304 3672 400 Iiispa-

402 431 584 485 :etate,
618 423 664 476 si
695 437 799 477 non
842 435 1078 489 semper,
1109 419 1297 473 saltem
1329 425 1388 470 ut
1422 416 1730 486 plurimum.
1759 414 1813 467 Id
1841 412 1984 482 quod

409 514 522 569 dixi
550 514 616 568 de
643 514 833 582 primis
856 510 1207 581 temporibus,
1235 515 1445 562 constat
1468 521 1533 560 ex
1566 505 1807 575 epistolis
1828 502 1983 574 Sym-

410 604 609 666 machi,
635 603 943 674 Pelagiiqne
972 600 1037 666 II,
1065 609 1120 654 et
1150 598 1207 653 S.
1240 596 1506 669 Gregorii,
1538 608 1699 666 atque
1720 596 1883 650 etiam
1918 609 1985 648 ex

416 694 665 751 formulis
694 693 900 746 Dinrni.

484 783 619 840 XVI.
661 782 775 838 Non
820 781 1052 835 difiiteor
1095 788 1306 846 tamen,
1360 780 1488 848 quin
1539 778 1686 849 pallii
1739 778 1987 846 sacrique

411 875 553 930 illius
599 874 804 942 torquis
848 872 1265 927 communicatio
1307 870 1470 925 fuerit
1510 871 1711 924 arctior
1740 871 1987 939 quaedam

411 963 723 1035 accipientis
750 960 994 1030 Episcopi
1017 976 1139 1016 cum
1164 961 1327 1015 dante
1354 966 1565 1015 summo
1584 958 1841 1013 Pontiﬁce
1860 974 1990 1013 con-

405 1053 642 1124 iunctio,
696 1052 767 1106 ita
815 1058 874 1104 ut
916 1065 1014 1120 per
1064 1050 1385 1121 Episcopum
1436 1048 1675 1103 Pontifex
1717 1046 1990 1101 videretur

410 1149 733 1214 potestatem
771 1155 924 1195 suam
948 1154 1200 1195 exercere
1231 1141 1284 1194 in
1316 1139 1617 1193 Provinciis
1664 1137 1873 1208 longius
1904 1152 1990 1191 re-
2041 1186 2045 1191 .

411 1233 592 1295 motis,
616 1240 673 1286 et
691 1231 889 1300 ubique
909 1230 1164 1284 Ecclesiae
1185 1230 1374 1284 adesse
1395 1236 1681 1299 potestate,
1706 1235 1765 1281 ut
1789 1227 1879 1297 qui
1902 1242 1991 1280 or-

410 1322 533 1378 b‘m
579 1321 952 1375 Christianum
979 1320 1178 1375 Vicarii
1218 1318 1420 1374 Christi
1465 1318 1755 1388 regendum
1803 1331 1989 1371 susce-

414 1416 639 1486 pissent.
689 1414 745 1469 Id
775 1413 1024 1484 Pelagius
1064 1412 1087 1467 Ι
1140 1413 1360 1467 mittens
1401 1411 1651 1480 Sapaudo
1688 1408 1992 1464 Arelatensi

417 1504 636 1575 pallium
668 1504 861 1559 innuit.
907 1505 1063 1559 Vices
1089 1504 1231 1557 enim
1262 1518 1388 1558 suas
1428 1503 1630 1558 idcirco
1658 1501 1882 1557 traditas
1920 1501 1993 1555 si-

417 1596 640 1666 gniﬁcat
689 1611 839 1651 more
882 1596 1175 1666 majorum,
1211 1613 1229 1645 ι
1267 1603 1326 1649 ιιι
1378 1595 1589 1649 stabilis
1644 1595 1785 1649 illius
1826 1604 1992 1664 petrae

418 1688 749 1758 sempiterna
780 1687 1043 1752 soliditas,
1067 1702 1228 1756 supra
1257 1702 1418 1756 quam
1457 1687 1715 1741 Dominus
1744 1686 1993 1741 Salvator

423 1785 607 1833 noster
660 1777 936 1846 propriam
980 1776 1225 1831 fundavit
1266 1776 1581 1840 Ecclesiam,
1633 1793 1663 1831 a
1707 1777 1835 1831 solis
1872 1785 1994 1831 ortu

418 1870 674 1940 usquead
697 1884 968 1935 occasum,
998 1868 1262 1940 primatus
1282 1872 1364 1924 sui
1390 1869 1595 1938 apicem
1620 1883 1995 1923 successorum

418 1977 636 2017 suorum
667 1962 976 2027 autoritate,
1023 1970 1132 2015 tam
1162 1976 1260 2031 per
1284 1975 1365 2025 se,
1403 1975 1565 2030 quam
1607 1974 1707 2029 per
1756 1957 1997 2013 Vicarios

418 2066 570 2115 suos,
596 2051 825 2107 ﬁrmiter
851 2051 1153 2115 obtineret,
1196 2063 1305 2106 etc.
1349 2050 1440 2106 Sic
1473 2051 1791 2122 participata
1821 2050 1998 2105 solici-

418 2140 606 2196 tudine
648 2150 889 2196 sanctam
939 2140 1031 2196 Dei
1075 2140 1435 2196 universalem
1482 2141 1777 2198 Ecclesiam
1823 2139 1996 2196 nostri

418 2248 519 2301 per
553 2232 647 2287 Dei
678 2232 906 2302 gratiam
934 2248 1121 2288 rexere
1147 2232 1403 2302 majores,
1443 2253 1462 2284 ›
1493 2240 1599 2288 etc.

498 2325 656 2380 XVII.
686 2325 950 2391 Quoniam
972 2341 1103 2381 vero
1130 2333 1283 2380 sexto
1304 2326 1640 2396 septimoque
1666 2326 1861 2381 saeculo
1882 2326 2001 2381 mit-

427 2420 643 2475 tebatur
663 2417 881 2489 pallium
914 2418 1190 2488 Episcopis
1209 2460 1223 2484 ,
1247 2419 1409 2473 etiam
1431 2426 1582 2473 extra
1604 2418 1819 2488 Imperii
1845 2418 2003 2473 ditio-

427 2525 551 2579 nem
601 2508 824 2579 positis,
869 2506 1069 2564 factum
1121 2517 1236 2574 est,
1273 2518 1331 2563 ut
1370 2524 1476 2579 quo
1520 2516 1762 2580 tempore
1807 2509 2001 2564 summi

424 2598 713 2653 Pontifices
734 2613 873 2668 pene
915 2599 1182 2657 servirent
1217 2599 1318 2653 sub
1356 2599 1620 2654 Exarchis
1664 2598 2005 2670 Imperatori-

424 2697 654 2765 basque,
692 2708 865 2764 eoque
905 2694 1299 2764 suspicaciores
1335 2692 1512 2750 forent
1548 2693 1778 2749 Exarchi
1806 2706 1868 2748 ac
1898 2692 2003 2746 Im-

423 2792 722 2858 peratores,
752 2785 897 2854 quod
939 2784 1029 2839 vix
1073 2783 1259 2838 Romxe
1307 2784 1643 2838 dominatum
1685 2783 2000 2847 retinerent,

425 2878 684 2945 adversus
707 2875 1020 2931 invadentes
1042 2874 1269 2930 aliarum
1285 2874 1521 2945 gentium
1545 2873 1750 2944 Reges:
1777 2871 2000 2934 factum,

2086 410 2188 463 nis.
2221 404 2594 476 Temporibus,
2637 402 2832 472 inquit,
2866 398 3044 469 Vigilii
3082 405 3137 451 et
3175 395 3424 469 Gregorii
3468 398 3668 471 Magni,

2083 496 2270 555 Galliae
2297 492 2873 563 Constantinopolitani
2909 490 3275 561 Imperatoris,
3308 500 3400 546 aut
3427 492 3671 548 dominio

2085 591 2261 643 adhuc
2280 588 2621 657 aliquatenus
2645 582 3018 653 subjacebant,
3042 587 3137 634 aut
3156 587 3305 634 certe
3324 584 3672 638 autoritatem

2086 678 2477 749 agnoscebant,
2536 674 2793 744 Hispania
2841 688 2973 728 vero
3010 672 3126 742 jam
3173 673 3397 728 omnino
3439 672 3670 729 Romani

2084 770 2298 839 Imperii
2314 768 2502 839 jugum
2528 774 2843 821 excusserat
2873 779 2888 818 :
2917 781 3087 836 quare
3109 766 3403 837 Gregorius
3425 765 3674 839 Magnus,

2086 860 2180 924 ait,
2209 874 2332 913 cum
2366 856 2610 911 Leandro
2655 855 2957 925 Ilispalensi
3001 857 3223 926 pallium
3253 858 3520 922 mitteret,
3548 872 3679 912 con-

2087 961 2277 1002 sensus
2302 948 2369 1000 ab
2389 946 2719 1015 Imperatore
2741 945 2946 1000 obtenti
2972 961 3078 1001 non
3108 947 3354 1004 meminit
3384 964 3396 1001 :
3427 947 3681 1002 meminit

2092 1052 2245 1099 vero,
2274 1051 2396 1091 cum
2426 1034 2641 1106 Siagrio
2666 1035 3160 1105 Augustodunensi.

2158 1143 2276 1199 XX.
2320 1145 2453 1200 Tota
2484 1147 2599 1201 hzec
2633 1147 3016 1203 commentatio
3042 1148 3284 1203 vanitate
3317 1164 3415 1205 sua
3443 1151 3676 1206 corruit.

2091 1235 2245 1291 Unde
2279 1235 2422 1289 enim
2454 1235 2603 1288 novit
2632 1234 2740 1299 ille,
2766 1251 2871 1291 non
2902 1238 3234 1307 postulatam
3256 1239 3425 1296 fuisse
3454 1256 3484 1294 a
3518 1240 3674 1295 Mau-

2089 1326 2218 1381 ritio
2267 1334 2619 1395 potestatem,
2662 1342 2784 1382 cum
2819 1327 3114 1399 Gregorius
3162 1330 3410 1389 Leandro
3451 1333 3676 1402 pallium

2092 1417 2365 1473 mitteret?
2407 1416 2488 1470 An
2534 1416 2660 1486 quia
2709 1417 2869 1472 silent
2913 1419 3100 1483 literze,
3154 1419 3357 1477 factum
3401 1438 3511 1477 non
3550 1422 3680 1477 est?

2094 1507 2266 1563 Silent
2295 1517 2349 1562 et
2378 1507 2568 1572 literaa,
2602 1508 2798 1577 quibus
2832 1509 3051 1578 pallium
3085 1512 3271 1578 mittit,
3299 1521 3395 1568 aut
3427 1513 3681 1586 Pelagius

2096 1595 2345 1666 Sapaudo
2375 1594 2698 1661 Arelatensi,
2731 1606 2822 1651 aut
2855 1596 2913 1652 S.
2953 1597 3249 1668 Gregorius
3286 1601 3512 1674 Virgilio
3531 1606 3682 1674 pari-

2093 1691 2177 1738 ter
2215 1683 2516 1738 Arelatensi
2548 1698 2562 1738 :
2600 1700 2667 1739 an
2716 1685 2841 1741 inde
2872 1686 2933 1741 ﬁt
2958 1702 3317 1759 consequens,
3347 1699 3408 1745 ut
3435 1706 3539 1747 nec
3565 1693 3680 1759 ille,

2096 1790 2195 1830 nec
2224 1774 2326 1829 iste
2352 1775 2569 1844 petierit
2595 1775 2662 1830 ab
2690 1774 3019 1846 Imperatore
3059 1780 3506 1836 consensionem?
3531 1780 3589 1838 Si
3618 1783 3684 1838 ﬁt

2095 1881 2454 1936 consequens,
2488 1867 2596 1921 ruit
2622 1868 2962 1923 ratiocinium
3008 1869 3263 1933 hominis,
3305 1887 3429 1927 cum
3457 1888 3565 1944 quo
3590 1890 3683 1931 res

2095 1966 2200 2025 est,
2229 1974 2334 2029 qua
2363 1967 2570 2029 spectat
2584 1958 2878 2015 Galliarum
2908 1961 3221 2032 Episcopos.
3249 1962 3305 2018 Si
3330 1980 3441 2021 non
3467 1966 3528 2021 ﬁt
3546 1983 3681 2023 eon-

2097 2065 2348 2120 sequens,
2390 2050 2498 2104 ruit
2530 2050 2753 2120 pariter,
2799 2067 2905 2122 qua
2950 2051 3216 2123 lliSpanos
3246 2056 3458 2111 attinet.
3488 2057 3684 2114 Dicere

2097 2155 2243 2205 vero,
2288 2141 2430 2210 quod
2457 2141 2602 2196 venit
2636 2142 2690 2196 in
2725 2149 2964 2197 mentem
2990 2144 3107 2200 viro
3133 2146 3463 2210 doctissimo,
3495 2156 3686 2218 postn-

2098 2231 2260 2286 latam
2283 2248 2390 2287 non
2412 2230 2578 2287 fuisse
2601 2249 2631 2288 a
2652 2232 2868 2304 Pelagio
2880 2236 3293 2292 consensionem
3311 2238 3682 2307 Imperatoris,

2100 2338 2226 2377 cum
2257 2322 2510 2393 Sapaudo
2538 2322 2757 2393 pallium
2786 2326 3124 2393 concederet,
3154 2328 3278 2397 quia
3309 2327 3424 2398 jam
3456 2345 3688 2387 consue-

2101 2415 2231 2490 tudo
2255 2413 2584 2470 concedendi
2609 2415 2943 2483 obtinuerat;
2972 2434 3079 2473 non
3108 2419 3252 2475 valet
3278 2421 3589 2489 admodum,
3619 2431 3689 2477 ut

2101 2503 2493 2575 respondeatur
2522 2503 2881 2575 Hispanorum
2908 2507 3161 2564 Patrono.
3190 2508 3247 2564 Si
3284 2511 3429 2566 enim
3457 2511 3685 2579 valeret,

2102 2597 2235 2652 nihil
2258 2602 2378 2651 erat
2395 2610 2593 2661 causai,
2614 2611 2715 2651 cur
2734 2597 2849 2652 haec
2869 2598 3059 2654 eadem
3080 2600 3365 2656 consensio
3385 2608 3684 2671 peteretur,

2105 2703 2229 2743 cum
2259 2686 2491 2756 Vigilius
2514 2684 2779 2752 Auxanio,
2810 2686 3205 2759 Aurelianoque
3230 2690 3449 2760 pallium
3478 2693 3635 2747 daret
3667 2706 3684 2745 :

2105 2784 2263 2832 antea
2292 2775 2439 2831 enim
2462 2774 2762 2831 Arelatensi
2789 2774 3025 2832 Gaesario
3052 2776 3411 2849 Symmachus
3436 2779 3684 2836 dederat.

2106 2864 2308 2919 Verum
2346 2864 2470 2921 inde
2499 2866 2682 2936 opinio
2712 2874 2898 2922 nostra
2923 2868 3197 2923 stabilitur
3222 2887 3236 2924 :
3263 2869 3514 2942 Pelagius
3537 2872 3690 2927 enim

426 2968 671 3038 inquam,
703 2974 787 3022 est
816 2973 874 3021 ut
918 2964 1227 3030 Pontiﬁces,
1267 2979 1388 3019 cum
1436 2964 1657 3034 pallium
1708 2964 2003 3028 mitterent,
2033 2998 2077 3062 Ο
2108 2954 2524 3062 οοηεθξιεὶοιιθηι
2569 2952 2855 3012 «Iustiniani
2907 2972 3016 3013 non
3063 2958 3372 3028 postulavit,
3414 2961 3540 3031 quia
3583 2962 3693 3033 ipsi

425 3070 751 3114 consensum
790 3055 1136 3126 Imperatoris
1164 3063 1512 3125 expeterent;
1542 3069 1609 3109 ne
1635 3068 1700 3108 ea
1738 3054 1802 3107 de
1842 3068 2005 3108 causa
2034 3042 2077 3062 υ
2109 3060 2235 3102 cum
2273 3042 2577 3101 Ῑυδῑίηὶίιηο
2616 3046 2753 3101 bene
2781 3054 2926 3113 erat;
2959 3047 3261 3117 Ροεῑυιθνίιν
3280 3049 3528 3121 VigiliUS.
3559 3052 3692 3121 quia

428 3148 668 3202 oriretur
693 3146 929 3217 suspicio
954 3143 1197 3200 affectati
1215 3144 1431 3200 aliunde
1465 3143 1718 3213 praesidii.
1751 3142 1825 3196 Ita
1862 3142 2009 3213 Vigi-

424 3236 533 3295 lius
554 3236 864 3300 Iustiniani,
907 3237 978 3291 ita
1008 3235 1300 3305 Gregorius
1340 3235 1563 3305 Magnus
1609 3234 1838 3288 Mauritii
1885 3248 2012 3288 cona-

426 3344 644 3384 sensum
673 3326 917 3398 poposcit
949 3344 961 3379 :
991 3328 1237 3397 gemebat
1267 3327 1411 3381 enim
1451 3327 1552 3381 sub
1590 3324 1885 3380 Theodorus
1910 3324 2010 3380 Ju-

427 3418 753 3488 stinianique
798 3418 1067 3473 serviliter
1113 3419 1288 3475 uxorii
1338 3417 1622 3488 tyrannide
1660 3418 1920 3489 Vigilius,
1955 3424 2011 3473 et

428 3511 723 3582 Gregorius
746 3510 981 3566 Exarchi
1008 3510 1327 3576 calumnias,
1354 3511 1694 3581 comitiaque
1715 3509 2011 3579 Imperato-

429 3602 505 3657 ris
517 3603 841 3673 paticbatur.
860 3601 1063 3657 Neuter
1074 3602 1294 3663 scilicet,
1309 3602 1470 3673 196
1481 3617 1578 3671 pro
1592 3616 1687 3655 sua
1701 3602 2007 3670 prudentia,

429 3695 645 3747 volebat
663 3693 873 3747 animos
895 3693 1173 3747 hominum
1205 3693 1562 3761 qumrentium
1594 3692 1740 3747 rixas
1767 3700 2008 3763 tangere,

432 3784 517 3838 vel
543 3782 1145 3852 levissimasuspicione
1168 3782 1443 3837 societatis
1465 3782 1612 3837 initae
1633 3797 1754 3837 cum
1777 3782 2011 3853 Regibus

430 3872 799 3936 Ghildeberto,
846 3872 1201 3939 Theodorico,
1252 3880 1308 3929 et
1366 3874 1739 3930 Theodeherto
1772 3892 1784 3927 :
1819 3883 2013 3930 neuter

432 3962 577 4018 enim
608 3962 904 4034 ignorabat,
933 3978 1053 4033 quae
1079 3964 1346 4019 calumnia
1376 3964 1539 4018 simili
1570 3965 1748 4035 specie
1779 3964 2010 4021 Silverio

432 4062 638 4109 structa
681 4060 843 4120 esset,
875 4068 1146 4125 quamque
1186 4054 1301 4110 dira
1333 4055 1459 4111 inde
1486 4071 1729 4112 summus
1761 4055 2008 4113 Pontifex

432 4146 763 4216 pertulisset.

506 4235 688 4292 XVIII.
717 4236 795 4292 Ex
821 4236 905 4294 bis
931 4237 1290 4295 conﬁciuntur
1310 4239 1418 4296 duo
1443 4258 1456 4295 :
1488 4241 1739 4308 alterum,
1768 4257 1869 4298 nec
1890 4258 2009 4299 esse

431 4344 567 4400 opus
593 4329 864 4385 laboriose
898 4345 1140 4400 quareret
1168 4332 1474 4404 generalem
1506 4333 1770 4404 aliquam,
1804 4341 1859 4388 et
1888 4349 2009 4405 quae

431 4420 499 4474 ad
543 4435 733 4476 omnes
779 4419 1070 4477 Pontiﬁces
1112 4423 1400 4493 pertineat,
1453 4438 1670 4479 causam
1708 4437 2009 4480 consensus

429 4507 841 4580 Imperatornm,
876 4511 969 4583 qui
1009 4527 1041 4566 a
1083 4511 1439 4569 Pontiﬁcibus
1479 4514 1758 4570 dumtaxat
1801 4514 2010 4570 duobus

430 4602 700 4673 expetitum
737 4604 906 4659 scitur
936 4622 949 4658 :
984 4620 1159 4675 neque
1187 4605 1382 4663 rationi
1428 4613 1850 4662 consentaneum
1888 4621 2010 4663 esse

431 4709 652 4749 causam
684 4693 855 4762 illam,
877 4697 980 4751 etsi
1007 4698 1240 4768 generali
1267 4698 1500 4767 quadarn
1534 4711 1671 4768 opus
1698 4705 1862 4762 esset,
1885 4698 2010 4754 inde

433 4783 648 4849 afferre,
672 4785 814 4853 quod
837 4786 1059 4855 pallium
1086 4796 1311 4842 ornatus
1336 4787 1637 4858 Imperialis
1657 4787 1814 4854 foret,
1838 4789 1929 4859 qui
1951 4797 2011 4844 ut

432 4881 580 4928 esset
610 4875 837 4929 summis
878 4874 1228 4933 Pontiﬁcibus
1252 4877 1321 4933 ab
1344 4876 1763 4946 lmperatoribus
1788 4894 2011 4936 conces—

433 4978 546 5027 sus,
572 4963 645 5017 ita
672 4966 1056 5020 communicari
1088 4982 1195 5021 non
1224 4975 1411 5037 posset
1435 4967 1556 5024 aliis
1580 4968 1698 5024 sine
1719 4969 2011 5042 Imperato—

374 5064 380 5070 '
434 5067 556 5107 rum
576 5054 734 5110 venia
758 5095 769 5107 .
795 5069 918 5110 nam
937 5054 1297 5126 lmperialium
1325 5058 1440 5114 base
1464 5059 1689 5115 vestium
1712 5062 2007 5126 concessio,

436 5143 577 5199 unde
611 5142 753 5200 facta
781 5144 1144 5204 Orientalibus
1190 5148 1522 5205 Patriarchis
1570 5151 1820 5216 habetur,
1869 5153 2011 5208 unde

434 5228 719 5313 Ro‘anis,
766 5236 869 5291 nisi
920 5235 1058 5293 forte
1100 5254 1166 5294 ex
1213 5239 1552 5296 conclamata
1595 5240 1685 5296 illa
1724 5241 2013 5298 donatione

432 5322 776 5382 Constantini
806 5324 949 5382 facta
980 5327 1293 5399 Sylvestro?

505 5412 648 5471 XIX.
688 5415 949 5482 Alterum,
1003 5418 1239 5488 speciem
1286 5424 1402 5478 veri
1448 5436 1557 5479 non
1604 5424 1828 5487 habere,
1873 5425 2018 5493 quod

436 5520 675 5576 nuperos
720 5509 940 5579 quidam
980 5512 1216 5582 scriptor
1255 5524 1589 5571 commentus
1623 5524 1729 5578 est,
1753 5514 1821 5569 de
1849 5530 2015 5570 causa

436 5598 690 5667 expetita
733 5602 799 5656 ab
833 5600 1249 5673 Imperatoribus
1290 5607 1604 5674 potestatis,
1641 5614 1699 5662 ut
1726 5604 2016 5662 Gallicanis

2110 3137 2270 3191 male.

2180 3227 2320 3282 XXI.
2366 3228 2440 3284 De
2472 3243 2736 3297 personis,
2783 3230 2980 3300 quibus
3022 3230 3405 3288 conferebatur
3440 3234 3690 3303 pallium,

2110 3318 2352 3386 pristinis
2379 3318 2485 3375 illis
2515 3319 2671 3390 197
2700 3321 3052 3390 temporibus,
3080 3322 3134 3378 in
3161 3324 3357 3392 quibus
3379 3339 3691 3389 versamur,

2111 3424 2217 3464 non
2260 3424 2365 3465 una
2400 3419 2487 3465 est
2528 3418 2895 3482 constansque
2938 3414 3180 3469 omnium
3219 3416 3504 3471 sententia.
3551 3415 3698 3471 Sunt

2111 3499 2204 3568 qui
2232 3500 2541 3568 opinentur,
2572 3500 2689 3572 lege
2712 3502 2865 3570 quasi
2895 3504 3188 3569 communi,
3223 3504 3573 3575 Metropolitis
3597 3504 3697 3559 da-

2113 3595 2246 3649 tum,
2288 3585 2634 3642 inferioribus
2679 3589 2801 3645 aliis
2847 3598 3054 3647 tantum
3098 3592 3400 3663 privilegio.
3430 3592 3570 3649 Sunt
3596 3594 3697 3663 qui

2112 3684 2299 3731 contra
2349 3676 2692 3743 existiment,
2734 3680 3037 3750 promiscue
3093 3683 3353 3738 tributum
3403 3684 3694 3749 omnibus,

2111 3773 2272 3836 prout
2314 3764 2487 3821 visum
2536 3768 2829 3840 unicuique
2866 3786 3078 3828 summo
3114 3774 3387 3831 Pontiﬁci.
3436 3774 3696 3832 Nonnulli

2113 3856 2381 3921 dividunt,
2413 3857 2671 3929 aiuntque
2704 3860 2955 3916 omnibus
2982 3862 3199 3931 quidem
3226 3864 3504 3927 tributum,
3531 3874 3700 3935 prout

2111 3945 2357 4002 Pontiﬁci
2384 3948 2581 4014 visum,
2611 3949 2714 4005 hoc
2742 3959 2919 4004 tamen
2950 3951 3284 4019 discrimine,
3316 3955 3458 4024 quod
3489 3953 3699 4012 Metro-

2109 4035 2291 4106 politis
2331 4036 2460 4091 solis
2500 4051 2623 4092 cum
2651 4046 2916 4108 potestate
2943 4040 3150 4097 vicibus
3194 4042 3340 4098 sedis
3364 4042 3699 4113 Apostolicte

2117 4126 2402 4198 fungendi;
2437 4127 2811 4196 inferioribus,
2861 4146 2985 4201 cum
3034 4133 3334 4190 minoribus
3370 4134 3699 4204 quibusdam

2112 4218 2434 4289 privilegiis,
2483 4220 2551 4275 ad
2592 4228 2840 4277 ornatum
2896 4238 3090 4295 nempe
3130 4234 3292 4296 atque
3333 4225 3700 4283 honoriﬁcam

2111 4309 2534 4380 praesidentiam,
2562 4311 2773 4382 aliaque
2802 4310 3086 4381 ejusmodi.

2186 4417 2347 4474 XXII.
2387 4418 2555 4476 Primi
2580 4422 2889 4490 opinionem
2922 4440 3074 4481 suam
3104 4442 3205 4481 usu
3240 4435 3297 4482 et
3321 4429 3533 4485 ratione
3559 4444 3700 4486 con-

2118 4506 2335 4564 ﬁrmant
2363 4526 2377 4562 :
2406 4509 2552 4568 vices
2579 4511 2723 4566 enim
2753 4513 2897 4569 sedis
2921 4513 3243 4584 Apostolicaa
3265 4516 3397 4573 solis
3427 4519 3699 4590 Metropo-

2115 4600 2227 4657 litis
2252 4614 2522 4657 concessae
2556 4604 2918 4671 reperiuntur,
2952 4605 3112 4676 idque
3136 4605 3338 4662 factum
3366 4609 3704 4665 convenien-

2118 4698 2224 4753 ter,
2246 4700 2305 4745 ut
2340 4706 2536 4763 nempe
2562 4700 2618 4747 et
2641 4694 2902 4749 autoritas
2944 4711 3151 4752 summa
3184 4698 3363 4753 minus
3402 4699 3556 4770 quasi
3599 4699 3704 4755 do-

2117 4781 2416 4845 scenderet,
2458 4791 2513 4839 et
2555 4784 2646 4854 qui
2676 4799 2870 4854 parere
2913 4786 3171 4844 deberent
3206 4788 3351 4845 sedis
3371 4788 3704 4861 Apostolica

2118 4870 2368 4936 Vicariis,
2396 4873 2576 4930 minus
2612 4889 2755 4946 aegre
2801 4873 2854 4929 id
2884 4883 3223 4946 prastarent,
3263 4892 3371 4933 non
3399 4876 3705 4936 insolentes

2117 4959 2437 5017 obedientiae
2471 4961 2826 5032 Metropolitis
2848 4965 3185 5022 exhibendae.

2188 5069 2373 5124 XXIII.
2415 5068 2648 5126 Secundi
2687 5080 2914 5129 utuntur
2962 5074 3151 5131 iisdem
3196 5077 3548 5147 argumentis,
3588 5093 3699 5134 usu

2116 5173 2307 5231 nempe
2335 5168 2390 5215 et
2414 5159 2623 5216 ratione
2651 5180 2663 5214 :
2688 5177 2812 5217 nam
2841 5164 2970 5234 ipsis
2995 5166 3157 5221 etiam
3182 5166 3435 5223 Diaconis
3464 5164 3702 5239 Presby—

2119 5250 2354 5318 terisque
2379 5251 2649 5307 autoritas
2677 5252 2820 5307 sedis
2853 5253 3174 5326 Apostolica:
3197 5256 3405 5313 credita
3430 5263 3532 5321 est,
3557 5265 3618 5312 et
3640 5259 3699 5313 in

2116 5338 2345 5408 negotiis
2373 5340 2590 5409 quidem
2625 5342 2982 5412 gravissimis.
3010 5343 3170 5400 Certe
3198 5344 3421 5401 Paulum
3450 5341 3701 5401 Patriar-

2117 5427 2273 5482 cham
2315 5428 2735 5486 Alexandrinum
2775 5431 3027 5504 Pelagius
3078 5432 3257 5505 Vigilii
3308 5433 3579 5491 Diaconus
3630 5436 3704 5492 de

2116 5522 2313 5575 throno
2363 5519 2573 5590 deiecit,
2619 5533 2674 5579 et
2716 5524 2994 5596 Philippus
3020 5525 3308 5599 Presbyter
3337 5529 3390 5583 in
3422 5526 3700 5598 Ephesina

2116 5607 2336 5682 Synodo
2351 5609 2625 5667 Caelestini
2655 5612 2828 5669 locum
2854 5617 3042 5669 tenuit.
3068 5613 3249 5686 Neque
3270 5631 3396 5673 vero
3418 5617 3470 5672 id
3492 5617 3698 5695 mirum
