3892 6174
388 244 483 300 175

1353 231 1960 292 DlSSERTATlONES.
2002 261 2071 272 —-
2104 232 2560 292 DISSERTATIO
2598 236 2679 291 Ill.

3540 251 3640 307 m

377 350 638 422 peculiari
675 355 1016 403 sacramento
1048 345 1335 417 obligatos,
1365 361 1464 414 pro
1501 360 1771 401 concessu:
1805 354 1957 398 auto-
1986 345 2033 404 Α
2061 343 2164 398 stio
2206 345 2271 397 de
2301 347 2524 401 materia
2562 349 2729 418 pallii.
2759 349 2953 407 Fuitne
2976 367 3212 425 semper,
3231 371 3353 426 quae
3376 374 3521 418 nunc
3540 373 3642 424 cst,

380 441 552 496 ritatis
572 439 750 501 modo,
789 445 1007 492 vocaret
1041 436 1093 489 in
1122 443 1304 506 partes
1329 436 1525 490 summi
1563 435 1860 506 regiminis,
1875 434 1962 502 ju-

369 536 636 600 beretque
689 531 757 586 de
781 530 962 585 causis
991 528 1336 584 nascentibus
1365 529 1432 582 ad
1483 529 1662 583 sedem
1688 528 1961 599 Apostoli-

376 642 497 680 eam
541 621 773 686 referre,
798 631 855 676 et
893 621 938 676 si
967 621 1178 689 quando
1206 619 1345 675 foret
1369 635 1502 690 opus
1527 660 1542 682 ,
1573 619 1823 674 mandata
1867 635 1961 673 sua

373 717 590 786 exequi.
630 715 768 770 Huic
791 713 1032 784 opinioni
1053 713 1194 768 favet
1218 729 1324 767 non
1353 712 1552 782 Pelagii
1577 720 1781 766 tantum
1815 713 1962 765 testi—

373 807 614 862 monium
656 805 772 874 jam
800 805 1021 858 allatum
1043 843 1061 868 ,
1107 803 1200 859 sed
1226 812 1333 856 tota
1365 802 1422 857 S.
1468 801 1711 872 Gregorii
1744 801 1807 854 ad
1839 800 1960 854 Sia-

367 902 548 970 grium
585 897 839 967 epistola,
862 898 905 952 si
930 896 1090 967 paulo
1118 895 1379 950 attentius
1413 894 1735 964 perlegatur.

444 990 730 1046 XXXVIII.
760 989 934 1056 Quam
978 989 1267 1044 obscurum
1311 997 1413 1050 est,
1466 988 1609 1056 quod
1634 987 1792 1042 modo
1821 985 1959 1040 dixi-

365 1097 513 1145 mus,
555 1090 666 1134 tam
705 1087 760 1133 et
788 1078 932 1133 istud
959 1077 1145 1133 forsan
1188 1076 1503 1140 dubitabile,
1531 1077 1582 1130 in
1627 1091 1734 1146 quo
1775 1077 1986 1145 posita:-

366 1180 554 1227 essent
585 1172 733 1226 vices
756 1170 864 1225 illa:
898 1170 1044 1225 sedis
1085 1167 1424 1238 Apostolicai,
1459 1183 1578 1236 qum
1609 1168 1961 1236 Metropolitis

367 1263 620 1318 teruntur
661 1275 934 1316 concessae
967 1277 980 1314 :
1029 1275 1156 1315 nam
1182 1259 1472 1330 Gregorius
1510 1259 1733 1328 Magnus
1772 1274 1865 1312 cas
1894 1257 1961 1311 ad

363 1355 472 1409 tria
499 1354 686 1425 capita
713 1361 953 1417 revocat,
993 1353 1060 1406 ad
1095 1367 1290 1408 causas
1317 1351 1726 1420 Episcoporum,
1761 1351 1869 1404 imo
1908 1358 1962 1404 et

359 1443 514 1506 ﬁdei,
537 1443 885 1512 iudicandas,
913 1443 981 1497 ad
1003 1442 1271 1511 cogendas
1293 1440 1558 1511 Synodos,
1585 1450 1640 1495 et
1664 1442 1730 1496 ad
1755 1441 1962 1494 dandas

362 1533 655 1603 Episcopis
685 1533 894 1602 longius
914 1533 1144 1586 abituris
1173 1530 1450 1586 formatas.
1476 1531 1816 1600 202Atqui
1846 1531 1962 1584 haec

361 1624 592 1692 proprio
609 1622 733 1690 jure
763 1623 832 1676 ad
862 1621 1226 1690 Mctmpolitas
1249 1622 1520 1691 pertinent
1548 1639 1561 1673 :
1589 1635 1711 1673 nam
1739 1636 1802 1673 ex
1827 1635 1962 1688 prm-

358 1719 578 1786 seripto
600 1715 825 1770 Goncilii
863 1714 1064 1768 Nicaani
1092 1714 1176 1768 bis
1209 1714 1261 1766 in
1314 1727 1458 1766 anno
1490 1726 1717 1766 evocare
1761 1711 1962 1766 debent

358 1807 668 1876 Episcopus
696 1807 763 1860 ad
795 1805 1072 1876 Synodum
1103 1805 1156 1858 in
1200 1819 1304 1873 qua
1333 1804 1603 1859 communi
1633 1804 1858 1858 consilio
1896 1804 1962 1858 de

360 1900 654 1968 Episcopis
670 1896 873 1965 judicia
896 1904 1277 1958 exerceantur,
1309 1904 1363 1950 ct
1382 1911 1558 1950 causa:
1585 1895 1731 1958 ﬁdei,
1759 1896 1805 1950 si
1840 1911 1961 1964 quae

356 1990 617 2043 oriantur
637 1989 893 2051 haereses,
915 1987 1204 2057 agitentur.
1233 1987 1438 2041 Debent
1470 1994 1527 2039 et
1554 1985 1832 2055 Episcopis
1852 1985 1962 2039 for-

357 2090 542 2134 matas
573 2079 707 2133 dare
741 2096 755 2130 :
799 2078 852 2132 id
881 2076 1264 2131 Africanorum
1303 2074 1690 2142 Gallorumque
1713 2074 1960 2143 exemplo

353 2180 601 2236 constat,
639 2172 692 2225 id
731 2177 974 2224 veterum
1001 2167 1311 2221 testimonio
1350 2166 1617 2230 ﬁrmatur,
1647 2166 1772 2220 huic
1801 2181 1960 2220 nemo

352 2265 708 2320 contradicit.
763 2262 900 2329 Quid
929 2276 1060 2332 ergo
1087 2259 1359 2330 singulare
1386 2259 1643 2338 tributum
1688 2274 1809 2313 cum
1848 2259 1960 2328 pal-

353 2355 484 2410 lio?
519 2354 900 2410 Difﬁcultatem
929 2360 1088 2422 auget
1131 2351 1273 2421 quod
1306 2349 1552 2414 additur,
1599 2348 1959 2418 Metropolita-

356 2463 558 2500 ποι-κω
584 2447 711 2515 jure
729 2454 931 2498 servato
961 2459 978 2496 :
1013 2443 1057 2497 si
1083 2443 1224 2496 enim
1252 2449 1521 2504 servetur,
1545 2439 1672 2508 quid
1696 2439 1959 2508 reliquum

353 2546 454 2591 est
476 2535 546 2588 de
573 2535 752 2589 tribus
773 2550 802 2586 a
829 2532 1094 2603 Gregorio
1133 2531 1325 2601 Magno
1355 2528 1710 2583 memoratis?

439 2622 683 2678 XXXIX.
743 2621 1040 2676 Dicendum
1097 2628 1246 2688 puto,
1290 2618 1512 2689 proprio
1563 2617 1782 2687 quidem
1833 2613 1959 2683 jure

355 2713 738 2782 Hetropolitas
759 2711 999 2782 potuisse
1023 2710 1127 2764 tria
1154 2710 1268 2763 haec
1313 2722 1592 2772 exercere,
1622 2706 1713 2761 sed
1748 2706 1800 2760 in
1832 2721 1960 2760 suos

350 2805 651 2858 dumtaxat
677 2800 1053 2872 provinciales,
1101 2800 1340 2870 potuisse
1366 2814 1493 2853 vero
1530 2798 1583 2851 in
1610 2798 1766 2862 alios,
1791 2799 1956 2854 etiam

353 2892 761 2964 Metropolitas,
794 2893 1078 2956 autoritate
1114 2891 1258 2945 sedis
1283 2888 1629 2958 Apostolicae,
1671 2887 1823 2956 cujus
1861 2904 1959 2959 po—

352 2991 540 3037 testas
581 2981 912 3052 amplissima
958 2989 1070 3046 est;
1119 2981 1324 3036 idcirco
1382 2979 1605 3050 Vigilius
1657 2981 1710 3034 in
1766 2994 1954 3035 omnes

350 3070 698 3126 Cbildeberti
735 3069 898 3142 Regis
920 3071 1140 3126 ditionis
1175 3071 1465 3142 Episcopos
1491 3070 1736 3125 Auxanio
1763 3069 1952 3124 Arela-

351 3164 508 3220 tensi
539 3171 860 3233 potestatem
881 3164 1127 3219 contulit.
1161 3163 1444 3218 Servatum
1471 3178 1635 3233 porro
1659 3172 1743 3219 est
1764 3163 1956 3218 Metro-

351 3254 655 3323 politarum
687 3253 776 3322 jus
807 3254 860 3308 in
887 3269 972 3318 eo,
1029 3254 1170 3322 quod
1217 3261 1272 3307 et
1312 3255 1364 3306 in
1399 3255 1511 3308 suis
1552 3253 1846 3324 provinciis
1888 3254 1954 3307 li-

354 3344 492 3398 bere
522 3361 618 3399 sua
647 3345 721 3398 illi
747 3344 928 3399 munia
958 3344 1192 3408 obirent,
1229 3352 1284 3397 et
1306 3343 1652 3398 inferioribus
1671 3343 1952 3414 Episcopis

352 3453 468 3491 non
502 3437 724 3490 daretur
742 3434 957 3490 licentia
981 3434 1318 3503 superiorum
1360 3435 1610 3487 mandata
1639 3435 1948 3503 spernendi.

431 3525 552 3580 XL.
580 3524 714 3579 Cum
767 3525 961 3580 summi
995 3523 1280 3594 pontiﬁces
1307 3522 1449 3578 soliti
1500 3524 1608 3576 sint
1635 3523 1947 3593 Episcopos,

354 3631 505 3684 quos
532 3614 696 3684 pallio
715 3615 1008 3679 donabant,
1037 3613 1223 3668 sedulo
1245 3627 1484 3677 monere,
1505 3623 1564 3666 ut
1583 3627 1649 3667 eo
1671 3613 1815 3666 inter
1835 3613 1949 3668 sola

356 3703 650 3758 lissamm
676 3702 936 3758 solemnia
961 3710 1182 3756 utantur
1205 3718 1219 3766 ;
1256 3701 1365 3755 imo
1404 3699 1698 3770 Gregorius
1724 3699 1950 3770 Magnus

362 3797 738 3850 Ravennatem
785 3795 1106 3864 Episcopum
1152 3794 1204 3847 in
1229 3792 1443 3847 letaniis
1471 3799 1748 3862 gerentem
1771 3793 1950 3863 gravi-

359 3898 448 3942 ter
477 3887 787 3958 redarguat,
816 3901 1120 3956 quanquam
1143 3893 1329 3954 postea
1349 3883 1604 3955 fatigatus
1629 3884 1950 3954 importunis

357 3979 621 4046 precibus
651 3977 704 4032 id
759 3977 1000 4040 indulsit,
1054 3976 1223 4046 quatri
1277 3991 1385 4030 non
1418 3975 1690 4029 immerito
1738 3983 1945 4044 potest,

360 4085 488 4139 qua:
531 4068 697 4123 fuerit
735 4076 845 4122 tam
901 4068 1143 4136 expressi
1197 4075 1414 4135 tamque
1461 4064 1714 4120 instantis
1761 4064 1946 4118 moniti

359 4175 550 4214 causa.
592 4157 678 4212 An
723 4157 957 4227 dignitas
997 4155 1166 4225 pallii,
1221 4169 1290 4209 ne
1340 4170 1438 4210 usu
1486 4153 1817 4208 vilesceret?
1862 4151 1947 4206 An

360 4248 725 4318 praerogativa
763 4246 958 4300 summi
993 4243 1271 4299 Pontiﬁcis
1301 4240 1540 4314 quotidie
1576 4245 1804 4310 utentis,
1833 4255 1946 4300 uta

2062 449 2128 486 an
2155 437 2442 503 pretiosior
2476 438 2747 507 quondam
2773 440 2875 496 alia
2903 443 3217 499 ?Oricntalc
3239 445 3449 502 laneum
3477 449 3642 507 fuisse

2059 526 2247 593 quinto
2277 527 2472 581 saeculo
2508 534 2738 582 testatur
2764 531 3000 586 Isidorus
3029 532 3296 590 Pelusiota
3327 539 3488 607 epist.
3520 541 3643 606 l36,

2059 612 2152 666 lib.
2187 631 2227 680 t,
2256 631 2356 670 nec
2405 617 2616 672 videtur
2654 619 2872 674 dubium
2920 623 3048 690 quin
3085 639 3299 696 semper
3333 626 3513 683 fuerit.
3543 631 3646 685 La-

2061 718 2221 756 neum
2253 720 2468 773 quoque
2495 723 2638 762 nunc
2667 725 2787 764 esse
2817 711 2869 763 in
2899 709 3190 768 Occidente
3219 725 3446 781 constat,
3475 734 3647 789 quan-

2060 808 2222 861 quam
2245 797 2499 851 crucibus
2519 799 2708 853 sericis
2722 802 2901 855 rubris
2923 803 3302 874 distinguitur;
3331 806 3438 862 imo
3451 810 3650 878 quibus

2060 897 2127 935 ex
2158 883 2296 938 lanis
2335 884 2448 951 ﬁat,
2481 904 2654 956 quove
2684 891 2808 956 ritu,
2839 893 3002 946 tradit
3032 894 3364 966 Augustinus
3392 899 3650 956 Patritius

2061 975 2116 1028 in
2143 975 2281 1028 libro
2303 978 2505 1032 rituum
2530 979 3049 1038 Ecclesiasticorum.

2129 1067 2288 1136 203
2319 1067 2495 1122 XLIII.
2536 1069 2640 1123 Sed
2667 1073 2925 1139 quaeritur
2964 1090 3031 1127 an
3062 1090 3129 1129 ex
3167 1075 3335 1133 altera
3372 1081 3648 1148 quondam

2061 1159 2284 1211 materia
2302 1159 2604 1213 confectqu
2632 1161 2719 1215 sit.
2749 1161 3043 1228 Qttaistioni
3063 1166 3237 1222 locum
3264 1169 3393 1223 facit
3411 1170 3650 1226 Joannes

2062 1246 2352 1313 Diaconus,
2396 1263 2516 1302 cum
2548 1251 2739 1304 scribit
2763 1251 2854 1305 lib.
2878 1253 2911 1304 4
2945 1255 3078 1308 Viue
3105 1256 3161 1310 S.
3195 1257 3464 1330 Gregorii,
3486 1262 3648 1333 bysso

2058 1341 2326 1394 candente
2353 1350 2664 1395 contextum
2711 1341 2876 1398 fuisse
2903 1344 3145 1413 pallium,
3177 1349 3321 1417 quod
3356 1350 3650 1422 Gregorius

2063 1429 2287 1501 Magnus
2315 1434 2502 1501 gessit,
2545 1433 2797 1503 quodque
2826 1435 3000 1489 adhuc
3019 1427 3172 1492 'anno
3200 1438 3324 1503 875,
3373 1456 3480 1510 quo
3507 1451 3644 1498 tem-

2061 1537 2192 1591 pore
2217 1522 2453 1577 Joannes
2495 1522 2744 1588 ﬂorebat,
2778 1525 2831 1578 in
2875 1525 3124 1594 sepulcro
3166 1530 3338 1582 sancti
3372 1528 3651 1587 Pontiﬁcis

2063 1614 2406 1668 cernebatur.
2455 1612 2580 1667 Sive
2625 1623 2806 1669 autem
2836 1616 3052 1686 byssutn
3084 1618 3456 1688 interpreteris
3485 1630 3647 1676 tenue

1992 1685 2036 1742 Β
2065 1705 2252 1768 linum,
2278 1713 2334 1758 ut
2362 1705 2602 1759 melioris
2626 1685 2935 1761 Latinitatis
2969 1685 3243 1775 Antores;—
3271 1710 3385 1764 sive
3415 1711 3650 1766 sericum

2059 1797 2233 1863 ﬁlum,
2266 1807 2325 1850 ut
2353 1797 2717 1852 Ecclesiastici
2755 1806 3073 1854 tractatores
3110 1801 3380 1870 sequioris
3413 1803 3535 1868 arvi,
3569 1803 3652 1858 la—

2060 1905 2220 1942 neum
2253 1898 2398 1942 certe
2429 1905 2533 1942 non
2557 1888 2658 1942 fuit
2687 1907 2700 1940 :
2729 1890 2868 1944 unde
2897 1890 2957 1945 ﬁt
2986 1906 3345 1961 consequens,
3388 1904 3447 1950 ut
3471 1911 3648 1966 neque

2041 1977 2332 2045 ‘prioribus
2361 1980 2694 2048 temporibus
2743 1979 2955 2033 laneum
2989 1980 3171 2047 fuerit,
3209 1984 3476 2053 siquidem
3531 2001 3648 2041 me-

2060 2070 2165 2121 rito
2193 2068 2342 2122 credi
2371 2070 2561 2137 possit,
2608 2078 2818 2123 tantum
2847 2070 3022 2124 virum
3054 2081 3270 2142 tamque
3312 2076 3541 2129 novitati
3567 2077 3650 2130 in-

2061 2155 2292 2222 fensum,
2312 2159 2548 2213 noluisse
2564 2175 2593 2211 a
2610 2158 2954 2213 decessorum
2974 2176 3070 2215 usu
3095 2162 3390 2230 discedere,
3416 2180 3641 2235 prteser-

2062 2249 2158 2302 tim
2191 2248 2243 2302 in
2282 2265 2340 2302 re
2373 2249 2508 2302 adeo
2537 2258 2755 2320 patente
2784 2249 3063 2319 oculisque
3100 2251 3342 2306 omnium
3380 2254 3646 2323 exposita.

2131 2339 2315 2395 XLlV.
2361 2339 2462 2406 Qui
2492 2341 2558 2394 de
2585 2341 2750 2411 pallio
2789 2341 3251 2412 Archiepise0pali
3281 2358 3386 2398 non
3436 2344 3509 2398 ita
3540 2345 3650 2414 pri-

2061 2435 2181 2490 dem
2213 2450 2350 2505 opus
2373 2436 2544 2490 edidit
2590 2436 2676 2489 vir
2725 2437 2969 2490 eruditus
3012 2445 3066 2490 et
3109 2438 3355 2508 diligens,
3401 2441 3650 2509 praevidit

2061 2524 2164 2578 hoc
2195 2533 2595 2595 argumentum,
2630 2524 2842 2593 duoque
2871 2525 3107 2595 excepit,
3133 2535 3192 2581 ut
3217 2543 3370 2582 suam
3399 2529 3466 2582 de
3495 2528 3650 2583 lanea

2060 2619 2285 2672 materie
2351 2619 2676 2673 sententiam
2729 2627 2989 2672 tueretur.
3038 2619 3314 2685 Alterum,
3367 2621 3650 2691 deceptum

2059 2705 2227 2761 fuisse
2253 2705 2515 2761 Joannem
2555 2707 2874 2772 Diaconum,
2907 2724 3028 2763 cum
3056 2707 3277 2778 pallium
3307 2710 3364 2764 S.
3400 2709 3649 2782 Gregorii

2060 2800 2398 2869 inspiceret,
2448 2801 2726 2869 linumque
2779 2801 3096 2867 creJidisse,
3131 2803 3275 2870 quod
3322 2803 3499 2872 reipsa
3550 2802 3650 2856 fuit

2059 2891 2228 2945 lana:
2308 2891 2640 2962 deceptionis
2707 2907 2927 2946 causam
2993 2893 3291 2962 praebuisse
3352 2895 3647 2947 obscurum

2058 2982 2343 3051 utriusque
2368 2983 2627 3048 materiae,
2671 2983 2970 3052 praesertim
2994 2991 3260 3036 vetustam
3284 2991 3497 3038 :ctatem
3527 2999 3652 3054 pas-

2059 3087 2150 3136 sm,
2185 3071 2494 3128 discrimen.
2540 3071 2805 3139 Alterum,
2834 3073 2880 3126 si
2911 3073 3166 3142 deceptus
3190 3089 3298 3129 non
3322 3073 3423 3128 fuit
3453 3073 3646 3128 Diaco-

2056 3177 2178 3224 nus,
2210 3169 2269 3215 ut
2303 3171 2452 3216 certe
2502 3163 2590 3216 vix
2621 3163 2817 3231 potuit,
2870 3163 3078 3217 inﬁnita
3123 3163 3465 3219 multitudine
3505 3164 3647 3218 idem

2054 3260 2332 3316 cernente,
2359 3251 2404 3306 si
2435 3253 2655 3322 pallium
2687 3269 2874 3307 revera
2901 3253 3100 3308 lineum
3136 3252 3260 3319 fuit,
3296 3254 3488 3308 fecisse
3523 3270 3648 3325 pro-

2053 3352 2175 3410 pter
2211 3342 2530 3395 modestiam
2557 3342 2874 3412 Gregorium
2905 3352 3094 3398 contra
3119 3343 3385 3412 majorum
3415 3359 3641 3398 morem.

2056 3432 2354 3499 Utrumque
2405 3447 2470 3486 ex
2500 3431 2725 3486 Joannis
2769 3434 2990 3488 Diaconi
3029 3435 3212 3489 verbis
3257 3434 3448 3489 conﬁci
3486 3450 3644 3504 posse

2053 3521 2305 3590 opinatur
2331 3537 2342 3570 :
2382 3528 2437 3574 et
2458 3521 2693 3588 primum
2721 3521 2955 3589 quidem,
3013 3537 3078 3576 ex
3107 3535 3174 3576 eo
3197 3523 3340 3592 quod
3366 3523 3454 3578 ille
3481 3523 3645 3594 bysso

2055 3611 2315 3665 candente
2370 3619 2682 3664 contextum
2734 3611 2954 3680 pallium
3006 3611 3171 3678 dicat,
3221 3614 3416 3684 byssus
3461 3622 3642 3670 autem

2053 3715 2160 3754 non
2183 3700 2428 3766 candeat,
2447 3700 2538 3753 sed
2557 3701 2803 3770 ﬂavescet
2823 3703 3018 3772 potius,
3044 3720 3162 3756 cum
3185 3705 3252 3758 sit
3282 3703 3381 3759 lini
3404 3722 3552 3776 pars,
3581 3717 3643 3760 ut

2052 3790 2268 3860 quidem
2301 3790 2401 3858 ipsi
2433 3789 2666 3856 videtur,
2719 3793 2988 3860 grossior;
3045 3795 3342 3850 secundum
3368 3811 3519 3861 vero,
3571 3812 3639 3850 ex

2052 3895 2117 3934 co
2143 3881 2284 3950 quod
2326 3881 2594 3934 Diaconus
2623 3881 2783 3946 dicat,
2820 3898 2884 3935 ex
2912 3881 3063 3952 pallii
3106 3885 3329 3938 materia
3362 3886 3640 3940 mediocri-

2051 3981 2209 4024 tatem
2237 3971 2446 4024 habitus
2475 3989 2506 4024 a
2538 3972 2648 4024 viro
2683 3981 2865 4025 sancto
2893 3973 3080 4042 gestati
3111 3977 3477 4045 reprwsentari
3493 4014 3507 4027 .

2121 4060 2280 4115 XLV.
2316 4062 2383 4116 Ut
2421 4077 2520 4134 ego
2549 4062 2868 4132 simpliciter
2917 4071 2972 4117 et
3005 4065 3148 4119 nude
3176 4067 3440 4136 aperiam,
3493 4069 3637 4137 quod

2049 4155 2240 4209 sentio.
2297 4153 2554 4219 Primum,
2616 4170 2722 4209 non
2754 4154 2995 4224 intelligo
3030 4156 3162 4210 satis
3192 4197 3206 4219 ,
3261 4159 3531 4226 quomodo
3574 4159 3641 4211 li-

2049 4261 2208 4300 ueum
2237 4246 2457 4314 pallium
2484 4261 2550 4300 eo
2578 4259 2748 4316 usque
2790 4245 2863 4300 sit
2893 4244 3050 4299 laneo
3073 4244 3261 4307 vilius,
3296 4253 3355 4298 ut
3381 4246 3498 4316 ejus
3536 4263 3636 4302 usu

361 4338 587 4406 reliquis
631 4335 910 4406 Episcopis
937 4335 1163 4390 distaret
1187 4335 1210 4387 ?
1257 4333 1339 4387 An
1364 4334 1507 4404 quod
1547 4334 1743 4389 casulae
1776 4350 1944 4389 sacrm
1971 4369 2022 4427 D
2049 4338 2128 4389 vir
2151 4337 2494 4405 antiquitatis,
2527 4344 2588 4389 ut
2615 4335 2856 4405 loquitur
2881 4333 3137 4400 Joannes,
3175 4335 3405 4390 voluerit
3443 4338 3633 4392 mode-

361 4443 486 4496 quz
513 4427 657 4482 inter
685 4427 876 4483 Missas
912 4426 1083 4481 solqu
1113 4426 1372 4491 induitur,
1403 4426 1474 4480 sit
1513 4427 1764 4496 proprius
1783 4443 1945 4480 orna-

364 4517 494 4570 tus?
545 4517 648 4580 An,
684 4517 830 4585 quod
853 4515 1204 4584 probabilius,
1240 4529 1428 4570 omnes
1469 4516 1552 4570 hae
1598 4531 1774 4570 causa:
1816 4532 1946 4571 con-

361 4608 624 4664 currunt?
649 4606 779 4661 lnde
799 4621 927 4661 vero
953 4605 1008 4659 ﬁt
1037 4620 1393 4674 consequens,
1424 4615 1484 4659 ut
1503 4608 1753 4676 pretiosa:
1781 4608 1942 4670 vesti,

361 4696 662 4766 cujusmodi
692 4711 847 4751 sacra
871 4695 1051 4751 casula
1075 4735 1090 4760 ,
1145 4696 1412 4765 pretiosus
1437 4695 1566 4750 olim
1596 4705 1820 4752 ornatus
1848 4697 1942 4751 ad-

361 4788 599 4850 deretur,
634 4801 741 4841 non
767 4785 898 4841 item
924 4785 1077 4840 lanea
1105 4785 1264 4839 taenia
1285 4793 1342 4840 et
1378 4785 1480 4840 vile
1500 4786 1768 4854 quoddam
1796 4785 1944 4840 addi-

365 4886 683 4931 tamentum.

436 4966 563 5021 XLI.
619 4965 806 5036 Neque
849 4965 1011 5036 objici
1063 4973 1287 5035 potest,
1341 4968 1484 5036 quod
1549 4965 1939 5037 posterioribus

365 5057 698 5126 temporibus
744 5058 934 5112 eadem
976 5058 1271 5112 admonitio
1317 5057 1693 5126 perseverarit,
1733 5057 1832 5112 etsi
1863 5057 1940 5110 la-

366 5163 522 5202 neum
550 5149 779 5219 coeperit
800 5163 921 5204 esse
950 5149 1170 5220 pallium
1196 5166 1212 5214 ;
1262 5163 1386 5202 nam
1412 5148 1494 5202 vel
1541 5164 1659 5203 mos
1685 5149 1937 5216 antiquus

364 5237 681 5292 admonendi
725 5247 968 5293 retentus
1007 5247 1110 5305 est,
1157 5239 1281 5308 quia
1318 5245 1542 5293 retenta:
1579 5239 1783 5306 pariter
1806 5239 1934 5294 mit-

368 5325 507 5378 tendi
547 5325 698 5395 pallii
739 5335 952 5382 veteres
996 5325 1238 5382 formulze
1267 5343 1282 5392 ;
1311 5327 1396 5381 vel
1448 5327 1727 5382 desinente
1773 5327 1932 5382 tertia

368 5416 590 5481 ratione,
618 5417 740 5472 alite
763 5418 976 5487 priores
1001 5418 1119 5472 dum
1144 5418 1274 5472 visae
1299 5425 1424 5472 sunt
1448 5416 1624 5472 adhuc
1656 5432 1808 5472 suum
1838 5418 1934 5472 ha-

363 5504 491 5558 bere
516 5515 869 5562 momentum.

435 5592 587 5650 XLll.
615 5595 691 5650 Ex
717 5596 877 5651 dictis
900 5596 1150 5652 nonnulla
1168 5602 1346 5667 potest
1361 5593 1494 5651 oriri
1514 5593 1768 5650 historica
1795 5612 1936 5667 quae-

2048 4429 2168 4483 stize
2189 4444 2351 4482 causa
2380 4444 2410 4480 a
2441 4428 2788 4482 decesson
2813 4441 2964 4480 more
2989 4426 3270 4482 discedere
3297 4445 3311 4480 :
3345 4443 3471 4483 nam
3499 4427 3631 4500 bys—

2045 4533 2139 4573 sus
2180 4517 2337 4586 longe
2382 4516 2670 4586 pretiosior
2697 4524 2780 4570 est
2830 4516 2976 4580 lana,
3006 4527 3068 4570 ut
3109 4515 3395 4571 conﬁcitur
3420 4531 3487 4572 ex
3537 4516 3632 4574 illo

2045 4607 2460 4662 Proverbiorum
2490 4606 2628 4670 loco,
2655 4607 2746 4660 ubi
2785 4605 2978 4660 mulier
3007 4605 3162 4661 fortis
3187 4607 3456 4674 laudatur,
3485 4610 3629 4680 quod

2043 4699 2392 4771 stragulatnm
2434 4707 2621 4753 vestem
2675 4698 2855 4766 fecerit
2904 4698 3024 4765 sibi,
3056 4699 3307 4769 quodque
3349 4702 3532 4771 byssus
3577 4712 3627 4756 et

2043 4806 2276 4861 purpura
2304 4789 2437 4859 foret
2485 4789 2843 4842 vestimentum
2889 4787 3021 4857 ejus.
3054 4788 3244 4843 Mulier
3271 4789 3383 4856 illa,
3412 4792 3622 4862 opinor,

2046 4879 2198 4948 cujus
2240 4881 2319 4935 vir
2369 4879 2558 4934 nobilis
2613 4881 2668 4935 in
2695 4882 2860 4950 portis
2893 4881 3087 4934 sederet
3121 4897 3241 4936 cum
3283 4881 3624 4938 Senatoribus

2044 4979 2219 5036 terrm,
2240 4971 2290 5026 id
2312 4978 2414 5035 est,
2432 4986 2545 5024 rem
2569 4971 2836 5040 publicam
2852 4969 3274 5038 administraret,
3297 4987 3327 5026 a
3347 4974 3622 5028 rusticana

2043 5075 2151 5116 non
2178 5059 2332 5113 valde
2381 5059 2626 5124 distaret,
2661 5061 2704 5113 si
2733 5068 2888 5130 parte
2933 5059 3026 5114 lini
3056 5061 3326 5132 grossiore
3354 5072 3616 5118 uteretur.

2113 5151 2315 5207 Deinde
2340 5152 2552 5206 videtur
2575 5153 2705 5205 mihi
2736 5150 2990 5214 Joannes,
3025 5169 3145 5206 cum
3171 5155 3236 5208 de
3257 5155 3418 5224 pallio
3447 5156 3617 5209 sancti

2040 5241 2318 5297 Pontiﬁcis
2341 5241 2596 5309 loquitur,
2624 5240 2757 5294 nihil
2775 5239 2995 5295 laudare
3015 5249 3212 5309 praeter
3239 5242 3614 5310 antiquitatem

2039 5332 2182 5399 viri;
2213 5332 2638 5386 mediocritatem
2684 5347 2836 5396 vero,
2893 5331 3046 5401 cujus
3091 5332 3354 5395 meminit,
3402 5330 3468 5383 ad
3521 5338 3617 5386 ta:-

2039 5424 2184 5478 niam
2213 5421 2437 5490 referre,
2483 5439 2548 5478 ex
2573 5439 2678 5494 qua
2707 5424 3041 5494 dependebat
3072 5432 3324 5495 argentea
3352 5421 3612 5491 reliquia-

2040 5529 2159 5568 rum
2189 5523 2370 5569 eustos
2399 5531 2414 5566 :
2442 5529 2564 5569 cum
2592 5514 2735 5568 enim
2767 5514 3093 5585 scripsisset,
3143 5513 3468 5568 ueneratione
3492 5528 3614 5581 gra-

2038 5605 2240 5656 tissima
2279 5601 2528 5657 celebrari
2553 5604 2675 5676 tria,
2698 5620 2813 5673 qum
2843 5612 3197 5668 pernoctantes
3224 5604 3276 5656 in
3308 5602 3610 5656 anniversa-
