3990 6184
368 174 464 264 ns

1614 211 1703 267 AD
1743 209 2000 267 LIBRUM
2037 200 2349 267 DIURNUM

3500 206 3600 264 I76

363 330 442 381 ria
468 327 586 397 festi
602 326 684 380 die
701 324 1080 389 osculurentur,
1098 324 1333 395 pallium,
1351 326 1512 397 204
1535 326 1929 407 p/iylacteriant,
1962 323 2009 380 Α
2106 321 2290 375 XLIX.
2324 320 2499 374 Nihilo
2544 318 2661 390 plus
2710 320 2868 384 valet,
2897 314 3037 388 quod
3063 318 3235 374 Graeci
3263 320 3479 386 habent,
3510 333 3605 378 aut

360 426 407 469 et
436 415 693 480 balteum;
726 431 846 469 mox
899 415 1173 483 sulijunxit
1202 432 1214 467 :
1250 434 1268 465 ‹
1304 414 1432 481 Quae
1458 414 1728 483 sigillatim
1759 413 1934 468 consi—

360 503 567 567 derata,
596 512 652 558 et
676 503 1048 574 antiquitatem
1076 503 1200 567 viri,
1227 511 1280 556 et
1311 503 1736 557 mediocritatem
1780 503 1934 558 habi-

365 602 469 657 tus,
496 600 551 646 et
577 592 809 662 speciem
859 591 1119 661 regularis
1162 591 1418 660 propositi
1466 592 1633 664 signis
1663 593 1935 663 perpetuis

363 687 747 752 repraesentant
799 698 809 731 :
844 695 965 734 nam
994 680 1046 733 in
1096 695 1161 735 eo
1203 681 1345 750 quod
1382 683 1501 752 ejus
1525 682 1745 753 pallium
1774 686 1935 755 bysso

359 775 623 827 candente
651 779 985 835 contextum,
1018 771 1177 826 nullis
1205 774 1445 829 cernitur
1469 776 1670 830 acubus
1695 774 1936 845 perforar-

361 872 495 931 tum,
519 865 595 920 sic
621 867 792 936 ipsum
820 867 963 920 circa
994 866 1238 935 scapulas
1264 867 1577 923 obvolutum
1609 854 1796 934 fuisse,
1824 884 1933 924 non
1964 880 1967 881 '

360 960 537 1007 autem
566 954 831 1008 conﬁxum
858 953 1210 1024 dignoscitur,
1242 956 1383 1011 sicut
1408 958 1786 1014 vetustissimis
1815 975 1934 1013 mu-

363 1045 493 1099 sivis
536 1045 618 1099 vel
662 1044 888 1115 picturis
935 1048 1257 1103 ostenditur.
1320 1047 1473 1115 Quod
1517 1058 1696 1105 autem
1742 1051 1932 1122 phyla-

358 1134 525 1189 cteria
557 1135 706 1190 tenui
731 1145 956 1207 argento
980 1136 1261 1202 fabricata,
1298 1138 1497 1209 vilique
1520 1140 1683 1210 pallio
1707 1140 1775 1195 de
1797 1140 1934 1196 collo

358 1239 616 1295 suspensa
663 1225 830 1283 fuisse
883 1229 1167 1293 videatur,
1228 1229 1445 1284 habitus
1484 1227 1603 1299 ejus
1645 1228 1934 1285 mediocri-

357 1327 441 1375 tas
496 1318 921 1376 demonstratur.
966 1320 1138 1378 Porro
1178 1323 1231 1377 in
1285 1323 1525 1377 exilitate
1573 1320 1759 1387 baltei,
1815 1337 1934 1392 qua:

356 1408 517 1464 unius
536 1408 747 1478 pollicis
777 1426 1087 1467 mensuram
1110 1427 1385 1482 nunquam
1415 1413 1644 1476 excedit,
1697 1413 1932 1482 speciem

355 1501 618 1572 propositi
653 1503 915 1574 regularis
942 1503 1069 1559 olim
1116 1519 1147 1559 a
1176 1512 1363 1560 sancto
1414 1504 1707 1561 Benedicto
1745 1505 1932 1560 statuti

355 1605 480 1645 eum
506 1605 772 1657 servasse,
797 1591 915 1648 luce
944 1592 1141 1648 clarius
1168 1592 1493 1650 manifestat.
1521 1614 1539 1647 ι

425 1680 577 1737 Adde
600 1723 615 1748 ,
643 1683 785 1752 quod
803 1724 817 1747 ,
849 1684 953 1740 nisi
976 1683 1150 1750 fallor,
1173 1701 1237 1742 ex
1278 1686 1499 1742 Diaconi
1524 1688 1721 1751 verbis,
1745 1695 1932 1742 contra

360 1770 410 1824 id
439 1772 581 1840 quod
602 1773 844 1829 eruditus
868 1775 953 1829 vir
975 1776 1191 1843 asserit,
1215 1792 1320 1831 non
1335 1778 1562 1833 obscure
1576 1778 1930 1844 concluditur,

298 1878 303 1881 ·
357 1856 673 1931 Gregorium
702 1862 756 1918 in
800 1879 901 1919 usu
926 1864 1093 1934 pallii,
1123 1866 1264 1936 quod
1307 1867 1583 1936 hyssinum
1639 1867 1798 1934 foret,
1822 1884 1932 1923 non

356 1949 646 2005 recessisse
675 1966 706 2005 a
754 1950 1018 2020 majorum
1040 1955 1426 2012 consuetudine
1453 1974 1465 2010 :
1498 1956 1655 2011 docet
1675 1957 1817 2011 enim
1843 1956 1932 2012 ille

355 2037 592 2107 quinque
616 2038 682 2094 de
703 2039 888 2109 pallio,
951 2042 1095 2112 quod
1121 2058 1186 2098 ex
1212 2044 1375 2115 bysso
1422 2044 1684 2100 candente
1712 2054 1932 2101 contex-

356 2137 468 2182 tum
500 2128 677 2195 foret;
726 2131 869 2201 quod
920 2131 1079 2189 nullis
1108 2135 1307 2190 acubus
1364 2134 1735 2205 perforatum;
1788 2138 1929 2207 quod

353 2218 497 2274 circa
520 2220 767 2289 scapulas
797 2222 1123 2285 obvolutum,
1152 2225 1293 2294 quod
1319 2224 1457 2280 idem
1481 2226 1534 2279 in
1556 2225 1775 2287 musivis
1805 2240 1931 2295 ope-

355 2308 505 2362 ribus
543 2309 933 2380 antiquissimis
966 2312 1295 2384 picturisque
1337 2315 1745 2381 ostenderetur;
1786 2319 1929 2386 quod

356 2398 472 2453 lucc
493 2399 864 2469 antiquitatem
889 2401 1007 2467 viri,
1032 2402 1086 2456 id
1113 2413 1214 2468 est,
1241 2418 1357 2458 mea
1389 2406 1672 2471 sententia,
1694 2405 1927 2461 studium

355 2489 690 2559 antiquitatis
720 2490 1044 2557 retinendre,
1087 2506 1193 2562 quo
1239 2495 1521 2549 tenebatur
1561 2495 1644 2549 vir
1688 2504 1926 2561 sanctus,

354 2590 824 2652 repnesentarent.
913 2582 1165 2641 Materies
1207 2585 1372 2657 igitur
1421 2583 1569 2657 pallii
1634 2587 1929 2658 modusque

352 2675 537 2730 utendi
602 2676 977 2746 antiquitatem
1036 2676 1316 2747 sapiebat;
1389 2686 1550 2748 atque
1599 2679 1672 2733 ila
1717 2685 1926 2735 tantum

354 2767 529 2833 abest,
552 2774 612 2822 ut
633 2765 925 2840 Gregorius
946 2768 1153 2839 priscos
1176 2783 1302 2824 suos
1323 2769 1634 2825 decessores
1681 2771 1736 2825 in
1761 2770 1929 2826 musi-

353 2855 435 2911 vis
476 2856 731 2926 operibus
758 2856 998 2928 depictos
1025 2856 1353 2923 deseruerit,
1394 2865 1455 2912 ut
1482 2858 1720 2915 studiose
1748 2859 1928 2928 potius

353 2961 446 3002 eos
475 2947 717 3003 imitatus
749 2947 838 3003 sit.

421 3036 682 3107 Denique,
730 3039 773 3095 si
806 3036 1097 3112 Gregorius
1125 3041 1179 3096 in
1211 3055 1276 3096 eo
1318 3041 1390 3096 sit
1432 3041 1807 3111 antiquitatem
1846 3055 1928 3096 se-

352 3138 525 3192 cutus,
560 3130 702 3200 quod
731 3129 953 3200 pallium
983 3131 1145 3202 bysso
1169 3132 1429 3187 candente
1458 3139 1768 3187 contextum
1810 3146 1930 3202 ges-

351 3220 506 3285 serit,
555 3219 915 3275 conﬁtendum
943 3231 1047 3287 est,
1083 3230 1328 3277 veterum
1355 3222 1513 3293 pallia
1543 3222 1705 3294 bysso
1725 3222 1931 3292 pariter

351 3309 615 3364 candente
644 3318 896 3365 contexta
939 3310 1122 3378 fuisse,
1156 3313 1377 3383 ipsaque
1403 3313 1557 3379 adeo,
1586 3315 1631 3369 si
1658 3312 1803 3384 byssi
1835 3328 1928 3367 no-

351 3400 493 3454 mine
544 3400 870 3472 intelligatur
919 3402 1087 3458 linum
1142 3405 1554 3471 tenuissimum,
1611 3413 1669 3459 ut
1726 3406 1928 3460 habent

348 3508 537 3548 omnes
583 3493 879 3550 dictionum
930 3495 1273 3566 interpretes.
1325 3496 1466 3552 linea
1515 3495 1774 3562 extitisse,
1819 3511 1925 3550 non

347 3584 521 3639 lanea.
552 3584 705 3653 Quod
755 3589 799 3641 si
854 3603 918 3642 co
946 3588 1068 3658 quis
1094 3590 1310 3644 nomine
1358 3590 1718 3659 signiﬁcatum
1773 3589 1923 3654 velit,

349 3690 453 3729 non
482 3676 759 3745 quodlibet
778 3677 973 3741 linum,
1003 3679 1095 3733 sed
1125 3680 1404 3748 byssinum
1432 3678 1580 3739 illud,
1632 3681 1785 3748 cujus
1814 3694 1926 3733 me-

348 3765 503 3818 minit
525 3765 730 3820 Plinius
753 3765 847 3820 lib.
884 3765 948 3820 l9
996 3766 1258 3830 historize,
1299 3768 1538 3837 pretiosa
1582 3766 1749 3823 fuisse
1776 3777 1926 3824 vete-

349 3870 467 3908 rum
494 3853 652 3923 pallia
682 3868 903 3909 necesse
916 3863 1020 3921 est,
1051 3855 1315 3925 siquidem
1340 3874 1359 3908 ‹
1385 3857 1662 3925 quaternis
1689 3857 1924 3913 denariis

347 3941 580 4010 scripula
619 3941 734 4010 ejus
761 3952 1062 4014 permutata
1092 3953 1151 3999 ut
1177 3945 1295 4000 auri
1331 3965 1350 3999 ›
1386 3944 1591 4000 Plinius
1628 3945 1811 4001 tradit.
1857 3945 1926 4001 Et

346 4043 475 4085 vero
501 4030 680 4085 decuit
712 4046 832 4087 esse
878 4032 1172 4102 pretiosum
1219 4033 1272 4088 id
1301 4035 1623 4100 ornamenti,
1663 4033 1802 4104 quod
1828 4034 1924 4089 im-

345 4127 633 4188 poneretur
672 4120 927 4190 pretiosis
950 4121 1208 4188 vestibus,
1244 4124 1443 4193 quibus
1470 4124 1665 4179 summi
1694 4122 1921 4181 Pontiﬁ-

344 4226 436 4267 ces
464 4211 606 4266 inter
632 4228 786 4268 sacra
818 4212 1060 4269 facienda
1090 4223 1392 4270 uterentur.

2036 411 2211 479 potius
2240 409 2549 465 Graecorum
2577 424 2732 473 unus,
2756 408 2992 463 Isidorus
3014 408 3307 473 Pelusiota,
3354 410 3421 463 de
3445 412 3608 480 pallio

2034 501 2321 557 Orientalis
2368 498 2621 554 Ecclesiae
2668 499 2959 554 Praesulum
2995 518 3007 553 :
3040 514 3138 569 pro
3181 500 3391 557 Latinis
3435 505 3604 567 enim,

2034 588 2100 645 de
2142 590 2335 659 quibus
2362 590 2599 659 agimus,
2629 603 2736 642 non
2771 580 2929 654 facit,
2967 596 3027 642 ut
3055 596 3242 658 postea
3269 591 3604 647 ostendetur.

2105 680 2167 736 L.
2196 680 2380 749 Neque
2406 679 2620 733 videtur
2660 678 2824 733 etiam
2860 678 2929 734 ab
2963 693 3062 732 usu
3106 679 3369 734 hodierno
3414 680 3608 735 idonea

2034 771 2173 825 ratio
2215 768 2444 834 desumi,
2494 768 2648 839 quasi
2683 768 2737 824 id
2780 782 2992 838 semper
3039 777 3354 839 usurpatum
3385 772 3489 826 dici
3519 774 3621 842 de-_

2034 860 2173 924 beat,
2207 861 2349 930 quod
2378 875 2521 915 nunc
2565 861 2618 914 in
2670 875 2769 915 usu
2802 870 2908 924 est,
2962 869 3017 915 et
3054 861 3369 931 jamdudum
3405 861 3522 927 fuit,
3551 873 3611 919 et

2033 962 2139 1019 quo
2170 959 2411 1020 tempore
2439 966 2558 1007 esse
2587 953 2830 1023 coeperit,
2861 953 3215 1007 demonstrari
3251 966 3357 1009 non
3382 962 3560 1023 potest
3589 973 3603 1008 :

2033 1053 2157 1093 nam
2184 1039 2336 1095 locus
2369 1038 2591 1096 Joannis
2620 1041 2840 1096 Diaconi
2881 1057 2986 1096 non
3019 1046 3218 1097 temere
3247 1044 3487 1099 creditur
3511 1060 3610 1114 pu—

2033 1145 2198 1200 gnare
2219 1130 2272 1184 in
2306 1131 2660 1196 contrarium,
2691 1140 2747 1187 et
2785 1131 2918 1187 satis
2938 1135 3186 1202 probare,
3230 1144 3357 1190 ante
3390 1146 3607 1192 sextum

2034 1222 2286 1275 saeculum
2318 1236 2423 1277 non
2449 1222 2744 1278 obtinuisse
2772 1235 2997 1287 morem,
3026 1224 3117 1293 qui
3143 1240 3286 1280 nunc
3311 1226 3475 1297 viget.

2103 1312 2186 1367 LI.
2239 1312 2424 1382 Neque
2465 1321 2840 1384 argumentum
2889 1329 2920 1368 a
2949 1315 3161 1369 ratione
3190 1315 3420 1385 petitum
3470 1317 3607 1372 satis

2033 1401 2196 1457 habet
2247 1402 2547 1468 momenti,
2598 1409 2660 1456 ut
2707 1403 2983 1459 historicae
3013 1406 3297 1473 quaestioni
3335 1405 3608 1463 solvendae

2033 1491 2286 1548 sufﬁciat.
2318 1492 2451 1547 Nam
2481 1493 2623 1563 quod
2675 1493 2898 1549 all’ertur
2923 1495 2989 1550 de
3010 1496 3154 1566 pallii
3191 1496 3342 1552 lanci
3370 1498 3602 1568 mystica

2033 1583 2440 1655 significatione,
2476 1584 2699 1653 perinde
2731 1599 2796 1639 ac
2815 1585 2860 1641 si
2887 1593 3236 1654 repraesentet
3260 1586 3455 1656 pellem
3489 1588 3611 1644 ovis

1960 1647 2006 1706 Β
2034 1647 2342 1747 deperditae,
2376 1647 2536 1745 quam
2560 1677 2736 1732 bonus
2764 1647 3277 1748 pastor-repertam,
3309 1694 3435 1734 cum
3459 1696 3613 1735 erraa»

2034 1774 2132 1827 ret,
2164 1765 2508 1835 humerisque
2536 1766 2839 1837 impositam
2870 1778 3111 1838 reportat
3141 1770 3195 1825 in
3223 1771 3382 1836 ovile,
3431 1786 3617 1841 neque

2033 1856 2100 1910 ad
2128 1869 2244 1909 rem
2282 1864 2521 1910 nostram
2551 1864 2654 1921 est,
2692 1871 2865 1927 neque
2902 1860 3081 1929 gravis
3101 1874 3200 1931 per
3225 1874 3284 1916 se
3312 1861 3606 1915 momenti:

2032 1948 2272 2018 mystica:
2322 1948 2464 2003 enim
2508 1946 2650 2004 illius
2693 1945 3102 2020 signiﬁcationis
3142 1958 3301 2007 auter
3346 1950 3608 2014 Isidorus,

2031 2039 2265 2109 primum
2285 2040 2350 2093 de
2373 2036 2725 2093 Orientalium
2743 2037 2905 2108 pallio
2930 2038 3183 2108 loquitur,
3215 2055 3337 2095 cum
3367 2041 3441 2095 sit
3461 2055 3610 2110 quae-

2029 2130 2134 2185 stio
2154 2130 2219 2185 de
2241 2129 2454 2185 Latino.
2481 2129 2683 2184 Deinde
2710 2145 2776 2184 ea
2801 2130 2950 2194 dicit,
2977 2146 3096 2201 quze
3123 2132 3176 2186 in
3199 2131 3361 2187 alium
3385 2148 3606 2189 sensum

2029 2235 2137 2277 non
2165 2220 2432 2276 violenter
2463 2222 2605 2290 trahi
2635 2228 2856 2291 queunt.
2890 2222 3129 2291 Denique
3154 2222 3390 2278 rationes
3415 2225 3606 2295 mysti~

2028 2327 2123 2368 cas
2144 2320 2255 2367 tam
2282 2312 2461 2367 varias
2488 2312 2622 2367 varii
2662 2311 3056 2382 exeogitarunt,
3079 2320 3141 2367 ut
3166 2326 3325 2370 nemo
3354 2328 3459 2370 non
3481 2324 3605 2383 posa

2027 2404 2098 2458 sit
2127 2403 2304 2473 aliqua
2331 2420 2430 2474 pro
2455 2419 2515 2461 se
2537 2404 2637 2458 uti.

2096 2492 2203 2547 LII.
2237 2493 2343 2548 Sed
2373 2494 2625 2563 quoniam
2681 2493 2869 2550 lsidori
2918 2494 3282 2550 testimonium
3336 2496 3515 2567 magni
3545 2495 3607 2551 ﬁt

2027 2597 2056 2636 a
2087 2582 2497 2648 recentioribus,
2527 2583 2636 2638 imo
2664 2583 2880 2639 unicum
2905 2583 3018 2639 fere
3042 2594 3125 2640 est
3147 2584 3386 2654 vulgaris
3412 2585 3606 2657 praeiu-

2026 2671 2149 2727 dicii
2184 2672 2512 2742 praesidium,
2559 2673 2689 2728 illud
2738 2674 2900 2743 paulo
2929 2675 3235 2731 accuratius
3260 2676 3329 2731 ad
3375 2687 3604 2732 examen

2026 2764 2381 2820 revocandum
2395 2772 2497 2831 est,
2514 2764 2622 2819 imo
2642 2772 2752 2820 tota
2773 2766 2997 2835 epistola
3013 2781 3207 2823 cxxva
3228 2765 3602 2825 describenda.

2534 2873 2551 2905 ι
2594 2854 2845 2911 Hermino
2896 2855 3105 2912 Comiti.

2104 2966 2121 2998 ι
2153 2946 2423 3014 Quantum
2458 2947 2766 3017 inexplebili
2796 2942 3034 3004 discendi
3065 2948 3359 3021 cupiditate
3386 2949 3598 3023 ﬁagras,

2032 3043 2238 3090 tantum
2266 3049 2366 3107 ego
2415 3037 2481 3092 ad
2510 3051 2594 3101 ea,
2619 3050 2739 3106 quae
2782 3037 3003 3106 quaeris,
3058 3039 3374 3108 explicanda
3425 3054 3605 3110 prum.

2026 3135 2149 3197 ptus
2173 3141 2237 3182 ac
2260 3126 2513 3198 proclivis
2542 3141 2659 3181 sum
2690 3143 2704 3193 ;
2736 3127 3021 3182 dummodo
3041 3127 3182 3184 Deus
3217 3130 3466 3198 precibus
3489 3132 3602 3186 tuis

2028 3226 2351 3281 commotus,
2380 3216 2741 3271 inventionem
2770 3218 2902 3273 mihi
2933 3219 3139 3275 caelitus
3165 3221 3443 3276 concedat.

2106 3327 2123 3360 ι
2146 3308 2391 3363 Linteum
2418 3307 2567 3373 illud,
2595 3322 2718 3363 cum
2744 3322 2849 3376 quo
2875 3308 3095 3364 Diaconi
3122 3309 3178 3364 in
3204 3311 3377 3366 sacris
3402 3321 3600 3383 myste-

2027 3400 2124 3455 riis
2173 3413 2368 3453 munus
2394 3412 2548 3451 suum
2571 3397 2789 3461 obeunt,
2814 3398 3169 3453 humilitatem
3224 3400 3458 3467 Domini,
3505 3404 3598 3472 qui

2027 3488 2410 3557 discipulorum
2450 3487 2612 3556 pedes
2674 3486 2805 3540 lavit
2831 3496 2885 3541 et
2930 3489 3174 3544 extersit.
3220 3491 3457 3546 nobisin
3487 3506 3599 3547 me-

2025 3577 2252 3631 moriam
2280 3576 2495 3646 redigit.

2097 3689 2117 3718 ι
2135 3668 2193 3723 Id
2219 3676 2398 3724 autem
2418 3666 2726 3731 amiculum,
2754 3668 2894 3737 quod
2924 3667 3186 3725 Sacerdos
3228 3670 3468 3726 humeris
3506 3686 3598 3743 ge-

2024 3768 2154 3825 stat,
2177 3767 2339 3829 atque
2368 3774 2432 3813 ex
2459 3757 2602 3821 lana,
2634 3773 2742 3812 non
2764 3771 2830 3811 ex
2853 3757 2981 3821 lino,
3011 3765 3320 3814 contextum
3349 3772 3447 3819 est.
3474 3762 3595 3817 ovis

2021 3848 2166 3903 illius
2188 3862 2347 3918 quam
2379 3846 2633 3902 Dominus
2648 3846 2985 3901 aberrantem
3010 3847 3272 3915 quaesivit,
3298 3848 3597 3905 inventam-

2021 3954 2127 4008 que
2146 3937 2386 3993 humeris
2414 3937 2529 3991 suis
2550 3935 2783 4001 sustulit,
2796 3935 2987 4006 pellem
3006 3936 3269 4007 designat.
3298 3939 3592 4010 Episcopus

2022 4029 2188 4095 enim,
2216 4028 2307 4098 qui
2337 4027 2537 4083 Christi
2566 4034 2750 4097 typum
2782 4026 2952 4098 gerit,
2976 4026 3145 4098 ipsius
3166 4043 3391 4084 munere
3417 4029 3593 4100 fungi-

2021 4129 2129 4188 tur,
2163 4129 2323 4191 atque
2346 4120 2461 4191 ipso
2493 4119 2656 4175 etiam
2684 4118 2868 4173 habitu
2892 4117 3019 4172 illud
3046 4118 3295 4175 omnibus
3325 4121 3584 4186 ostendit,

2021 4226 2080 4267 se
2104 4212 2231 4267 boni
2257 4211 2400 4266 illius
2426 4225 2488 4266 ac
2511 4209 2688 4281 magni
2715 4209 2945 4278 pastoris
2977 4208 3300 4265 imitatorem
3330 4227 3472 4276 esse,
3497 4214 3594 4283 qui

413 4299 595 4356 XLVI.
628 4301 706 4357 Ex
756 4304 860 4369 his,
898 4319 1017 4373 quae
1054 4304 1314 4361 hactenus
1348 4304 1504 4397 dicta;
1522 4314 1666 4397 sunt,
1698 4316 1921 4378 apparet
1942 4337 1996 4397 Β
2020 4302 2197 4397 gregis
2226 4301 2568 4397 inﬁrmitates
2602 4300 2704 4397 sibi
2728 4298 2976 4356 ferendas
3008 4300 3309 4397 proposuit.

344 4405 450 4446 non
482 4398 685 4447 temere
710 4394 879 4463 quaeri
905 4410 1024 4464 qua:
1043 4395 1235 4465 primis
1260 4394 1590 4467 temporibus
1617 4396 1778 4454 fuerit
1804 4414 1919 4453 ma-

324 4481 504 4536 ‘teries
528 4482 831 4551 palliorum,
862 4486 1056 4554 quibus
1077 4488 1270 4541 summi
1304 4484 1586 4544 Pontiﬁces
1606 4489 1913 4544 utebantur.

330 4570 421 4645 .An
461 4571 605 4638 lana,
656 4590 773 4645 qua:
818 4575 1176 4631 humilitatem
1224 4577 1505 4647 pastoris?
1532 4594 1600 4632 an
1628 4578 1916 4648 pretiosius

340 4658 613 4727 quiddam,
642 4664 784 4732 quod
810 4663 1123 4734 dignitatem
1155 4665 1513 4722 sacriﬁcantis
1535 4668 1794 4722 deceret?

409 4745 612 4802 XLVII.
662 4749 719 4802 In
758 4761 1003 4806 neutram
1038 4762 1248 4823 [mrtem
1298 4755 1430 4810 solvi
1494 4772 1654 4826 posse
1698 4756 1913 4812 videtur

339 4837 587 4905 quaestio,
617 4838 720 4892 nisi
751 4848 982 4907 quatuor
1009 4843 1363 4913 argumentis,
1392 4845 1438 4899 si
1466 4860 1751 4901 commune
1774 4862 1912 4918 prae—

332 4926 592 4996 judicium
622 4928 879 4995 excipias,
926 4937 1169 4985 veterum
1197 4944 1390 5000 nempe
1415 4932 1736 5002 scriptorum
1763 4937 1912 4991 testi-

338 5016 538 5078 monio,
564 5016 850 5071 traditione
870 5019 982 5074 sive
1004 5035 1126 5085 usu,
1149 5022 1503 5078 consensione
1521 5024 1798 5095 utriusque
1812 5026 1912 5081 Ec-

335 5106 536 5172 clesize,
552 5116 604 5161 et
622 5108 828 5162 ratione
843 5110 1006 5180 petita
1023 5127 1087 5165 ex
1110 5113 1333 5183 mystica
1349 5112 1485 5187 lanae
1498 5114 1905 5186 signiﬁcatione.

407 5194 632 5252 XLVIII.
688 5197 886 5252 Verum
935 5209 1150 5257 autores
1206 5200 1378 5257 Latini
1423 5202 1627 5260 Joanne
1676 5207 1909 5264 Diacono

334 5287 569 5357 majores
596 5289 730 5344 nihil
760 5305 821 5343 ea
850 5291 914 5346 de
942 5307 1019 5357 re,
1056 5294 1198 5361 quod
1226 5294 1414 5359 sciam,
1458 5294 1651 5352 litteris
1677 5298 1910 5354 tradide—

334 5386 461 5431 runt
493 5400 505 5434 :
537 5397 705 5452 quare
744 5381 947 5437 nullum
976 5383 1043 5439 ab
1070 5386 1359 5442 autoritate
1386 5398 1518 5457 puto
1546 5388 1705 5460 205
1744 5406 1905 5462 argu-

335 5478 571 5526 mentum
593 5474 701 5543 pcti
730 5481 925 5545 potest,
957 5475 1099 5528 unde
1140 5475 1232 5530 ﬁat
1259 5492 1357 5547 pro
1371 5477 1611 5534 Ecclesia
1630 5480 1819 5534 Latina
1850 5482 1903 5535 in

339 5549 642 5631 alterutram
672 5574 877 5633 partem
902 5561 1290 5633 pra’judicium.

2098 4412 2118 4445 ι
2152 4392 2231 4450 Ac
2257 4392 2543 4464 diligenter
2571 4391 2808 4446 animum
2840 4390 3097 4448 attende:
3145 4406 3271 4447 nam
3309 4407 3433 4449 cum
3477 4393 3595 4464 ipse

2017 4499 2179 4541 verus
2209 4491 2396 4554 pastor
2424 4498 2523 4553 per
2549 4481 2943 4536 adorandorum
2972 4480 3386 4553 Evangeliorum
3434 4498 3593 4554 aper-

1988 4636 1992 4641 .
2016 4577 2217 4631 tionem
2246 4576 2474 4640 accedit,
2505 4582 2616 4629 tum
2646 4572 2860 4628 demum
2891 4572 3189 4642 Episcopus
3218 4574 3470 4644 assurgit,
3503 4583 3591 4629 at-

2016 4679 2123 4736 que
2180 4664 2501 4720 imitationis
2544 4662 2788 4718 habitum
2842 4661 3100 4732 deponit:
3155 4662 3283 4717 hinc
3332 4664 3587 4719 nimirum

2014 4759 2300 4815 Dominum
2331 4758 2506 4827 ipsum
2535 4756 2821 4827 pastoralis
2868 4756 3001 4811 artis
3028 4755 3220 4811 ducem
3247 4771 3311 4812 ac
3336 4756 3503 4812 Deum
3530 4767 3587 4813 et

2016 4854 2204 4907 herum
2235 4849 2422 4903 adesse
2451 4847 2777 4919 signiﬁcant.
2810 4867 2827 4899 ι

2085 4940 2246 5010 206
2271 4936 2401 4992 LIII.
2432 4937 2835 4993 Observandum
2864 4937 3058 5007 primo,
3092 4946 3262 4992 totum
3288 4936 3343 4993 in
3374 4950 3441 4993 eo
3463 4951 3586 4993 esse

2011 5031 2297 5093 Isidorum,
2320 5036 2379 5082 ut
2392 5043 2571 5082 rerum
2586 5042 2862 5083 sacrarum
2886 5028 3140 5098 mysticus
3163 5027 3588 5099 signiﬁcationes

2013 5130 2264 5194 exponat,
2295 5136 2402 5192 quo
2430 5129 2748 5193 argumento
2791 5119 2993 5175 nullum
3042 5129 3127 5175 est
3157 5120 3381 5175 vanitati
3406 5119 3586 5185 conie-

2010 5228 2283 5269 cturarum
2305 5213 2675 5284 opportunius.
2700 5212 2906 5268 Deinde
2934 5213 3198 5268 lsidorum
3244 5213 3311 5268 ab
3338 5212 3586 5268 Hirmino

2009 5306 2217 5360 Comite
2275 5314 2540 5375 rogatum,
2603 5302 2735 5373 quid
2787 5303 3030 5374 mysterii
3080 5302 3443 5374 signiﬁcaret,
3497 5303 3585 5357 vel
3656 5328 3660 5332 ’

2007 5396 2261 5457 linteum,
2316 5394 2456 5465 quod
2501 5393 2745 5457 Diaconi,
2776 5394 2859 5449 vel
2910 5394 3383 5464 superhumerale,
3437 5396 3581 5463 quod

2006 5484 2278 5554 Episcopi,
2312 5485 2365 5539 in
2395 5484 2564 5539 sacris
2592 5484 2864 5555 mysteriis
2898 5484 3139 5548 ferrent;
3171 5484 3238 5540 de
3264 5484 3432 5540 linteo
3455 5484 3581 5538 Dia-

2012 5584 2265 5624 (onorum
2300 5572 2352 5627 id
2377 5574 2740 5643 respondisse,
2769 5576 2911 5644 quod
2941 5576 3028 5629 vix
3060 5574 3313 5646 probetur
3338 5590 3368 5629 a
3394 5587 3576 5629 rerum
