3990 6184
293 441 380 494 ΓΠ

1240 435 1844 494 DISSERTATIONES.
1888 467 1955 474 —
1994 437 2444 495 DISSERTATIO
2479 439 2563 496 III.

3417 443 3513 497 I78

288 561 546 601 sacrarum
576 543 1008 614 disquisitoribus
1048 561 1058 596 :
1095 545 1170 599 ait
1200 547 1342 601 enim
1363 588 1376 611 ,
1423 562 1486 600 co
1513 547 1752 600 revocari
1791 544 1841 597 in
1872 545 1922 604 Α
2017 546 2190 603 LVIII.
2231 548 2502 614 Alterum,
2528 551 2744 619 pallium
2775 551 2877 605 dici
2908 552 3277 621 plenitudinem
3302 563 3348 608 et
3373 571 3514 607 com-

287 635 585 689 utemoriam
612 634 964 688 humilitatem
994 634 1214 699 Christi,
1246 635 1629 704 discipulorum
1676 636 1838 703 pedes

287 726 498 781 lavantis
530 734 584 778 et
613 726 890 796 tergentis.
956 725 1022 778 At
1063 741 1241 779 rerum
1292 725 1549 794 ejusmodi
1577 727 1838 796 interpre-

285 827 355 870 tes
387 817 545 869 aliter
579 817 832 880 sentiunt,
864 816 1007 885 iique
1034 815 1358 885 probabilius
1383 817 1473 885 qui
1522 815 1834 886 simplicius,

283 908 477 963 scilicet
496 907 916 967 ministrantium
934 921 1135 960 mensae
1154 906 1372 976 vulgare
1387 907 1440 960 id
1465 907 1676 977 signum
1697 921 1834 961 esse.

285 1001 511 1067 Denique
556 997 723 1054 nihilo
750 997 1078 1066 probabilius
1123 1011 1264 1061 esse,
1297 996 1436 1065 quod
1487 997 1552 1049 de
1580 995 1840 1063 superbu—

282 1090 456 1144 mcrali
482 1090 863 1159 Episcoporum
886 1096 1300 1153 commentatur,
1315 1089 1361 1142 si
1389 1097 1566 1142 tamen
1587 1087 1840 1156 superbu-

282 1183 490 1236 meralis
530 1183 746 1236 nomine
783 1181 1109 1250 intelligatur
1151 1181 1222 1244 id,
1259 1181 1399 1249 quod
1451 1181 1502 1233 in
1541 1181 1644 1232 hac
1695 1195 1840 1247 qua:-

281 1273 444 1326 stione
474 1272 692 1341 pallium
719 1279 961 1326 vocatur.

344 1361 470 1418 LIV.
521 1364 646 1418 llaec
676 1378 797 1417 cum
830 1363 902 1416 ita
953 1363 1104 1422 sint,
1147 1376 1254 1415 non
1301 1361 1455 1414 video
1483 1375 1588 1428 qua
1634 1361 1842 1414 ratione

277 1455 438 1523 possit
473 1462 764 1523 perpetuus
793 1453 879 1506 ille
901 1452 1041 1506 lanei
1070 1451 1219 1520 pallii
1249 1465 1376 1504 usus
1403 1449 1458 1502 in
1486 1448 1723 1503 Ecclesia
1743 1448 1843 1501 La-

279 1545 384 1598 tina
408 1544 621 1599 defendi
659 1563 671 1596 :
703 1543 868 1597 nolim
917 1551 1098 1595 tamen
1135 1540 1462 1610 opinionem,
1489 1553 1609 1607 quze
1638 1537 1842 1606 longin-

274 1652 378 1705 qua
404 1634 590 1689 decem
619 1633 1140 1694 saeculorum'aetate,
1184 1637 1240 1683 et
1277 1644 1381 1682 non
1409 1625 1664 1680 mediocri
1692 1634 1843 1680 auto-

275 1741 389 1779 rum
421 1723 762 1779 multitudine
808 1720 1174 1783 conﬁrmatur,
1227 1733 1333 1772 non
1369 1716 1529 1770 modo
1577 1731 1683 1769 non
1715 1732 1842 1770 con-

272 1815 487 1879 vellere,
518 1814 613 1868 sed
641 1828 709 1867 ne
757 1811 1076 1865 labefactare
1107 1809 1342 1877 quidem.
1376 1806 1673 1873 Quominus
1697 1806 1842 1859 enim

1940 641 2251 709 plementum
2267 643 2874 712 potestatis,plenissima:
2884 646 3146 714 potestatis
3160 646 3513 715 signum,insi-

1940 748 2038 800 gne
2051 732 2274 796 decoris,
2289 740 2366 789 et.
2380 735 2423 787 si
2445 736 2718 789 credimus
2740 735 3024 801 nonnullis,
3052 736 3343 806 Imperialis
3363 738 3512 807 pallii

1939 839 1972 874 a
1989 820 2331 876 Constantino
2356 822 2679 893 Imperatore
2699 826 2810 880 dati
2833 826 3092 895 Sylrestro
3117 845 3208 881 ora
3236 838 3282 882 et
3307 829 3506 882 instita.

1939 910 2070 976 Quis
2091 926 2221 965 vero
2248 913 2432 965 credat
2463 913 2576 968 bzec
2598 914 2768 969 lanea:
2796 916 2966 969 taenia:
2988 917 3308 970 convenire?

2008 1000 2144 1055 LIX.
2182 999 2484 1070 Antequam
2523 1002 2830 1070 imponatur
2862 1004 2984 1058 ﬁnis
3019 1005 3142 1058 huic
3171 1005 3518 1059 Dissertatio-

1941 1095 2015 1157 ni,
2048 1092 2300 1149 solvenda
2329 1093 2578 1161 quiestio,
2612 1095 2764 1162 cujus
2789 1097 3132 1151 occasionem
3159 1098 3360 1164 prabet
3383 1097 3517 1151 Gre-

1941 1185 2120 1253 gorius
2160 1183 2399 1252 Magnus,
2450 1183 2808 1253 prmscribens
2851 1185 3152 1242 Mariniano
3194 1188 3515 1250 Ravennati,

1941 1275 2209 1345 quomodo
2231 1274 2450 1328 deberet
2474 1273 2550 1327 uti
2581 1273 2764 1342 pallio,
2795 1274 3062 1344 siquidem
3091 1278 3384 1331 secundum
3407 1277 3516 1331 edi-

1945 1366 2142 1419 tionem
2185 1349 2514 1432 postremam
2555 1362 2920 1419 Conciliorum
2972 1366 3086 1420 haec
3132 1367 3295 1420 habet
3337 1385 3347 1419 :
3402 1366 3518 1431 Quo

1944 1469 2045 1506 non
2074 1450 2227 1504 aliter
2250 1461 2297 1504 te
2322 1453 2400 1505 uti
2442 1453 2735 1505 memineris
2755 1493 2769 1515 ,
2809 1454 2910 1506 nisi
2939 1454 2994 1507 in
3019 1455 3233 1522 prapria
3261 1464 3365 1507 tua:
3391 1455 3517 1507 civi-

1945 1544 2088 1606 tatis,
2116 1541 2346 1594 dimissis
2368 1542 2485 1610 jam
2513 1541 2656 1608 ﬁliis,
2700 1541 2956 1607 Ecclesia,
3003 1543 3282 1613 procedens
3317 1562 3348 1596 a
3376 1544 3516 1596 salu-

1944 1632 2132 1685 tatorio
2159 1631 2226 1684 ad
2249 1647 2402 1684 sacra
2431 1629 2714 1684 Missurum
2739 1631 2987 1686 solemnia
3013 1633 3319 1687 celebranda
3346 1651 3363 1688 :
3400 1651 3517 1702 per-

1943 1723 2073 1775 actis
2096 1738 2213 1776 vero
2243 1719 2445 1786 Missis,
2469 1721 2604 1775 idem
2639 1722 2691 1774 in
2717 1722 3024 1776 salutatorio
3059 1740 3265 1777 rursum
3307 1724 3515 1778 curabis

1944 1812 2216 1878 deponere.

272 1906 322 1958 in
350 1913 530 1974 partes
558 1905 782 1959 Ioannis
819 1902 1038 1956 Diaconi
1074 1900 1229 1970 plane
1273 1899 1587 1961 concedam,
1610 1897 1845 1952 retinent
1872 1895 1918 1952 Β
2017 1898 2128 1952 LX.
2169 1900 2491 1969 Priusquam
2520 1913 2853 1971 proponatur
2877 1903 3133 1971 quaestio,
3180 1903 3512 1956 emendanda

268 2011 358 2050 me
405 1996 580 2049 adhuc
612 1991 996 2060 aliquantulum
1029 1991 1134 2043 tria
1165 2004 1179 2041 :
1204 2004 1333 2041 usus
1361 2004 1390 2040 a
1419 1987 1631 2042 saeculis
1661 1988 1844 2041 decem

267 2087 562 2140 continuus
586 2102 602 2147 ;
628 2083 915 2139 difﬁcultas
963 2081 1297 2142 ostendendi,
1329 2095 1434 2148 quo
1478 2087 1717 2148 tempore
1743 2092 1849 2133 co:-

267 2176 435 2245 rierit,
463 2183 518 2228 et
545 2191 650 2243 qua
675 2175 739 2228 de
774 2189 933 2227 causa
960 2191 974 2236 ;
1009 2171 1292 2225 multitudo
1317 2180 1553 2239 mtasque
1584 2170 1847 2225 Autorum

263 2280 368 2333 pro
391 2265 548 2318 lanea
579 2265 802 2317 materie
825 2263 1292 2318 consentientium.

337 2354 449 2408 LV.
466 2353 802 2422 Quamquam
820 2353 978 2407 trium
1001 2352 1258 2419 ejusmodi
1274 2360 1716 2422 argumentorum
1739 2365 1845 2404 vnn

267 2444 489 2513 infringi
534 2458 693 2513 posse
723 2443 877 2497 video
911 2463 922 2496 :
962 2458 1084 2496 nam
1115 2442 1402 2496 multitudo
1426 2442 1685 2495 Autorum
1738 2457 1842 2495 non

265 2536 616 2588 vehementer
648 2537 826 2602 Urget,
861 2548 980 2587 cum
1008 2533 1244 2587 universi
1285 2533 1375 2600 qui
1416 2533 1620 2586 laudari
1673 2531 1846 2586 solent

266 2625 601 2692 scripserint,
643 2624 768 2691 quid
809 2629 1162 2691 usurparetur
1206 2623 1317 2676 suis
1348 2621 1695 2690 temporibus,
1734 2636 1840 2674 non

267 2713 391 2781 quid
420 2712 686 2782 pristinis.
732 2711 832 2778 Qui
865 2711 1007 2766 enim
1053 2726 1139 2765 res
1189 2710 1487 2779 Liturgicas
1526 2710 1840 2778 attigerunt,

270 2805 466 2872 partim
493 2810 706 2858 veteres
733 2811 878 2867 sunt,
909 2802 1101 2870 partim
1126 2800 1474 2854 recentiores.
1504 2796 1582 2851 Illi
1619 2806 1758 2852 totos
1783 2811 1841 2851 se

266 2894 529 2949 dederunt
574 2893 845 2963 mysteriis
891 2891 1255 2962 excogitandis
1294 2898 1348 2944 et
1391 2889 1722 2959 pandendis;
1782 2887 1837 2940 hi

265 2985 538 3038 veteribus
582 2984 944 3045 adhaeserunt,
971 2983 1084 3036 sine
1109 2982 1216 3036 ullo
1245 2981 1537 3036 curiosiore
1565 2981 1836 3034 examine.

327 3077 542 3131 Deinde
585 3091 740 3129 usum
770 3076 908 3129 lanei
933 3075 1076 3145 pallii
1108 3075 1394 3144 inctnpisse
1447 3073 1666 3128 circiter
1689 3073 1840 3128 initia

266 3166 379 3219 noni
404 3164 622 3230 saeculi,
651 3179 716 3218 ex
757 3163 959 3218 Joanne
1013 3164 1248 3218 Diacono
1292 3179 1394 3217 non
1446 3164 1674 3218 obscure
1719 3164 1841 3233 quis

1947 1997 2030 2041 est
2053 2003 2244 2042 vocum
2270 1989 2569 2058 dispositio,
2594 2005 2713 2059 qua:
2734 1991 3049 2060 perturbata
3076 1999 3160 2044 est
3184 2009 3196 2044 :
3221 1992 3349 2060 quid
3371 1992 3514 2046 enim

1949 2078 2048 2132 sibi
2073 2079 2186 2132 vult
2223 2079 2323 2134 ista
2360 2082 2609 2148 phrasis,
2650 2083 2880 2136 dimissis
2909 2083 3028 2151 jam
3073 2081 3220 2150 filiis,
3263 2081 3516 2144 Ecclesia,

1948 2170 2091 2224 etc.?
2122 2169 2259 2224 Sunt
2289 2172 2382 2240 qui
2405 2172 2603 2241 legant,
2635 2173 2733 2226 nisi
2767 2175 2822 2226 in
2847 2175 3056 2242 propria
3082 2183 3172 2226 tua
3195 2175 3419 2236 civitate,
3445 2172 3520 2225 di-

1946 2262 2117 2316 missis
2145 2263 2263 2333 jam
2296 2263 2422 2332 ﬁliis
2448 2263 2694 2318 Ecclesia!
2716 2305 2731 2328 ,
2761 2273 2864 2319 etc.
2912 2264 3036 2320 Haec
3068 2266 3232 2319 etiam
3266 2264 3424 2319 lectio
3444 2264 3520 2317 vi-

1945 2351 2078 2404 tiosa
2106 2359 2190 2404 est
2225 2368 2240 2404 :
2286 2367 2390 2405 non
2422 2352 2658 2406 cohaeret
2691 2352 2834 2405 enim
2877 2368 2999 2406 cum
3046 2351 3412 2420 sequentibus,
3441 2351 3516 2405 si-

1943 2442 2156 2512 quidem
2188 2442 2580 2508 salutatorium,
2613 2444 2764 2513 cujus
2785 2444 2986 2498 mentio
3013 2444 3104 2508 ﬁt,
3127 2459 3232 2498 non
3259 2444 3515 2508 civitatis,

1943 2531 2036 2586 sed
2061 2531 2310 2587 Ecclesia:
2336 2549 2462 2603 pars
2490 2543 2590 2588 est.
2619 2533 2926 2589 Restituere
2952 2535 3078 2589 licet
3100 2551 3164 2590 ex
3189 2535 3280 2590 lib.
3298 2551 3350 2590 tv
3381 2535 3516 2590 Vita:

1943 2621 2208 2693 Gregorii,
2233 2639 2353 2692 cap.
2382 2625 2436 2689 5‘,
2478 2626 2568 2678 ubi
2599 2634 2766 2680 totam
2793 2626 3040 2696 Gregorii
3072 2627 3137 2680 ad
3163 2626 3516 2681 Marinianum

1943 2711 2223 2780 epistolam
2247 2708 2483 2768 Joannes
2511 2713 2780 2769 Diaconus
2805 2715 2990 2780 refert,
3025 2715 3289 2786 legitque,
3321 2717 3423 2769 nisi
3462 2716 3517 2770 in

1941 2802 2154 2870 propria
2206 2810 2310 2855 ture
2355 2803 2582 2857 civitatis
2633 2803 2886 2871 Ecclesia,
2936 2806 3165 2860 dimissis
3204 2806 3321 2875 jam
3365 2805 3516 2875 ﬁliis,

1940 2892 2243 2958 procedens,
2274 2902 2378 2948 etc.

2011 2981 2148 3036 LXI.
2186 2982 2472 3050 Quaeritur,
2507 2985 2596 3054 qui
2633 2986 2742 3040 sint
2778 2985 2852 3040 illi
2887 2986 2978 3040 lilii
3000 3027 3014 3049 ,
3047 2986 3238 3054 quibus
3258 2985 3514 3050 dimissis,

1940 3073 2185 3142 procedit
2223 3089 2252 3128 a
2288 3074 2608 3129 salutatorio
2631 3076 2698 3129 ad
2728 3075 2897 3130 altare
2926 3076 3177 3146 palliatus
3198 3075 3511 3146 Episcopus.

1943 3162 2038 3217 Vir
2061 3163 2304 3219 eruditus
2328 3166 2579 3236 opinatur
2595 3165 2760 3220 fuisse
2787 3165 2972 3231 laicos,
2996 3167 3087 3236 qui
3111 3167 3330 3221 honoris
3350 3181 3515 3221 causa

264 3256 519 3324 conjiciat
545 3274 558 3309 :
582 3255 794 3309 videtur
816 3255 957 3309 enim
990 3253 1183 3308 fecisse
1207 3253 1409 3324 byssini
1440 3253 1585 3322 pallii
1639 3252 1841 3322 Grego-
1866 3235 1911 3296 (ἶ
1942 3253 2227 3308 salutatum
2258 3235 2502 3310 venirent
2530 3255 2884 3326 Episcopum,
2917 3235 3060 3313 unde
3096 3267 3151 3312 et
3174 3257 3291 3312 loco
3315 3257 3515 3312 factum

266 3344 388 3400 riani
417 3345 783 3410 mentionem,
808 3353 863 3398 et
892 3343 1052 3397 simul
1078 3342 1456 3410 antiquitatem
1481 3343 1585 3395 viri
1632 3343 1844 3397 laudas-

264 3451 333 3498 se,
355 3451 476 3506 quo
505 3435 668 3489 tacite
716 3434 1007 3488 novitatem
1061 3432 1176 3485 suis
1201 3429 1496 3498 aequalibus
1539 3428 1796 3495 obiiceret
1828 3448 1839 3481 :

266 3543 356 3596 qua
377 3527 548 3583 ennim-
575 3527 677 3579 alia
706 3526 770 3580 de
793 3540 955 3579 causa
986 3531 1277 3589 utrumque
1307 3519 1676 3590 praestitisset?

328 3619 441 3674 lam
488 3619 636 3689 quod
663 3632 726 3670 ex
758 3627 999 3686 tempore
1022 3613 1335 3668 mutationis
1372 3613 1690 3667 remanserit
1719 3627 1844 3681 per-

273 3720 452 3779 petuus
481 3712 624 3763 lanze
652 3723 802 3770 usus,
850 3707 903 3762 id
945 3723 1046 3778 ego
1075 3703 1416 3760 tribuendum
1441 3713 1570 3772 puto
1604 3717 1845 3758 ceremo-

275 3803 386 3866 niis,
435 3802 643 3873 quibus
669 3805 890 3868 propter
935 3796 1232 3867 analogiam
1277 3795 1545 3858 nominis,
1595 3793 1844 3848 anniver-

275 3892 402 3945 saria
447 3891 775 3947 celebritate
825 3893 960 3942 bona
992 3903 1124 3957 gens
1180 3885 1304 3940 noni
1333 3883 1510 3939 sasculi
1557 3883 1747 3953 virgini
1771 3883 1843 3936 A-

275 3985 404 4047 gneti
433 3983 642 4038 oii'erre
679 3981 846 4048 coepit
871 3993 1057 4048 agnos,
1093 3991 1321 4046 quorum
1348 3990 1413 4028 ex
1446 3974 1567 4028 lana
1606 3972 1841 4028 conﬁce-

277 4061 470 4127 rentur-
517 4071 683 4142 pallia
717 4089 730 4122 :
763 4069 893 4123 nihil
936 4068 1078 4121 enim
1126 4065 1484 4131 constantius,
1513 4078 1673 4134 quam
1699 4064 1844 4132 quod

273 4162 601 4217 solemnibus
619 4159 877 4227 ejusmodi
903 4157 1223 4214 ceremoniis
1245 4156 1528 4211 addicitur.

335 4252 461 4306 LVI.
497 4252 576 4306 Ut
597 4253 740 4304 hunc
769 4248 882 4303 fere
911 4249 962 4302 in
992 4248 1207 4301 modum
1245 4261 1364 4315 quae
1400 4245 1511 4298 dixi
1539 4245 1662 4309 tria,
1693 4245 1842 4298 inﬁr—

274 4342 396 4395 mari
425 4341 669 4412 possint,
724 4338 964 4393 sustineo
1005 4345 1181 4390 tamen
1219 4334 1504 4403 judicium,
1559 4341 1844 4388 contentus

272 4431 613 4497 proposuisse
629 4426 855 4481 eruditis
870 4424 1220 4493 quaestionem
1248 4435 1371 4475 cum
1399 4422 1557 4490 207
1588 4421 1702 4476 suis
1730 4435 1846 4474 mo-

273 4521 501 4574 mentis:
540 4519 721 4573 ferant
745 4517 821 4571 illi
846 4516 1188 4578 sententiam,
1217 4528 1379 4582 quam
1408 4512 1603 4566 rationi
1651 4527 1844 4567 conve-

272 4608 588 4664 uientiorem
615 4608 874 4677 putarint,
898 4604 990 4660 sed
1015 4614 1138 4674 post
1156 4603 1414 4658 attentius
1433 4616 1694 4671 perpensa
1716 4603 1841 4657 duo.

336 4699 485 4756 LVII.
542 4699 787 4754 Alterum
867 4695 1187 4765 Gregorium
1241 4693 1489 4764 Magnum
1535 4692 1672 4746 lanae
1709 4708 1846 4746 nun-

270 4807 424 4859 quam
470 4790 813 4854 meminisse,
856 4803 977 4842 cum
1009 4788 1076 4840 de
1121 4785 1284 4854 pallio
1330 4783 1591 4838 scriberet
1638 4784 1705 4837 ad
1728 4799 1840 4848 eos,

271 4883 457 4948 quibus
484 4882 783 4938 mittebat:
835 4877 1167 4932 meminisset
1219 4883 1398 4929 tamen
1446 4875 1646 4944 absque
1682 4874 1845 4929 dubio

268 4972 309 5024 si
334 4989 426 5040 per
451 4958 739 5028 veritatem
763 4971 1024 5024 licuisset.
1059 4966 1127 5020 Ut
1157 4968 1299 5021 enim
1326 4973 1441 5019 erat
1465 4966 1842 5036 allegoriarum

270 5062 651 5119 incredibiliter
682 5079 892 5127 amans,
943 5078 1008 5118 ex
1055 5062 1281 5116 materia
1331 5060 1474 5130 pallii
1525 5060 1843 5130 sumpsisset

266 5165 642 5224 argumentum
674 5154 1030 5224 pradicandze
1073 5152 1411 5213 humilitatis,
1448 5153 1511 5205 ad
1537 5166 1700 5221 quam
1727 5157 1844 5204 tan-

268 5252 448 5311 topere
473 5246 637 5314 pallio
668 5245 894 5298 donatos
921 5242 1281 5306 hortabatur;
1344 5257 1448 5297 non
1494 5241 1721 5310 sumpsit
1761 5247 1844 5294 ta-

264 5348 403 5398 men,
438 5350 562 5389 cum
601 5333 1115 5405 opportunissimum
1153 5331 1306 5393 foret,
1354 5339 1408 5384 et
1435 5338 1564 5385 tunc
1611 5334 1846 5388 maxime

263 5436 380 5475 cum
425 5424 662 5478 Maximo
693 5423 1005 5477 Salonitano
1031 5422 1254 5492 pallium
1301 5421 1556 5476 mitteret.
1611 5422 1841 5478 Pallium

261 5514 326 5566 ad
353 5532 518 5568 sacra
543 5515 828 5568 Missurum
854 5513 1107 5568 solemnia
1133 5512 1380 5566 utendum
1404 5529 1468 5566 ex
1495 5530 1636 5568 more
1666 5523 1838 5570 trans-

261 5605 524 5668 misimus,
549 5605 697 5674 cujus
723 5621 810 5657 vos
838 5603 1073 5659 volumus
1099 5619 1190 5672 per
1227 5604 1403 5656 omnia
1429 5605 1636 5672 genium
1661 5607 1836 5661 vendi-

260 5709 418 5749 tare:
460 5694 622 5763 hujus
666 5696 800 5749 enim
845 5695 1133 5748 indumenti
1166 5695 1330 5747 honor
1370 5695 1634 5749 hmnilitas
1685 5708 1836 5770 atque

259 5784 486 5850 iustitia,
529 5796 628 5842 etc.

1944 3343 2244 3398 salutatorii
2289 3359 2519 3406 nomen,
2577 3361 2806 3414 quorum
2849 3347 2902 3400 in
2955 3356 3246 3416 conspectu
3298 3347 3518 3416 pallium

1947 3433 2242 3501 Episcopus
2272 3435 2552 3487 vetabatur
2581 3449 2795 3489 sumere
2813 3477 2827 3499 ,
2864 3437 2960 3490 sed
2990 3452 3112 3490 cum
3132 3477 3146 3500 ,
3175 3437 3304 3506 ipsis
3333 3437 3518 3492 dimis-

1947 3522 2043 3583 sis,
2072 3520 2218 3585 solus
2239 3530 2544 3576 remaneret
2566 3523 2774 3576 Clcrns.

2016 3608 2174 3664 LXII.
2219 3609 2538 3680 Opinionem
2558 3611 2755 3666 eruditi
2779 3613 2880 3666 viri
2915 3613 3239 3668 conﬁrmant
3260 3613 3377 3668 tria.
3406 3613 3521 3668 Pri-

1946 3719 2113 3767 mum,
2143 3704 2286 3773 quod
2310 3703 2376 3758 de
2408 3702 2598 3758 Proclo
2627 3703 2854 3774 legimus
2875 3704 3014 3773 apud
3042 3703 3320 3760 Socratem
3345 3705 3438 3761 lib.
3467 3705 3519 3771 7,

1944 3808 2064 3862 cap.
2089 3792 2175 3856 47,
2205 3807 2328 3846 eum
2353 3807 2417 3846 ex
2454 3793 2810 3861 primoribus,
2852 3795 2942 3865 qui
2969 3803 3093 3849 ante
3120 3795 3403 3850 Missarum
3429 3811 3520 3851 so-

1943 3882 2137 3939 lemnia
2167 3883 2415 3954 Episc0pi
2446 3884 2709 3940 salutandi
2746 3901 2906 3940 causa
2946 3887 3012 3940 de
3051 3903 3201 3942 more
3238 3896 3521 3952 venerant,

1944 3975 2412 4043 comprehendisse
2435 3974 2794 4040 Thalassium,
2810 3976 3241 4047 Episc0pumque
3261 3977 3524 4033 Cresareas

1944 4065 2292 4135 Cappadociae
2314 4066 2478 4136 208
2496 4083 2559 4120 ex
2589 4066 2853 4122 Praefecto
2882 4067 3078 4138 Illyrici
3098 4069 3398 4124 ordinasse.
3424 4069 3519 4124 Αιο

1944 4166 2138 4222 terum,
2162 4158 2303 4226 quod
2327 4157 2447 4211 laici
2471 4159 2708 4213 solerent
2737 4159 2996 4214 Ecclesiae
3020 4160 3115 4213 lilii
3144 4159 3271 4213 dici.
3310 4160 3524 4214 Postre—

1943 4264 2089 4303 mum
2114 4290 2128 4314 ,
2177 4248 2319 4318 quod
2370 4247 2664 4320 Gregorius
2713 4265 2779 4304 eo
2821 4249 2924 4304 loci
2981 4249 3142 4304 vellet
3172 4264 3329 4303 usum
3355 4249 3523 4317 pallii,

1942 4355 2102 4409 quem
2130 4339 2426 4393 insolenter
2456 4338 2692 4394 Joannes
2722 4339 3012 4392 Mariniani
3052 4340 3304 4396 decessor
3339 4347 3527 4393 exten-

1947 4430 2118 4490 derat,
2143 4442 2308 4496 quam
2335 4428 2571 4482 maxime
2595 4429 2939 4496 restringere.

2017 4516 2114 4570 Vir
2144 4515 2284 4569 alter
2312 4515 2554 4569 eruditus
2574 4516 2759 4580 sentit,
2778 4516 3012 4569 ﬁliorum
3033 4515 3286 4569 Ecclesia:
3307 4517 3526 4572 nomine

1950 4605 2172 4676 intelligi
2216 4619 2375 4675 posse
2421 4604 2679 4669 Clericos,
2736 4606 2932 4675 quibus
2972 4621 3037 4659 ex
3075 4605 3392 4659 salutatorio
3413 4605 3523 4674 jam

1951 4695 2216 4765 egressis,
2247 4694 2464 4763 pallium
2508 4703 2743 4749 sumeret
2781 4694 3050 4759 Pontifex,
3100 4702 3156 4750 et
3192 4697 3522 4765 procederet.

1951 4785 2108 4840 Istam
2139 4801 2353 4854 quoque
2380 4785 2743 4855 conjecturam
2770 4784 3006 4853 adjuvat,
3048 4787 3189 4856 quod
3218 4787 3270 4842 in
3294 4789 3394 4843 hoc
3421 4806 3522 4844 no-

1950 4886 2062 4933 stro
2091 4879 2295 4932 Diurno
2323 4878 2517 4932 summi
2568 4877 2856 4933 Pontiﬁces
2885 4877 3116 4933 ﬁliorum
3156 4880 3372 4935 nomine
3407 4880 3526 4938 Cle-

1949 4967 2090 5022 ricos
2121 4968 2470 5036 compellcnt,
2517 4967 2567 5022 in
2614 4970 2849 5024 secunda
2895 4976 2950 5024 et
2976 4971 3132 5024 tertia
3168 4970 3288 5026 ﬁdei
3317 4971 3522 5042 profes-

1949 5057 2118 5111 sione.
2749 5105 2752 5107 Α

2016 5145 2316 5200 Probabilis
2337 5156 2440 5210 est,
2483 5147 2672 5213 fateor,
2703 5151 2967 5220 doctaque
2993 5152 3111 5206 hcec
3138 5161 3366 5221 utraque
3389 5165 3520 5205 cou-

1941 5239 2153 5307 jectura
2202 5256 2213 5290 :
2259 5254 2445 5292 verum
2494 5239 2788 5310 simplicius
2836 5242 3088 5310 quiddam
3139 5241 3320 5297 all‘erri
3360 5255 3520 5308 posse

1943 5338 2073 5400 puto
2096 5369 2109 5392 ,
2147 5329 2379 5384 ﬁliorum
2416 5345 2606 5399 nempe
2634 5334 2848 5386 nomine
2874 5333 3195 5403 appellatam
3225 5332 3519 5386 Cantorum

1947 5422 2197 5478 Scholam
2216 5465 2230 5487 ,
2283 5439 2404 5493 quae
2489 5441 2608 5478 cum
2639 5427 2956 5494 procederet
2984 5427 3050 5478 ad
3077 5425 3247 5477 altare
3272 5421 3517 5477 Pontifex

1942 5528 2096 5567 sacra
2130 5512 2393 5578 facturus,
2419 5515 2572 5584 signo
2593 5515 2720 5569 dato
2747 5515 3118 5569 dimittebatur
3160 5526 3226 5564 ex
3265 5509 3522 5567 salutato-

1942 5608 2044 5672 rio,
2089 5607 2419 5677 praeibatque
2445 5624 2510 5662 eo
2541 5609 2732 5669 modo,
2781 5607 2872 5674 qui
2906 5602 3230 5658 describitur
3250 5603 3302 5657 in
3325 5617 3523 5674 appen-

1942 5697 2057 5750 dicc
2095 5698 2160 5750 ad
2207 5696 2698 5751 Sacramentarium
2733 5695 2790 5746 S.
2829 5692 3074 5761 Gregorii
3109 5707 3228 5764 pag.
3266 5693 3363 5749 26I
3403 5696 3528 5752 edi—

1943 5788 2103 5840 tionis
2134 5788 2322 5840 Domni
2357 5787 2591 5855 Ilugonis
2631 5784 2886 5836 Menardi.
