  <div class='ocr_page' id='page_1' title='image "/cluster/home/n/w/nwhite01/storage/ocr_20150623/105/hvd.32044054759709/095.png"; bbox 0 0 3998 6182; ppageno 0'>
   <div class='ocr_carea' id='block_1_1' title="bbox 399 451 496 508">
    <p class='ocr_par' dir='ltr' id='par_1_1' title="bbox 399 451 496 508">
     <span class='ocr_line' id='line_1_1' title="bbox 399 451 496 508; baseline -0.01 0"><span class='ocrx_word' id='word_1_1' title='bbox 399 451 496 508; x_wconf 78' lang='lat' dir='ltr'><strong>I79</strong></span> 
     </span>
    </p>
   </div>
   <div class='ocr_carea' id='block_1_2' title="bbox 1792 431 2244 488">
    <p class='ocr_par' dir='ltr' id='par_1_2' title="bbox 1792 431 2244 488">
     <span class='ocr_line' id='line_1_2' title="bbox 1792 431 2244 488; baseline -0.009 0"><span class='ocrx_word' id='word_1_2' title='bbox 1792 432 1968 488; x_wconf 78' lang='lat' dir='ltr'><strong>LIBRI</strong></span> <span class='ocrx_word' id='word_1_3' title='bbox 2007 431 2244 488; x_wconf 74' lang='lat' dir='ltr'><strong>DIUBNI</strong></span> 
     </span>
    </p>
   </div>
   <div class='ocr_carea' id='block_1_3' title="bbox 3533 427 3640 479">
    <p class='ocr_par' dir='ltr' id='par_1_3' title="bbox 3533 427 3640 479">
     <span class='ocr_line' id='line_1_3' title="bbox 3533 427 3640 479; baseline -0.009 0"><span class='ocrx_word' id='word_1_4' title='bbox 3533 427 3640 479; x_wconf 61' lang='lat'><strong>{80&#39;</strong></span> 
     </span>
    </p>
   </div>
   <div class='ocr_carea' id='block_1_4' title="bbox 398 509 3619 562">
    <p class='ocr_par' dir='ltr' id='par_1_4' title="bbox 398 509 3619 562">
     <span class='ocr_line' id='line_1_4' title="bbox 398 509 3619 562; baseline 0 -27"><span class='ocrx_word' id='word_1_5' title='bbox 398 509 3619 562; x_wconf 41' lang='lat' dir='ltr'><strong>gmw</strong></span> 
     </span>
    </p>
   </div>
   <div class='ocr_carea' id='block_1_5' title="bbox 1430 583 2566 713">
    <p class='ocr_par' dir='ltr' id='par_1_5' title="bbox 1430 583 2566 713">
     <span class='ocr_line' id='line_1_5' title="bbox 1430 583 2566 713; baseline -0.011 -2"><span class='ocrx_word' id='word_1_6' title='bbox 1430 583 2566 713; x_wconf 85' lang='lat' dir='ltr'><strong>SUPPLEMENTUM</strong></span> 
     </span>
    </p>
   </div>
   <div class='ocr_carea' id='block_1_6' title="bbox 921 778 3116 876">
    <p class='ocr_par' dir='ltr' id='par_1_6' title="bbox 921 778 3116 876">
     <span class='ocr_line' id='line_1_6' title="bbox 921 778 3116 876; baseline -0.01 -1"><span class='ocrx_word' id='word_1_7' title='bbox 921 795 1193 876; x_wconf 81' lang='lat' dir='ltr'><strong>LIBRI</strong></span> <span class='ocrx_word' id='word_1_8' title='bbox 1273 787 1644 867; x_wconf 81' lang='lat' dir='ltr'><strong>DIUBNI</strong></span> <span class='ocrx_word' id='word_1_9' title='bbox 1717 780 2366 859; x_wconf 83' lang='lat' dir='ltr'><strong>ROMANORUM</strong></span> <span class='ocrx_word' id='word_1_10' title='bbox 2444 778 3116 857; x_wconf 85' lang='lat' dir='ltr'><strong>PONTIFICUM.</strong></span> 
     </span>
    </p>
   </div>
   <div class='ocr_carea' id='block_1_7' title="bbox 1164 909 2831 988">
    <p class='ocr_par' dir='ltr' id='par_1_7' title="bbox 1164 909 2831 988">
     <span class='ocr_line' id='line_1_7' title="bbox 1164 909 2831 988; baseline -0.012 -13"><span class='ocrx_word' id='word_1_11' title='bbox 1164 924 1327 988; x_wconf 78' lang='lat' dir='ltr'><strong>[Apud</strong></span> <span class='ocrx_word' id='word_1_12' title='bbox 1352 920 1616 980; x_wconf 76' lang='lat' dir='ltr'><strong>Mabtllou.,</strong></span> <span class='ocrx_word' id='word_1_13' title='bbox 1642 917 1863 966; x_wconf 64' lang='lat' dir='ltr'><strong>Museum</strong></span> <span class='ocrx_word' id='word_1_14' title='bbox 1885 909 2125 967; x_wconf 76' lang='lat' dir='ltr'><strong>fulicam,</strong></span> <span class='ocrx_word' id='word_1_15' title='bbox 2149 915 2268 960; x_wconf 86' lang='lat' dir='ltr'><strong>tom.</strong></span> <span class='ocrx_word' id='word_1_16' title='bbox 2292 909 2332 972; x_wconf 85' lang='grc' dir='ltr'><strong>Ι,</strong></span> <span class='ocrx_word' id='word_1_17' title='bbox 2361 916 2498 970; x_wconf 83' lang='lat' dir='ltr'><strong>parte</strong></span> <span class='ocrx_word' id='word_1_18' title='bbox 2520 923 2570 970; x_wconf 89' lang='lat' dir='ltr'><strong>n,</strong></span> <span class='ocrx_word' id='word_1_19' title='bbox 2597 919 2706 972; x_wconf 81' lang='lat' dir='ltr'><strong>pag.</strong></span> <span class='ocrx_word' id='word_1_20' title='bbox 2729 909 2831 973; x_wconf 72' lang='lat'><strong>32.]</strong></span> 
     </span>
    </p>
   </div>
   <div class='ocr_carea' id='block_1_8' title="bbox 664 1091 1686 1176">
    <p class='ocr_par' dir='ltr' id='par_1_8' title="bbox 664 1091 1686 1176">
     <span class='ocr_line' id='line_1_8' title="bbox 664 1091 1686 1176; baseline -0.018 -14"><span class='ocrx_word' id='word_1_21' title='bbox 664 1105 984 1176; x_wconf 73' lang='lat' dir='ltr'><strong>Responsum</strong></span> <span class='ocrx_word' id='word_1_22' title='bbox 1013 1101 1086 1156; x_wconf 82' lang='lat' dir='ltr'><strong>ad</strong></span> <span class='ocrx_word' id='word_1_23' title='bbox 1117 1099 1412 1171; x_wconf 75' lang='lat' dir='ltr'><strong>petitionem</strong></span> <span class='ocrx_word' id='word_1_24' title='bbox 1443 1091 1686 1164; x_wconf 75' lang='lat' dir='ltr'><strong>episcopi.</strong></span> 
     </span>
    </p>
   </div>
   <div class='ocr_carea' id='block_1_9' title="bbox 991 1184 1383 1261">
    <p class='ocr_par' dir='ltr' id='par_1_9' title="bbox 991 1184 1383 1261">
     <span class='ocr_line' id='line_1_9' title="bbox 991 1184 1383 1261; baseline -0.015 -17"><span class='ocrx_word' id='word_1_25' title='bbox 991 1188 1094 1261; x_wconf 79' lang='lat' dir='ltr'><strong>(Ad</strong></span> <span class='ocrx_word' id='word_1_26' title='bbox 1116 1204 1238 1259; x_wconf 85' lang='lat' dir='ltr'><strong>pag.</strong></span> <span class='ocrx_word' id='word_1_27' title='bbox 1270 1184 1383 1256; x_wconf 86' lang='lat'><strong>97.)</strong></span> 
     </span>
    </p>
   </div>
   <div class='ocr_carea' id='block_1_10' title="bbox 469 1266 1968 1353">
    <p class='ocr_par' dir='ltr' id='par_1_10' title="bbox 469 1266 1968 1353">
     <span class='ocr_line' id='line_1_10' title="bbox 469 1266 1968 1353; baseline -0.017 -7"><span class='ocrx_word' id='word_1_28' title='bbox 469 1288 774 1351; x_wconf 81' lang='lat' dir='ltr'><strong>Basilicam,</strong></span> <span class='ocrx_word' id='word_1_29' title='bbox 808 1298 971 1353; x_wconf 88' lang='lat' dir='ltr'><strong>quam</strong></span> <span class='ocrx_word' id='word_1_30' title='bbox 1003 1280 1217 1336; x_wconf 73' lang='lat' dir='ltr'><strong>dilectio</strong></span> <span class='ocrx_word' id='word_1_31' title='bbox 1253 1284 1342 1330; x_wconf 88' lang='lat' dir='ltr'><strong>tua</strong></span> <span class='ocrx_word' id='word_1_32' title='bbox 1391 1276 1444 1329; x_wconf 91' lang='lat' dir='ltr'><strong>in</strong></span> <span class='ocrx_word' id='word_1_33' title='bbox 1485 1275 1744 1346; x_wconf 82' lang='lat' dir='ltr'><strong>honorem</strong></span> <span class='ocrx_word' id='word_1_34' title='bbox 1794 1266 1968 1324; x_wconf 85' lang='lat' dir='ltr'><strong>sancti</strong></span> 
     </span>
    </p>
   </div>
   <div class='ocr_carea' id='block_1_11' title="bbox 397 1355 1972 1447">
    <p class='ocr_par' dir='ltr' id='par_1_11' title="bbox 397 1355 1972 1447">
     <span class='ocr_line' id='line_1_11' title="bbox 397 1355 1972 1447; baseline -0.018 -9"><span class='ocrx_word' id='word_1_35' title='bbox 397 1384 476 1440; x_wconf 86' lang='lat' dir='ltr'><strong>ill.</strong></span> <span class='ocrx_word' id='word_1_36' title='bbox 513 1383 627 1435; x_wconf 89' lang='lat' dir='ltr'><strong>ate</strong></span> <span class='ocrx_word' id='word_1_37' title='bbox 661 1374 900 1447; x_wconf 84' lang='lat' dir='ltr'><strong>suggerit</strong></span> <span class='ocrx_word' id='word_1_38' title='bbox 933 1383 1055 1426; x_wconf 88' lang='lat' dir='ltr'><strong>esse</strong></span> <span class='ocrx_word' id='word_1_39' title='bbox 1105 1366 1430 1439; x_wconf 89' lang='lat' dir='ltr'><strong>perfectam,</strong></span> <span class='ocrx_word' id='word_1_40' title='bbox 1477 1360 1828 1418; x_wconf 88' lang='lat' dir='ltr'><strong>consecrandi</strong></span> <span class='ocrx_word' id='word_1_41' title='bbox 1873 1355 1972 1413; x_wconf 87' lang='lat' dir='ltr'><strong>tibi</strong></span> 
     </span>
    </p>
   </div>
   <div class='ocr_carea' id='block_1_12' title="bbox 403 1448 1972 1544">
    <p class='ocr_par' dir='ltr' id='par_1_12' title="bbox 403 1448 1972 1544">
     <span class='ocr_line' id='line_1_12' title="bbox 403 1448 1972 1544; baseline -0.017 -16"><span class='ocrx_word' id='word_1_42' title='bbox 403 1489 498 1544; x_wconf 87' lang='lat' dir='ltr'><strong>per</strong></span> <span class='ocrx_word' id='word_1_43' title='bbox 525 1463 902 1540; x_wconf 63' lang='lat' dir='ltr'><strong>praeceptionis</strong></span> <span class='ocrx_word' id='word_1_44' title='bbox 957 1467 1156 1515; x_wconf 57' lang='lat' dir='ltr'><strong>nostra!</strong></span> <span class='ocrx_word' id='word_1_45' title='bbox 1198 1456 1389 1512; x_wconf 85' lang='lat' dir='ltr'><strong>seriem</strong></span> <span class='ocrx_word' id='word_1_46' title='bbox 1421 1451 1728 1506; x_wconf 80' lang='lat' dir='ltr'><strong>facultatem</strong></span> <span class='ocrx_word' id='word_1_47' title='bbox 1756 1448 1972 1503; x_wconf 83' lang='lat' dir='ltr'><strong>noveris</strong></span> 
     </span>
    </p>
   </div>
   <div class='ocr_carea' id='block_1_13' title="bbox 403 1539 1976 1625">
    <p class='ocr_par' dir='ltr' id='par_1_13' title="bbox 403 1539 1976 1625">
     <span class='ocr_line' id='line_1_13' title="bbox 403 1539 1976 1625; baseline -0.018 -7"><span class='ocrx_word' id='word_1_48' title='bbox 403 1539 719 1618; x_wconf 78' lang='lat' dir='ltr'><strong>attributam</strong></span> <span class='ocrx_word' id='word_1_49' title='bbox 743 1573 758 1609; x_wconf 89' lang='lat'><strong>:</strong></span> <span class='ocrx_word' id='word_1_50' title='bbox 790 1558 1061 1625; x_wconf 83' lang='lat' dir='ltr'><strong>quatenus</strong></span> <span class='ocrx_word' id='word_1_51' title='bbox 1082 1589 1099 1614; x_wconf 91' lang='lat'><strong>,</strong></span> <span class='ocrx_word' id='word_1_52' title='bbox 1147 1547 1314 1602; x_wconf 82' lang='lat' dir='ltr'><strong>frater</strong></span> <span class='ocrx_word' id='word_1_53' title='bbox 1339 1543 1674 1605; x_wconf 76' lang='lat' dir='ltr'><strong>charissima,</strong></span> <span class='ocrx_word' id='word_1_54' title='bbox 1698 1539 1837 1593; x_wconf 88' lang='lat' dir='ltr'><strong>facta</strong></span> <span class='ocrx_word' id='word_1_55' title='bbox 1864 1539 1976 1608; x_wconf 91' lang='lat' dir='ltr'><strong>pri-</strong></span> 
     </span>
    </p>
   </div>
   <div class='ocr_carea' id='block_1_14' title="bbox 407 1633 1977 1711">
    <p class='ocr_par' dir='ltr' id='par_1_14' title="bbox 407 1633 1977 1711">
     <span class='ocr_line' id='line_1_14' title="bbox 407 1633 1977 1711; baseline -0.015 -2"><span class='ocrx_word' id='word_1_56' title='bbox 407 1653 571 1709; x_wconf 87' lang='lat' dir='ltr'><strong>mitus</strong></span> <span class='ocrx_word' id='word_1_57' title='bbox 605 1647 908 1709; x_wconf 85' lang='lat' dir='ltr'><strong>donatione,</strong></span> <span class='ocrx_word' id='word_1_58' title='bbox 947 1655 1066 1711; x_wconf 66' lang='lat' dir='ltr'><strong>quae</strong></span> <span class='ocrx_word' id='word_1_59' title='bbox 1097 1638 1350 1709; x_wconf 89' lang='lat' dir='ltr'><strong>petitorio</strong></span> <span class='ocrx_word' id='word_1_60' title='bbox 1395 1644 1609 1690; x_wconf 87' lang='lat' dir='ltr'><strong>tenetur</strong></span> <span class='ocrx_word' id='word_1_61' title='bbox 1633 1633 1862 1694; x_wconf 80' lang='lat' dir='ltr'><strong>adnexa,</strong></span> <span class='ocrx_word' id='word_1_62' title='bbox 1889 1646 1977 1686; x_wconf 86' lang='lat' dir='ltr'><strong>vo-</strong></span> 
     </span>
    </p>
   </div>
   <div class='ocr_carea' id='block_1_15' title="bbox 407 1718 1977 1796">
    <p class='ocr_par' dir='ltr' id='par_1_15' title="bbox 407 1718 1977 1796">
     <span class='ocr_line' id='line_1_15' title="bbox 407 1718 1977 1796; baseline -0.017 1"><span class='ocrx_word' id='word_1_63' title='bbox 407 1749 583 1796; x_wconf 88' lang='lat' dir='ltr'><strong>torum</strong></span> <span class='ocrx_word' id='word_1_64' title='bbox 616 1732 918 1792; x_wconf 80' lang='lat' dir='ltr'><strong>devotionis</strong></span> <span class='ocrx_word' id='word_1_65' title='bbox 945 1738 1050 1783; x_wconf 73' lang='lat' dir='ltr'><strong>tuae</strong></span> <span class='ocrx_word' id='word_1_66' title='bbox 1079 1725 1404 1782; x_wconf 86' lang='lat' dir='ltr'><strong>desiderium</strong></span> <span class='ocrx_word' id='word_1_67' title='bbox 1431 1721 1726 1791; x_wconf 87' lang='lat' dir='ltr'><strong>complens,</strong></span> <span class='ocrx_word' id='word_1_68' title='bbox 1750 1718 1977 1774; x_wconf 86' lang='lat' dir='ltr'><strong>celebri-</strong></span> 
     </span>
    </p>
   </div>
   <div class='ocr_carea' id='block_1_16' title="bbox 409 1817 1225 1899">
    <p class='ocr_par' dir='ltr' id='par_1_16' title="bbox 409 1817 1225 1899">
     <span class='ocr_line' id='line_1_16' title="bbox 409 1817 1225 1899; baseline -0.021 -13"><span class='ocrx_word' id='word_1_69' title='bbox 409 1831 537 1885; x_wconf 82' lang='lat' dir='ltr'><strong>tatis</strong></span> <span class='ocrx_word' id='word_1_70' title='bbox 564 1824 893 1899; x_wconf 74' lang='lat' dir='ltr'><strong>perfectione</strong></span> <span class='ocrx_word' id='word_1_71' title='bbox 924 1817 1225 1891; x_wconf 86' lang='lat' dir='ltr'><strong>gratuleris.</strong></span> 
     </span>
    </p>
   </div>
   <div class='ocr_carea' id='block_1_17' title="bbox 933 1906 1451 1975">
    <p class='ocr_par' dir='ltr' id='par_1_17' title="bbox 933 1906 1451 1975">
     <span class='ocr_line' id='line_1_17' title="bbox 933 1906 1451 1975; baseline -0.014 -13"><span class='ocrx_word' id='word_1_72' title='bbox 933 1908 1068 1962; x_wconf 82' lang='lat' dir='ltr'><strong>Item</strong></span> <span class='ocrx_word' id='word_1_73' title='bbox 1111 1906 1451 1975; x_wconf 77' lang='lat' dir='ltr'><strong>Responsum.</strong></span> 
     </span>
    </p>
   </div>
   <div class='ocr_carea' id='block_1_18' title="bbox 476 1987 1976 2064">
    <p class='ocr_par' dir='ltr' id='par_1_18' title="bbox 476 1987 1976 2064">
     <span class='ocr_line' id='line_1_18' title="bbox 476 1987 1976 2064; baseline -0.017 0"><span class='ocrx_word' id='word_1_74' title='bbox 476 2005 812 2064; x_wconf 85' lang='lat' dir='ltr'><strong>Oblationcm</strong></span> <span class='ocrx_word' id='word_1_75' title='bbox 843 1997 1147 2054; x_wconf 87' lang='lat' dir='ltr'><strong>dilectionis</strong></span> <span class='ocrx_word' id='word_1_76' title='bbox 1161 2003 1288 2059; x_wconf 65' lang='lat' dir='ltr'><strong>tum,</strong></span> <span class='ocrx_word' id='word_1_77' title='bbox 1302 1991 1426 2048; x_wconf 92' lang='lat' dir='ltr'><strong>boni</strong></span> <span class='ocrx_word' id='word_1_78' title='bbox 1447 1990 1624 2060; x_wconf 89' lang='lat' dir='ltr'><strong>operis</strong></span> <span class='ocrx_word' id='word_1_79' title='bbox 1647 1987 1976 2057; x_wconf 87' lang='lat' dir='ltr'><strong>perfectione</strong></span> 
     </span>
    </p>
   </div>
   <div class='ocr_carea' id='block_1_19' title="bbox 407 2075 1978 2170">
    <p class='ocr_par' dir='ltr' id='par_1_19' title="bbox 407 2075 1978 2170">
     <span class='ocr_line' id='line_1_19' title="bbox 407 2075 1978 2170; baseline -0.017 -17"><span class='ocrx_word' id='word_1_80' title='bbox 407 2097 724 2170; x_wconf 74' lang='lat' dir='ltr'><strong>gaudentes,</strong></span> <span class='ocrx_word' id='word_1_81' title='bbox 752 2099 992 2159; x_wconf 82' lang='lat' dir='ltr'><strong>congrua</strong></span> <span class='ocrx_word' id='word_1_82' title='bbox 1018 2083 1373 2156; x_wconf 77' lang='lat' dir='ltr'><strong>gratulatione</strong></span> <span class='ocrx_word' id='word_1_83' title='bbox 1393 2081 1744 2148; x_wconf 88' lang='lat' dir='ltr'><strong>suscepimus.</strong></span> <span class='ocrx_word' id='word_1_84' title='bbox 1772 2076 1839 2170; x_wconf 56' lang='lat' dir='ltr'><strong>Et</strong></span> <span class='ocrx_word' id='word_1_85' title='bbox 1862 2075 1978 2128; x_wconf 89' lang='lat' dir='ltr'><strong>ideo</strong></span> 
     </span>
    </p>
   </div>
   <div class='ocr_carea' id='block_1_20' title="bbox 409 2166 1979 2249">
    <p class='ocr_par' dir='ltr' id='par_1_20' title="bbox 409 2166 1979 2249">
     <span class='ocr_line' id='line_1_20' title="bbox 409 2166 1979 2249; baseline -0.017 -6"><span class='ocrx_word' id='word_1_86' title='bbox 409 2166 686 2243; x_wconf 72' lang='lat' dir='ltr'><strong>basilicam</strong></span> <span class='ocrx_word' id='word_1_87' title='bbox 729 2193 891 2249; x_wconf 88' lang='lat' dir='ltr'><strong>quam</strong></span> <span class='ocrx_word' id='word_1_88' title='bbox 938 2178 992 2230; x_wconf 90' lang='lat' dir='ltr'><strong>in</strong></span> <span class='ocrx_word' id='word_1_89' title='bbox 1033 2175 1176 2230; x_wconf 87' lang='lat' dir='ltr'><strong>beati</strong></span> <span class='ocrx_word' id='word_1_90' title='bbox 1224 2172 1300 2226; x_wconf 91' lang='lat' dir='ltr'><strong>ill.</strong></span> <span class='ocrx_word' id='word_1_91' title='bbox 1331 2171 1547 2224; x_wconf 86' lang='lat' dir='ltr'><strong>nomine</strong></span> <span class='ocrx_word' id='word_1_92' title='bbox 1586 2166 1826 2238; x_wconf 82' lang='lat' dir='ltr'><strong>suggeris</strong></span> <span class='ocrx_word' id='word_1_93' title='bbox 1860 2179 1979 2219; x_wconf 90' lang='lat' dir='ltr'><strong>esse</strong></span> 
     </span>
    </p>
   </div>
   <div class='ocr_carea' id='block_1_21' title="bbox 409 2256 1978 2335">
    <p class='ocr_par' dir='ltr' id='par_1_21' title="bbox 409 2256 1978 2335">
     <span class='ocr_line' id='line_1_21' title="bbox 409 2256 1978 2335; baseline -0.016 -3"><span class='ocrx_word' id='word_1_94' title='bbox 409 2279 806 2334; x_wconf 85' lang='lat' dir='ltr'><strong>constructam,</strong></span> <span class='ocrx_word' id='word_1_95' title='bbox 849 2263 1226 2335; x_wconf 76' lang='lat' dir='ltr'><strong>praeceptionis</strong></span> <span class='ocrx_word' id='word_1_96' title='bbox 1269 2261 1468 2316; x_wconf 70' lang='lat' dir='ltr'><strong>nostrae</strong></span> <span class='ocrx_word' id='word_1_97' title='bbox 1496 2259 1635 2313; x_wconf 87' lang='lat' dir='ltr'><strong>serie</strong></span> <span class='ocrx_word' id='word_1_98' title='bbox 1659 2256 1978 2325; x_wconf 88' lang='lat' dir='ltr'><strong>quantocius</strong></span> 
     </span>
    </p>
   </div>
   <div class='ocr_carea' id='block_1_22' title="bbox 415 2346 1980 2426">
    <p class='ocr_par' dir='ltr' id='par_1_22' title="bbox 415 2346 1980 2426">
     <span class='ocr_line' id='line_1_22' title="bbox 415 2346 1980 2426; baseline -0.017 -3"><span class='ocrx_word' id='word_1_99' title='bbox 415 2363 758 2424; x_wconf 82' lang='lat' dir='ltr'><strong>consecrabis</strong></span> <span class='ocrx_word' id='word_1_100' title='bbox 782 2373 797 2413; x_wconf 89' lang='lat'><strong>:</strong></span> <span class='ocrx_word' id='word_1_101' title='bbox 824 2368 882 2412; x_wconf 91' lang='lat' dir='ltr'><strong>ut</strong></span> <span class='ocrx_word' id='word_1_102' title='bbox 893 2358 1143 2426; x_wconf 89' lang='lat' dir='ltr'><strong>princeps</strong></span> <span class='ocrx_word' id='word_1_103' title='bbox 1153 2353 1517 2424; x_wconf 89' lang='lat' dir='ltr'><strong>apostolorum</strong></span> <span class='ocrx_word' id='word_1_104' title='bbox 1533 2349 1751 2404; x_wconf 82' lang='lat' dir='ltr'><strong>claritas</strong></span> <span class='ocrx_word' id='word_1_105' title='bbox 1765 2346 1980 2401; x_wconf 85' lang='lat' dir='ltr'><strong>univer-</strong></span> 
     </span>
    </p>
   </div>
   <div class='ocr_carea' id='block_1_23' title="bbox 411 2439 1984 2520">
    <p class='ocr_par' dir='ltr' id='par_1_23' title="bbox 411 2439 1984 2520">
     <span class='ocr_line' id='line_1_23' title="bbox 411 2439 1984 2520; baseline -0.016 -7"><span class='ocrx_word' id='word_1_106' title='bbox 411 2455 590 2514; x_wconf 82' lang='lat' dir='ltr'><strong>sitatis</strong></span> <span class='ocrx_word' id='word_1_107' title='bbox 628 2447 1058 2520; x_wconf 80' lang='lat' dir='ltr'><strong>frequentatione</strong></span> <span class='ocrx_word' id='word_1_108' title='bbox 1093 2459 1193 2513; x_wconf 92' lang='lat' dir='ltr'><strong>pro</strong></span> <span class='ocrx_word' id='word_1_109' title='bbox 1220 2443 1304 2498; x_wconf 90' lang='lat' dir='ltr'><strong>sui</strong></span> <span class='ocrx_word' id='word_1_110' title='bbox 1349 2439 1650 2496; x_wconf 88' lang='lat' dir='ltr'><strong>reverentia</strong></span> <span class='ocrx_word' id='word_1_111' title='bbox 1699 2449 1984 2506; x_wconf 37' lang='lat' dir='ltr'><strong>consecras</strong></span> 
     </span>
    </p>
   </div>
   <div class='ocr_carea' id='block_1_24' title="bbox 419 2532 1983 2614">
    <p class='ocr_par' dir='ltr' id='par_1_24' title="bbox 419 2532 1983 2614">
     <span class='ocr_line' id='line_1_24' title="bbox 419 2532 1983 2614; baseline -0.015 -11"><span class='ocrx_word' id='word_1_112' title='bbox 419 2556 537 2614; x_wconf 90' lang='lat' dir='ltr'><strong>tur;</strong></span> <span class='ocrx_word' id='word_1_113' title='bbox 567 2553 622 2602; x_wconf 90' lang='lat' dir='ltr'><strong>et</strong></span> <span class='ocrx_word' id='word_1_114' title='bbox 651 2541 996 2610; x_wconf 76' lang='lat' dir='ltr'><strong>circumiecta</strong></span> <span class='ocrx_word' id='word_1_115' title='bbox 1035 2539 1186 2610; x_wconf 91' lang='lat' dir='ltr'><strong>plebs</strong></span> <span class='ocrx_word' id='word_1_116' title='bbox 1222 2537 1448 2598; x_wconf 87' lang='lat' dir='ltr'><strong>habeat,</strong></span> <span class='ocrx_word' id='word_1_117' title='bbox 1499 2532 1653 2601; x_wconf 88' lang='lat' dir='ltr'><strong>cujus</strong></span> <span class='ocrx_word' id='word_1_118' title='bbox 1680 2532 1983 2584; x_wconf 83' lang='lat' dir='ltr'><strong>interventu</strong></span> 
     </span>
    </p>
   </div>
   <div class='ocr_carea' id='block_1_25' title="bbox 414 2622 1985 2709">
    <p class='ocr_par' dir='ltr' id='par_1_25' title="bbox 414 2622 1985 2709">
     <span class='ocr_line' id='line_1_25' title="bbox 414 2622 1985 2709; baseline -0.015 -15"><span class='ocrx_word' id='word_1_119' title='bbox 414 2637 693 2709; x_wconf 85' lang='lat' dir='ltr'><strong>petitionis</strong></span> <span class='ocrx_word' id='word_1_120' title='bbox 721 2650 833 2691; x_wconf 63' lang='lat' dir='ltr'><strong>sum</strong></span> <span class='ocrx_word' id='word_1_121' title='bbox 855 2634 964 2688; x_wconf 92' lang='lat' dir='ltr'><strong>cito</strong></span> <span class='ocrx_word' id='word_1_122' title='bbox 994 2637 1266 2685; x_wconf 88' lang='lat' dir='ltr'><strong>mereatur</strong></span> <span class='ocrx_word' id='word_1_123' title='bbox 1289 2622 1558 2682; x_wconf 70' lang='lat' dir='ltr'><strong>effectum.</strong></span> <span class='ocrx_word' id='word_1_124' title='bbox 1584 2623 1725 2678; x_wconf 90' lang='lat' dir='ltr'><strong>Cura</strong></span> <span class='ocrx_word' id='word_1_125' title='bbox 1757 2629 1812 2674; x_wconf 91' lang='lat' dir='ltr'><strong>tu</strong></span> <span class='ocrx_word' id='word_1_126' title='bbox 1833 2627 1892 2673; x_wconf 91' lang='lat' dir='ltr'><strong>ut</strong></span> <span class='ocrx_word' id='word_1_127' title='bbox 1920 2632 1985 2672; x_wconf 87' lang='lat' dir='ltr'><strong>ea</strong></span> 
     </span>
    </p>
   </div>
   <div class='ocr_carea' id='block_1_26' title="bbox 415 2711 1984 2798">
    <p class='ocr_par' dir='ltr' id='par_1_26' title="bbox 415 2711 1984 2798">
     <span class='ocr_line' id='line_1_26' title="bbox 415 2711 1984 2798; baseline -0.014 -15"><span class='ocrx_word' id='word_1_128' title='bbox 415 2743 536 2798; x_wconf 60' lang='lat' dir='ltr'><strong>quae</strong></span> <span class='ocrx_word' id='word_1_129' title='bbox 563 2728 632 2781; x_wconf 89' lang='lat' dir='ltr'><strong>ad</strong></span> <span class='ocrx_word' id='word_1_130' title='bbox 664 2726 974 2780; x_wconf 90' lang='lat' dir='ltr'><strong>ordinatum</strong></span> <span class='ocrx_word' id='word_1_131' title='bbox 1015 2721 1133 2791; x_wconf 87' lang='lat' dir='ltr'><strong>ejus</strong></span> <span class='ocrx_word' id='word_1_132' title='bbox 1165 2718 1356 2774; x_wconf 85' lang='lat' dir='ltr'><strong>collata</strong></span> <span class='ocrx_word' id='word_1_133' title='bbox 1404 2715 1558 2778; x_wconf 90' lang='lat' dir='ltr'><strong>dicis,</strong></span> <span class='ocrx_word' id='word_1_134' title='bbox 1583 2711 1664 2768; x_wconf 91' lang='lat' dir='ltr'><strong>vel</strong></span> <span class='ocrx_word' id='word_1_135' title='bbox 1693 2726 1724 2766; x_wconf 89' lang='lat' dir='ltr'><strong>a</strong></span> <span class='ocrx_word' id='word_1_136' title='bbox 1758 2720 1809 2765; x_wconf 86' lang='lat' dir='ltr'><strong>te</strong></span> <span class='ocrx_word' id='word_1_137' title='bbox 1855 2724 1984 2778; x_wconf 82' lang='lat' dir='ltr'><strong>sug-</strong></span> 
     </span>
    </p>
   </div>
   <div class='ocr_carea' id='block_1_27' title="bbox 415 2805 1680 2892">
    <p class='ocr_par' dir='ltr' id='par_1_27' title="bbox 415 2805 1680 2892">
     <span class='ocr_line' id='line_1_27' title="bbox 415 2805 1680 2892; baseline -0.014 -17"><span class='ocrx_word' id='word_1_138' title='bbox 415 2820 563 2892; x_wconf 76' lang='lat' dir='ltr'><strong>geris</strong></span> <span class='ocrx_word' id='word_1_139' title='bbox 599 2816 944 2880; x_wconf 79' lang='lat' dir='ltr'><strong>etuiferenda,</strong></span> <span class='ocrx_word' id='word_1_140' title='bbox 966 2814 1083 2868; x_wconf 83' lang='lat' dir='ltr'><strong>sine</strong></span> <span class='ocrx_word' id='word_1_141' title='bbox 1117 2811 1372 2867; x_wconf 88' lang='lat' dir='ltr'><strong>dilatione</strong></span> <span class='ocrx_word' id='word_1_142' title='bbox 1409 2805 1680 2879; x_wconf 87' lang='lat' dir='ltr'><strong>perlicias.</strong></span> 
     </span>
    </p>
   </div>
   <div class='ocr_carea' id='block_1_28' title="bbox 487 2894 1921 3025">
    <p class='ocr_par' dir='ltr' id='par_1_28' title="bbox 487 2894 1921 3025">
     <span class='ocr_line' id='line_1_28' title="bbox 487 2894 1921 3025; baseline -0.013 -62"><span class='ocrx_word' id='word_1_143' title='bbox 487 2905 756 2964; x_wconf 80' lang='lat' dir='ltr'><strong>Decretale</strong></span> <span class='ocrx_word' id='word_1_144' title='bbox 788 2921 938 2976; x_wconf 81' lang='lat' dir='ltr'><strong>quem</strong></span> <span class='ocrx_word' id='word_1_145' title='bbox 971 2901 1392 3025; x_wconf 46' lang='grc' dir='ltr'><strong>ιεῃιέἰέἐεῗίῗεῗῗ,</strong></span> <span class='ocrx_word' id='word_1_146' title='bbox 1418 2896 1626 2969; x_wconf 81' lang='lat' dir='ltr'><strong>quando</strong></span> <span class='ocrx_word' id='word_1_147' title='bbox 1653 2894 1921 2965; x_wconf 77' lang='lat' dir='ltr'><strong>episcopus</strong></span> 
     </span>
    </p>
   </div>
   <div class='ocr_carea' id='block_1_29' title="bbox 997 3057 1390 3136">
    <p class='ocr_par' dir='ltr' id='par_1_29' title="bbox 997 3057 1390 3136">
     <span class='ocr_line' id='line_1_29' title="bbox 997 3057 1390 3136; baseline -0.013 -18"><span class='ocrx_word' id='word_1_148' title='bbox 997 3063 1101 3136; x_wconf 84' lang='lat' dir='ltr'><strong>(Ad</strong></span> <span class='ocrx_word' id='word_1_149' title='bbox 1131 3077 1251 3132; x_wconf 85' lang='lat' dir='ltr'><strong>pag.</strong></span> <span class='ocrx_word' id='word_1_150' title='bbox 1275 3057 1390 3131; x_wconf 68' lang='lat'><strong>54.)</strong></span> 
     </span>
    </p>
   </div>
   <div class='ocr_carea' id='block_1_30' title="bbox 493 3142 1991 3224">
    <p class='ocr_par' dir='ltr' id='par_1_30' title="bbox 493 3142 1991 3224">
     <span class='ocr_line' id='line_1_30' title="bbox 493 3142 1991 3224; baseline -0.013 -8"><span class='ocrx_word' id='word_1_151' title='bbox 493 3158 774 3216; x_wconf 86' lang='lat' dir='ltr'><strong>Destitutis</strong></span> <span class='ocrx_word' id='word_1_152' title='bbox 801 3156 1047 3212; x_wconf 89' lang='lat' dir='ltr'><strong>ecclesiis</strong></span> <span class='ocrx_word' id='word_1_153' title='bbox 1087 3152 1290 3224; x_wconf 89' lang='lat' dir='ltr'><strong>proprii</strong></span> <span class='ocrx_word' id='word_1_154' title='bbox 1326 3149 1554 3206; x_wconf 89' lang='lat' dir='ltr'><strong>rectoris</strong></span> <span class='ocrx_word' id='word_1_155' title='bbox 1593 3145 1768 3202; x_wconf 87' lang='lat' dir='ltr'><strong>olllcio</strong></span> <span class='ocrx_word' id='word_1_156' title='bbox 1803 3145 1884 3199; x_wconf 87' lang='lat' dir='ltr'><strong>sic</strong></span> <span class='ocrx_word' id='word_1_157' title='bbox 1914 3142 1991 3198; x_wconf 91' lang='lat' dir='ltr'><strong>al-</strong></span> 
     </span>
    </p>
   </div>
   <div class='ocr_carea' id='block_1_31' title="bbox 421 3235 1994 3307">
    <p class='ocr_par' dir='ltr' id='par_1_31' title="bbox 421 3235 1994 3307">
     <span class='ocr_line' id='line_1_31' title="bbox 421 3235 1994 3307; baseline -0.011 -1"><span class='ocrx_word' id='word_1_158' title='bbox 421 3252 583 3306; x_wconf 81' lang='lat' dir='ltr'><strong>mitas</strong></span> <span class='ocrx_word' id='word_1_159' title='bbox 605 3257 784 3304; x_wconf 87' lang='lat' dir='ltr'><strong>vestra</strong></span> <span class='ocrx_word' id='word_1_160' title='bbox 814 3245 1101 3302; x_wconf 89' lang='lat' dir='ltr'><strong>subvenire</strong></span> <span class='ocrx_word' id='word_1_161' title='bbox 1124 3241 1421 3302; x_wconf 90' lang='lat' dir='ltr'><strong>consuevit,</strong></span> <span class='ocrx_word' id='word_1_162' title='bbox 1453 3240 1505 3292; x_wconf 92' lang='lat' dir='ltr'><strong>in</strong></span> <span class='ocrx_word' id='word_1_163' title='bbox 1528 3252 1634 3307; x_wconf 89' lang='lat' dir='ltr'><strong>qua</strong></span> <span class='ocrx_word' id='word_1_164' title='bbox 1664 3245 1718 3290; x_wconf 91' lang='lat' dir='ltr'><strong>et</strong></span> <span class='ocrx_word' id='word_1_165' title='bbox 1743 3235 1994 3290; x_wconf 86' lang='lat' dir='ltr'><strong>sacerdo-</strong></span> 
     </span>
    </p>
   </div>
   <div class='ocr_carea' id='block_1_32' title="bbox 423 3327 1994 3410">
    <p class='ocr_par' dir='ltr' id='par_1_32' title="bbox 423 3327 1994 3410">
     <span class='ocr_line' id='line_1_32' title="bbox 423 3327 1994 3410; baseline -0.01 -19"><span class='ocrx_word' id='word_1_166' title='bbox 423 3339 485 3392; x_wconf 84' lang='lat' dir='ltr'><strong>tii</strong></span> <span class='ocrx_word' id='word_1_167' title='bbox 533 3338 866 3410; x_wconf 87' lang='lat' dir='ltr'><strong>principatus</strong></span> <span class='ocrx_word' id='word_1_168' title='bbox 900 3334 1103 3390; x_wconf 82' lang='lat' dir='ltr'><strong>existit.</strong></span> <span class='ocrx_word' id='word_1_169' title='bbox 1141 3331 1370 3400; x_wconf 83' lang='lat' dir='ltr'><strong>Ideoque</strong></span> <span class='ocrx_word' id='word_1_170' title='bbox 1395 3327 1656 3399; x_wconf 82' lang='lat' dir='ltr'><strong>provoluti</strong></span> <span class='ocrx_word' id='word_1_171' title='bbox 1686 3337 1994 3395; x_wconf 63' lang='lat' dir='ltr'><strong>quaesumus</strong></span> 
     </span>
    </p>
   </div>
   <div class='ocr_carea' id='block_1_33' title="bbox 422 3416 1995 3495">
    <p class='ocr_par' dir='ltr' id='par_1_33' title="bbox 422 3416 1995 3495">
     <span class='ocr_line' id='line_1_33' title="bbox 422 3416 1995 3495; baseline -0.01 -14"><span class='ocrx_word' id='word_1_172' title='bbox 422 3425 780 3495; x_wconf 82' lang='lat' dir='ltr'><strong>apostolatum</strong></span> <span class='ocrx_word' id='word_1_173' title='bbox 819 3431 1054 3479; x_wconf 89' lang='lat' dir='ltr'><strong>vestrum</strong></span> <span class='ocrx_word' id='word_1_174' title='bbox 1078 3462 1093 3487; x_wconf 95' lang='lat'><strong>,</strong></span> <span class='ocrx_word' id='word_1_175' title='bbox 1121 3419 1336 3474; x_wconf 90' lang='lat' dir='ltr'><strong>domine</strong></span> <span class='ocrx_word' id='word_1_176' title='bbox 1375 3416 1681 3471; x_wconf 88' lang='lat' dir='ltr'><strong>beatissime</strong></span> <span class='ocrx_word' id='word_1_177' title='bbox 1719 3429 1892 3483; x_wconf 88' lang='lat' dir='ltr'><strong>papa,</strong></span> <span class='ocrx_word' id='word_1_178' title='bbox 1935 3418 1995 3466; x_wconf 91' lang='lat' dir='ltr'><strong>ut</strong></span> 
     </span>
    </p>
   </div>
   <div class='ocr_carea' id='block_1_34' title="bbox 423 3506 1993 3585">
    <p class='ocr_par' dir='ltr' id='par_1_34' title="bbox 423 3506 1993 3585">
     <span class='ocr_line' id='line_1_34' title="bbox 423 3506 1993 3585; baseline -0.009 -16"><span class='ocrx_word' id='word_1_179' title='bbox 423 3515 580 3569; x_wconf 86' lang='lat' dir='ltr'><strong>nobis</strong></span> <span class='ocrx_word' id='word_1_180' title='bbox 613 3525 884 3585; x_wconf 86' lang='lat' dir='ltr'><strong>pastorem</strong></span> <span class='ocrx_word' id='word_1_181' title='bbox 938 3510 1303 3583; x_wconf 73' lang='lat' dir='ltr'><strong>quaerentibus</strong></span> <span class='ocrx_word' id='word_1_182' title='bbox 1349 3507 1425 3562; x_wconf 89' lang='lat' dir='ltr'><strong>ill.</strong></span> <span class='ocrx_word' id='word_1_183' title='bbox 1475 3507 1634 3561; x_wconf 86' lang='lat' dir='ltr'><strong>talem</strong></span> <span class='ocrx_word' id='word_1_184' title='bbox 1683 3506 1993 3574; x_wconf 87' lang='lat' dir='ltr'><strong>episcopum</strong></span> 
     </span>
    </p>
   </div>
   <div class='ocr_carea' id='block_1_35' title="bbox 422 3597 1994 3675">
    <p class='ocr_par' dir='ltr' id='par_1_35' title="bbox 422 3597 1994 3675">
     <span class='ocr_line' id='line_1_35' title="bbox 422 3597 1994 3675; baseline -0.011 -13"><span class='ocrx_word' id='word_1_185' title='bbox 422 3620 740 3662; x_wconf 79' lang='lat' dir='ltr'><strong>consecrare</strong></span> <span class='ocrx_word' id='word_1_186' title='bbox 761 3602 1078 3675; x_wconf 79' lang='lat' dir='ltr'><strong>dignemini,</strong></span> <span class='ocrx_word' id='word_1_187' title='bbox 1105 3601 1261 3671; x_wconf 88' lang='lat' dir='ltr'><strong>cujus</strong></span> <span class='ocrx_word' id='word_1_188' title='bbox 1287 3599 1478 3654; x_wconf 88' lang='lat' dir='ltr'><strong>merita</strong></span> <span class='ocrx_word' id='word_1_189' title='bbox 1503 3598 1558 3651; x_wconf 92' lang='lat' dir='ltr'><strong>in</strong></span> <span class='ocrx_word' id='word_1_190' title='bbox 1592 3597 1779 3650; x_wconf 92' lang='lat' dir='ltr'><strong>eodem</strong></span> <span class='ocrx_word' id='word_1_191' title='bbox 1808 3601 1994 3664; x_wconf 84' lang='lat' dir='ltr'><strong>postu-</strong></span> 
     </span>
    </p>
   </div>
   <div class='ocr_carea' id='block_1_36' title="bbox 423 3682 1997 3760">
    <p class='ocr_par' dir='ltr' id='par_1_36' title="bbox 423 3682 1997 3760">
     <span class='ocr_line' id='line_1_36' title="bbox 423 3682 1997 3760; baseline -0.011 -8"><span class='ocrx_word' id='word_1_192' title='bbox 423 3698 584 3751; x_wconf 80' lang='lat' dir='ltr'><strong>lando</strong></span> <span class='ocrx_word' id='word_1_193' title='bbox 604 3696 843 3750; x_wconf 89' lang='lat' dir='ltr'><strong>omnium</strong></span> <span class='ocrx_word' id='word_1_194' title='bbox 871 3700 1181 3748; x_wconf 86' lang='lat' dir='ltr'><strong>nostrorum</strong></span> <span class='ocrx_word' id='word_1_195' title='bbox 1215 3695 1501 3760; x_wconf 68' lang='lat' dir='ltr'><strong>praestatur</strong></span> <span class='ocrx_word' id='word_1_196' title='bbox 1541 3701 1810 3740; x_wconf 88' lang='lat' dir='ltr'><strong>assensus.</strong></span> <span class='ocrx_word' id='word_1_197' title='bbox 1834 3682 1997 3752; x_wconf 86' lang='lat' dir='ltr'><strong>Opta—</strong></span> 
     </span>
    </p>
   </div>
   <div class='ocr_carea' id='block_1_37' title="bbox 426 3773 1995 3856">
    <p class='ocr_par' dir='ltr' id='par_1_37' title="bbox 426 3773 1995 3856">
     <span class='ocr_line' id='line_1_37' title="bbox 426 3773 1995 3856; baseline -0.011 -12"><span class='ocrx_word' id='word_1_198' title='bbox 426 3804 548 3844; x_wconf 85' lang='lat' dir='ltr'><strong>mus</strong></span> <span class='ocrx_word' id='word_1_199' title='bbox 568 3796 621 3842; x_wconf 89' lang='lat' dir='ltr'><strong>te</strong></span> <span class='ocrx_word' id='word_1_200' title='bbox 643 3801 738 3856; x_wconf 90' lang='lat' dir='ltr'><strong>per</strong></span> <span class='ocrx_word' id='word_1_201' title='bbox 765 3785 964 3840; x_wconf 87' lang='lat' dir='ltr'><strong>multos</strong></span> <span class='ocrx_word' id='word_1_202' title='bbox 989 3797 1162 3837; x_wconf 85' lang='lat' dir='ltr'><strong>annos</strong></span> <span class='ocrx_word' id='word_1_203' title='bbox 1185 3782 1322 3834; x_wconf 90' lang='lat' dir='ltr'><strong>bene</strong></span> <span class='ocrx_word' id='word_1_204' title='bbox 1339 3778 1544 3842; x_wconf 88' lang='lat' dir='ltr'><strong>valere,</strong></span> <span class='ocrx_word' id='word_1_205' title='bbox 1558 3775 1772 3831; x_wconf 86' lang='lat' dir='ltr'><strong>domine</strong></span> <span class='ocrx_word' id='word_1_206' title='bbox 1797 3773 1995 3829; x_wconf 84' lang='lat' dir='ltr'><strong>beatis-</strong></span> 
     </span>
    </p>
   </div>
   <div class='ocr_carea' id='block_1_38' title="bbox 426 3879 748 3945">
    <p class='ocr_par' dir='ltr' id='par_1_38' title="bbox 426 3879 748 3945">
     <span class='ocr_line' id='line_1_38' title="bbox 426 3879 748 3945; baseline -0.016 -10"><span class='ocrx_word' id='word_1_207' title='bbox 426 3879 564 3934; x_wconf 84' lang='lat' dir='ltr'><strong>sime</strong></span> <span class='ocrx_word' id='word_1_208' title='bbox 588 3891 748 3945; x_wconf 87' lang='lat' dir='ltr'><strong>papa.</strong></span> 
     </span>
    </p>
   </div>
   <div class='ocr_carea' id='block_1_39' title="bbox 749 3957 1680 4030">
    <p class='ocr_par' dir='ltr' id='par_1_39' title="bbox 749 3957 1680 4030">
     <span class='ocr_line' id='line_1_39' title="bbox 749 3957 1680 4030; baseline -0.01 -14"><span class='ocrx_word' id='word_1_209' title='bbox 749 3962 881 4017; x_wconf 85' lang='lat' dir='ltr'><strong>Item</strong></span> <span class='ocrx_word' id='word_1_210' title='bbox 906 3961 1051 4014; x_wconf 83' lang='lat' dir='ltr'><strong>aliud</strong></span> <span class='ocrx_word' id='word_1_211' title='bbox 1080 3959 1218 4030; x_wconf 85' lang='lat' dir='ltr'><strong>quod</strong></span> <span class='ocrx_word' id='word_1_212' title='bbox 1248 3958 1371 4029; x_wconf 81' lang='lat' dir='ltr'><strong>legit</strong></span> <span class='ocrx_word' id='word_1_213' title='bbox 1409 3957 1680 4010; x_wconf 79' lang='lat' dir='ltr'><strong>diaconus.</strong></span> 
     </span>
    </p>
   </div>
   <div class='ocr_carea' id='block_1_40' title="bbox 498 4048 1998 4123">
    <p class='ocr_par' dir='ltr' id='par_1_40' title="bbox 498 4048 1998 4123">
     <span class='ocr_line' id='line_1_40' title="bbox 498 4048 1998 4123; baseline -0.008 -13"><span class='ocrx_word' id='word_1_214' title='bbox 498 4055 704 4110; x_wconf 81' lang='lat' dir='ltr'><strong>Electio</strong></span> <span class='ocrx_word' id='word_1_215' title='bbox 731 4055 786 4109; x_wconf 85' lang='lat' dir='ltr'><strong>in</strong></span> <span class='ocrx_word' id='word_1_216' title='bbox 817 4067 922 4123; x_wconf 90' lang='lat' dir='ltr'><strong>qua</strong></span> <span class='ocrx_word' id='word_1_217' title='bbox 957 4067 1114 4108; x_wconf 92' lang='lat' dir='ltr'><strong>nemo</strong></span> <span class='ocrx_word' id='word_1_218' title='bbox 1139 4051 1388 4106; x_wconf 86' lang='lat' dir='ltr'><strong>dissentit</strong></span> <span class='ocrx_word' id='word_1_219' title='bbox 1417 4048 1838 4104; x_wconf 87' lang='lat' dir='ltr'><strong>desideratorem</strong></span> <span class='ocrx_word' id='word_1_220' title='bbox 1875 4061 1998 4115; x_wconf 91' lang='lat' dir='ltr'><strong>per-</strong></span> 
     </span>
    </p>
   </div>
   <div class='ocr_carea' id='block_1_41' title="bbox 429 4136 1998 4217">
    <p class='ocr_par' dir='ltr' id='par_1_41' title="bbox 429 4136 1998 4217">
     <span class='ocr_line' id='line_1_41' title="bbox 429 4136 1998 4217; baseline -0.007 -15"><span class='ocrx_word' id='word_1_221' title='bbox 429 4146 729 4217; x_wconf 80' lang='lat' dir='ltr'><strong>gratulatur</strong></span> <span class='ocrx_word' id='word_1_222' title='bbox 776 4142 989 4199; x_wconf 78' lang='lat' dir='ltr'><strong>affectu.</strong></span> <span class='ocrx_word' id='word_1_223' title='bbox 1023 4141 1141 4196; x_wconf 73' lang='lat' dir='ltr'><strong>1am</strong></span> <span class='ocrx_word' id='word_1_224' title='bbox 1176 4142 1266 4196; x_wconf 90' lang='lat' dir='ltr'><strong>diu</strong></span> <span class='ocrx_word' id='word_1_225' title='bbox 1293 4141 1456 4212; x_wconf 85' lang='lat' dir='ltr'><strong>igitur</strong></span> <span class='ocrx_word' id='word_1_226' title='bbox 1493 4138 1783 4208; x_wconf 87' lang='lat' dir='ltr'><strong>episcopali</strong></span> <span class='ocrx_word' id='word_1_227' title='bbox 1823 4136 1998 4191; x_wconf 78' lang='lat' dir='ltr'><strong>cilicio</strong></span> 
     </span>
    </p>
   </div>
   <div class='ocr_carea' id='block_1_42' title="bbox 428 4234 2000 4293">
    <p class='ocr_par' dir='ltr' id='par_1_42' title="bbox 428 4234 2000 4293">
     <span class='ocr_line' id='line_1_42' title="bbox 428 4234 2000 4293; baseline -0.008 0"><span class='ocrx_word' id='word_1_228' title='bbox 428 4237 672 4293; x_wconf 85' lang='lat' dir='ltr'><strong>destituti</strong></span> <span class='ocrx_word' id='word_1_229' title='bbox 705 4236 761 4290; x_wconf 89' lang='lat' dir='ltr'><strong>in</strong></span> <span class='ocrx_word' id='word_1_230' title='bbox 799 4234 875 4289; x_wconf 90' lang='lat' dir='ltr'><strong>ill.</strong></span> <span class='ocrx_word' id='word_1_231' title='bbox 905 4234 995 4288; x_wconf 89' lang='lat' dir='ltr'><strong>tali</strong></span> <span class='ocrx_word' id='word_1_232' title='bbox 1024 4234 1264 4288; x_wconf 90' lang='lat' dir='ltr'><strong>omnium</strong></span> <span class='ocrx_word' id='word_1_233' title='bbox 1306 4239 1612 4287; x_wconf 80' lang='lat' dir='ltr'><strong>nostrorum</strong></span> <span class='ocrx_word' id='word_1_234' title='bbox 1639 4238 1761 4284; x_wconf 90' lang='lat' dir='ltr'><strong>vota</strong></span> <span class='ocrx_word' id='word_1_235' title='bbox 1808 4238 2000 4283; x_wconf 84' lang='lat' dir='ltr'><strong>contu-</strong></span> 
     </span>
    </p>
   </div>
   <div class='ocr_carea' id='block_1_43' title="bbox 429 4321 1998 4396">
    <p class='ocr_par' dir='ltr' id='par_1_43' title="bbox 429 4321 1998 4396">
     <span class='ocr_line' id='line_1_43' title="bbox 429 4321 1998 4396; baseline -0.006 -12"><span class='ocrx_word' id='word_1_236' title='bbox 429 4329 626 4396; x_wconf 85' lang='lat' dir='ltr'><strong>limus,</strong></span> <span class='ocrx_word' id='word_1_237' title='bbox 651 4338 711 4382; x_wconf 91' lang='lat' dir='ltr'><strong>ut</strong></span> <span class='ocrx_word' id='word_1_238' title='bbox 746 4328 1108 4383; x_wconf 88' lang='lat' dir='ltr'><strong>annuentibus</strong></span> <span class='ocrx_word' id='word_1_239' title='bbox 1145 4326 1298 4382; x_wconf 90' lang='lat' dir='ltr'><strong>vobis</strong></span> <span class='ocrx_word' id='word_1_240' title='bbox 1335 4326 1391 4379; x_wconf 91' lang='lat' dir='ltr'><strong>in</strong></span> <span class='ocrx_word' id='word_1_241' title='bbox 1418 4323 1533 4392; x_wconf 81' lang='lat' dir='ltr'><strong>eius</strong></span> <span class='ocrx_word' id='word_1_242' title='bbox 1563 4323 1738 4379; x_wconf 87' lang='lat' dir='ltr'><strong>locum</strong></span> <span class='ocrx_word' id='word_1_243' title='bbox 1769 4322 1862 4392; x_wconf 90' lang='lat' dir='ltr'><strong>qui</strong></span> <span class='ocrx_word' id='word_1_244' title='bbox 1901 4321 1998 4376; x_wconf 84' lang='lat' dir='ltr'><strong>de-</strong></span> 
     </span>
    </p>
   </div>
   <div class='ocr_carea' id='block_1_44' title="bbox 429 4411 2000 4488">
    <p class='ocr_par' dir='ltr' id='par_1_44' title="bbox 429 4411 2000 4488">
     <span class='ocr_line' id='line_1_44' title="bbox 429 4411 2000 4488; baseline -0.005 -16"><span class='ocrx_word' id='word_1_245' title='bbox 429 4417 647 4474; x_wconf 80' lang='lat' dir='ltr'><strong>functus</strong></span> <span class='ocrx_word' id='word_1_246' title='bbox 670 4428 754 4473; x_wconf 88' lang='lat' dir='ltr'><strong>est</strong></span> <span class='ocrx_word' id='word_1_247' title='bbox 780 4419 1118 4488; x_wconf 88' lang='lat' dir='ltr'><strong>subrogetur.</strong></span> <span class='ocrx_word' id='word_1_248' title='bbox 1150 4415 1380 4470; x_wconf 90' lang='lat' dir='ltr'><strong>Proinde</strong></span> <span class='ocrx_word' id='word_1_249' title='bbox 1406 4429 1691 4485; x_wconf 88' lang='lat' dir='ltr'><strong>precamur</strong></span> <span class='ocrx_word' id='word_1_250' title='bbox 1730 4411 2000 4482; x_wconf 81' lang='lat' dir='ltr'><strong>apostola-</strong></span> 
     </span>
    </p>
   </div>
   <div class='ocr_carea' id='block_1_45' title="bbox 433 4502 1999 4574">
    <p class='ocr_par' dir='ltr' id='par_1_45' title="bbox 433 4502 1999 4574">
     <span class='ocr_line' id='line_1_45' title="bbox 433 4502 1999 4574; baseline -0.004 -11"><span class='ocrx_word' id='word_1_251' title='bbox 433 4519 550 4563; x_wconf 86' lang='lat' dir='ltr'><strong>tum</strong></span> <span class='ocrx_word' id='word_1_252' title='bbox 567 4518 828 4572; x_wconf 90' lang='lat' dir='ltr'><strong>vestrum,</strong></span> <span class='ocrx_word' id='word_1_253' title='bbox 859 4507 1072 4562; x_wconf 89' lang='lat' dir='ltr'><strong>domine</strong></span> <span class='ocrx_word' id='word_1_254' title='bbox 1108 4506 1418 4561; x_wconf 87' lang='lat' dir='ltr'><strong>beatissime</strong></span> <span class='ocrx_word' id='word_1_255' title='bbox 1453 4519 1624 4574; x_wconf 89' lang='lat' dir='ltr'><strong>papa,</strong></span> <span class='ocrx_word' id='word_1_256' title='bbox 1661 4513 1719 4557; x_wconf 91' lang='lat' dir='ltr'><strong>ut</strong></span> <span class='ocrx_word' id='word_1_257' title='bbox 1765 4502 1841 4557; x_wconf 90' lang='lat' dir='ltr'><strong>ill.</strong></span> <span class='ocrx_word' id='word_1_258' title='bbox 1897 4517 1999 4571; x_wconf 91' lang='lat' dir='ltr'><strong>pro</strong></span> 
     </span>
    </p>
   </div>
   <div class='ocr_carea' id='block_1_46' title="bbox 430 4591 1998 4666">
    <p class='ocr_par' dir='ltr' id='par_1_46' title="bbox 430 4591 1998 4666">
     <span class='ocr_line' id='line_1_46' title="bbox 430 4591 1998 4666; baseline -0.004 -14"><span class='ocrx_word' id='word_1_259' title='bbox 430 4606 609 4654; x_wconf 89' lang='lat' dir='ltr'><strong>vestra</strong></span> <span class='ocrx_word' id='word_1_260' title='bbox 635 4596 964 4666; x_wconf 75' lang='lat' dir='ltr'><strong>benignitate</strong></span> <span class='ocrx_word' id='word_1_261' title='bbox 1008 4610 1245 4650; x_wconf 88' lang='lat' dir='ltr'><strong>annuere</strong></span> <span class='ocrx_word' id='word_1_262' title='bbox 1273 4594 1590 4666; x_wconf 85' lang='lat' dir='ltr'><strong>dignemini,</strong></span> <span class='ocrx_word' id='word_1_263' title='bbox 1611 4593 1754 4662; x_wconf 87' lang='lat' dir='ltr'><strong>quod</strong></span> <span class='ocrx_word' id='word_1_264' title='bbox 1785 4591 1998 4661; x_wconf 84' lang='lat' dir='ltr'><strong>religio-</strong></span> 
     </span>
    </p>
   </div>
   <div class='ocr_carea' id='block_1_47' title="bbox 431 4686 1404 4758">
    <p class='ocr_par' dir='ltr' id='par_1_47' title="bbox 431 4686 1404 4758">
     <span class='ocr_line' id='line_1_47' title="bbox 431 4686 1404 4758; baseline -0.004 -16"><span class='ocrx_word' id='word_1_265' title='bbox 431 4691 516 4744; x_wconf 89' lang='lat' dir='ltr'><strong>nis</strong></span> <span class='ocrx_word' id='word_1_266' title='bbox 541 4689 718 4744; x_wconf 86' lang='lat' dir='ltr'><strong>studio</strong></span> <span class='ocrx_word' id='word_1_267' title='bbox 754 4688 1097 4758; x_wconf 75' lang='lat' dir='ltr'><strong>cognoscitur</strong></span> <span class='ocrx_word' id='word_1_268' title='bbox 1122 4686 1404 4756; x_wconf 86' lang='lat' dir='ltr'><strong>postulari.</strong></span> 
     </span>
    </p>
   </div>
   <div class='ocr_carea' id='block_1_48' title="bbox 925 4775 1512 4842">
    <p class='ocr_par' dir='ltr' id='par_1_48' title="bbox 925 4775 1512 4842">
     <span class='ocr_line' id='line_1_48' title="bbox 925 4775 1512 4842; baseline -0.007 -13"><span class='ocrx_word' id='word_1_269' title='bbox 925 4775 1061 4830; x_wconf 85' lang='lat' dir='ltr'><strong>Item</strong></span> <span class='ocrx_word' id='word_1_270' title='bbox 1089 4775 1234 4828; x_wconf 81' lang='lat' dir='ltr'><strong>aliud</strong></span> <span class='ocrx_word' id='word_1_271' title='bbox 1259 4775 1512 4842; x_wconf 75' lang='lat' dir='ltr'><strong>ejusdem.</strong></span> 
     </span>
    </p>
   </div>
   <div class='ocr_carea' id='block_1_49' title="bbox 503 4859 1998 4922">
    <p class='ocr_par' dir='ltr' id='par_1_49' title="bbox 503 4859 1998 4922">
     <span class='ocr_line' id='line_1_49' title="bbox 503 4859 1998 4922; baseline -0.001 -8"><span class='ocrx_word' id='word_1_272' title='bbox 503 4862 777 4918; x_wconf 72' lang='lat' dir='ltr'><strong>Desideria</strong></span> <span class='ocrx_word' id='word_1_273' title='bbox 801 4864 1225 4917; x_wconf 88' lang='lat' dir='ltr'><strong>venerandorum</strong></span> <span class='ocrx_word' id='word_1_274' title='bbox 1259 4876 1524 4915; x_wconf 87' lang='lat' dir='ltr'><strong>canonum</strong></span> <span class='ocrx_word' id='word_1_275' title='bbox 1556 4859 1862 4922; x_wconf 85' lang='lat' dir='ltr'><strong>traditione,</strong></span> <span class='ocrx_word' id='word_1_276' title='bbox 1892 4873 1998 4913; x_wconf 90' lang='lat' dir='ltr'><strong>non</strong></span> 
     </span>
    </p>
   </div>
   <div class='ocr_carea' id='block_1_50' title="bbox 432 4948 2002 5020">
    <p class='ocr_par' dir='ltr' id='par_1_50' title="bbox 432 4948 2002 5020">
     <span class='ocr_line' id='line_1_50' title="bbox 432 4948 2002 5020; baseline -0.001 -16"><span class='ocrx_word' id='word_1_277' title='bbox 432 4951 741 5020; x_wconf 82' lang='lat' dir='ltr'><strong>discrepant</strong></span> <span class='ocrx_word' id='word_1_278' title='bbox 764 4951 1112 5005; x_wconf 85' lang='lat' dir='ltr'><strong>beatitudinis</strong></span> <span class='ocrx_word' id='word_1_279' title='bbox 1145 4951 1246 5004; x_wconf 87' lang='lat' dir='ltr'><strong>sibi</strong></span> <span class='ocrx_word' id='word_1_280' title='bbox 1280 4949 1624 5018; x_wconf 80' lang='lat' dir='ltr'><strong>poscentibus</strong></span> <span class='ocrx_word' id='word_1_281' title='bbox 1645 4948 1850 5018; x_wconf 86' lang='lat' dir='ltr'><strong>judicio</strong></span> <span class='ocrx_word' id='word_1_282' title='bbox 1875 4949 2002 5002; x_wconf 89' lang='lat' dir='ltr'><strong>sub-</strong></span> 
     </span>
    </p>
   </div>
   <div class='ocr_carea' id='block_1_51' title="bbox 1990 1067 2044 1124">
    <p class='ocr_par' dir='ltr' id='par_1_51' title="bbox 1990 1067 2044 1124">
     <span class='ocr_line' id='line_1_51' title="bbox 1990 1067 2044 1124; baseline 0 0"><span class='ocrx_word' id='word_1_283' title='bbox 1990 1067 2044 1124; x_wconf 79' lang='grc' dir='ltr'><strong>Α</strong></span> 
     </span>
    </p>
   </div>
   <div class='ocr_carea' id='block_1_52' title="bbox 2148 1096 3534 1140">
    <p class='ocr_par' dir='ltr' id='par_1_52' title="bbox 2148 1096 3534 1140">
     <span class='ocr_line' id='line_1_52' title="bbox 2148 1096 3534 1140; baseline 0 -4"><span class='ocrx_word' id='word_1_284' title='bbox 2148 1097 2370 1138; x_wconf 63' lang='grc' dir='ltr'><strong>»ινεκελ</strong></span> <span class='ocrx_word' id='word_1_285' title='bbox 2405 1098 2705 1139; x_wconf 66' lang='grc' dir='ltr'><strong>ιδιιινιιεςιλ</strong></span> <span class='ocrx_word' id='word_1_286' title='bbox 2741 1096 3079 1138; x_wconf 56' lang='grc' dir='ltr'><strong>ΑΜετοωοε</strong></span> <span class='ocrx_word' id='word_1_287' title='bbox 3125 1097 3534 1140; x_wconf 64' lang='grc' dir='ltr'><strong>Αυῦτοιιιτλτιε.</strong></span> 
     </span>
    </p>
   </div>
   <div class='ocr_carea' id='block_1_53' title="bbox 2831 1175 2876 1228">
    <p class='ocr_par' dir='ltr' id='par_1_53' title="bbox 2831 1175 2876 1228">
     <span class='ocr_line' id='line_1_53' title="bbox 2831 1175 2876 1228; baseline 0 0"><span class='ocrx_word' id='word_1_288' title='bbox 2831 1175 2876 1228; x_wconf 83' lang='grc'><strong>1.</strong></span> 
     </span>
    </p>
   </div>
   <div class='ocr_carea' id='block_1_54' title="bbox 2137 1261 3678 1335">
    <p class='ocr_par' dir='ltr' id='par_1_54' title="bbox 2137 1261 3678 1335">
     <span class='ocr_line' id='line_1_54' title="bbox 2137 1261 3678 1335; baseline 0.002 -19"><span class='ocrx_word' id='word_1_289' title='bbox 2137 1262 2218 1316; x_wconf 90' lang='lat' dir='ltr'><strong>lll.</strong></span> <span class='ocrx_word' id='word_1_290' title='bbox 2265 1263 2548 1333; x_wconf 82' lang='lat' dir='ltr'><strong>episcOpus</strong></span> <span class='ocrx_word' id='word_1_291' title='bbox 2592 1277 2780 1318; x_wconf 86' lang='lat' dir='ltr'><strong>servus</strong></span> <span class='ocrx_word' id='word_1_292' title='bbox 2820 1274 3100 1319; x_wconf 86' lang='lat' dir='ltr'><strong>servorum</strong></span> <span class='ocrx_word' id='word_1_293' title='bbox 3142 1263 3238 1316; x_wconf 86' lang='lat' dir='ltr'><strong>Dei</strong></span> <span class='ocrx_word' id='word_1_294' title='bbox 3283 1263 3358 1317; x_wconf 90' lang='lat' dir='ltr'><strong>ill.</strong></span> <span class='ocrx_word' id='word_1_295' title='bbox 3393 1261 3678 1335; x_wconf 51' lang='lat' dir='ltr'><strong>religioso&#39;</strong></span> 
     </span>
    </p>
   </div>
   <div class='ocr_carea' id='block_1_55' title="bbox 2071 1353 3647 1425">
    <p class='ocr_par' dir='ltr' id='par_1_55' title="bbox 2071 1353 3647 1425">
     <span class='ocr_line' id='line_1_55' title="bbox 2071 1353 3647 1425; baseline 0.003 -18"><span class='ocrx_word' id='word_1_296' title='bbox 2071 1353 2251 1407; x_wconf 84' lang='lat' dir='ltr'><strong>abbati</strong></span> <span class='ocrx_word' id='word_1_297' title='bbox 2275 1353 2600 1408; x_wconf 81' lang='lat' dir='ltr'><strong>venerabilis</strong></span> <span class='ocrx_word' id='word_1_298' title='bbox 2626 1354 2938 1408; x_wconf 85' lang='lat' dir='ltr'><strong>monasterii</strong></span> <span class='ocrx_word' id='word_1_299' title='bbox 2978 1362 3182 1409; x_wconf 75' lang='lat' dir='ltr'><strong>sancta:</strong></span> <span class='ocrx_word' id='word_1_300' title='bbox 3224 1355 3318 1409; x_wconf 87' lang='lat' dir='ltr'><strong>Dei</strong></span> <span class='ocrx_word' id='word_1_301' title='bbox 3365 1355 3647 1425; x_wconf 76' lang='lat' dir='ltr'><strong>genitricis</strong></span> 
     </span>
    </p>
   </div>
   <div class='ocr_carea' id='block_1_56' title="bbox 2073 1440 3646 1514">
    <p class='ocr_par' dir='ltr' id='par_1_56' title="bbox 2073 1440 3646 1514">
     <span class='ocr_line' id='line_1_56' title="bbox 2073 1440 3646 1514; baseline 0.003 -18"><span class='ocrx_word' id='word_1_302' title='bbox 2073 1455 2285 1510; x_wconf 88' lang='lat' dir='ltr'><strong>semper</strong></span> <span class='ocrx_word' id='word_1_303' title='bbox 2326 1441 2549 1512; x_wconf 84' lang='lat' dir='ltr'><strong>virginis</strong></span> <span class='ocrx_word' id='word_1_304' title='bbox 2570 1440 2749 1496; x_wconf 67' lang='lat' dir='ltr'><strong>Mariae</strong></span> <span class='ocrx_word' id='word_1_305' title='bbox 2778 1443 3006 1497; x_wconf 71' lang='lat' dir='ltr'><strong>domina:</strong></span> <span class='ocrx_word' id='word_1_306' title='bbox 3042 1452 3265 1509; x_wconf 61' lang='lat' dir='ltr'><strong>nostra,</strong></span> <span class='ocrx_word' id='word_1_307' title='bbox 3303 1453 3358 1499; x_wconf 85' lang='lat' dir='ltr'><strong>et</strong></span> <span class='ocrx_word' id='word_1_308' title='bbox 3391 1461 3490 1514; x_wconf 89' lang='lat' dir='ltr'><strong>per</strong></span> <span class='ocrx_word' id='word_1_309' title='bbox 3521 1461 3646 1500; x_wconf 89' lang='lat' dir='ltr'><strong>eum</strong></span> 
     </span>
    </p>
   </div>
   <div class='ocr_carea' id='block_1_57' title="bbox 2074 1531 3644 1604">
    <p class='ocr_par' dir='ltr' id='par_1_57' title="bbox 2074 1531 3644 1604">
     <span class='ocr_line' id='line_1_57' title="bbox 2074 1531 3644 1604; baseline 0.003 -18"><span class='ocrx_word' id='word_1_310' title='bbox 2074 1531 2216 1586; x_wconf 90' lang='lat' dir='ltr'><strong>idem</strong></span> <span class='ocrx_word' id='word_1_311' title='bbox 2274 1532 2567 1587; x_wconf 87' lang='lat' dir='ltr'><strong>venerabili</strong></span> <span class='ocrx_word' id='word_1_312' title='bbox 2616 1534 2942 1588; x_wconf 88' lang='lat' dir='ltr'><strong>monasterio</strong></span> <span class='ocrx_word' id='word_1_313' title='bbox 2998 1534 3053 1588; x_wconf 93' lang='lat' dir='ltr'><strong>in</strong></span> <span class='ocrx_word' id='word_1_314' title='bbox 3114 1543 3455 1604; x_wconf 90' lang='lat' dir='ltr'><strong>perpetuum.</strong></span> <span class='ocrx_word' id='word_1_315' title='bbox 3505 1536 3644 1591; x_wconf 90' lang='lat' dir='ltr'><strong>Cum</strong></span> 
     </span>
    </p>
   </div>
   <div class='ocr_carea' id='block_1_58' title="bbox 2072 1623 3643 1696">
    <p class='ocr_par' dir='ltr' id='par_1_58' title="bbox 2072 1623 3643 1696">
     <span class='ocr_line' id='line_1_58' title="bbox 2072 1623 3643 1696; baseline 0.003 -20"><span class='ocrx_word' id='word_1_316' title='bbox 2072 1636 2297 1677; x_wconf 65' lang='lat' dir='ltr'><strong>summa:</strong></span> <span class='ocrx_word' id='word_1_317' title='bbox 2319 1624 2624 1692; x_wconf 71' lang='lat' dir='ltr'><strong>apostolicae</strong></span> <span class='ocrx_word' id='word_1_318' title='bbox 2652 1625 2926 1695; x_wconf 88' lang='lat' dir='ltr'><strong>dignitatis</strong></span> <span class='ocrx_word' id='word_1_319' title='bbox 2954 1623 3089 1694; x_wconf 77' lang='lat' dir='ltr'><strong>apex</strong></span> <span class='ocrx_word' id='word_1_320' title='bbox 3121 1627 3174 1679; x_wconf 92' lang='lat' dir='ltr'><strong>in</strong></span> <span class='ocrx_word' id='word_1_321' title='bbox 3199 1627 3302 1680; x_wconf 88' lang='lat' dir='ltr'><strong>hoc</strong></span> <span class='ocrx_word' id='word_1_322' title='bbox 3323 1627 3488 1681; x_wconf 91' lang='lat' dir='ltr'><strong>divini</strong></span> <span class='ocrx_word' id='word_1_323' title='bbox 3512 1643 3643 1696; x_wconf 84' lang='lat' dir='ltr'><strong>pro-</strong></span> 
     </span>
    </p>
   </div>
   <div class='ocr_carea' id='block_1_59' title="bbox 2077 1713 3650 1785">
    <p class='ocr_par' dir='ltr' id='par_1_59' title="bbox 2077 1713 3650 1785">
     <span class='ocr_line' id='line_1_59' title="bbox 2077 1713 3650 1785; baseline 0.004 -21"><span class='ocrx_word' id='word_1_324' title='bbox 2077 1721 2292 1780; x_wconf 88' lang='lat' dir='ltr'><strong>spectus</strong></span> <span class='ocrx_word' id='word_1_325' title='bbox 2325 1713 2502 1767; x_wconf 88' lang='lat' dir='ltr'><strong>nitore</strong></span> <span class='ocrx_word' id='word_1_326' title='bbox 2525 1714 2857 1783; x_wconf 84' lang='lat' dir='ltr'><strong>dignoscitur</strong></span> <span class='ocrx_word' id='word_1_327' title='bbox 2882 1713 3220 1785; x_wconf 74' lang='lat' dir='ltr'><strong>prtefulgere,</strong></span> <span class='ocrx_word' id='word_1_328' title='bbox 3242 1730 3363 1771; x_wconf 90' lang='lat' dir='ltr'><strong>cum</strong></span> <span class='ocrx_word' id='word_1_329' title='bbox 3401 1717 3453 1771; x_wconf 92' lang='lat' dir='ltr'><strong>in</strong></span> <span class='ocrx_word' id='word_1_330' title='bbox 3495 1732 3650 1773; x_wconf 80' lang='lat' dir='ltr'><strong>exer-</strong></span> 
     </span>
    </p>
   </div>
   <div class='ocr_carea' id='block_1_60' title="bbox 2076 1800 3651 1872">
    <p class='ocr_par' dir='ltr' id='par_1_60' title="bbox 2076 1800 3651 1872">
     <span class='ocr_line' id='line_1_60' title="bbox 2076 1800 3651 1872; baseline 0.006 -20"><span class='ocrx_word' id='word_1_331' title='bbox 2076 1800 2261 1853; x_wconf 86' lang='lat' dir='ltr'><strong>cendis</strong></span> <span class='ocrx_word' id='word_1_332' title='bbox 2301 1800 2394 1854; x_wconf 89' lang='lat' dir='ltr'><strong>Dei</strong></span> <span class='ocrx_word' id='word_1_333' title='bbox 2429 1801 2676 1856; x_wconf 85' lang='lat' dir='ltr'><strong>laudibus</strong></span> <span class='ocrx_word' id='word_1_334' title='bbox 2711 1803 2793 1856; x_wconf 90' lang='lat' dir='ltr'><strong>sui</strong></span> <span class='ocrx_word' id='word_1_335' title='bbox 2834 1804 3128 1872; x_wconf 87' lang='lat' dir='ltr'><strong>impensius</strong></span> <span class='ocrx_word' id='word_1_336' title='bbox 3170 1805 3406 1861; x_wconf 87' lang='lat' dir='ltr'><strong>studebit</strong></span> <span class='ocrx_word' id='word_1_337' title='bbox 3449 1805 3651 1862; x_wconf 83' lang='lat' dir='ltr'><strong>laboris</strong></span> 
     </span>
    </p>
   </div>
   <div class='ocr_carea' id='block_1_61' title="bbox 2081 1888 3647 1966">
    <p class='ocr_par' dir='ltr' id='par_1_61' title="bbox 2081 1888 3647 1966">
     <span class='ocr_line' id='line_1_61' title="bbox 2081 1888 3647 1966; baseline 0.006 -24"><span class='ocrx_word' id='word_1_338' title='bbox 2081 1888 2320 1942; x_wconf 79' lang='lat' dir='ltr'><strong>exhiberi</strong></span> <span class='ocrx_word' id='word_1_339' title='bbox 2352 1897 2643 1954; x_wconf 88' lang='lat' dir='ltr'><strong>certamen,</strong></span> <span class='ocrx_word' id='word_1_340' title='bbox 2672 1889 2742 1946; x_wconf 93' lang='lat' dir='ltr'><strong>ob</strong></span> <span class='ocrx_word' id='word_1_341' title='bbox 2779 1891 2882 1945; x_wconf 86' lang='lat' dir='ltr'><strong>hoc</strong></span> <span class='ocrx_word' id='word_1_342' title='bbox 2909 1892 3088 1946; x_wconf 89' lang='lat' dir='ltr'><strong>debita</strong></span> <span class='ocrx_word' id='word_1_343' title='bbox 3128 1909 3226 1948; x_wconf 91' lang='lat' dir='ltr'><strong>nos</strong></span> <span class='ocrx_word' id='word_1_344' title='bbox 3253 1893 3491 1962; x_wconf 78' lang='lat' dir='ltr'><strong>ejusdem</strong></span> <span class='ocrx_word' id='word_1_345' title='bbox 3518 1912 3647 1966; x_wconf 85' lang='lat' dir='ltr'><strong>apo-</strong></span> 
     </span>
    </p>
   </div>
   <div class='ocr_carea' id='block_1_62' title="bbox 2079 1977 3651 2055">
    <p class='ocr_par' dir='ltr' id='par_1_62' title="bbox 2079 1977 3651 2055">
     <span class='ocr_line' id='line_1_62' title="bbox 2079 1977 3651 2055; baseline 0.006 -25"><span class='ocrx_word' id='word_1_346' title='bbox 2079 1977 2280 2031; x_wconf 72' lang='lat' dir='ltr'><strong>stolicaa</strong></span> <span class='ocrx_word' id='word_1_347' title='bbox 2325 1979 2614 2047; x_wconf 87' lang='lat' dir='ltr'><strong>pastoralis</strong></span> <span class='ocrx_word' id='word_1_348' title='bbox 2642 1979 2899 2049; x_wconf 90' lang='lat' dir='ltr'><strong>compulit</strong></span> <span class='ocrx_word' id='word_1_349' title='bbox 2925 1980 3300 2038; x_wconf 90' lang='lat' dir='ltr'><strong>sollicitudinis</strong></span> <span class='ocrx_word' id='word_1_350' title='bbox 3329 1999 3478 2049; x_wconf 89' lang='lat' dir='ltr'><strong>cura,</strong></span> <span class='ocrx_word' id='word_1_351' title='bbox 3506 2001 3651 2055; x_wconf 76' lang='lat' dir='ltr'><strong>qua:-</strong></span> 
     </span>
    </p>
   </div>
   <div class='ocr_carea' id='block_1_63' title="bbox 2079 2067 3654 2143">
    <p class='ocr_par' dir='ltr' id='par_1_63' title="bbox 2079 2067 3654 2143">
     <span class='ocr_line' id='line_1_63' title="bbox 2079 2067 3654 2143; baseline 0.006 -23"><span class='ocrx_word' id='word_1_352' title='bbox 2079 2081 2184 2134; x_wconf 88' lang='lat' dir='ltr'><strong>que</strong></span> <span class='ocrx_word' id='word_1_353' title='bbox 2232 2067 2298 2122; x_wconf 90' lang='lat' dir='ltr'><strong>ad</strong></span> <span class='ocrx_word' id='word_1_354' title='bbox 2343 2068 2694 2124; x_wconf 88' lang='lat' dir='ltr'><strong>stabilitatem</strong></span> <span class='ocrx_word' id='word_1_355' title='bbox 2744 2071 2955 2138; x_wconf 88' lang='lat' dir='ltr'><strong>piorum</strong></span> <span class='ocrx_word' id='word_1_356' title='bbox 3011 2071 3282 2140; x_wconf 89' lang='lat' dir='ltr'><strong>pertinere</strong></span> <span class='ocrx_word' id='word_1_357' title='bbox 3323 2073 3654 2143; x_wconf 88' lang='lat' dir='ltr'><strong>dignoscitur</strong></span> 
     </span>
    </p>
   </div>
   <div class='ocr_carea' id='block_1_64' title="bbox 2078 2156 3651 2230">
    <p class='ocr_par' dir='ltr' id='par_1_64' title="bbox 2078 2156 3651 2230">
     <span class='ocr_line' id='line_1_64' title="bbox 2078 2156 3651 2230; baseline 0.006 -21"><span class='ocrx_word' id='word_1_358' title='bbox 2078 2156 2316 2210; x_wconf 91' lang='lat' dir='ltr'><strong>locorum</strong></span> <span class='ocrx_word' id='word_1_359' title='bbox 2346 2158 2576 2213; x_wconf 89' lang='lat' dir='ltr'><strong>ubertim</strong></span> <span class='ocrx_word' id='word_1_360' title='bbox 2617 2159 2968 2229; x_wconf 86' lang='lat' dir='ltr'><strong>promulgari,</strong></span> <span class='ocrx_word' id='word_1_361' title='bbox 2991 2169 3046 2216; x_wconf 88' lang='lat' dir='ltr'><strong>et</strong></span> <span class='ocrx_word' id='word_1_362' title='bbox 3096 2162 3404 2230; x_wconf 73' lang='lat' dir='ltr'><strong>apostolica:</strong></span> <span class='ocrx_word' id='word_1_363' title='bbox 3435 2164 3651 2220; x_wconf 86' lang='lat' dir='ltr'><strong>institu-</strong></span> 
     </span>
    </p>
   </div>
   <div class='ocr_carea' id='block_1_65' title="bbox 2080 2246 3652 2321">
    <p class='ocr_par' dir='ltr' id='par_1_65' title="bbox 2080 2246 3652 2321">
     <span class='ocr_line' id='line_1_65' title="bbox 2080 2246 3652 2321; baseline 0.006 -22"><span class='ocrx_word' id='word_1_364' title='bbox 2080 2246 2243 2300; x_wconf 91' lang='lat' dir='ltr'><strong>tionis</strong></span> <span class='ocrx_word' id='word_1_365' title='bbox 2293 2262 2519 2300; x_wconf 89' lang='lat' dir='ltr'><strong>censura</strong></span> <span class='ocrx_word' id='word_1_366' title='bbox 2564 2248 2894 2303; x_wconf 88' lang='lat' dir='ltr'><strong>confirmari.</strong></span> <span class='ocrx_word' id='word_1_367' title='bbox 2938 2249 3104 2316; x_wconf 84' lang='lat' dir='ltr'><strong>Igitur</strong></span> <span class='ocrx_word' id='word_1_368' title='bbox 3152 2252 3278 2320; x_wconf 87' lang='lat' dir='ltr'><strong>quia</strong></span> <span class='ocrx_word' id='word_1_369' title='bbox 3316 2253 3594 2321; x_wconf 83' lang='lat' dir='ltr'><strong>postulasti</strong></span> <span class='ocrx_word' id='word_1_370' title='bbox 3622 2271 3652 2308; x_wconf 89' lang='lat' dir='ltr'><strong>a</strong></span> 
     </span>
    </p>
   </div>
   <div class='ocr_carea' id='block_1_66' title="bbox 2083 2333 3655 2408">
    <p class='ocr_par' dir='ltr' id='par_1_66' title="bbox 2083 2333 3655 2408">
     <span class='ocr_line' id='line_1_66' title="bbox 2083 2333 3655 2408; baseline 0.008 -22"><span class='ocrx_word' id='word_1_371' title='bbox 2083 2333 2236 2387; x_wconf 89' lang='lat' dir='ltr'><strong>nobis</strong></span> <span class='ocrx_word' id='word_1_372' title='bbox 2269 2344 2534 2403; x_wconf 88' lang='lat' dir='ltr'><strong>quatenus</strong></span> <span class='ocrx_word' id='word_1_373' title='bbox 2577 2337 2963 2392; x_wconf 87' lang='lat' dir='ltr'><strong>monasterium</strong></span> <span class='ocrx_word' id='word_1_374' title='bbox 3004 2348 3204 2392; x_wconf 68' lang='lat' dir='ltr'><strong>sanctae</strong></span> <span class='ocrx_word' id='word_1_375' title='bbox 3231 2339 3324 2394; x_wconf 89' lang='lat' dir='ltr'><strong>Dei</strong></span> <span class='ocrx_word' id='word_1_376' title='bbox 3380 2342 3655 2408; x_wconf 86' lang='lat' dir='ltr'><strong>genitricis</strong></span> 
     </span>
    </p>
   </div>
   <div class='ocr_carea' id='block_1_67' title="bbox 2084 2423 3656 2494">
    <p class='ocr_par' dir='ltr' id='par_1_67' title="bbox 2084 2423 3656 2494">
     <span class='ocr_line' id='line_1_67' title="bbox 2084 2423 3656 2494; baseline 0.006 -18"><span class='ocrx_word' id='word_1_377' title='bbox 2084 2435 2298 2491; x_wconf 83' lang='lat' dir='ltr'><strong>semper</strong></span> <span class='ocrx_word' id='word_1_378' title='bbox 2329 2423 2555 2494; x_wconf 82' lang='lat' dir='ltr'><strong>virginis</strong></span> <span class='ocrx_word' id='word_1_379' title='bbox 2577 2424 2758 2478; x_wconf 65' lang='lat' dir='ltr'><strong>Maria:</strong></span> <span class='ocrx_word' id='word_1_380' title='bbox 2775 2425 3003 2480; x_wconf 67' lang='lat' dir='ltr'><strong>dominae</strong></span> <span class='ocrx_word' id='word_1_381' title='bbox 3026 2435 3242 2492; x_wconf 61' lang='lat' dir='ltr'><strong>nostrai,</strong></span> <span class='ocrx_word' id='word_1_382' title='bbox 3266 2429 3428 2484; x_wconf 86' lang='lat' dir='ltr'><strong>situm</strong></span> <span class='ocrx_word' id='word_1_383' title='bbox 3455 2431 3509 2484; x_wconf 91' lang='lat' dir='ltr'><strong>in</strong></span> <span class='ocrx_word' id='word_1_384' title='bbox 3538 2431 3656 2486; x_wconf 89' lang='lat' dir='ltr'><strong>loco</strong></span> 
     </span>
    </p>
   </div>
   <div class='ocr_carea' id='block_1_68' title="bbox 2084 2509 3655 2591">
    <p class='ocr_par' dir='ltr' id='par_1_68' title="bbox 2084 2509 3655 2591">
     <span class='ocr_line' id='line_1_68' title="bbox 2084 2509 3655 2591; baseline 0.009 -29"><span class='ocrx_word' id='word_1_385' title='bbox 2084 2509 2177 2578; x_wconf 91' lang='lat' dir='ltr'><strong>qui</strong></span> <span class='ocrx_word' id='word_1_386' title='bbox 2223 2518 2448 2565; x_wconf 88' lang='lat' dir='ltr'><strong>vocatur</strong></span> <span class='ocrx_word' id='word_1_387' title='bbox 2484 2511 2864 2580; x_wconf 85' lang='lat' dir='ltr'><strong>Plumbariolo,</strong></span> <span class='ocrx_word' id='word_1_388' title='bbox 2889 2517 3163 2572; x_wconf 87' lang='lat' dir='ltr'><strong>territorio</strong></span> <span class='ocrx_word' id='word_1_389' title='bbox 3185 2518 3516 2588; x_wconf 87' lang='lat' dir='ltr'><strong>Aquinense,</strong></span> <span class='ocrx_word' id='word_1_390' title='bbox 3544 2523 3655 2591; x_wconf 88' lang='lat' dir='ltr'><strong>pri-</strong></span> 
     </span>
    </p>
   </div>
   <div class='ocr_carea' id='block_1_69' title="bbox 2084 2602 3658 2678">
    <p class='ocr_par' dir='ltr' id='par_1_69' title="bbox 2084 2602 3658 2678">
     <span class='ocr_line' id='line_1_69' title="bbox 2084 2602 3658 2678; baseline 0.008 -23"><span class='ocrx_word' id='word_1_391' title='bbox 2084 2602 2292 2673; x_wconf 80' lang='lat' dir='ltr'><strong>vilegiis</strong></span> <span class='ocrx_word' id='word_1_392' title='bbox 2351 2605 2494 2660; x_wconf 87' lang='lat' dir='ltr'><strong>sedis</strong></span> <span class='ocrx_word' id='word_1_393' title='bbox 2546 2609 2853 2677; x_wconf 65' lang='lat' dir='ltr'><strong>apostolica:</strong></span> <span class='ocrx_word' id='word_1_394' title='bbox 2900 2610 3082 2666; x_wconf 78' lang='lat' dir='ltr'><strong>infulis</strong></span> <span class='ocrx_word' id='word_1_395' title='bbox 3123 2613 3424 2678; x_wconf 79' lang='lat' dir='ltr'><strong>decoretur,</strong></span> <span class='ocrx_word' id='word_1_396' title='bbox 3454 2620 3515 2665; x_wconf 92' lang='lat' dir='ltr'><strong>ut</strong></span> <span class='ocrx_word' id='word_1_397' title='bbox 3556 2615 3658 2667; x_wconf 91' lang='lat' dir='ltr'><strong>sub</strong></span> 
     </span>
    </p>
   </div>
   <div class='ocr_carea' id='block_1_70' title="bbox 2079 2690 3660 2765">
    <p class='ocr_par' dir='ltr' id='par_1_70' title="bbox 2079 2690 3660 2765">
     <span class='ocr_line' id='line_1_70' title="bbox 2079 2690 3660 2765; baseline 0.007 -20"><span class='ocrx_word' id='word_1_398' title='bbox 2079 2690 2456 2762; x_wconf 89' lang='lat' dir='ltr'><strong>jurisdictione</strong></span> <span class='ocrx_word' id='word_1_399' title='bbox 2484 2707 2683 2752; x_wconf 65' lang='lat' dir='ltr'><strong>sancte</strong></span> <span class='ocrx_word' id='word_1_400' title='bbox 2716 2708 2935 2765; x_wconf 69' lang='lat' dir='ltr'><strong>nostrae,</strong></span> <span class='ocrx_word' id='word_1_401' title='bbox 2958 2701 3047 2757; x_wconf 91' lang='lat' dir='ltr'><strong>cui</strong></span> <span class='ocrx_word' id='word_1_402' title='bbox 3075 2702 3182 2756; x_wconf 89' lang='lat' dir='ltr'><strong>Deo</strong></span> <span class='ocrx_word' id='word_1_403' title='bbox 3215 2712 3436 2757; x_wconf 91' lang='lat' dir='ltr'><strong>auctore</strong></span> <span class='ocrx_word' id='word_1_404' title='bbox 3481 2701 3660 2756; x_wconf 89' lang='lat' dir='ltr'><strong>deser-</strong></span> 
     </span>
    </p>
   </div>
   <div class='ocr_carea' id='block_1_71' title="bbox 2085 2785 3659 2856">
    <p class='ocr_par' dir='ltr' id='par_1_71' title="bbox 2085 2785 3659 2856">
     <span class='ocr_line' id='line_1_71' title="bbox 2085 2785 3659 2856; baseline 0.006 -19"><span class='ocrx_word' id='word_1_405' title='bbox 2085 2785 2282 2849; x_wconf 90' lang='lat' dir='ltr'><strong>vimus,</strong></span> <span class='ocrx_word' id='word_1_406' title='bbox 2315 2786 2568 2842; x_wconf 69' lang='lat' dir='ltr'><strong>Ecclesia:</strong></span> <span class='ocrx_word' id='word_1_407' title='bbox 2595 2791 2967 2856; x_wconf 88' lang='lat' dir='ltr'><strong>constitutum,</strong></span> <span class='ocrx_word' id='word_1_408' title='bbox 3000 2792 3198 2848; x_wconf 90' lang='lat' dir='ltr'><strong>nullius</strong></span> <span class='ocrx_word' id='word_1_409' title='bbox 3217 2793 3444 2848; x_wconf 89' lang='lat' dir='ltr'><strong>alterius</strong></span> <span class='ocrx_word' id='word_1_410' title='bbox 3473 2792 3659 2847; x_wconf 72' lang='lat' dir='ltr'><strong>Eccle-</strong></span> 
     </span>
    </p>
   </div>
   <div class='ocr_carea' id='block_1_72' title="bbox 2088 2875 3665 2952">
    <p class='ocr_par' dir='ltr' id='par_1_72' title="bbox 2088 2875 3665 2952">
     <span class='ocr_line' id='line_1_72' title="bbox 2088 2875 3665 2952; baseline 0.004 -22"><span class='ocrx_word' id='word_1_411' title='bbox 2088 2876 2183 2930; x_wconf 73' lang='lat' dir='ltr'><strong>siae</strong></span> <span class='ocrx_word' id='word_1_412' title='bbox 2227 2875 2693 2945; x_wconf 79' lang='lat' dir='ltr'><strong>iurisdictionibus</strong></span> <span class='ocrx_word' id='word_1_413' title='bbox 2733 2883 3116 2937; x_wconf 88' lang='lat' dir='ltr'><strong>submittatur:</strong></span> <span class='ocrx_word' id='word_1_414' title='bbox 3156 2897 3254 2952; x_wconf 93' lang='lat' dir='ltr'><strong>pro</strong></span> <span class='ocrx_word' id='word_1_415' title='bbox 3309 2898 3414 2952; x_wconf 90' lang='lat' dir='ltr'><strong>qua</strong></span> <span class='ocrx_word' id='word_1_416' title='bbox 3464 2897 3524 2937; x_wconf 90' lang='lat' dir='ltr'><strong>re</strong></span> <span class='ocrx_word' id='word_1_417' title='bbox 3561 2883 3665 2951; x_wconf 89' lang='lat' dir='ltr'><strong>piis</strong></span> 
     </span>
    </p>
   </div>
   <div class='ocr_carea' id='block_1_73' title="bbox 2090 2965 3666 3042">
    <p class='ocr_par' dir='ltr' id='par_1_73' title="bbox 2090 2965 3666 3042">
     <span class='ocr_line' id='line_1_73' title="bbox 2090 2965 3666 3042; baseline 0.005 -22"><span class='ocrx_word' id='word_1_418' title='bbox 2090 2965 2371 3022; x_wconf 87' lang='lat' dir='ltr'><strong>desideriis</strong></span> <span class='ocrx_word' id='word_1_419' title='bbox 2392 2966 2638 3025; x_wconf 85' lang='lat' dir='ltr'><strong>faventes</strong></span> <span class='ocrx_word' id='word_1_420' title='bbox 2661 3009 2676 3036; x_wconf 93' lang='lat'><strong>,</strong></span> <span class='ocrx_word' id='word_1_421' title='bbox 2723 2972 2826 3028; x_wconf 89' lang='lat' dir='ltr'><strong>bac</strong></span> <span class='ocrx_word' id='word_1_422' title='bbox 2856 2981 3037 3028; x_wconf 87' lang='lat' dir='ltr'><strong>nostra</strong></span> <span class='ocrx_word' id='word_1_423' title='bbox 3072 2974 3395 3029; x_wconf 86' lang='lat' dir='ltr'><strong>auctoritate</strong></span> <span class='ocrx_word' id='word_1_424' title='bbox 3445 2973 3498 3027; x_wconf 90' lang='lat' dir='ltr'><strong>id</strong></span> <span class='ocrx_word' id='word_1_425' title='bbox 3522 2975 3666 3042; x_wconf 91' lang='lat' dir='ltr'><strong>quod</strong></span> 
     </span>
    </p>
   </div>
   <div class='ocr_carea' id='block_1_74' title="bbox 2091 3059 3666 3134">
    <p class='ocr_par' dir='ltr' id='par_1_74' title="bbox 2091 3059 3666 3134">
     <span class='ocr_line' id='line_1_74' title="bbox 2091 3059 3666 3134; baseline 0.003 -22"><span class='ocrx_word' id='word_1_426' title='bbox 2091 3059 2402 3127; x_wconf 78' lang='lat' dir='ltr'><strong>exposcitur</strong></span> <span class='ocrx_word' id='word_1_427' title='bbox 2421 3059 2634 3116; x_wconf 77' lang='lat' dir='ltr'><strong>effectui</strong></span> <span class='ocrx_word' id='word_1_428' title='bbox 2663 3063 3050 3134; x_wconf 89' lang='lat' dir='ltr'><strong>mancipamus.</strong></span> <span class='ocrx_word' id='word_1_429' title='bbox 3087 3064 3155 3118; x_wconf 84' lang='lat' dir='ltr'><strong>Et</strong></span> <span class='ocrx_word' id='word_1_430' title='bbox 3182 3064 3302 3118; x_wconf 88' lang='lat' dir='ltr'><strong>ideo</strong></span> <span class='ocrx_word' id='word_1_431' title='bbox 3329 3078 3544 3119; x_wconf 88' lang='lat' dir='ltr'><strong>omnem</strong></span> <span class='ocrx_word' id='word_1_432' title='bbox 3573 3078 3666 3116; x_wconf 91' lang='lat' dir='ltr'><strong>cu-</strong></span> 
     </span>
    </p>
   </div>
   <div class='ocr_carea' id='block_1_75' title="bbox 2082 3145 3670 3222">
    <p class='ocr_par' dir='ltr' id='par_1_75' title="bbox 2082 3145 3670 3222">
     <span class='ocr_line' id='line_1_75' title="bbox 2082 3145 3670 3222; baseline 0.004 -22"><span class='ocrx_word' id='word_1_433' title='bbox 2082 3145 2306 3215; x_wconf 88' lang='lat' dir='ltr'><strong>juslibet</strong></span> <span class='ocrx_word' id='word_1_434' title='bbox 2331 3149 2572 3204; x_wconf 79' lang='lat' dir='ltr'><strong>ecclesiae</strong></span> <span class='ocrx_word' id='word_1_435' title='bbox 2611 3154 2944 3208; x_wconf 89' lang='lat' dir='ltr'><strong>sacerdotem</strong></span> <span class='ocrx_word' id='word_1_436' title='bbox 2991 3153 3045 3206; x_wconf 91' lang='lat' dir='ltr'><strong>in</strong></span> <span class='ocrx_word' id='word_1_437' title='bbox 3072 3152 3297 3222; x_wconf 68' lang='lat' dir='ltr'><strong>prrefato</strong></span> <span class='ocrx_word' id='word_1_438' title='bbox 3340 3151 3670 3206; x_wconf 86' lang='lat' dir='ltr'><strong>monasterio</strong></span> 
     </span>
    </p>
   </div>
   <div class='ocr_carea' id='block_1_76' title="bbox 2092 3238 3671 3314">
    <p class='ocr_par' dir='ltr' id='par_1_76' title="bbox 2092 3238 3671 3314">
     <span class='ocr_line' id='line_1_76' title="bbox 2092 3238 3671 3314; baseline 0.004 -22"><span class='ocrx_word' id='word_1_439' title='bbox 2092 3238 2350 3295; x_wconf 88' lang='lat' dir='ltr'><strong>ditionem</strong></span> <span class='ocrx_word' id='word_1_440' title='bbox 2379 3242 2673 3310; x_wconf 87' lang='lat' dir='ltr'><strong>quamlibet</strong></span> <span class='ocrx_word' id='word_1_441' title='bbox 2701 3244 2901 3300; x_wconf 84' lang='lat' dir='ltr'><strong>habere</strong></span> <span class='ocrx_word' id='word_1_442' title='bbox 2927 3246 3028 3301; x_wconf 90' lang='lat' dir='ltr'><strong>hac</strong></span> <span class='ocrx_word' id='word_1_443' title='bbox 3067 3246 3386 3304; x_wconf 81' lang='lat' dir='ltr'><strong>auctoritate</strong></span> <span class='ocrx_word' id='word_1_444' title='bbox 3413 3285 3427 3310; x_wconf 92' lang='lat'><strong>,</strong></span> <span class='ocrx_word' id='word_1_445' title='bbox 3470 3255 3671 3314; x_wconf 69' lang='lat' dir='ltr'><strong>praeter</strong></span> 
     </span>
    </p>
   </div>
   <div class='ocr_carea' id='block_1_77' title="bbox 2093 3327 3668 3401">
    <p class='ocr_par' dir='ltr' id='par_1_77' title="bbox 2093 3327 3668 3401">
     <span class='ocr_line' id='line_1_77' title="bbox 2093 3327 3668 3401; baseline 0.004 -20"><span class='ocrx_word' id='word_1_446' title='bbox 2093 3327 2275 3382; x_wconf 86' lang='lat' dir='ltr'><strong>sedem</strong></span> <span class='ocrx_word' id='word_1_447' title='bbox 2305 3330 2674 3398; x_wconf 89' lang='lat' dir='ltr'><strong>apostolicam,</strong></span> <span class='ocrx_word' id='word_1_448' title='bbox 2702 3334 3084 3401; x_wconf 78' lang='lat' dir='ltr'><strong>prohibemus:</strong></span> <span class='ocrx_word' id='word_1_449' title='bbox 3122 3335 3196 3389; x_wconf 90' lang='lat' dir='ltr'><strong>ita</strong></span> <span class='ocrx_word' id='word_1_450' title='bbox 3222 3347 3280 3388; x_wconf 88' lang='lat' dir='ltr'><strong>ut</strong></span> <span class='ocrx_word' id='word_1_451' title='bbox 3311 3335 3419 3390; x_wconf 89' lang='lat' dir='ltr'><strong>nisi</strong></span> <span class='ocrx_word' id='word_1_452' title='bbox 3455 3335 3525 3389; x_wconf 87' lang='lat' dir='ltr'><strong>ab</strong></span> <span class='ocrx_word' id='word_1_453' title='bbox 3568 3335 3668 3388; x_wconf 87' lang='lat' dir='ltr'><strong>ab-</strong></span> 
     </span>
    </p>
   </div>
   <div class='ocr_carea' id='block_1_78' title="bbox 2091 3419 3671 3491">
    <p class='ocr_par' dir='ltr' id='par_1_78' title="bbox 2091 3419 3671 3491">
     <span class='ocr_line' id='line_1_78' title="bbox 2091 3419 3671 3491; baseline 0.005 -19"><span class='ocrx_word' id='word_1_454' title='bbox 2091 3419 2218 3473; x_wconf 89' lang='lat' dir='ltr'><strong>bate</strong></span> <span class='ocrx_word' id='word_1_455' title='bbox 2245 3422 2558 3490; x_wconf 72' lang='lat' dir='ltr'><strong>monasterii</strong></span> <span class='ocrx_word' id='word_1_456' title='bbox 2589 3421 2751 3478; x_wconf 88' lang='lat' dir='ltr'><strong>fuerit</strong></span> <span class='ocrx_word' id='word_1_457' title='bbox 2798 3424 3087 3491; x_wconf 86' lang='lat' dir='ltr'><strong>invitatus,</strong></span> <span class='ocrx_word' id='word_1_458' title='bbox 3133 3441 3234 3481; x_wconf 91' lang='lat' dir='ltr'><strong>nec</strong></span> <span class='ocrx_word' id='word_1_459' title='bbox 3264 3427 3554 3481; x_wconf 88' lang='lat' dir='ltr'><strong>missarum</strong></span> <span class='ocrx_word' id='word_1_460' title='bbox 3580 3440 3671 3480; x_wconf 91' lang='lat' dir='ltr'><strong>so-</strong></span> 
     </span>
    </p>
   </div>
   <div class='ocr_carea' id='block_1_79' title="bbox 2093 3507 3666 3585">
    <p class='ocr_par' dir='ltr' id='par_1_79' title="bbox 2093 3507 3666 3585">
     <span class='ocr_line' id='line_1_79' title="bbox 2093 3507 3666 3585; baseline 0.007 -26"><span class='ocrx_word' id='word_1_461' title='bbox 2093 3507 2423 3565; x_wconf 89' lang='lat' dir='ltr'><strong>lemnitatem</strong></span> <span class='ocrx_word' id='word_1_462' title='bbox 2476 3511 2673 3566; x_wconf 88' lang='lat' dir='ltr'><strong>ibidem</strong></span> <span class='ocrx_word' id='word_1_463' title='bbox 2718 3513 2984 3583; x_wconf 89' lang='lat' dir='ltr'><strong>quispiam</strong></span> <span class='ocrx_word' id='word_1_464' title='bbox 3018 3525 3310 3585; x_wconf 66' lang='lat' dir='ltr'><strong>praesumat</strong></span> <span class='ocrx_word' id='word_1_465' title='bbox 3368 3515 3666 3579; x_wconf 87' lang='lat' dir='ltr'><strong>celebrare.</strong></span> 
     </span>
    </p>
   </div>
   <div class='ocr_carea' id='block_1_80' title="bbox 2093 3601 3669 3675">
    <p class='ocr_par' dir='ltr' id='par_1_80' title="bbox 2093 3601 3669 3675">
     <span class='ocr_line' id='line_1_80' title="bbox 2093 3601 3669 3675; baseline 0.004 -22"><span class='ocrx_word' id='word_1_466' title='bbox 2093 3601 2403 3656; x_wconf 88' lang='lat' dir='ltr'><strong>omnimodo</strong></span> <span class='ocrx_word' id='word_1_467' title='bbox 2437 3611 2736 3660; x_wconf 89' lang='lat' dir='ltr'><strong>statuentes</strong></span> <span class='ocrx_word' id='word_1_468' title='bbox 2783 3607 3074 3675; x_wconf 89' lang='lat' dir='ltr'><strong>apostolica</strong></span> <span class='ocrx_word' id='word_1_469' title='bbox 3114 3623 3344 3664; x_wconf 86' lang='lat' dir='ltr'><strong>censura</strong></span> <span class='ocrx_word' id='word_1_470' title='bbox 3379 3609 3478 3662; x_wconf 89' lang='lat' dir='ltr'><strong>sub</strong></span> <span class='ocrx_word' id='word_1_471' title='bbox 3504 3607 3669 3662; x_wconf 88' lang='lat' dir='ltr'><strong>divini</strong></span> 
     </span>
    </p>
   </div>
   <div class='ocr_carea' id='block_1_81' title="bbox 2095 3689 3672 3766">
    <p class='ocr_par' dir='ltr' id='par_1_81' title="bbox 2095 3689 3672 3766">
     <span class='ocr_line' id='line_1_81' title="bbox 2095 3689 3672 3766; baseline 0.006 -23"><span class='ocrx_word' id='word_1_472' title='bbox 2095 3690 2283 3760; x_wconf 90' lang='lat' dir='ltr'><strong>judicii</strong></span> <span class='ocrx_word' id='word_1_473' title='bbox 2333 3689 2690 3748; x_wconf 78' lang='lat' dir='ltr'><strong>obtestatione</strong></span> <span class='ocrx_word' id='word_1_474' title='bbox 2715 3734 2731 3760; x_wconf 94' lang='lat'><strong>,</strong></span> <span class='ocrx_word' id='word_1_475' title='bbox 2779 3705 2834 3750; x_wconf 86' lang='lat' dir='ltr'><strong>et</strong></span> <span class='ocrx_word' id='word_1_476' title='bbox 2882 3697 3078 3752; x_wconf 88' lang='lat' dir='ltr'><strong>validis</strong></span> <span class='ocrx_word' id='word_1_477' title='bbox 3116 3707 3276 3766; x_wconf 90' lang='lat' dir='ltr'><strong>atque</strong></span> <span class='ocrx_word' id='word_1_478' title='bbox 3309 3699 3672 3754; x_wconf 84' lang='lat' dir='ltr'><strong>atrocioribus</strong></span> 
     </span>
    </p>
   </div>
   <div class='ocr_carea' id='block_1_82' title="bbox 2099 3781 3671 3860">
    <p class='ocr_par' dir='ltr' id='par_1_82' title="bbox 2099 3781 3671 3860">
     <span class='ocr_line' id='line_1_82' title="bbox 2099 3781 3671 3860; baseline 0.008 -28"><span class='ocrx_word' id='word_1_479' title='bbox 2099 3781 2458 3837; x_wconf 86' lang='lat' dir='ltr'><strong>anathematis</strong></span> <span class='ocrx_word' id='word_1_480' title='bbox 2484 3783 2969 3852; x_wconf 84' lang='lat' dir='ltr'><strong>interdictionibus,</strong></span> <span class='ocrx_word' id='word_1_481' title='bbox 2997 3799 3056 3842; x_wconf 92' lang='lat' dir='ltr'><strong>ut</strong></span> <span class='ocrx_word' id='word_1_482' title='bbox 3078 3805 3253 3859; x_wconf 88' lang='lat' dir='ltr'><strong>neque</strong></span> <span class='ocrx_word' id='word_1_483' title='bbox 3274 3789 3410 3844; x_wconf 89' lang='lat' dir='ltr'><strong>ullus</strong></span> <span class='ocrx_word' id='word_1_484' title='bbox 3432 3805 3671 3860; x_wconf 87' lang='lat' dir='ltr'><strong>unquam</strong></span> 
     </span>
    </p>
   </div>
   <div class='ocr_carea' id='block_1_83' title="bbox 2097 3869 3676 3949">
    <p class='ocr_par' dir='ltr' id='par_1_83' title="bbox 2097 3869 3676 3949">
     <span class='ocr_line' id='line_1_83' title="bbox 2097 3869 3676 3949; baseline 0.004 -24"><span class='ocrx_word' id='word_1_485' title='bbox 2097 3869 2390 3941; x_wconf 64' lang='lat' dir='ltr'><strong>praesumat&#39;</strong></span> <span class='ocrx_word' id='word_1_486' title='bbox 2417 3874 2685 3943; x_wconf 88' lang='lat' dir='ltr'><strong>quispiam</strong></span> <span class='ocrx_word' id='word_1_487' title='bbox 2710 3875 2868 3942; x_wconf 89' lang='lat' dir='ltr'><strong>alius,</strong></span> <span class='ocrx_word' id='word_1_488' title='bbox 2894 3878 3260 3948; x_wconf 85' lang='lat' dir='ltr'><strong>cujuscunque</strong></span> <span class='ocrx_word' id='word_1_489' title='bbox 3297 3881 3367 3936; x_wconf 88' lang='lat' dir='ltr'><strong>sit</strong></span> <span class='ocrx_word' id='word_1_490' title='bbox 3397 3880 3676 3949; x_wconf 84' lang='lat' dir='ltr'><strong>dignitatis</strong></span> 
     </span>
    </p>
   </div>
   <div class='ocr_carea' id='block_1_84' title="bbox 2102 3963 3676 4042">
    <p class='ocr_par' dir='ltr' id='par_1_84' title="bbox 2102 3963 3676 4042">
     <span class='ocr_line' id='line_1_84' title="bbox 2102 3963 3676 4042; baseline 0.004 -26"><span class='ocrx_word' id='word_1_491' title='bbox 2102 3963 2364 4032; x_wconf 76' lang='lat' dir='ltr'><strong>praeditus.</strong></span> <span class='ocrx_word' id='word_1_492' title='bbox 2382 3972 2668 4032; x_wconf 87' lang='lat' dir='ltr'><strong>potestate,</strong></span> <span class='ocrx_word' id='word_1_493' title='bbox 2701 3967 2783 4020; x_wconf 86' lang='lat' dir='ltr'><strong>vel</strong></span> <span class='ocrx_word' id='word_1_494' title='bbox 2808 3969 2971 4022; x_wconf 88' lang='lat' dir='ltr'><strong>etiam</strong></span> <span class='ocrx_word' id='word_1_495' title='bbox 2987 3984 3318 4040; x_wconf 70' lang='lat' dir='ltr'><strong>qumcunque</strong></span> <span class='ocrx_word' id='word_1_496' title='bbox 3339 3985 3527 4042; x_wconf 87' lang='lat' dir='ltr'><strong>magna</strong></span> <span class='ocrx_word' id='word_1_497' title='bbox 3550 3986 3676 4040; x_wconf 84' lang='lat' dir='ltr'><strong>par-</strong></span> 
     </span>
    </p>
   </div>
   <div class='ocr_carea' id='block_1_85' title="bbox 2097 4060 3675 4133">
    <p class='ocr_par' dir='ltr' id='par_1_85' title="bbox 2097 4060 3675 4133">
     <span class='ocr_line' id='line_1_85' title="bbox 2097 4060 3675 4133; baseline 0.007 -26"><span class='ocrx_word' id='word_1_498' title='bbox 2097 4070 2271 4126; x_wconf 84' lang='lat' dir='ltr'><strong>vaque</strong></span> <span class='ocrx_word' id='word_1_499' title='bbox 2292 4073 2521 4127; x_wconf 87' lang='lat' dir='ltr'><strong>persona</strong></span> <span class='ocrx_word' id='word_1_500' title='bbox 2548 4060 2601 4112; x_wconf 91' lang='lat' dir='ltr'><strong>in</strong></span> <span class='ocrx_word' id='word_1_501' title='bbox 2633 4061 2820 4115; x_wconf 89' lang='lat' dir='ltr'><strong>eodem</strong></span> <span class='ocrx_word' id='word_1_502' title='bbox 2864 4065 3211 4128; x_wconf 90' lang='lat' dir='ltr'><strong>monasterio,</strong></span> <span class='ocrx_word' id='word_1_503' title='bbox 3243 4063 3327 4119; x_wconf 90' lang='lat' dir='ltr'><strong>vel</strong></span> <span class='ocrx_word' id='word_1_504' title='bbox 3355 4064 3473 4133; x_wconf 86' lang='lat' dir='ltr'><strong>ejus</strong></span> <span class='ocrx_word' id='word_1_505' title='bbox 3494 4065 3675 4120; x_wconf 85' lang='lat' dir='ltr'><strong>causis</strong></span> 
     </span>
    </p>
   </div>
   <div class='ocr_carea' id='block_1_86' title="bbox 2097 4145 3677 4223">
    <p class='ocr_par' dir='ltr' id='par_1_86' title="bbox 2097 4145 3677 4223">
     <span class='ocr_line' id='line_1_86' title="bbox 2097 4145 3677 4223; baseline 0.008 -25"><span class='ocrx_word' id='word_1_506' title='bbox 2097 4145 2422 4210; x_wconf 88' lang='lat' dir='ltr'><strong>incumbere,</strong></span> <span class='ocrx_word' id='word_1_507' title='bbox 2449 4157 2544 4201; x_wconf 89' lang='lat' dir='ltr'><strong>aut</strong></span> <span class='ocrx_word' id='word_1_508' title='bbox 2569 4147 2636 4202; x_wconf 91' lang='lat' dir='ltr'><strong>de</strong></span> <span class='ocrx_word' id='word_1_509' title='bbox 2665 4151 2826 4204; x_wconf 86' lang='lat' dir='ltr'><strong>rebus</strong></span> <span class='ocrx_word' id='word_1_510' title='bbox 2853 4158 2908 4204; x_wconf 91' lang='lat' dir='ltr'><strong>et</strong></span> <span class='ocrx_word' id='word_1_511' title='bbox 2930 4153 3382 4221; x_wconf 88' lang='lat' dir='ltr'><strong>possessionibus,</strong></span> <span class='ocrx_word' id='word_1_512' title='bbox 3401 4154 3488 4209; x_wconf 87' lang='lat' dir='ltr'><strong>vel</strong></span> <span class='ocrx_word' id='word_1_513' title='bbox 3519 4155 3677 4223; x_wconf 88' lang='lat' dir='ltr'><strong>quid-</strong></span> 
     </span>
    </p>
   </div>
   <div class='ocr_carea' id='block_1_87' title="bbox 2096 4235 3675 4312">
    <p class='ocr_par' dir='ltr' id='par_1_87' title="bbox 2096 4235 3675 4312">
     <span class='ocr_line' id='line_1_87' title="bbox 2096 4235 3675 4312; baseline 0.006 -27"><span class='ocrx_word' id='word_1_514' title='bbox 2096 4235 2226 4303; x_wconf 79' lang='lat' dir='ltr'><strong>quid</strong></span> <span class='ocrx_word' id='word_1_515' title='bbox 2255 4236 2320 4290; x_wconf 91' lang='lat' dir='ltr'><strong>de</strong></span> <span class='ocrx_word' id='word_1_516' title='bbox 2343 4235 2428 4290; x_wconf 87' lang='lat' dir='ltr'><strong>bis</strong></span> <span class='ocrx_word' id='word_1_517' title='bbox 2455 4251 2576 4304; x_wconf 63' lang='lat' dir='ltr'><strong>quae</strong></span> <span class='ocrx_word' id='word_1_518' title='bbox 2606 4237 2654 4290; x_wconf 90' lang='lat' dir='ltr'><strong>ei</strong></span> <span class='ocrx_word' id='word_1_519' title='bbox 2679 4238 2950 4306; x_wconf 89' lang='lat' dir='ltr'><strong>pertinere</strong></span> <span class='ocrx_word' id='word_1_520' title='bbox 2977 4239 3249 4306; x_wconf 86' lang='lat' dir='ltr'><strong>videntur,</strong></span> <span class='ocrx_word' id='word_1_521' title='bbox 3275 4257 3491 4312; x_wconf 90' lang='lat' dir='ltr'><strong>quoquo</strong></span> <span class='ocrx_word' id='word_1_522' title='bbox 3516 4243 3675 4296; x_wconf 90' lang='lat' dir='ltr'><strong>modo</strong></span> 
     </span>
    </p>
   </div>
   <div class='ocr_carea' id='block_1_88' title="bbox 2098 4324 3672 4400">
    <p class='ocr_par' dir='ltr' id='par_1_88' title="bbox 2098 4324 3672 4400">
     <span class='ocr_line' id='line_1_88' title="bbox 2098 4324 3672 4400; baseline 0.003 -21"><span class='ocrx_word' id='word_1_523' title='bbox 2098 4324 2334 4392; x_wconf 84' lang='lat' dir='ltr'><strong>auferre,</strong></span> <span class='ocrx_word' id='word_1_524' title='bbox 2360 4335 2455 4380; x_wconf 89' lang='lat' dir='ltr'><strong>aut</strong></span> <span class='ocrx_word' id='word_1_525' title='bbox 2491 4327 2764 4382; x_wconf 89' lang='lat' dir='ltr'><strong>alienare:</strong></span> <span class='ocrx_word' id='word_1_526' title='bbox 2801 4329 2895 4384; x_wconf 89' lang='lat' dir='ltr'><strong>sed</strong></span> <span class='ocrx_word' id='word_1_527' title='bbox 2936 4346 3037 4386; x_wconf 89' lang='lat' dir='ltr'><strong>nec</strong></span> <span class='ocrx_word' id='word_1_528' title='bbox 3065 4333 3358 4400; x_wconf 89' lang='lat' dir='ltr'><strong>quamlibet</strong></span> <span class='ocrx_word' id='word_1_529' title='bbox 3389 4332 3672 4394; x_wconf 82' lang='lat' dir='ltr'><strong>malitiam,</strong></span> 
     </span>
    </p>
   </div>
   <div class='ocr_carea' id='block_1_89' title="bbox 2099 4415 3684 4492">
    <p class='ocr_par' dir='ltr' id='par_1_89' title="bbox 2099 4415 3684 4492">
     <span class='ocr_line' id='line_1_89' title="bbox 2099 4415 3684 4492; baseline 0.004 -22"><span class='ocrx_word' id='word_1_530' title='bbox 2099 4425 2196 4470; x_wconf 90' lang='lat' dir='ltr'><strong>aut</strong></span> <span class='ocrx_word' id='word_1_531' title='bbox 2216 4415 2445 4484; x_wconf 86' lang='lat' dir='ltr'><strong>jacturae</strong></span> <span class='ocrx_word' id='word_1_532' title='bbox 2470 4417 2792 4484; x_wconf 88' lang='lat' dir='ltr'><strong>molestiam,</strong></span> <span class='ocrx_word' id='word_1_533' title='bbox 2818 4419 3040 4486; x_wconf 91' lang='lat' dir='ltr'><strong>ibidem,</strong></span> <span class='ocrx_word' id='word_1_534' title='bbox 3066 4423 3181 4476; x_wconf 86' lang='lat' dir='ltr'><strong>sive</strong></span> <span class='ocrx_word' id='word_1_535' title='bbox 3220 4423 3389 4492; x_wconf 89' lang='lat' dir='ltr'><strong>pacis,</strong></span> <span class='ocrx_word' id='word_1_536' title='bbox 3413 4423 3528 4477; x_wconf 88' lang='lat' dir='ltr'><strong>sive</strong></span> <span class='ocrx_word' id='word_1_537' title='bbox 3554 4423 3684 4477; x_wconf 83' lang='lat' dir='ltr'><strong>bar-</strong></span> 
     </span>
    </p>
   </div>
   <div class='ocr_carea' id='block_1_90' title="bbox 2100 4507 3671 4584">
    <p class='ocr_par' dir='ltr' id='par_1_90' title="bbox 2100 4507 3671 4584">
     <span class='ocr_line' id='line_1_90' title="bbox 2100 4507 3671 4584; baseline 0.004 -23"><span class='ocrx_word' id='word_1_538' title='bbox 2100 4507 2270 4562; x_wconf 86' lang='lat' dir='ltr'><strong>barici</strong></span> <span class='ocrx_word' id='word_1_539' title='bbox 2302 4509 2576 4578; x_wconf 88' lang='lat' dir='ltr'><strong>temporis,</strong></span> <span class='ocrx_word' id='word_1_540' title='bbox 2599 4525 2814 4578; x_wconf 89' lang='lat' dir='ltr'><strong>quoquo</strong></span> <span class='ocrx_word' id='word_1_541' title='bbox 2843 4512 3003 4566; x_wconf 89' lang='lat' dir='ltr'><strong>modo</strong></span> <span class='ocrx_word' id='word_1_542' title='bbox 3045 4511 3277 4579; x_wconf 86' lang='lat' dir='ltr'><strong>inferre;</strong></span> <span class='ocrx_word' id='word_1_543' title='bbox 3335 4515 3460 4569; x_wconf 92' lang='lat' dir='ltr'><strong>dum</strong></span> <span class='ocrx_word' id='word_1_544' title='bbox 3491 4513 3671 4584; x_wconf 81' lang='lat' dir='ltr'><strong>profe-</strong></span> 
     </span>
    </p>
   </div>
   <div class='ocr_carea' id='block_1_91' title="bbox 2101 4599 3675 4676">
    <p class='ocr_par' dir='ltr' id='par_1_91' title="bbox 2101 4599 3675 4676">
     <span class='ocr_line' id='line_1_91' title="bbox 2101 4599 3675 4676; baseline 0.004 -24"><span class='ocrx_word' id='word_1_545' title='bbox 2101 4606 2188 4652; x_wconf 91' lang='lat' dir='ltr'><strong>cto</strong></span> <span class='ocrx_word' id='word_1_546' title='bbox 2215 4613 2338 4651; x_wconf 85' lang='lat' dir='ltr'><strong>cum</strong></span> <span class='ocrx_word' id='word_1_547' title='bbox 2371 4599 2686 4666; x_wconf 84' lang='lat' dir='ltr'><strong>perenniter</strong></span> <span class='ocrx_word' id='word_1_548' title='bbox 2713 4608 2819 4654; x_wconf 87' lang='lat' dir='ltr'><strong>tam</strong></span> <span class='ocrx_word' id='word_1_549' title='bbox 2847 4601 2930 4673; x_wconf 89' lang='lat' dir='ltr'><strong>(ut</strong></span> <span class='ocrx_word' id='word_1_550' title='bbox 2954 4603 3154 4658; x_wconf 88' lang='lat' dir='ltr'><strong>dictum</strong></span> <span class='ocrx_word' id='word_1_551' title='bbox 3179 4605 3280 4676; x_wconf 88' lang='lat' dir='ltr'><strong>est)</strong></span> <span class='ocrx_word' id='word_1_552' title='bbox 3310 4606 3479 4674; x_wconf 90' lang='lat' dir='ltr'><strong>pacis,</strong></span> <span class='ocrx_word' id='word_1_553' title='bbox 3509 4620 3675 4674; x_wconf 86' lang='lat' dir='ltr'><strong>quam</strong></span> 
     </span>
    </p>
   </div>
   <div class='ocr_carea' id='block_1_92' title="bbox 2098 4689 3674 4760">
    <p class='ocr_par' dir='ltr' id='par_1_92' title="bbox 2098 4689 3674 4760">
     <span class='ocr_line' id='line_1_92' title="bbox 2098 4689 3674 4760; baseline 0.005 -17"><span class='ocrx_word' id='word_1_554' title='bbox 2098 4689 2382 4744; x_wconf 82' lang='lat' dir='ltr'><strong>barbarico</strong></span> <span class='ocrx_word' id='word_1_555' title='bbox 2425 4700 2662 4760; x_wconf 89' lang='lat' dir='ltr'><strong>tempore</strong></span> <span class='ocrx_word' id='word_1_556' title='bbox 2693 4691 2846 4746; x_wconf 85' lang='lat' dir='ltr'><strong>firma</strong></span> <span class='ocrx_word' id='word_1_557' title='bbox 2891 4693 3181 4749; x_wconf 85' lang='lat' dir='ltr'><strong>stabilitate</strong></span> <span class='ocrx_word' id='word_1_558' title='bbox 3209 4696 3547 4750; x_wconf 87' lang='lat' dir='ltr'><strong>decernimus</strong></span> <span class='ocrx_word' id='word_1_559' title='bbox 3575 4698 3674 4751; x_wconf 89' lang='lat' dir='ltr'><strong>sub</strong></span> 
     </span>
    </p>
   </div>
   <div class='ocr_carea' id='block_1_93' title="bbox 2093 4781 3669 4857">
    <p class='ocr_par' dir='ltr' id='par_1_93' title="bbox 2093 4781 3669 4857">
     <span class='ocr_line' id='line_1_93' title="bbox 2093 4781 3669 4857; baseline 0.004 -22"><span class='ocrx_word' id='word_1_560' title='bbox 2093 4781 2470 4850; x_wconf 83' lang='lat' dir='ltr'><strong>jurisdictione</strong></span> <span class='ocrx_word' id='word_1_561' title='bbox 2493 4792 2695 4838; x_wconf 67' lang='lat' dir='ltr'><strong>sancta:</strong></span> <span class='ocrx_word' id='word_1_562' title='bbox 2725 4793 2921 4840; x_wconf 78' lang='lat' dir='ltr'><strong>nostrae</strong></span> <span class='ocrx_word' id='word_1_563' title='bbox 2946 4786 3201 4842; x_wconf 68' lang='lat' dir='ltr'><strong>Ecclesia:</strong></span> <span class='ocrx_word' id='word_1_564' title='bbox 3223 4789 3669 4857; x_wconf 85' lang='lat' dir='ltr'><strong>permanendum.</strong></span> 
     </span>
    </p>
   </div>
   <div class='ocr_carea' id='block_1_94' title="bbox 2099 4857 3672 4940">
    <p class='ocr_par' dir='ltr' id='par_1_94' title="bbox 2099 4857 3672 4940">
     <span class='ocr_line' id='line_1_94' title="bbox 2099 4857 3672 4940; baseline 0.004 -16"><span class='ocrx_word' id='word_1_565' title='bbox 2099 4868 2510 4939; x_wconf 89' lang='lat' dir='ltr'><strong>Promulgantes</strong></span> <span class='ocrx_word' id='word_1_566' title='bbox 2554 4885 2746 4940; x_wconf 88' lang='lat' dir='ltr'><strong>nempe</strong></span> <span class='ocrx_word' id='word_1_567' title='bbox 2775 4880 2832 4926; x_wconf 89' lang='lat' dir='ltr'><strong>et</strong></span> <span class='ocrx_word' id='word_1_568' title='bbox 2858 4873 2959 4928; x_wconf 89' lang='lat' dir='ltr'><strong>hoc</strong></span> <span class='ocrx_word' id='word_1_569' title='bbox 2983 4877 3307 4930; x_wconf 89' lang='lat' dir='ltr'><strong>auctoritate</strong></span> <span class='ocrx_word' id='word_1_570' title='bbox 3343 4857 3486 4930; x_wconf 87' lang='lat' dir='ltr'><strong>beati</strong></span> <span class='ocrx_word' id='word_1_571' title='bbox 3529 4875 3672 4930; x_wconf 89' lang='lat' dir='ltr'><strong>Petri</strong></span> 
     </span>
    </p>
   </div>
   <div class='ocr_carea' id='block_1_95' title="bbox 2103 4959 3679 5030">
    <p class='ocr_par' dir='ltr' id='par_1_95' title="bbox 2103 4959 3679 5030">
     <span class='ocr_line' id='line_1_95' title="bbox 2103 4959 3679 5030; baseline 0.004 -18"><span class='ocrx_word' id='word_1_572' title='bbox 2103 4959 2465 5027; x_wconf 87' lang='lat' dir='ltr'><strong>apostolorum</strong></span> <span class='ocrx_word' id='word_1_573' title='bbox 2495 4959 2786 5028; x_wconf 89' lang='lat' dir='ltr'><strong>principis,</strong></span> <span class='ocrx_word' id='word_1_574' title='bbox 2835 4977 3019 5017; x_wconf 89' lang='lat' dir='ltr'><strong>coram</strong></span> <span class='ocrx_word' id='word_1_575' title='bbox 3069 4962 3181 5018; x_wconf 91' lang='lat' dir='ltr'><strong>Deo</strong></span> <span class='ocrx_word' id='word_1_576' title='bbox 3207 4972 3262 5017; x_wconf 90' lang='lat' dir='ltr'><strong>et</strong></span> <span class='ocrx_word' id='word_1_577' title='bbox 3298 4963 3524 5019; x_wconf 89' lang='lat' dir='ltr'><strong>terribili</strong></span> <span class='ocrx_word' id='word_1_578' title='bbox 3556 4962 3679 5030; x_wconf 88' lang='lat' dir='ltr'><strong>ejus</strong></span> 
     </span>
    </p>
   </div>
   <div class='ocr_carea' id='block_1_96' title="bbox 433 5038 3675 5120">
    <p class='ocr_par' dir='ltr' id='par_1_96' title="bbox 433 5038 3675 5120">
     <span class='ocr_line' id='line_1_96' title="bbox 433 5038 3675 5120; baseline 0.004 -29"><span class='ocrx_word' id='word_1_579' title='bbox 433 5039 625 5094; x_wconf 87' lang='lat' dir='ltr'><strong>veniri.</strong></span> <span class='ocrx_word' id='word_1_580' title='bbox 653 5038 820 5108; x_wconf 83' lang='lat' dir='ltr'><strong>Igitur</strong></span> <span class='ocrx_word' id='word_1_581' title='bbox 849 5055 969 5094; x_wconf 87' lang='lat' dir='ltr'><strong>cum</strong></span> <span class='ocrx_word' id='word_1_582' title='bbox 999 5039 1224 5094; x_wconf 89' lang='lat' dir='ltr'><strong>ecclesia</strong></span> <span class='ocrx_word' id='word_1_583' title='bbox 1260 5047 1442 5091; x_wconf 89' lang='lat' dir='ltr'><strong>nostra</strong></span> <span class='ocrx_word' id='word_1_584' title='bbox 1467 5038 1554 5091; x_wconf 88' lang='lat' dir='ltr'><strong>diu</strong></span> <span class='ocrx_word' id='word_1_585' title='bbox 1578 5039 1792 5106; x_wconf 87' lang='lat' dir='ltr'><strong>proprio</strong></span> <span class='ocrx_word' id='word_1_586' title='bbox 1816 5040 1885 5093; x_wconf 89' lang='lat' dir='ltr'><strong>sit</strong></span> <span class='ocrx_word' id='word_1_587' title='bbox 1910 5040 2001 5094; x_wconf 88' lang='lat' dir='ltr'><strong>de-</strong></span> <span class='ocrx_word' id='word_1_588' title='bbox 2027 5062 2080 5120; x_wconf 82' lang='lat' dir='ltr'><strong>D</strong></span> <span class='ocrx_word' id='word_1_589' title='bbox 2106 5049 2288 5103; x_wconf 89' lang='lat' dir='ltr'><strong>futuro</strong></span> <span class='ocrx_word' id='word_1_590' title='bbox 2312 5049 2581 5112; x_wconf 85' lang='lat' dir='ltr'><strong>examine,</strong></span> <span class='ocrx_word' id='word_1_591' title='bbox 2607 5064 2703 5118; x_wconf 89' lang='lat' dir='ltr'><strong>per</strong></span> <span class='ocrx_word' id='word_1_592' title='bbox 2741 5050 2899 5118; x_wconf 88' lang='lat' dir='ltr'><strong>hujus</strong></span> <span class='ocrx_word' id='word_1_593' title='bbox 2928 5053 3094 5105; x_wconf 92' lang='lat' dir='ltr'><strong>nostri</strong></span> <span class='ocrx_word' id='word_1_594' title='bbox 3123 5052 3403 5120; x_wconf 86' lang='lat' dir='ltr'><strong>apostolici</strong></span> <span class='ocrx_word' id='word_1_595' title='bbox 3422 5052 3675 5106; x_wconf 89' lang='lat' dir='ltr'><strong>desiderii</strong></span> 
     </span>
    </p>
   </div>
   <div class='ocr_carea' id='block_1_97' title="bbox 433 5130 2000 5201">
    <p class='ocr_par' dir='ltr' id='par_1_97' title="bbox 433 5130 2000 5201">
     <span class='ocr_line' id='line_1_97' title="bbox 433 5130 2000 5201; baseline 0 -17"><span class='ocrx_word' id='word_1_596' title='bbox 433 5130 621 5184; x_wconf 86' lang='lat' dir='ltr'><strong>stituta</strong></span> <span class='ocrx_word' id='word_1_597' title='bbox 651 5139 879 5194; x_wconf 89' lang='lat' dir='ltr'><strong>rectore,</strong></span> <span class='ocrx_word' id='word_1_598' title='bbox 906 5132 975 5186; x_wconf 85' lang='lat' dir='ltr'><strong>ad</strong></span> <span class='ocrx_word' id='word_1_599' title='bbox 1002 5131 1261 5201; x_wconf 73' lang='lat' dir='ltr'><strong>pontificii</strong></span> <span class='ocrx_word' id='word_1_600' title='bbox 1289 5131 1452 5184; x_wconf 90' lang='lat' dir='ltr'><strong>vestri</strong></span> <span class='ocrx_word' id='word_1_601' title='bbox 1471 5131 1592 5200; x_wconf 85' lang='lat' dir='ltr'><strong>jura</strong></span> <span class='ocrx_word' id='word_1_602' title='bbox 1621 5130 1958 5199; x_wconf 70' lang='lat' dir='ltr'><strong>confugimus</strong></span> <span class='ocrx_word' id='word_1_603' title='bbox 1986 5171 2000 5197; x_wconf 95' lang='lat'><strong>,</strong></span> 
     </span>
    </p>
   </div>
   <div class='ocr_carea' id='block_1_98' title="bbox 435 5218 2000 5292">
    <p class='ocr_par' dir='ltr' id='par_1_98' title="bbox 435 5218 2000 5292">
     <span class='ocr_line' id='line_1_98' title="bbox 435 5218 2000 5292; baseline -0.003 -16"><span class='ocrx_word' id='word_1_604' title='bbox 435 5222 500 5276; x_wconf 90' lang='lat' dir='ltr'><strong>de</strong></span> <span class='ocrx_word' id='word_1_605' title='bbox 525 5218 681 5289; x_wconf 86' lang='lat' dir='ltr'><strong>cujus</strong></span> <span class='ocrx_word' id='word_1_606' title='bbox 701 5222 826 5275; x_wconf 89' lang='lat' dir='ltr'><strong>sede</strong></span> <span class='ocrx_word' id='word_1_607' title='bbox 853 5222 1030 5276; x_wconf 86' lang='lat' dir='ltr'><strong>omnis</strong></span> <span class='ocrx_word' id='word_1_608' title='bbox 1056 5225 1228 5276; x_wconf 86' lang='lat' dir='ltr'><strong>bouor</strong></span> <span class='ocrx_word' id='word_1_609' title='bbox 1253 5219 1616 5292; x_wconf 81' lang='lat' dir='ltr'><strong>proﬁciscitur</strong></span> <span class='ocrx_word' id='word_1_610' title='bbox 1641 5219 2000 5283; x_wconf 86' lang='lat' dir='ltr'><strong>sacerdotum,</strong></span> 
     </span>
    </p>
   </div>
   <div class='ocr_carea' id='block_1_99' title="bbox 433 5312 2004 5384">
    <p class='ocr_par' dir='ltr' id='par_1_99' title="bbox 433 5312 2004 5384">
     <span class='ocr_line' id='line_1_99' title="bbox 433 5312 2004 5384; baseline -0.003 -16"><span class='ocrx_word' id='word_1_611' title='bbox 433 5323 490 5368; x_wconf 92' lang='lat' dir='ltr'><strong>et</strong></span> <span class='ocrx_word' id='word_1_612' title='bbox 524 5313 645 5369; x_wconf 89' lang='lat' dir='ltr'><strong>ideo</strong></span> <span class='ocrx_word' id='word_1_613' title='bbox 669 5325 955 5384; x_wconf 86' lang='lat' dir='ltr'><strong>precamur</strong></span> <span class='ocrx_word' id='word_1_614' title='bbox 979 5312 1334 5381; x_wconf 86' lang='lat' dir='ltr'><strong>apostolatum</strong></span> <span class='ocrx_word' id='word_1_615' title='bbox 1365 5320 1624 5377; x_wconf 83' lang='lat' dir='ltr'><strong>vestrum,</strong></span> <span class='ocrx_word' id='word_1_616' title='bbox 1649 5312 1862 5366; x_wconf 90' lang='lat' dir='ltr'><strong>domine</strong></span> <span class='ocrx_word' id='word_1_617' title='bbox 1880 5328 2004 5366; x_wconf 86' lang='lat' dir='ltr'><strong>san-</strong></span> 
     </span>
    </p>
   </div>
   <div class='ocr_carea' id='block_1_100' title="bbox 434 5403 2004 5476">
    <p class='ocr_par' dir='ltr' id='par_1_100' title="bbox 434 5403 2004 5476">
     <span class='ocr_line' id='line_1_100' title="bbox 434 5403 2004 5476; baseline -0.003 -16"><span class='ocrx_word' id='word_1_618' title='bbox 434 5415 518 5460; x_wconf 87' lang='lat' dir='ltr'><strong>cte</strong></span> <span class='ocrx_word' id='word_1_619' title='bbox 543 5415 598 5462; x_wconf 90' lang='lat' dir='ltr'><strong>et</strong></span> <span class='ocrx_word' id='word_1_620' title='bbox 625 5405 946 5461; x_wconf 86' lang='lat' dir='ltr'><strong>venerabilis</strong></span> <span class='ocrx_word' id='word_1_621' title='bbox 970 5419 1138 5476; x_wconf 86' lang='lat' dir='ltr'><strong>papa,</strong></span> <span class='ocrx_word' id='word_1_622' title='bbox 1173 5412 1234 5459; x_wconf 89' lang='lat' dir='ltr'><strong>ut</strong></span> <span class='ocrx_word' id='word_1_623' title='bbox 1262 5403 1336 5459; x_wconf 86' lang='lat' dir='ltr'><strong>ill.</strong></span> <span class='ocrx_word' id='word_1_624' title='bbox 1373 5403 1464 5457; x_wconf 89' lang='lat' dir='ltr'><strong>tal.</strong></span> <span class='ocrx_word' id='word_1_625' title='bbox 1504 5404 1875 5473; x_wconf 75' lang='lat' dir='ltr'><strong>presbyterum</strong></span> <span class='ocrx_word' id='word_1_626' title='bbox 1909 5417 2004 5456; x_wconf 88' lang='lat' dir='ltr'><strong>uo-</strong></span> 
     </span>
    </p>
   </div>
   <div class='ocr_carea' id='block_1_101' title="bbox 435 5493 2002 5568">
    <p class='ocr_par' dir='ltr' id='par_1_101' title="bbox 435 5493 2002 5568">
     <span class='ocr_line' id='line_1_101' title="bbox 435 5493 2002 5568; baseline -0.002 -19"><span class='ocrx_word' id='word_1_627' title='bbox 435 5503 626 5561; x_wconf 89' lang='lat' dir='ltr'><strong>strum,</strong></span> <span class='ocrx_word' id='word_1_628' title='bbox 646 5512 806 5568; x_wconf 91' lang='lat' dir='ltr'><strong>quem</strong></span> <span class='ocrx_word' id='word_1_629' title='bbox 849 5511 1144 5553; x_wconf 90' lang='lat' dir='ltr'><strong>consensus</strong></span> <span class='ocrx_word' id='word_1_630' title='bbox 1187 5495 1556 5550; x_wconf 87' lang='lat' dir='ltr'><strong>universitatis</strong></span> <span class='ocrx_word' id='word_1_631' title='bbox 1585 5494 1766 5564; x_wconf 85' lang='lat' dir='ltr'><strong>elegit,</strong></span> <span class='ocrx_word' id='word_1_632' title='bbox 1790 5493 2002 5562; x_wconf 86' lang='lat' dir='ltr'><strong>cpisco-</strong></span> 
     </span>
    </p>
   </div>
   <div class='ocr_carea' id='block_1_102' title="bbox 436 5581 2006 5656">
    <p class='ocr_par' dir='ltr' id='par_1_102' title="bbox 436 5581 2006 5656">
     <span class='ocr_line' id='line_1_102' title="bbox 436 5581 2006 5656; baseline 0 -20"><span class='ocrx_word' id='word_1_633' title='bbox 436 5597 562 5651; x_wconf 89' lang='lat' dir='ltr'><strong>pum</strong></span> <span class='ocrx_word' id='word_1_634' title='bbox 607 5601 925 5642; x_wconf 89' lang='lat' dir='ltr'><strong>consecrare</strong></span> <span class='ocrx_word' id='word_1_635' title='bbox 960 5585 1229 5656; x_wconf 84' lang='lat' dir='ltr'><strong>dignetur.</strong></span> <span class='ocrx_word' id='word_1_636' title='bbox 1273 5581 1532 5653; x_wconf 89' lang='lat' dir='ltr'><strong>Optamus</strong></span> <span class='ocrx_word' id='word_1_637' title='bbox 1572 5591 1622 5636; x_wconf 87' lang='lat' dir='ltr'><strong>te</strong></span> <span class='ocrx_word' id='word_1_638' title='bbox 1677 5599 1774 5652; x_wconf 87' lang='lat' dir='ltr'><strong>per</strong></span> <span class='ocrx_word' id='word_1_639' title='bbox 1808 5583 2006 5636; x_wconf 89' lang='lat' dir='ltr'><strong>multos</strong></span> 
     </span>
    </p>
   </div>
   <div class='ocr_carea' id='block_1_103' title="bbox 438 5671 2006 5742">
    <p class='ocr_par' dir='ltr' id='par_1_103' title="bbox 438 5671 2006 5742">
     <span class='ocr_line' id='line_1_103' title="bbox 438 5671 2006 5742; baseline 0.002 -20"><span class='ocrx_word' id='word_1_640' title='bbox 438 5685 608 5726; x_wconf 85' lang='lat' dir='ltr'><strong>annos</strong></span> <span class='ocrx_word' id='word_1_641' title='bbox 641 5674 777 5730; x_wconf 87' lang='lat' dir='ltr'><strong>bene</strong></span> <span class='ocrx_word' id='word_1_642' title='bbox 797 5676 992 5742; x_wconf 85' lang='lat' dir='ltr'><strong>valere,</strong></span> <span class='ocrx_word' id='word_1_643' title='bbox 1020 5675 1233 5730; x_wconf 87' lang='lat' dir='ltr'><strong>domine</strong></span> <span class='ocrx_word' id='word_1_644' title='bbox 1262 5671 1568 5727; x_wconf 87' lang='lat' dir='ltr'><strong>beatissime</strong></span> <span class='ocrx_word' id='word_1_645' title='bbox 1598 5687 1750 5741; x_wconf 87' lang='lat' dir='ltr'><strong>papa.</strong></span> <span class='ocrx_word' id='word_1_646' title='bbox 1789 5671 1853 5724; x_wconf 84' lang='lat' dir='ltr'><strong>Et</strong></span> <span class='ocrx_word' id='word_1_647' title='bbox 1884 5672 2006 5725; x_wconf 75' lang='lat' dir='ltr'><strong>sub-</strong></span> 
     </span>
    </p>
   </div>
   <div class='ocr_carea' id='block_1_104' title="bbox 441 5772 784 5820">
    <p class='ocr_par' dir='ltr' id='par_1_104' title="bbox 441 5772 784 5820">
     <span class='ocr_line' id='line_1_104' title="bbox 441 5772 784 5820; baseline 0.012 -12"><span class='ocrx_word' id='word_1_648' title='bbox 441 5772 753 5820; x_wconf 75' lang='lat' dir='ltr'><strong>scripserunt</strong></span> <span class='ocrx_word' id='word_1_649' title='bbox 773 5807 784 5820; x_wconf 90' lang='grc'><em>,</em></span> 
     </span>
    </p>
   </div>
   <div class='ocr_carea' id='block_1_105' title="bbox 2104 5139 3676 5212">
    <p class='ocr_par' dir='ltr' id='par_1_105' title="bbox 2104 5139 3676 5212">
     <span class='ocr_line' id='line_1_105' title="bbox 2104 5139 3676 5212; baseline 0.002 -19"><span class='ocrx_word' id='word_1_650' title='bbox 2104 5148 2267 5208; x_wconf 86' lang='lat' dir='ltr'><strong>atque</strong></span> <span class='ocrx_word' id='word_1_651' title='bbox 2288 5139 2564 5193; x_wconf 91' lang='lat' dir='ltr'><strong>constituti</strong></span> <span class='ocrx_word' id='word_1_652' title='bbox 2595 5141 2866 5196; x_wconf 87' lang='lat' dir='ltr'><strong>sancimus</strong></span> <span class='ocrx_word' id='word_1_653' title='bbox 2890 5151 3052 5212; x_wconf 89' lang='lat' dir='ltr'><strong>atque</strong></span> <span class='ocrx_word' id='word_1_654' title='bbox 3079 5143 3440 5209; x_wconf 89' lang='lat' dir='ltr'><strong>decernimus,</strong></span> <span class='ocrx_word' id='word_1_655' title='bbox 3468 5152 3529 5197; x_wconf 91' lang='lat' dir='ltr'><strong>ut</strong></span> <span class='ocrx_word' id='word_1_656' title='bbox 3560 5144 3676 5198; x_wconf 88' lang='lat' dir='ltr'><strong>loca</strong></span> 
     </span>
    </p>
   </div>
   <div class='ocr_carea' id='block_1_106' title="bbox 2102 5229 3680 5300">
    <p class='ocr_par' dir='ltr' id='par_1_106' title="bbox 2102 5229 3680 5300">
     <span class='ocr_line' id='line_1_106' title="bbox 2102 5229 3680 5300; baseline 0.001 -16"><span class='ocrx_word' id='word_1_657' title='bbox 2102 5246 2222 5299; x_wconf 66' lang='lat' dir='ltr'><strong>qua:</strong></span> <span class='ocrx_word' id='word_1_658' title='bbox 2257 5229 2326 5284; x_wconf 89' lang='lat' dir='ltr'><strong>ab</strong></span> <span class='ocrx_word' id='word_1_659' title='bbox 2348 5229 2539 5284; x_wconf 87' lang='lat' dir='ltr'><strong>abbate</strong></span> <span class='ocrx_word' id='word_1_660' title='bbox 2561 5231 2841 5299; x_wconf 87' lang='lat' dir='ltr'><strong>cujuslibet</strong></span> <span class='ocrx_word' id='word_1_661' title='bbox 2864 5231 3095 5286; x_wconf 73' lang='lat' dir='ltr'><strong>coenobii</strong></span> <span class='ocrx_word' id='word_1_662' title='bbox 3143 5231 3196 5285; x_wconf 90' lang='lat' dir='ltr'><strong>in</strong></span> <span class='ocrx_word' id='word_1_663' title='bbox 3236 5233 3425 5286; x_wconf 88' lang='lat' dir='ltr'><strong>eodem</strong></span> <span class='ocrx_word' id='word_1_664' title='bbox 3454 5230 3680 5300; x_wconf 75' lang='lat' dir='ltr'><strong>praefato</strong></span> 
     </span>
    </p>
   </div>
   <div class='ocr_carea' id='block_1_107' title="bbox 2102 5317 3682 5386">
    <p class='ocr_par' dir='ltr' id='par_1_107' title="bbox 2102 5317 3682 5386">
     <span class='ocr_line' id='line_1_107' title="bbox 2102 5317 3682 5386; baseline 0 -14"><span class='ocrx_word' id='word_1_665' title='bbox 2102 5326 2302 5372; x_wconf 71' lang='lat' dir='ltr'><strong>sancta:</strong></span> <span class='ocrx_word' id='word_1_666' title='bbox 2332 5318 2424 5372; x_wconf 89' lang='lat' dir='ltr'><strong>Dei</strong></span> <span class='ocrx_word' id='word_1_667' title='bbox 2471 5317 2750 5386; x_wconf 70' lang='lat' dir='ltr'><strong>genitricis</strong></span> <span class='ocrx_word' id='word_1_668' title='bbox 2781 5321 3111 5374; x_wconf 89' lang='lat' dir='ltr'><strong>monasterio</strong></span> <span class='ocrx_word' id='word_1_669' title='bbox 3141 5320 3503 5376; x_wconf 88' lang='lat' dir='ltr'><strong>Plumbariolo</strong></span> <span class='ocrx_word' id='word_1_670' title='bbox 3531 5335 3682 5375; x_wconf 86' lang='lat' dir='ltr'><strong>com-</strong></span> 
     </span>
    </p>
   </div>
   <div class='ocr_carea' id='block_1_108' title="bbox 2109 5407 3680 5474">
    <p class='ocr_par' dir='ltr' id='par_1_108' title="bbox 2109 5407 3680 5474">
     <span class='ocr_line' id='line_1_108' title="bbox 2109 5407 3680 5474; baseline 0 -13"><span class='ocrx_word' id='word_1_671' title='bbox 2109 5417 2311 5461; x_wconf 88' lang='lat' dir='ltr'><strong>mutata</strong></span> <span class='ocrx_word' id='word_1_672' title='bbox 2337 5407 2418 5460; x_wconf 90' lang='lat' dir='ltr'><strong>vel</strong></span> <span class='ocrx_word' id='word_1_673' title='bbox 2456 5407 2619 5460; x_wconf 89' lang='lat' dir='ltr'><strong>etiam</strong></span> <span class='ocrx_word' id='word_1_674' title='bbox 2645 5422 2897 5462; x_wconf 85' lang='lat' dir='ltr'><strong>concessa</strong></span> <span class='ocrx_word' id='word_1_675' title='bbox 2925 5419 3071 5474; x_wconf 87' lang='lat' dir='ltr'><strong>sunt,</strong></span> <span class='ocrx_word' id='word_1_676' title='bbox 3106 5423 3208 5464; x_wconf 89' lang='lat' dir='ltr'><strong>nec</strong></span> <span class='ocrx_word' id='word_1_677' title='bbox 3228 5425 3334 5463; x_wconf 91' lang='lat' dir='ltr'><strong>non</strong></span> <span class='ocrx_word' id='word_1_678' title='bbox 3362 5420 3420 5463; x_wconf 86' lang='lat' dir='ltr'><strong>et</strong></span> <span class='ocrx_word' id='word_1_679' title='bbox 3442 5409 3576 5463; x_wconf 86' lang='lat' dir='ltr'><strong>alias</strong></span> <span class='ocrx_word' id='word_1_680' title='bbox 3599 5409 3680 5461; x_wconf 83' lang='lat' dir='ltr'><strong>lo-</strong></span> 
     </span>
    </p>
   </div>
   <div class='ocr_carea' id='block_1_109' title="bbox 2107 5498 3682 5569">
    <p class='ocr_par' dir='ltr' id='par_1_109' title="bbox 2107 5498 3682 5569">
     <span class='ocr_line' id='line_1_109' title="bbox 2107 5498 3682 5569; baseline -0.001 -15"><span class='ocrx_word' id='word_1_681' title='bbox 2107 5515 2292 5554; x_wconf 89' lang='lat' dir='ltr'><strong>corum</strong></span> <span class='ocrx_word' id='word_1_682' title='bbox 2317 5498 2684 5567; x_wconf 73' lang='lat' dir='ltr'><strong>possessiones</strong></span> <span class='ocrx_word' id='word_1_683' title='bbox 2711 5514 2830 5567; x_wconf 69' lang='lat' dir='ltr'><strong>qua:</strong></span> <span class='ocrx_word' id='word_1_684' title='bbox 2857 5514 2890 5553; x_wconf 89' lang='lat' dir='ltr'><strong>a</strong></span> <span class='ocrx_word' id='word_1_685' title='bbox 2921 5501 3166 5569; x_wconf 82' lang='lat' dir='ltr'><strong>regibus,</strong></span> <span class='ocrx_word' id='word_1_686' title='bbox 3197 5501 3282 5556; x_wconf 88' lang='lat' dir='ltr'><strong>vel</strong></span> <span class='ocrx_word' id='word_1_687' title='bbox 3311 5501 3564 5564; x_wconf 88' lang='lat' dir='ltr'><strong>ducibus,</strong></span> <span class='ocrx_word' id='word_1_688' title='bbox 3596 5500 3682 5554; x_wconf 85' lang='lat' dir='ltr'><strong>vel</strong></span> 
     </span>
    </p>
   </div>
   <div class='ocr_carea' id='block_1_110' title="bbox 2105 5585 3684 5658">
    <p class='ocr_par' dir='ltr' id='par_1_110' title="bbox 2105 5585 3684 5658">
     <span class='ocr_line' id='line_1_110' title="bbox 2105 5585 3684 5658; baseline 0.002 -18"><span class='ocrx_word' id='word_1_689' title='bbox 2105 5586 2402 5658; x_wconf 88' lang='lat' dir='ltr'><strong>gastaldiis,</strong></span> <span class='ocrx_word' id='word_1_690' title='bbox 2427 5594 2483 5641; x_wconf 89' lang='lat' dir='ltr'><strong>et</strong></span> <span class='ocrx_word' id='word_1_691' title='bbox 2509 5602 2538 5640; x_wconf 90' lang='lat' dir='ltr'><strong>a</strong></span> <span class='ocrx_word' id='word_1_692' title='bbox 2567 5588 2778 5642; x_wconf 64' lang='lat' dir='ltr'><strong>ueteris</strong></span> <span class='ocrx_word' id='word_1_693' title='bbox 2814 5585 3141 5644; x_wconf 85' lang='lat' dir='ltr'><strong>Christianis</strong></span> <span class='ocrx_word' id='word_1_694' title='bbox 3174 5590 3227 5643; x_wconf 90' lang='lat' dir='ltr'><strong>in</strong></span> <span class='ocrx_word' id='word_1_695' title='bbox 3268 5592 3456 5644; x_wconf 82' lang='lat' dir='ltr'><strong>eodem</strong></span> <span class='ocrx_word' id='word_1_696' title='bbox 3492 5599 3684 5643; x_wconf 86' lang='lat' dir='ltr'><strong>sancto</strong></span> 
     </span>
    </p>
   </div>
   <div class='ocr_carea' id='block_1_111' title="bbox 2105 5675 3682 5749">
    <p class='ocr_par' dir='ltr' id='par_1_111' title="bbox 2105 5675 3682 5749">
     <span class='ocr_line' id='line_1_111' title="bbox 2105 5675 3682 5749; baseline 0.001 -21"><span class='ocrx_word' id='word_1_697' title='bbox 2105 5676 2222 5731; x_wconf 87' lang='lat' dir='ltr'><strong>loco</strong></span> <span class='ocrx_word' id='word_1_698' title='bbox 2251 5675 2442 5745; x_wconf 88' lang='lat' dir='ltr'><strong>largita</strong></span> <span class='ocrx_word' id='word_1_699' title='bbox 2474 5684 2636 5745; x_wconf 89' lang='lat' dir='ltr'><strong>atque</strong></span> <span class='ocrx_word' id='word_1_700' title='bbox 2661 5675 2838 5730; x_wconf 87' lang='lat' dir='ltr'><strong>oblata</strong></span> <span class='ocrx_word' id='word_1_701' title='bbox 2885 5687 3047 5741; x_wconf 89' lang='lat' dir='ltr'><strong>sunt,</strong></span> <span class='ocrx_word' id='word_1_702' title='bbox 3104 5687 3197 5732; x_wconf 88' lang='lat' dir='ltr'><strong>aut</strong></span> <span class='ocrx_word' id='word_1_703' title='bbox 3240 5679 3290 5733; x_wconf 90' lang='lat' dir='ltr'><strong>in</strong></span> <span class='ocrx_word' id='word_1_704' title='bbox 3335 5679 3682 5749; x_wconf 83' lang='lat' dir='ltr'><strong>postmodum</strong></span> 
     </span>
    </p>
   </div>
   <div class='ocr_carea' id='block_1_112' title="bbox 2109 5765 3680 5840">
    <p class='ocr_par' dir='ltr' id='par_1_112' title="bbox 2109 5765 3680 5840">
     <span class='ocr_line' id='line_1_112' title="bbox 2109 5765 3680 5840; baseline 0.003 -22"><span class='ocrx_word' id='word_1_705' title='bbox 2109 5765 2215 5820; x_wconf 87' lang='lat' dir='ltr'><strong>illic</strong></span> <span class='ocrx_word' id='word_1_706' title='bbox 2264 5781 2515 5822; x_wconf 88' lang='lat' dir='ltr'><strong>concessa</strong></span> <span class='ocrx_word' id='word_1_707' title='bbox 2549 5765 2770 5830; x_wconf 86' lang='lat' dir='ltr'><strong>fuerint,</strong></span> <span class='ocrx_word' id='word_1_708' title='bbox 2813 5767 2964 5821; x_wconf 88' lang='lat' dir='ltr'><strong>firma</strong></span> <span class='ocrx_word' id='word_1_709' title='bbox 3021 5769 3315 5823; x_wconf 86' lang='lat' dir='ltr'><strong>stabilitate</strong></span> <span class='ocrx_word' id='word_1_710' title='bbox 3361 5769 3476 5833; x_wconf 86' lang='lat' dir='ltr'><strong>iure</strong></span> <span class='ocrx_word' id='word_1_711' title='bbox 3505 5769 3680 5840; x_wconf 80' lang='lat' dir='ltr'><strong>ipsius</strong></span> 
     </span>
    </p>
   </div>
  </div>
