3998 6182
358 222 450 276 131

1217 215 1648 273 ROMANORUM
1697 214 2114 274 PONTIFICUH
2163 214 2736 276 SUPPLEMENTUM.

3497 223 3599 280 182

353 331 560 405 praelati
614 328 923 385 monasterii
971 329 1277 393 existenda,
1331 336 1493 398 atque
1547 329 1599 382 in
1659 336 1922 398 perpetuo
1951 327 2000 388 Α
2027 336 2190 382 tatem
2226 328 2438 398 piorum
2467 328 2799 400 dignoscitur
2837 329 3108 398 pertinere
3144 329 3406 397 locorum,
3439 336 3594 390 uber-

352 421 712 496 permanentia
739 420 1041 474 statuimus.
1070 418 1179 474 Nec
1221 419 1440 474 licentia
1493 419 1583 482 sit,
1620 426 1679 471 ut
1719 418 1924 472 dictum

352 524 457 579 est,
488 529 555 568 ex
593 511 708 581 ejus
746 510 830 565 vel
859 511 1111 564 omnibus
1157 510 1331 563 eidem
1388 509 1718 562 monasterio
1763 509 1925 576 perti-

352 603 631 663 nentibus,
686 600 935 668 cuiquam
983 613 1191 668 magna:
1240 612 1526 668 parvmque
1555 612 1800 666 personm
1828 613 1923 650 an-

351 693 512 756 ferre,
538 702 597 744 ut
623 689 865 760 profecto
880 690 1032 759 juxta
1072 688 1124 741 id
1152 688 1295 756 quod
1329 687 1599 756 subjectus
1626 686 1795 740 isdem
1835 702 1922 741 ve-

350 781 607 838 nerabilis
651 781 800 836 locus
837 779 1116 848 apostolici
1144 777 1420 832 constituti
1460 787 1622 846 atque
1654 776 1918 847 privilegii

347 871 638 934 consistit,
703 871 1019 923 inconcusse
1045 865 1310 920 dotandus
1347 873 1676 934 permaneat.
1710 864 1767 919 Si
1798 868 1920 934 quis

345 970 532 1016 autem
555 960 718 1032 (quod
747 975 848 1013 non
873 955 1141 1029 optamus)
1167 955 1378 1010 nefario
1405 971 1535 1009 ausu
1566 969 1920 1024 praesumpse-

347 1053 426 1106 rit
445 1053 558 1106 haec
581 1067 699 1120 quze
727 1067 756 1104 a
780 1051 934 1106 nobis
965 1050 1026 1104 ad
1048 1048 1368 1103 laudabilem
1387 1048 1474 1102 Dei
1503 1064 1602 1118 pro
1626 1046 1918 1102 stabilitate

343 1142 464 1210 jam
491 1141 618 1197 dicti
647 1141 960 1196 monasterii
987 1148 1186 1195 statuta
1219 1148 1365 1203 sunt,
1391 1138 1663 1208 refragare
1687 1178 1702 1203 ,
1736 1147 1830 1191 aut
1863 1139 1916 1192 in

344 1246 626 1300 quoquam
648 1231 972 1300 transgredi,
988 1231 1122 1286 sciat
1142 1247 1200 1285 se
1223 1230 1582 1284 anathematis
1595 1228 1806 1284 vinculo
1838 1228 1919 1282 in-

343 1320 625 1383 nodatum,
646 1327 700 1374 et
723 1335 844 1375 cum
869 1319 1078 1375 diabolo
1092 1331 1148 1374 et
1171 1320 1523 1375 atrocissimis
1548 1320 1756 1390 pompis
1776 1317 1914 1386 eius,

341 1418 510 1478 atque
570 1409 705 1465 Juda
756 1410 1020 1465 traditore
1074 1410 1286 1464 Domini
1346 1410 1515 1464 nostri
1580 1408 1709 1464 Jesu
1763 1408 1920 1464 Chri-

338 1501 441 1563 sti,
468 1501 654 1554 aeterni
680 1501 908 1555 incendii
937 1501 1198 1570 supplicio
1218 1500 1668 1555 concremandum
1690 1498 1917 1569 deputa-

337 1601 482 1643 tum.
513 1589 583 1643 At
605 1605 733 1644 vero
753 1591 845 1660 qui
878 1590 967 1659 pio
999 1591 1192 1644 intuitu
1221 1591 1556 1655 observator,
1587 1598 1642 1643 et
1668 1590 1917 1645 omnibus

334 1682 617 1734 exstiterit
638 1683 944 1736 custodiens
970 1681 1126 1750 hujus
1142 1683 1312 1736 nostri
1329 1681 1606 1750 apostolici
1635 1683 1914 1736 constituti
1946 1662 1992 1720 Β

335 1771 410 1824 ad
435 1770 640 1824 cultum
671 1771 764 1825 Dei
795 1771 1224 1840 respicientibus,
1249 1771 1641 1826 benedictionis
1688 1772 1916 1843 gratiam

331 1874 364 1912 a
400 1860 909 1916 misericordissima
938 1861 1048 1916 Deo
1073 1862 1300 1918 Domino
1325 1862 1694 1932 multipliciter
1724 1879 1917 1918 conse-

330 1958 546 2020 quatur
569 1989 586 2016 ,
633 1959 688 2006 et
728 1951 853 2006 vita;
889 1959 1102 2006 aeternae
1137 1952 1410 2022 particeps
1449 1952 1589 2007 efﬁci
1624 1963 1917 2009 mereatur.

974 2151 1332 2224 Privilegium.

414 2237 556 2296 Cum
605 2242 658 2294 in
685 2243 972 2297 exarandis
999 2243 1092 2297 Dei
1139 2242 1390 2298 laudibus
1415 2245 1593 2300 debita
1641 2245 1926 2316 pastoralis

333 2327 636 2398 compulsit
677 2329 1049 2385 sollicitudinis
1074 2345 1228 2395 cura,
1261 2340 1320 2386 ut
1344 2348 1570 2403 qumque
1605 2335 1672 2389 ad
1711 2334 1918 2390 stabili-

2027 419 2123 472 tim
2154 419 2482 489 promulgari
2532 428 2586 473 et
2615 420 2918 490 apostolica:
2948 419 3302 477 institutionis
3340 423 3395 478 in
3429 427 3591 494 privi-

2025 507 2181 574 legiis
2219 517 2382 578 atque
2427 509 2658 563 decretis
2697 524 2922 564 censura
2969 511 3276 566 conllrrnari
3317 515 3589 570 convenit.

2023 598 2227 668 Nempe
2261 615 2360 654 nos
2389 600 2683 669 apostolico
2713 601 3076 656 moderamine
3109 603 3476 673 suprascripta
3508 620 3593 659 ve.

2021 688 2281 742 nerabilia
2319 688 2459 754 loca,
2488 705 2607 760 qua:
2627 690 2824 746 dudum
2848 689 3058 747 fuerant
3084 691 3137 746 in
3168 691 3354 756 minis,
3372 708 3589 764 magna-

2021 796 2125 850 que
2154 781 2331 848 inopia
2361 797 2427 836 ac
2463 792 2784 853 paupertate
2815 785 3089 856 degentes,
3113 795 3167 840 et
3191 801 3222 840 s
3245 787 3419 842 nobis.
3444 827 3459 842 .
3488 828 3503 842 .
3530 826 3545 843 .
3574 827 3588 842 .

2020 868 2124 922 iter
2157 883 2188 922 a
2216 869 2331 924 solo
2358 871 2622 925 aediﬁcata
2650 913 2665 936 ,
2724 883 2779 928 et
2812 875 3050 944 undique
3097 876 3260 931 ditata
3294 885 3588 949 opportune

2017 962 2324 1016 ordinaris.
2357 1001 2370 1015 .
2399 1000 2413 1015 .
2442 1002 2455 1015 .
2491 963 2557 1017 ad
2595 964 2874 1020 meliorem
2923 967 3040 1023 sine
3081 966 3244 1024 dubio
3271 976 3468 1024 statum
3509 985 3592 1024 re-

2017 1050 2253 1106 ducere:
2291 1053 2588 1122 prmserlim
2631 1053 2720 1107 ubi
2768 1052 2858 1106 illa
2906 1062 3167 1124 petuntur
3221 1073 3341 1128 quae
3380 1071 3484 1112 non
3524 1058 3593 1112 ad

2019 1143 2358 1198 commodum
2386 1143 2700 1212 temporale,
2728 1143 2822 1198 sed
2857 1144 2926 1197 ad
2957 1156 3272 1216 perpetuam
3309 1148 3594 1218 providen-

2017 1235 2146 1291 tiam
2159 1235 2428 1304 pertinent
2438 1235 2548 1292 Deo
2562 1236 2910 1292 servientium
2926 1237 3252 1302 animarum,
3270 1247 3326 1292 ut
3339 1239 3592 1309 przedicta

2019 1328 2224 1383 scilicet
2249 1328 2572 1382 venerabilia
2607 1328 2743 1394 loca,
2769 1343 2887 1399 qua:
2908 1343 2939 1383 a
2968 1329 3126 1384 nobis
3150 1330 3204 1384 in
3233 1345 3342 1386 uno
3369 1332 3582 1401 conglo-

2019 1418 2146 1473 bata
2175 1426 2337 1486 atque
2367 1418 2573 1474 adnexa
2607 1428 2755 1485 sunt,
2777 1435 2902 1474 cum
2946 1420 3119 1490 propi.
3147 1459 3162 1474 .
3189 1459 3205 1474 .
3230 1461 3244 1475 .
3281 1431 3593 1477 sanctorum

2019 1509 2521 1577 congregationibus
2549 1523 2666 1576 qua:
2709 1509 3116 1580 regulariter....
3157 1507 3358 1564 Ca'tera
3380 1510 3589 1565 desunt.

2308 1691 2564 1762 Episcopo
2593 1690 2658 1745 de
2684 1689 2913 1744 levandis
2937 1691 3272 1747 sanctuariis.

2094 1784 2313 1839 Noverit
2351 1782 2664 1836 fraternitas
2702 1791 2791 1836 tua
2838 1795 2936 1850 pro
2977 1781 3220 1851 reliquiis
3248 1781 3404 1839 nobis
3447 1780 3592 1840 beati

2025 1875 2283 1945 martyris
2323 1873 2397 1928 ill.
2427 1873 2736 1928 necessario
2760 1887 2897 1942 opus
2918 1885 3040 1927 esse
3072 1880 3132 1926 ut
3159 1871 3211 1926 in
3249 1871 3366 1929 loco
3388 1872 3484 1944 qui
3512 1888 3594 1928 ve-

2027 1964 2293 2020 nerationi
2325 1965 2491 2034 ipsius
2541 1963 2870 2020 dedicandus
2916 1969 3002 2017 est
3043 1961 3389 2018 collocentur.
3417 1965 3593 2034 Atque

2029 2059 2152 2113 ideo
2175 2057 2526 2127 prazsentibus
2546 2055 2794 2111 affatibus
2816 2054 2890 2109 ill.
2913 2053 3058 2109 sedis
3085 2061 3284 2110 nostr-.e
3301 2054 3593 2111 secundum

2027 2158 2340 2205 consuetam
2373 2146 2729 2203 reverentiam
2764 2145 2969 2200 levatas
2998 2143 3254 2214 reliquias
3278 2143 3596 2200 contrudere

2024 2253 2131 2293 non
2161 2237 2418 2292 omittas:
2441 2245 2499 2290 ut
2520 2236 2588 2290 ad
2619 2248 2720 2290 nos
2745 2234 3037 2290 secundum
3056 2231 3198 2304 quod
3224 2232 3273 2289 ei
3295 2231 3594 2304 injunctum

2021 2335 2124 2393 est,
2161 2325 2483 2398 quantocius
2519 2323 2734 2378 valeant
2766 2320 3064 2393 deportari.

344 2451 3584 2479 .__________________—_____________._..____.___

1222 2545 1842 2627 MABILLONII
1891 2541 2715 2628 OBSERVATIONES

1136 2675 1204 2731 IN
1235 2675 1496 2734 LIBRUM
1540 2678 1852 2737 DlURNUM
1889 2679 2328 2740 ROMANORUII
2369 2674 2801 2738 PONTIFICUI.

409 2838 458 2892 ί.
507 2835 670 2910 _Liber
696 2833 930 2910 Diurnns
974 2835 1338 2910 Romanorum
1383 2839 1714 2910 pontiﬁcum,
1746 2849 1911 2898 tanta
1939 2849 1983 2910 ί]
2014 2857 2114 2900 nes
2137 2852 2191 2899 et
2223 2842 2648 2906 emcndationes,
2686 2840 2882 2910 quibus
2903 2835 3235 2910 carnarium
3258 2833 3430 2910 editio
3454 2835 3591 2910 mul-

332 2906 612 2978 quondam
646 2904 786 2974 apud
817 2920 909 2959 eos
941 2908 1312 2978 auctoritatis,
1364 2904 1466 2964 etsi
1497 2908 1656 2966 modo
1695 2904 1910 2978 penitus

334 2976 636 3039 obsoletus,
669 2989 772 3027 non
795 2982 970 3030 tamen
1013 2977 1229 3044 insuper
1257 2977 1535 3033 habendus
1567 2989 1650 3034 est
1670 2976 1739 3035 ob
1779 2983 1912 3037 anti—

333 3046 564 3117 quitatis
581 3045 1124 3117 commendationem.
1139 3048 1480 3117 Quapropter
1499 3065 1620 3104 cum
1646 3050 1700 3104 in
1723 3067 1911 3106 manus

336 3113 556 3171 nostras
579 3113 854 3190 incidisset
879 3113 1600 3190 vetustissimum_anuoruinr
1627 3121 1909 3190 octingen-

337 3199 519 3242 torum
559 3183 835 3251 exemplar
859 3224 873 3248 ,
918 3200 1022 3252 quo
1050 3201 1179 3239 usus
1202 3194 1285 3240 est
1308 3187 1480 3242 Lucas
1509 3183 1816 3244 llolstenius
1856 3191 1909 3244 in

339 3254 657 3324 adornanda
681 3252 791 3324 illa,
817 3268 978 3321 quam
1006 3254 1387 3320 meditabatur,
1406 3256 1628 3324 hujusce
1657 3259 1776 3312 libri
1806 3260 1912 3313 edi-

337 3327 506 3388 tione,
531 3323 748 3390 aliquod
774 3337 952 3390 opera:
978 3325 1207 3391 pretium
1238 3340 1337 3378 nos
1371 3323 1606 3380 facturos
1637 3328 1912 3382 existima-

336 3397 545 3457 vimus,
579 3393 622 3446 si
635 3393 959 3513 rprtedictum
998 3393 1273 3461 exemplar
1309 3408 1429 3447 cum
1451 3395 1686 3450 editione
1715 3397 1913 3450 Game-

339 3465 494 3513 riana
530 3477 629 3513 con
656 3476 884 3513 eremns.
913 3460 1228 3513 Exemplum
1259 3462 1476 3513 codicis.
1506 3479 1667 3513 auem
1711 3464 1912 3513 Hilario

339 3465 494 3518 riana
530 3460 884 3532 conferemus.
913 3460 1228 3532 Exemplum
1259 3462 1476 3532 codicis,
1506 3479 1667 3532 quem
1711 3464 1912 3519 Hilario

339 3531 614 3588 Rancatus
643 3531 938 3584 monachus
963 3529 1338 3586 Cisterciensis
1364 3529 1638 3587 Holsteuio
1661 3535 1725 3587 ad
1752 3550 1910 3588 unam

340 3613 586 3664 noctem,
615 3608 674 3652 ut
708 3601 760 3653 in
789 3601 984 3653 Itinere
1034 3609 1217 3654 nostro
1261 3602 1512 3664 diximus,
1545 3605 1912 3657 commodave-

343 3684 428 3732 Iat,
469 3669 992 3731 habuitGarnerius,
1019 3671 1110 3737 qui
1147 3669 1446 3725 Romanum
1477 3673 1730 3736 codicem,
1761 3688 1909 3727 eum-

340 3758 434 3810 que
470 3741 904 3811 antiquissimum
935 3748 1114 3811 _vocat,
1162 3740 1382 3811 ejusque
1423 3742 1692 3810 capitula,
1723 3744 1908 3811 paucis

339 3808 571 3873 omissis,
600 3809 655 3863 in
685 3824 782 3863 sua
815 3808 1122 3880 prmfatione
1162 3808 1367 3880 refert.
1396 3808 1738 3865 Exciderunt
1766 3812 1904 3880 ipsi,

344 3883 519 3936 nescio
552 3894 658 3946 qua
689 3893 869 3942 causa,
893 3878 1030 3932 torte
1071 3879 1395 3949 obgexempli
1424 3880 1717 3944 delectum,
1767 3878 1905 3936 rion-

343 3951 475 4004 nulla
505 3949 708 4018 capita,
732 3963 850 4016 qure
879 3962 1002 4000 mox
1030 3947 1330 4002 retulimus.

405 4021 454 4073 2.
513 4017 874 4087 Praecipuum
908 4025 992 4069 est
1043 4017 1377 4087 privilegium
1441 4017 1506 4071 dc
1578 4021 1903 4074 monasterio

343 4085 805 4142 Plnmbariole’nsi.
835 4085 992 4140 Tasia
1015 4085 1056 4148 ,ί
1087 4085 1321 4141 Ratchisi
1359 4088 1507 4141 ducis
1533 4104 1684 4152 uxor,
1713 4098 1766 4141 et
1796 4089 1900 4143 lilia

343 4172 524 4251 etilrum
553 4156 833 4251 Rattru'da,
871 4157 1250 4251 anlllLSllel‘i‘lltll
1277 4156 1573 4251 puellarum
1601 4174 1705 4211 non
1744 4157 1898 4239 longe
1923 4193 1975 4251 D

346 4242 372 4278 a
396 4227 614 4284 Casino.
642 4226 696 4278 in
732 4224 848 4278 loco
887 4225 976 4293 qui
1007 4224 1340 4279 Plumbarola
1382 4236 1624 4296 vocatur,
1667 4224 1896 4296 propriis

347 4297 641 4364 sumptibus
691 4302 1089 4364 exstruxerunt,
1128 4303 1356 4348 testante
1393 4295 1572 4350 Leone
1603 4295 1898 4351 Marsicauo

348 4365 395 4416 in
419 4364 673 4418 Chronici
692 4364 1004 4434 Casinensis
1039 4363 1128 4416 lib.
1162 4379 1199 4425 ι,
1230 4379 1350 4433 cap.
1373 4366 1426 4428 8,
1461 4366 1551 4419 ubi
1579 4367 1680 4420 sub
1709 4382 1900 4434 magna

348 4434 547 4488 cautela
587 4441 640 4485 et
671 4433 1003 4503 districtione
1033 4434 1262 4503 regulari
1311 4435 1474 4487 vitam
1514 4444 1752 4503 agentes,
1783 4433 1903 4488 ulti-

349 4517 483 4556 mum
525 4504 664 4556 diem
711 4502 1038 4555 clauserunt.
1088 4502 1286 4556 Ibidem
1337 4502 1578 4556 sanctam
1607 4504 1900 4558 Scholasti-

348 4587 459 4624 cam
479 4573 678 4626 vixisse
707 4581 864 4640 atque
910 4572 1204 4625 decessisse
1243 4573 1476 4626 tradunt.
1527 4572 1904 4626 Monasterium

351 4642 637 4712 puellarum
649 4641 756 4712 Leo
776 4641 1024 4710 appellat,
1039 4648 1092 4693 et
1106 4648 1284 4712 tamen
1307 4643 1549 4711 superius
1568 4643 1904 4712 privilegium

352 4709 596 4790 religioso
642 4711 818 4790 abbati
848 4709 1186 4790 venerabilis
1226 4709 1533 4790 monasterii
1569 4709 1784 4790 sanet-.11—
1808 4712 1902 4790 Dei

353 4779 629 4850 genitricis
674 4779 851 4834 Mariae
886 4782 1201 4850 inscriptum
1248 4789 1348 4832 est.
1403 4781 1560 4835 Forte
1607 4781 1801 4850 duplex
1833 4781 1902 4834 ibi

354 4849 728 4903 monasterium
753 4857 887 4913 erat,
914 4858 971 4902 ut
1003 4851 1056 4902 in
1083 4848 1348 4918 frequenti
1372 4850 1506 4904 loco.
1538 4848 1697 4905 Certe
1723 4866 1904 4903 mona-

354 4918 567 4990 sterium
596 4919 859 4988 virginum
902 4919 1062 4990 apud_
1081 4918 1513 4990 Plumbariolam,
1548 4936 1653 4974 non
1698 4920 1904 4990 Virgini

358 4984 616 5056 Deipam,
655 4984 745 5042 sed
798 4984 995 5042 sanctive
1035 4988 1341 5042 Petrouillie
1378 4984 1748 5056 nuneupatum
1781 4984 1907 5056 légi-

357 5062 436 5107 tur
466 5059 517 5110 in
553 5074 655 5111 ms.
682 5058 864 5112 codice
893 5058 1192 5120 Casinensi,
1223 5061 1429 5126 signato
1457 5076 1510 5112 n.
1542 5058 1664 5124 ﬁli),
1693 5061 1746 5113 in
1789 5060 1904 5114 haec

356 5127 544 5180 verba:
583 5147 601 5178 ι
646 5127 950 5180 Bernardus
997 5127 1160 5180 abbas
1187 5128 1490 5182 Casinensis
1539 5131 1639 5183 hoc
1689 5129 1904 5183 missale

357 5193 512 5249 mittit
532 5197 807 5252 sororibus
834 5197 1142 5251 monasterii
1169 5198 1336 5251 nostri
1359 5198 1568 5252 Sancta:
1600 5199 1903 5253 Petronilla:

357 5260 794 5335 de__Plumbarola
819 5306 834 5331 ,
879 5275 938 5320 ut
979 5275 1134 5320 orent
1182 5282 1278 5335 pro
1327 5282 1422 5330 eo;
1463 5285 1481 5317 ι
1525 5277 1579 5321 et
1619 5269 1672 5321 in
1713 5269 1901 5322 eodem

360 5333 531 5408 codice
556 5336 620 5389 ad
662 5350 899 5408 mensem
933 5335 1150 5408 Juniun}
1183 5333 1198 5387 Ξ
1237 5333 1420 5408 Obitus
1445 5335 1714 5408 Beatricis
1738 5337 1903 5408 abba-

357 5403 488 5480 tissa:
523 5405 820 5480 monasterii
861 5403 1082 5480 Sanctia
1107 5403 1406 5480 fetronillte
1430 5405 1502 5480 .de
1539 5404 1898 5460 Plumbarola.

358 5465 502 5542 Nube
532 5475 782 5542 praedium
806 5482 887 5527 est
916 5475 1142 5528 ρωποι)ἰί
1173 5473 1492 5528 Casiueusis.

348 5569 354 5594 ι
427 5541 474 5593 ὖ.
517 5541 626 5598 Non
663 5543 851 5597 desunt
875 5545 926 5596 in
951 5544 1189 5596 Romano
1219 5543 1505 5612 exemplari
1532 5546 1688 5600 varia:
1713 5545 1900 5600 lectio-

2016 2914 2086 2990 _ti.s
2115 2915 2169 2968 in
2194 2913 2328 2968 locis
2349 2911 2616 2990 exornari.
2635 2903 2830 2990 potest.
2843 2907 3154 2990 insigniora
3181 2906 3426 2990 quin-dam
3471 2903 3589 2990 loca

2013 2984 2101 3057 hic
2121 2997 2404 3057 _apponere
2428 2975 2662 3057 _juverit.
2694 2979 2933 3057 Col._29,
2956 2975 3051 3057 lin.
3081 2975 3212 3057 26‘s
3237 2976 3425 3057 Dirigit:
3451 2977 3590 3057 enim

2012 3045 2255 3108 nobis'in
2304 3045 2540 3126 oratione
2582 3049 2909 3126 manentibus
2931 3089 2947 3113 ,
2984 3056 3042 3126 ut
3074 3046 3291 3126 calcatis
3317 3045 3551 3126 dignatio
3571 3087 3584 3107 ,

2010 3131 2149 3188 etc.;
2189 3123 2389 3178 rectius
2420 3123 2473 3176 in
2506 3120 2768 3186 Romano,
2791 3119 2897 3173 Diu
2923 3119 3062 3172 enim
3087 3117 3309 3188 nobisin
3344 3117 3587 3188 oratione

2009 3185 2374 3265 manentibus,
2429 3185 3275 3265 u_t_omniurn_mentibus_ctelestis
3318 3185 3586 3265 dignatio,

2009 3269 2116 3313 etc.
2140 3260 2294 3325 lbid.,
2327 3260 2418 3314 lin.
2443 3259 2552 3313 ωε
2588 3258 2647 3313 Si
2678 3260 2783 3312 dici
2807 3269 2915 3320 est;
2951 3257 3117 3311 codex
3151 3253 3390 3317 noster,'
3411 3253 3459 3325 si
3482 3253 3587 3307 dici

2011 3328 2211 3381 licitum
2256 3322 2362 3393 est;
2389 3343 2510 3393 qua;
2555 3328 2819 3382 correctio
2843 3331 3005 3381 etiam
3030 3326 3135 3381 col.
3166 3325 3257 3386 54,
3289 3325 3384 3377 lin.
3414 3322 3468 3393 6,
3495 3325 3585 3377 ad-

2012 3397 2241 3449 hibenda
2271 3392 2372 3451 est.
2409 3392 2545 3449 item
2575 3397 2678 3449 col.
2721 3397 2814 3457 '50,
2840 3397 2934 3449 lin.
2963 3397 2996 3448 5
3017 3434 3032 3457 ,
3074 3393 3380 3462 presbyteri,
3415 3392 3468 3446 in
3495 3406 3586 3462 _co-

2014 3466 2133 3517 dice
2166 3465 2425 3526 Romano,
2457 3465 2686 3527 diaconi,
2709 3465 2786 3516 uti
2812 3465 2866 3516 in
2898 3464 3001 3515 line
3029 3459 3268 3530 ejusdem
3311 3459 3577 3525 formula,
3663 3465 3668 3472 ’

2011 3533 2066 3586 in
2091 3533 2182 3586 illo
2215 3533 2544 3586 sanctissimo
2577 3532 2798 3584 diacono
2823 3541 2870 3584 et
2898 3531 3055 3584 electo
3087 3539 3262 3582 nostro
3289 3531 3587 3583 conscnsiet

2009 3603 2308 3672 subscripsi.
2360 3600 2611 3672 Similiter
2648 3611 2787 3672 totus
2814 3600 2981 3654 clerus
3010 3615 3153 3672 cum_
3169 3597 3518 3672 optimatibus
3535 3607 3586 3672 _ct

2009 3666 2256 3726 militibus
2285 3690 2376 3726 seu
2413 3671 2606 3725 civibus
2647 3671 3084 3739 subscripserunt.
3114 3666 3228 3739 Col.
3252 3667 3343 3732 5|,
3372 3666 3465 3722 lin.
3489 3667 3581 3739 21,

2006 3755 2103 3809 pro
2126 3742 2389 3810 petitionis
2418 3742 2578 3794 unitte
2598 3782 2612 3806 ,
2651 3738 2922 3810 legendum
2967 3738 3230 3810 petitionis
3269 3748 3482 3810 nostris.
3511 3738 3577 3793 Et

2006 3760 2103 3809 pro
2163 3760 2389 3796 ettnonrs
2418 3760 2612 3806 unum,
2651 3760 2922 3810 tegenaum
2967 3760 3230 3809 petitionis
3269 3760 3482 3792 πωπω.
3511 3760 3575 3793 ιιι

2004 3811 2105 3865 col.
2121 3760 2307 3872 gilii].
2337 3813 2426 3875 ‘23,
2445 3811 2649 3865 beatum
2673 3810 2882 3864 Petrum
2901 3809 3251 3880 apostolorum
3270 3807 3575 3880 principem.

2002 3880 2115 3934 Col.
2152 3881 2237 3943 55,
2270 3883 2363 3936 lin.
2385 3881 2526 3945 ~l,ita
2559 3879 2963 3944 restituendum,
2983 3879 3438 3949 prapinquantium
3452 3895 3579 3949 quo-

2000 3965 2098 4020 que
2119 3952 2447 4004 inimicorum
2472 3951 2733 4020 ferocitas,
2756 3966 2911 4019 quam
2932 3950 3032 4003 nisi
3059 3948 3170 4020 sola
3197 3948 3287 4020 Dei
3308 3948 3469 4020 virtus
3493 3959 3579 4002 at-

2033 4036 2098 4090 με
2121 4017 2480 4090 apostolorum
2499 4021 2745 4090 principis
2770 4017 2863 4089 per
2890 4035 3044 4090 suum
3077 4019 3348 4080 vicarium,
3380 4017 3479 4072 hoc
3501 4028 3575 4090 est
3664 4042 3674 4051 -

2051 4088 2252 4143 amona:
2294 4091 2435 4143 urbis
2469 4088 2780 4158 pontiﬁcem,
2809 4097 2862 4141 ut
2892 4089 3126 4158 omnibus
3167 4088 3578 4158 notum_est,_ali-

1999 4159 2205 4228 quando
2227 4161 2436 4212 monitis
2467 4155 2775 4228 comprimit,
2794 4157 3076 4228 aliquando
3103 4170 3220 4208 vero
3249 4163 3296 4207 et
3322 4155 3486 4274 (lcctit
3511 4171 3574 4207 ac

1999 4229 2274 4274 γηθήσει-αι
2289 4229 2516 4274 hortatu.
2543 4267 2556 4274 -
2587 4267 2599 4274 .
2629 4267 2640 4274 .
2665 4267 2678 4274 -
2704 4243 2821 4274 eum
2849 4225 3217 4274 obsecratione.
3242 4223 3317 4274 llo
3343 4221 3570 4274 JOJin.

1999 4221 2274 4296 morigerat
2289 4229 2516 4281 hortatu.
2543 4267 2556 4282 .
2581 4221 2599 4280 ’,
2629 4267 2640 4278 .
2665 4267 2678 4280 .
2704 4243 2821 4280 cum
2849 4221 3217 4296 obsecratione.
3242 4221 3570 4296 (lolJQJiu.

2000 4297 2068 4359 8,
2094 4292 2392 4364 presbyter;
2443 4297 2494 4348 in
2533 4306 2735 4358 nostro,
2769 4296 3052 4364 diaconus;
3091 4294 3331 4364 itemque
3352 4292 3452 4364 col.
3482 4293 3574 4364 48,

2002 4362 2102 4417 lin.
2125 4365 2209 4427 l6,
2227 4362 2383 4416 simul
2401 4365 2531 4416 verbi
2547 4382 2687 4427 cura,
2703 4363 2857 4418 simul
2875 4379 2998 4416 coro
3012 4363 3261 4424 animata,
3279 4362 3572 4416 rationalis.

2072 4432 2188 4486 Col.
2220 4433 2306 4493 55,
2334 4433 2427 4502 lin.
2460 4433 2550 4496 32,
2579 4443 2705 4502 post
2724 4433 3059 4502 synodalite_r,
3086 4431 3253 4502 codex
3294 4430 3462 4492 addit,
3488 4440 3568 4482 at-

2038 4517 2100 4554 ue
2147 4500 2490 4554 decretaliter.
2543 4500 2655 4556 Col.
2694 4500 2784 4563 57,
2825 4501 2918 4554 lin.
2965 4500 3066 4563 ἓξ,
3134 4500 3567 4564 inhumanatum,

2025 4571 2287 4640 egendum
2344 4571 2705 4624 humanatum.
2764 4570 2922 4632 lbid.,
2952 4568 3048 4622 lin.
3082 4568 3566 4640 4|,substantiam,

2005 4637 2120 4712 lege
2166 4639 2588 4712 subsistentiarn,
2627 4640 2768 4712 quod
2809 4653 2970 4712 gra_ve
3020 4637 3267 4712 mendum
3318 4637 3570 4712 emendat

2004 4706 2171 4766 co'dex
2195 4719 2398 4764 noster.
2421 4708 2534 4762 Col.
2559 4706 2660 4773 59,⁷
2680 4709 2771 4763 lin.
2796 4706 2850 4771 ὅ,
2882 4706 3228 4767 Constantini,
3253 4716 3436 4760 noster
3467 4709 3563 4761 ad-

2005 4782 2100 4844 dit,
2122 4779 2326 4850 Magni,
2343 4778 2483 4850 quod
2501 4780 2564 4832 ad
2594 4779 2870 4850 formulam
2894 4777 3163 4848 vulgarem
3180 4777 3560 4850 necessarium.

2003 4851 2116 4905 Col.
2155 4847 2242 4914 60‘,
2274 4847 2373 4902 lin.
2393 4849 2480 4912 10,
2506 4849 2897 4919 prteviantibus,
2927 4847 3064 4903 adde
3093 4865 3153 4901 ac
3178 4847 3560 4919 comitantibus.

2004 4920 2118 4975 Col.
2155 4920 2244 4984 66,
2281 4919 2370 4973 lin.
2399 4917 2514 4984 2-1,
2547 4929 2667 4989 post
2703 4928 3176 4989 prwsumpserunt,
3211 4918 3350 4989 adde
3385 4917 3562 4989 itidem

2002 4999 2323 5060 prtesumunt
2357 5000 2508 5058 atque
2524 4986 2958 5060 prtesumpserint.
2985 4987 3260 5060 lliid.,_lin.
3293 4987 3397 5060 ΞΩ,
3448 4986 3563 5056 lego

2002 5057 2096 5129 per
2120 5059 2356 5126 proprias
2389 5057 2669 5111 decirinas.
2697 5057 2848 5129 Item,
2878 5058 2971 5110 lin.
2996 5058 3094 5129 50,
3144 5057 3294 5119 iuxta
3337 5058 3563 5129 duarum

2005 5122 2313 5181 naturarum
2336 5129 2566 5191 modum,
2596 5129 2668 5181 ita
2691 5138 2736 5181 et
2777 5127 2909 5180 duas
2951 5128 3236 5180 voluntates
3265 5122 3528 5178 naturales
3546 5161 3562 5184 ,

2003 5208 2159 5266 afque
2193 5197 2324 5249 duas
2356 5196 2616 5251 naturales
2637 5196 2976 5266 operationcs.
3008 5195 3122 5266 Col.
3153 5191 3441 5266 75,_lin.ﬂ4,
3467 5207 3564 5257 pu-

2006 5261 2211 5337 ritatem
2259 5282 2423 5320 nteant
2452 5276 2640 5337 μείνειε⁸
2663 5261 2976 5337 concursum
3027 5265 3120 5337 tibi
3155 5261 3562 5337 utilitatibusque

2006 5334 2268 5396 Ecclesite,
2299 5345 2402 5390 etc.
2439 5333 2552 5388 Col.
2580 5334 2666 5398 76,
2695 5335 2788 5388 lin.
2824 5334 2909 5397 l0,
2941 5333 3152 5388 litanias
3184 5345 3299 5384 vero
3335 5344 3428 5396 per
3469 5333 3564 5379 tri-

2004 5404 2166 5458 duum
2189 5414 2309 5457 ante
2334 5406 2469 5458 diem
2507 5404 2820 5458 ascensionis
2855 5403 3064 5456 Domini
3090 5399 3368 5457 celebrare,
3395 5404 3560 5450 totum

2006 5473 2228 5548 deestth
2257 5474 2726 5548 codice_Romario_,
2749 5483 2806 5548 ut
2824 5483 2877 5526 et
2898 5473 2949 5524 in
2977 5464 3468 5548 epistolaﬂregorii
3496 5464 3555 5518 ll.

2007 5543 2121 5598 Col.
2152 5542 2242 5606 84,
2268 5544 2362 5598 lin.
2400 5544 2484 5609 Π,
2512 5543 2632 5614 quia
2669 5544 2911 5596 nimirum
2937 5579 2952 5602 ,
2993 5540 3105 5604 lege
3124 5540 3212 5605 qui
3263 5540 3556 5589 animarum
