3998 6182
561 399 657 456 191

1560 393 1947 451 TlIEODULFI
1978 391 2528 451 AURELIANENSIS
2563 392 2774 450 EPISC.

3696 395 3805 452 ωε

557 512 809 571 libertate
842 509 997 580 potiti
1038 510 1176 564 bona
1213 507 1331 579 ejus
1374 505 1658 562 invadendi
1680 508 1794 578 jam
1824 507 2124 561 hauserant
2151 508 2195 567 Α
2294 505 2411 580 NOII
2439 504 2879 580 nos_t_er_genitus,
2910 500 3380 580 nostgrljabeatur
3408 501 3693 580 alamnus:

556 583 924 652 cupiditatem.

989 645 1258 715 Theodgulﬁ
1286 644 1622 715 Epitaphium
1650 658 1699 700 ι.

559 718 781 791 (Mabill.
798 715 1063 780 Analect.,
1092 723 1132 769 t.
1153 713 1197 779 Ι,
1221 729 1288 769 ex
1312 713 1623 783 pervetusto
1644 719 1766 774 cod.
1787 714 2125 785 Vitoniano.)

628 831 776 886 Illius
798 828 1009 885 cineres
1030 843 1162 882 saxo
1183 836 1469 882 servantur
1499 827 1553 881 in
1582 828 1686 883 isto

696 898 798 965 Qui
820 898 1090 967 quondam
1110 897 1320 968 populis
1342 898 1538 967 praesul
1558 906 1614 952 et
1642 899 1778 953 abba
1803 895 1921 951 fuit.

625 1041 651 1068 ιι
692 1027 1047 1083 Theodult'um
1074 1028 1293 1083 natione
1316 1027 1507 1082 Italum
1549 1026 1715 1082 fuisse
1746 1028 1992 1090 tradunt,
2023 1028 2127 1084 hoc

552 1106 636 1168 est
672 1096 772 1168 (uti
820 1096 1143 1152 Sirmondus
1186 1097 1458 1168 opinatur)
1499 1112 1565 1151 ex
1617 1097 2123 1168 GalliaCisalpina.

553 1165 799 1236 Speriam
844 1182 940 1221 seu
971 1165 1285 1236 Hesperian
1322 1167 1423 1236 ipsi
1458 1168 1689 1235 patriam
1732 1167 1919 1221 tribuit
1950 1165 2126 1235 epita-

590 1233 736 1305 hium
767 1253 780 1289 :
815 1237 908 1291 sed
935 1233 1267 1305 aequivocum
1291 1233 1377 1290 est
1416 1233 1610 1292 nomen
1650 1237 1812 1297 istud,
1838 1233 2128 1305 aliquando

577 1304 760 1358 taliam
786 1344 800 1368 ,
858 1305 1146 1375 aliquando
1192 1304 1506 1375 Hispaniam
1566 1305 1921 1375 signiﬁcans.
1963 1306 2129 1375 Vetus

550 1374 845 1428 cbrouicon
895 1373 1212 1430 a'Chesnio
1254 1373 1456 1429 editum
1499 1376 1554 1428 in
1603 1373 1851 1430 Historiae
1884 1373 2128 1431 Francia:

552 1452 700 1513 tomo
728 1442 941 1513 lllrem
975 1444 1162 1500 deﬁnit
1189 1458 1310 1513 pag.
1354 1444 1458 1498 5'56
1498 1445 1582 1499 his
1608 1445 1788 1513 verbis
1816 1460 1835 1513 :7
1869 1462 1888 1494 ι
1916 1443 2127 1498 Floruit

476 1516 487 1525 ’
552 1512 737 1583 etiam
768 1512 853 1583 his
890 1512 1218 1583 temporibus
1255 1514 1395 1581 apud
1450 1515 1635 1569 urbem
1681 1512 2125 1567 Aurelianensem

553 1579 885 1653 Theodulius
902 1579 1202 1652 episcopus,
1234 1579 1324 1652 qui
1351 1592 1569 1652 propter
1595 1583 1833 1637 scientiae
1855 1597 2126 1653 praeroga-

553 1649 721 1722 tivam
751 1666 855 1722 qua
868 1649 1154 1722 pollebat,
1179 1668 1208 1706 a
1244 1649 1542 1707 memorato
1578 1649 1904 1722 imperatore
1933 1649 2124 1707 Carolo

554 1718 748 1788 Magno
768 1718 835 1773 ab
857 1718 1017 1775 Italia
1041 1723 1091 1775 in
1121 1720 1319 1776 Gallias
1340 1722 1624 1786 adductus,
1647 1718 1700 1776 et
1723 1721 2122 1776 Floriacensem

553 1788 624 1841 ab
647 1803 712 1843 eo
745 1790 1013 1873 abbatiam
1039 1800 1098 1873 et.
1130 1791 1748 1873 Aurelianense‘mjimul
1777 1791 1982 1873 meruit
2012 1792 2122 1859 epi-

552 1868 908 1998 ἓξὛιῗέἓὲἰῑεὲ
927 1858 2129 1985 (ἔρζὲιὶἒὲἓὲῗᾷιαὲιῗέειῖςὲθῖἷῧῗιξῖῗξιξἵῗξηῖῗ

459 1980 464 1985 ’
554 1997 668 2050 "esi
692 1980 1122 2067 aJiCddiibé'inii‘s
1139 1980 1397 2054 ῑῖέιῑείδιίέ
1612 1980 1634 1984 -
1872 1980 1897 2027 -ρ

676 2086 787 2138 Mox
813 2089 981 2153 sedes,
1005 2089 1243 2149 Narbona,
1272 2095 1381 2142 tuas
1404 2091 1676 2153 urbemque
1698 2090 1950 2168 decoram

2367 569 2768 654 l_’rotulit_b'unc
2792 571 3003 654 Speria,
3027 569 3199 653 Gallia
3221 571 3314 625 sed
3335 573 3549 654 nutriit.

2298 643 2439 699 Urbs
2456 643 2711 712 populosa
2740 641 2872 712 satis
2898 641 3129 711 Ligerim
3150 655 3314 712 super
3338 641 3669 712 Aurelianis,

2370 709 2499 779 Quae
2519 709 2648 767 olim
2676 712 2799 766 laeta
2828 710 2928 765 fuit
2948 709 3053 764 hoc
3079 709 3352 764 residente
3376 709 3557 766 Patre.

2296 780 2439 854 Proh
2459 782 2612 854 dolor
2627 782 2639 835 !
2653 780 2815 854 hunc
2836 779 3039 854 pepulit
3057 779 3273 854 propria
3294 779 3362 835 de
3383 782 3511 854 sede
3524 782 3803 854 malignus

2366 849 2631 907 Moenibus
2653 850 2739 906 bis
2762 849 2996 904 traditur
3012 849 3165 904 exsul
3190 857 3248 904 et
3268 849 3424 905 exsul
3446 858 3582 907 erat.

2408 1001 2693 1062 Tangimus,
2712 1002 2919 1051 occurrit
2938 1012 3035 1062 quo
3056 1001 3173 1050 mihi
3195 999 3306 1062 ista
3328 1003 3520 1051 cohors.

2349 1060 2605 1124 Relliquize
2629 1062 2787 1112 Getici
2814 1060 2995 1124 p0puli,
3020 1062 3161 1124 simul
3187 1061 3409 1124 Hespera
3427 1064 3569 1113 turba

2412 1122 2942 1186 Me'consanguineo‘ﬁt
2966 1122 3093 1173 duce
3116 1122 3223 1173 laeta
3250 1122 3364 1174 sibi.

2229 1250 2331 1305 Ubi
2358 1245 2696 1319 Theodulfus
2710 1246 3318 1319 coasanguineosvocat
3327 1246 3609 1319 Hesperiae
3630 1263 3805 1319 p0pu-

2228 1319 2306 1373 los
2329 1320 2381 1373 in
2406 1317 2743 1387 Septimania
2765 1317 3033 1386 degentes,
3062 1317 3152 1387 qui
3176 1331 3242 1370 ex
3272 1316 3528 1387 Hispania
3566 1316 3643 1373 eo'
3669 1316 3804 1374 con-

2227 1385 2511 1443 ﬁuxerant.
2554 1386 2669 1440 Nisi
2706 1386 2752 1440 si
2784 1385 3213 1455 consanguineos
3249 1386 3381 1455 dicit
3416 1385 3521 1455 hoc
3552 1388 3802 1452 nomine,

2227 1458 2368 1527 quod
2414 1471 2482 1510 ex
2531 1457 2733 1527 eadem;
2759 1462 2929 1527 gente
2965 1453 3075 1527 tam
3096 1453 3287 1527 -_Go_thi_
3299 1454 3419 1527 illi
3450 1454 3805 1525 Septimaniae

2225 1523 2438 1609 populi,
2491 1540 2656 1594 quam
2680 1523 3053 1609 ‘Ostro-Goth‘i
3195 1524 3359 1609 Italia
3391 1523 3679 1608 degentes,
3732 1543 3803 1609 ex

2225 1593 2421 1665 quibus
2449 1593 2765 1665 procreatus
2784 1603 2945 1665 esset
2989 1593 3318 1665 Theoduli'us
3330 1608 3361 1654 ,'
3382 1593 3800 1665 processissent.

2226 1662 2465 1720 Mortuus
2490 1674 2575 1719 est
2614 1662 2944 1719 Theodull'us
2979 1678 3122 1718 anno
3156 1663 3281 1728 821,
3304 1663 3480 1719 exsilii
3508 1666 3561 1729 7,
3590 1678 3803 1719 veneno

2224 1743 2470 1797 necatus,
2505 1734 2621 1788 sive
2660 1733 2716 1786 in
2752 1732 2953 1804 reditu,
2977 1741 3035 1804 ut
3066 1733 3402 1804 inchronico
3422 1734 3699 1804 prazcitato
3728 1734 3807 1804 le—

2262 1805 2387 1867 itur,
2415 1805 2527 1857 sive
2552 1811 2676 1872 post
2711 1803 2942 1857 reditum
2979 1801 3319 1867 Aurelianos,
3354 1801 3591 1873 ut'apud
3624 1802 3806 1856 Letal-

2153 1856 2199 1913 Β
2226 1821 2354 1928 sum
2396 1873 2763 1926 Mitiacensem
2798 1871 3117 1926 Monachum
3156 1872 3209 1925 in
3251 1872 3390 1926 libro
3426 1872 3494 1927 de
3532 1872 3806 1926 Miraculis

2264 1886 2354 1927 um
2396 1871 2763 1926 Mitiacensem
2798 1871 3117 1926 Monachum
3156 1872 3209 1925 in
3251 1872 3390 1926 libro
3426 1871 3497 1927 de
3532 1872 3808 1926 Miraculis

2228 1942 2403 1996 sancti
2436 1941 2714 1996 Maximini
2744 1941 2974 1995 abbatis.
3013 1940 3291 1995 Theodulﬁ
3317 1941 3498 1997 obitus
3528 1942 3581 1995 in
3608 1940 3817 1995 Necro-

2225 2012 2371 2082 logio
2412 2020 2599 2066 nostro
2624 2010 2947 2082 monasterii
2986 2009 3167 2082 Sancti
3210 2009 3805 2082 GermaniPratensis,

2229 2078 2352 2135 alite
2377 2097 2546 2137 annos
2574 2079 2676 2136 800
2701 2088 2943 2143 exarato,
2970 2080 3250 2148 reponitur
3274 2097 3362 2135 xiv
3390 2080 3506 2134 Kal.
3529 2078 3807 2136 Octobris.

1596 2358 1627 2398 ³
1707 2350 2746 2466 τπεθυσιιιπι
2796 2340 2803 2345 ’

1801 2559 2353 2618 AURELIANENSIS
2391 2559 2603 2616 EPlSC.

941 2732 972 2775 "
1025 2731 1538 2815 CAPITULA
1594 2730 1727 2805 AD
1800 2726 2513 2805 PRESBYTEROS
2589 2726 3121 2807 PAROCHIE
3196 2726 3438 2809 SUlE.

546 2984 985 3045 Tueonuu‘us
1035 2972 1338 3036 fratribus
1392 2976 1454 3033 et
1505 2968 2045 3049 compresbyteris
2111 2968 2351 3032 nostris
2414 2966 2909 3032 Aurelianensis
2966 2968 3305 3050 parochias.
3342 2969 3816 3048 sacerdotibus,

1853 3067 1923 3129 in
1956 3066 2232 3130 Domino
2266 3066 2563 3131 salutem.

556 3290 710 3357 Quod
744 3288 1071 3357 subditorum
1104 3282 1329 3357 plebium
1357 3282 1646 3357 profectum
1678 3296 1865 3336 curare
1888 3280 2125 3346 debeant,

942 3365 990 3411 et
1023 3350 1371 3426 dedignitate
1405 3350 1754 3406 sacerdotum.

621 3472 859 3528 Obsecro
894 3483 1010 3533 vos,
1033 3467 1229 3522 fratres
1262 3462 1615 3529 dilectissimi,
1654 3470 1715 3517 ut
1737 3476 1864 3532 erga
1890 3461 2130 3517 subdita-

552 3580 670 3618 rum
699 3562 935 3634 plebium
967 3557 1269 3629 profectum
1290 3563 1344 3611 et
1375 3553 1805 3610 emendationem
1834 3553 2130 3623 vigilantis-

551 3655 688 3708 sima
742 3666 872 3706 cura
924 3647 1224 3703 laboretis:
1278 3653 1547 3714 quatenus
1601 3642 1706 3696 illis
1749 3642 1889 3695 viam
1941 3642 2130 3696 salutis

550 3742 917 3803 ostendentes,
955 3745 1011 3792 et
1037 3751 1131 3791 eos
1167 3736 1345 3789 verbis
1382 3742 1440 3788 et
1484 3732 1746 3801 exemplis
1773 3732 2124 3798 instruentes,

552 3841 609 3884 ct
631 3845 728 3883 vos
762 3828 829 3882 de
856 3839 1043 3882 eorum
1070 3823 1334 3893 profectu,
1366 3831 1420 3875 et
1447 3837 1545 3875 nos
1574 3820 1641 3875 de
1670 3829 1871 3886 vestro,
1901 3821 2128 3878 Domino

553 3930 741 3975 nostro
764 3916 890 3973 Iesu
916 3915 1133 3971 Christo
1162 3913 1473 3978 auxiliante,
1508 3912 1809 3969 fructuosos
1837 3913 1912 3967 illi
1947 3914 2124 3968 mani-

555 4010 711 4081 pulos
743 4015 1097 4078 reportemus.
1129 4005 1367 4061 Obsecro
1399 4005 1561 4060 etiam
1599 4003 1990 4061 fraternitatem
2034 4020 2126 4060 ve-

556 4110 751 4165 stram,
791 4107 851 4152 ut
880 4098 995 4152 haec
1020 4095 1275 4166 capitula,
1305 4110 1424 4165 qum
1459 4095 1528 4150 ad
1554 4095 1983 4150 emendationem
2004 4095 2128 4151 vitae

553 4190 794 4246 breviter
822 4186 1042 4259 digessi,
1090 4185 1304 4242 assidue
1336 4184 1545 4256 legatis,
1582 4192 1638 4240 et
1676 4184 1952 4240 memoriae
1980 4199 2127 4240 com-

552 4280 839 4346 mendetis,
882 4285 938 4332 et
971 4292 1162 4333 eorum
1220 4275 1335 4330 sive
1377 4284 1688 4330 sanctarum
1736 4273 2127 4343 scripturarum

552 4372 782 4428 lectione
842 4383 1018 4424 mores
1076 4365 1431 4437 componatis,
1476 4364 1643 4420 vitam
1703 4364 2022 4431 emendetis,
2074 4373 2130 4419 et

550 4478 675 4519 cum
722 4459 950 4518 subditis
977 4457 1240 4531 plebibus,
1264 4455 1563 4528 opitulante
1588 4455 1834 4523 Domino,
1869 4455 1937 4510 ad
1966 4469 2129 4525 regna

623 4616 653 4645 ⁸
676 4615 965 4686 leodulﬁ.
980 4613 1345 4686 ,Theodulfum
1369 4614 1586 4686 tradunt
1608 4629 1671 4669 ex
1693 4611 1865 4676 Italia,
1890 4612 1992 4665 hoc
2017 4619 2119 4686 e_st,

550 4699 612 4742 ut
632 4689 844 4758 opinor,
873 4681 942 4740 ex
963 4685 1130 4740 Gallia
1153 4684 1422 4806 Cisalpina
1454 4684 1507 4738 in
1534 4684 1673 4737 hanc
1701 4689 1939 4737 nostram
1972 4697 2001 4734 a
2022 4681 2123 4735 Ca-

553 4759 670 4806 mlo
695 4772 888 4806 magno
920 4756 1245 4806 translatum
1319 4754 1481 4806 uisse.
1524 4751 1887 4806 donatumque
1918 4751 2123 4806 episco-

553 4751 888 4825 rolo’magno
920 4756 1245 4825 translatum
1295 4751 1481 4815 fuisse,
1524 4751 1887 4825 donatumque
1918 4751 2124 4819 episco-

550 4836 678 4894 patu
701 4819 1101 4894 Aurelianensi.
1135 4823 1247 4894 Hoc
1287 4838 1416 4894 vero
1441 4838 1508 4894 ex
1530 4819 1828 4894 Theodull'o
1855 4821 1983 4894 ipso_
1997 4834 2125 4894 conf

551 4888 680 4959 Istat,
708 4904 763 4947 et
790 4891 935 4947 Missi
963 4891 1216 4946 dominici
1236 4891 1575 4960 amplissima
1600 4888 1917 4960 praefectura
1945 4888 2123 4945 Caroli

552 4964 797 5034 ejusdem
817 4961 1186 5034 benevolentia
1224 4958 1462 5034 [unctum
1502 4973 1621 5034 esse
1655 4958 1711 5034 i_n
1743 4967 1967 5034 utraque
2000 4973 2127 5034 pro.

550 5027 726 5087 vincia
756 5030 1112 5093 Narbonensi,
1147 5038 1203 5083 et
1229 5028 1544 5082 familiarem
1589 5027 1713 5097 ipsi,
1740 5028 1933 5097 quoad
1965 5029 2120 5093 vixit,

552 5102 695 5156 inter
729 5100 949 5170 intimos
986 5113 1389 5170 perseverasse.
1436 5097 1564 5170 Post
1596 5096 1787 5170 Caroli
1815 5112 2120 5170 excessum,

552 5187 660 5227 non
688 5168 889 5237 dispari
916 5166 1105 5237 primis
1151 5167 1310 5222 annis
1337 5168 1390 5222 in
1428 5167 1601 5237 gratia
1630 5166 1733 5221 fuit
1767 5167 1907 5237 apud
1949 5167 2123 5221 Ludo-

552 5187 660 5227 non
688 5182 889 5292 (ιιθᾹηιη
916 5183 1105 5237 primis
1151 5184 1310 5222 annis
1337 5184 1390 5222 in
1428 5182 1601 5237 gratia
1630 5182 1733 5221 ιωι
1767 5182 1907 5292 apud
1949 5182 2121 5221 bllth-

551 5243 728 5296 vicum
796 5238 954 5302 lium;
984 5254 1014 5292 a
1033 5252 1140 5307 quo
1155 5245 1210 5293 et
1233 5237 1507 5308 Stephano
1529 5251 1679 5307 papte
1704 5237 1756 5291 in
1827 5236 2006 5308 alliam
2027 5252 2121 5291 ve-

550 5311 720 5367 nienti
739 5310 925 5379 jussus
968 5317 1052 5363 est
1092 5308 1305 5364 obviam
1333 5307 1566 5379 ’honoris
1610 5307 2120 5379 causaprgcedere.

548 5376 811 5437 Castorum
834 5378 1040 5433 delatus
1071 5387 1130 5432 ut
1149 5378 1417 5447 particeps
1438 5376 1825 5447 coniurationis
1866 5376 2124 5431 Bernardi

550 5453 691 5522 regis
716 5450 970 5522 adversus
1008 5446 1277 5522 patruum,
1304 5446 1618 5522 episcopatu
1648 5446 1926 5522 spoliatus,
1957 5452 2118 5522 atque

550 5514 1299 5587 in'monastcrium'rclegatus
1324 5514 1409 5571 est
1430 5514 1568 5585 apul
1594 5514 1929 5586 Anilegavos.
1962 5514 2115 5587 Qqu

552 5589 641 5642 ille
685 5590 887 5645 crimen
927 5598 985 5644 ut
1030 5586 1340 5643 constanter
1365 5602 1743 5655 usquequaque
1781 5586 2113 5655 pernegavit,

552 5658 625 5710 ita
664 5676 764 5713 non
794 5659 1076 5713 defuerunt
1122 5655 1212 5726 qui
1243 5672 1339 5725 per
1367 5653 1618 5710 invidiam
1657 5653 1943 5726 conﬂatum
1974 5653 2115 5726 allii“-

554 5738 782 5781 marent.
829 5723 1411 5792 Absolutus'tatidcm,
1470 5726 1594 5780 dum
1648 5724 1711 5778 ad
1765 5739 1889 5779 suos
1941 5723 2112 5792 redit,

2155 4535 2205 4595 D

2228 3187 2471 3243 caelestia
2516 3201 2743 3259 pergere
2784 3188 3024 3245 certetis.
3077 3191 3351 3247 Veraciter
3390 3207 3549 3248 nosse
3599 3192 3822 3251 debetis

2228 3285 2283 3332 et
2307 3293 2521 3348 semper
2557 3280 2881 3341 meminisse,
2910 3282 3034 3351 quia
3066 3296 3182 3347 nos,
3224 3283 3421 3352 quibus
3452 3284 3817 3354 regendarum

2228 3368 2529 3457 animarum
2575 3385 2705 3425 cura
2757 3371 3044 3425 commissa
3088 3379 3189 3434 est,
3223 3372 3432 3441 probis
3474 3373 3565 3442 qui
3621 3382 3816 3427 nostra

2228 3460 2549 3530 negligentia
2579 3468 2825 3530 pereunt,
2868 3458 3128 3515 rationem
3152 3460 3409 3516 reddituri
3446 3476 3633 3517 sumus
3664 3476 3681 3514 :
3712 3477 3819 3531 pro

2227 3551 2312 3606 bis
2332 3566 2463 3605 vero
2507 3566 2643 3621 quos
2680 3548 2862 3604 verbis
2905 3557 2958 3604 et
2995 3550 3257 3620 exemplis
3296 3551 3490 3606 lucrati
3524 3551 3817 3615 fuerimus,

2225 3639 2506 3709 praemium
2556 3647 2771 3694 aeterna:
2809 3639 2933 3693 vita:
2967 3640 3350 3709 percipiemus.
3380 3639 3555 3695 Nobis
3598 3642 3746 3696 enim
3783 3658 3816 3696 a

2228 3729 2455 3784 Domino
2485 3729 2687 3784 dictum
2724 3738 2829 3797 est,
2879 3727 2983 3784 Vos
3024 3731 3147 3785 estis
3183 3729 3263 3784 sal
3304 3742 3455 3784 terra:
3503 3730 3719 3800 (Matth.
3747 3747 3808 3796 ν,

2229 3821 2337 3891 15).
2379 3821 2532 3888 Quod
2567 3820 2613 3876 si
2648 3822 2876 3892 populus
2909 3820 3081 3877 ﬁdelis
3118 3822 3270 3877 cibus
3300 3832 3383 3877 est
3415 3821 3533 3887 Dei,
3557 3820 3673 3891 ejus
3698 3823 3815 3881 cibi

2227 3915 2627 3969 condimentum
2666 3929 2766 3969 nos
2811 3929 3016 3968 sumus.
3056 3912 3261 3969 Scitote
3299 3923 3535 3969 vestrum
3579 3915 3813 3985 gradum

2228 4013 2414 4062 nostro
2441 4005 2631 4076 gradui
2674 4005 2968 4061 secundum
3023 4013 3080 4060 et
3122 4020 3259 4075 pene
3294 4007 3639 4076 conjunctum
3663 4023 3813 4063 esse.

2226 4097 2380 4153 Sicut
2406 4097 2553 4152 enim
2597 4096 2838 4166 episcopi
2884 4094 3264 4166 Apostolorum
3320 4096 3373 4150 in
3416 4096 3679 4163 Ecclesia,
3729 4098 3810 4153 ita

2227 4189 2481 4244 nimirum
2505 4188 2804 4260 presbyteri
2835 4196 3152 4243 caeterorum
3181 4188 3561 4259 discipulorum
3592 4190 3812 4246 Domini

2226 4280 2400 4335 vicem
2430 4287 2646 4343 tenent;
2676 4287 2732 4333 et
2759 4277 2833 4334 illi
2860 4286 3046 4334 tenent
3063 4278 3285 4349 gradum
3314 4279 3511 4334 summi
3533 4280 3814 4350 pontiﬁcis

2228 4370 2430 4435 Aaron,
2479 4369 2568 4424 isti
2606 4384 2736 4424 vero
2779 4367 3008 4423 ﬁliorum
3061 4368 3198 4438 ejus.
3255 4367 3406 4424 Unde
3446 4378 3661 4439 oportet
3706 4385 3811 4426 vos

2228 4477 2444 4533 semper
2495 4476 2765 4517 memores
2799 4474 2922 4517 esse
2972 4468 3137 4516 tantae
3190 4460 3489 4530 dignitatis,
3538 4476 3814 4517 memores

2224 4624 2468 4688 mortuus
2500 4615 2911 4688 dicitur,anno_,
2941 4626 3003 4671 ut
3021 4628 3259 4688 apparet,
3290 4619 3412 4675 821.
3437 4616 3642 4673 Cretera
3680 4618 3809 4673 libri

2223 4684 2340 4754 ejus
2368 4685 2673 4758 docebunt:
2714 4686 2768 4740 in
2804 4686 2999 4756 quibus
3038 4684 3226 4758 s'i'qua
3258 4696 3435 4751 erunt,
3473 4688 3527 4741 in
3554 4688 3809 4744 versibus

2224 4756 2543 4825 prmsertim,
2588 4771 2707 4824 qua:
2751 4766 3006 4825 tanquam
3044 4758 3113 4813 ab
3140 4756 3258 4813 'usu
3306 4759 3576 4811 communi
3608 4759 3811 4813 abhor-

2228 4824 2402 4879 rentia
2430 4825 2608 4880 minus
2630 4824 2926 4885 arrideant.
2964 4828 3272 4882 meminerit
3313 4828 3483 4882 lector
3517 4829 3808 4882 verborum

2226 4910 2406 4950 naevos
2443 4909 2581 4957 esse,
2612 4895 2704 4962 qui
2740 4895 3020 4965 multiplici
3052 4911 3231 4952 rerum
3262 4896 3439 4952 fructu
3477 4904 3534 4952 et
3573 4896 3811 4952 utilitate

2228 4971 2668 5032 compensantur.

2298 5030 2608 5103 Prr'Capitula
2657 5031 2725 5087 ad
2773 5035 3114 5103 presbyteros.
3167 5035 3388 5090 Librum
3436 5036 3581 5091 hunc
3628 5035 3810 5091 Theo—

2225 5102 2422 5171 dulius,
2469 5110 2523 5171 et
2553 5112 2671 5171 post
2712 5102 2858 5157 illum
2904 5104 3107 5159 similes
3132 5107 3265 5161 alios
3310 5106 3585 5160 llerardus
3633 5104 3810 5160 Turo-

2225 5170 2409 5226 nensis
2433 5180 2488 5243 et
2502 5170 2741 5243 Riculqu
2764 5171 3188 5240 Suessionensis,
3210 5190 3276 5231 eo
3298 5176 3444 5243 quod
3472 5173 3809 5243 capitulatim

2225 5242 2467 5311 concepti
2508 5241 3096 5314 distinctiqueessent,
3126 5241 3357 5314 capitula
3397 5254 3451 5298 et
3485 5241 3808 5313 capitularia

2224 5320 2625 5385 nuncuparunt,
2653 5313 3100 5385 quemadmodum
3127 5313 3384 5385 et’legum
3412 5314 3682 5383 regiarum
3713 5328 3809 5367 co-

2225 5380 2392 5460 dices,
2410 5380 2484 5460 ’ut
2511 5380 2698 5460 iisdem
2742 5383 3047 5438 nominibus
3072 5380 3314 5460 canalem
3344 5384 3413 5438 ob
3442 5380 3661 5460 causam
3703 5396 3804 5460 ap-

2225 5450 2508 5523 pellarent,
2554 5459 2858 5523 temporum
2886 5468 3101 5523 quoque
3148 5453 3359 5507 illorum
3388 5450 3801 5523 imos,obtin_uit.

2227 5520 2318 5575 Sic
2353 5521 2497 5594 enim
2534 5528 2589 5594 et
2622 5519 2783 5594 apud
2811 5519 3030 5594 Graecos
3067 5526 3306 5594 κεφάλαια
3346 5521 3605 5594 similiter
3650 5519 3803 5594 dicta

2224 5599 2365 5660 sunt,
2418 5589 2581 5646 Marci
2639 5588 2787 5645 verbi
2828 5592 3001 5660 gratia
3041 5588 3301 5657 crcinitm,
3346 5591 3627 5655 Diadochi,
3674 5588 3802 5647 Nili.

2224 5659 2558 5731 aliorumque
2603 5659 2857 5731 opuscula
2896 5662 3147 5731 asretica,
3199 5670 3255 5716 et
3290 5660 3512 5731 Agupeti
3563 5672 3805 5731 partem-

2227 5730 2351 5795 lica,
2385 5738 2436 5783 et
2467 5741 2658 5784 cetera
2697 5729 2746 5784 id
2776 5747 2944 5799 genus
2986 5729 3068 5789 διὰ
3098 5729 3369 5801 κςφσύαέωίδ
3402 5729 3712 5800 Composita.
