3998 6182
178 220 283 282 193

1632 234 1992 293 CAPITULA.

3331 260 3434 314 illi

172 345 376 391 vestra:
445 335 887 402 consecrationis,
942 351 1209 394 memores
1260 353 1428 394 sacra:
1482 356 1644 411 quam
1701 345 1756 398 in
1786 351 1835 408 Α
1863 358 1918 402 at
1967 365 2127 406 sexus
2178 353 2572 421 imbecillitatis,
2617 368 2670 412 et
2716 360 2912 416 idcirco
2948 375 3135 421 sancta
3182 370 3439 436 quaelibet

166 426 430 480 manibus
463 426 776 495 suscepistis
800 428 1087 495 unctionis,
1116 439 1177 484 ut
1212 446 1310 485 nec
1344 431 1413 486 ab
1446 433 1632 488 eadem
1678 436 1760 489 di-

160 517 386 586 gnitate
430 518 765 589 degeneretis
788 558 804 584 ,
855 535 954 576 nec
1002 529 1235 577 vestram
1296 527 1759 581 consecrationem

159 605 394 660 irritam
436 606 666 673 faciatis,
696 624 796 664 nec
810 624 1001 664 manus
1049 626 1202 667 sacro
1235 614 1470 684 unguine
1494 615 1759 672 delibutas

157 698 456 764 peccando
504 697 777 768 polluatis,
818 702 911 754 sed
956 703 1135 757 cordis
1168 712 1222 759 et
1258 706 1497 775 corporis
1544 694 1758 763 mundi-

160 783 306 839 tiam
339 795 746 853 conservantes,
785 789 1029 859 plebibus
1050 793 1351 863 exemplum
1381 794 1518 851 bene
1544 798 1757 853 vivendi

156 878 502 945 praebentes,
542 880 627 936 his
649 881 844 950 quibus
864 883 1108 953 praeestis
1144 884 1394 942 ducatum
1423 888 1490 943 ad
1520 889 1757 945 cmicstia

160 982 344 1039 regna
372 971 677 1040 praebeatis.
956 1043 999 1098 ﬂ

256 1127 422 1193 Quod
455 1128 661 1185 lectioni
681 1140 727 1186 et
747 1134 971 1188 orationi
1008 1135 1218 1189 assidue
1241 1139 1531 1192 vacandum
1562 1140 1650 1194 sit.

235 1235 471 1306 Oportet
516 1255 609 1296 vos
651 1248 708 1296 et
750 1242 1121 1299 assiduitatem
1174 1245 1373 1302 habere
1423 1247 1656 1319 legendi,
1700 1260 1755 1306 et

156 1326 487 1385 instantiam
520 1332 734 1398 orandi,
772 1333 897 1403 quia
939 1335 1049 1391 vita
1093 1336 1196 1391 viri
1225 1336 1359 1406 justi
1405 1339 1636 1395 lectione
1674 1343 1754 1396 in-

167 1417 427 1485 struitur,
475 1431 719 1489 ornatur,
761 1432 817 1478 et
861 1425 1176 1484 assiduitate
1222 1428 1469 1487 lectionis
1512 1435 1755 1490 munitur

168 1507 337 1563 homo
378 1524 409 1563 a
435 1521 678 1580 peccato,
701 1514 857 1585 juxta
887 1516 1036 1571 illum
1074 1518 1165 1587 qui
1204 1519 1458 1575 dicebat:
1512 1521 1577 1576 In
1601 1524 1755 1578 corde

166 1617 279 1654 meo
304 1601 560 1658 abscondi
579 1605 787 1676 eloquia
828 1616 942 1674 tua,
977 1618 1030 1664 ut
1064 1627 1167 1664 non
1194 1628 1396 1682 peccem
1439 1614 1533 1668 tibi
1576 1613 1748 1687 (Psal.

1862 438 1916 491 in
1976 440 2276 497 ministerio
2336 445 2587 501 Ecclesia:
2644 451 2952 521 contingere
3009 456 3435 524 pertimescant;

1860 546 1979 601 qum
2022 535 2184 588 etiam
2221 536 2340 590 laici
2387 538 2488 592 viri
2533 541 2912 608 pertimescere
2948 545 3161 612 debent,
3210 562 3278 602 ne
3310 549 3438 605 01:2

1858 638 2076 693 pennam
2107 627 2354 691 subeant,
2386 630 2478 699 qui
2526 632 2652 686 dum
2689 648 2868 688 arcam
2893 635 3103 692 Domini
3137 642 3439 697 extraordi-

1858 714 2010 767 narie
2033 717 2345 785 contingere
2375 718 2564 784 voluit,
2607 721 2832 777 Domino
2871 726 3199 794 percutiente
3228 729 3436 785 interiit

1860 804 1944 875 (II
1974 805 2104 876 Reg.
2136 806 2243 879 γι).

2652 882 2757 937 Vll.

2029 964 2099 1020 Ut
2142 968 2387 1022 sacerdos
2413 970 2628 1024 missam
2676 973 2819 1027 solus
2875 991 2977 1029 non
3014 977 3246 1033 celebret.

1926 1055 2192 1113 Sacerdos
2223 1058 2442 1115 missam
2479 1059 2625 1116 solus
2653 1078 2992 1134 nequaquam
3027 1069 3281 1138 celebret,
3307 1075 3434 1143 quia

1856 1148 1994 1203 sicut
2020 1148 2109 1203 illa
2133 1149 2392 1205 celebrari
2430 1167 2537 1206 non
2566 1161 2742 1223 potest
2764 1155 2883 1210 sine
2905 1157 3228 1216 salutatione
3254 1179 3434 1220 sacer-

1856 1236 2016 1303 dotis,
2052 1239 2397 1308 responsione
2445 1241 2637 1310 plebis,
2688 1244 3057 1301 admonitione
3109 1254 3432 1321 sacerdotis,

1857 1328 2203 1396 responsione
2224 1330 2572 1387 nihilominus
2596 1332 2798 1403 plebis,
2831 1334 2906 1390 ita
2939 1337 3196 1394 nimirum
3228 1358 3434 1414 nequa-

1855 1433 2019 1488 quam
2046 1418 2114 1474 ab
2142 1435 2250 1475 uno
2271 1421 2432 1477 debet
2458 1424 2740 1479 celebrari.
2772 1424 2905 1483 Esse
2928 1429 3071 1484 enim
3111 1430 3309 1488 debent
3334 1436 3427 1504 qui

1855 1509 1903 1564 ei
1935 1509 2305 1575 circumstent,
2334 1527 2470 1581 quos
2496 1513 2585 1568 ille
2609 1515 2822 1582 salutet,
2845 1532 2876 1572 a
2908 1519 3102 1588 quibus
3126 1520 3176 1575 ei
3207 1538 3427 1593 respon-
3445 1560 3457 1577 ι

1854 1601 2068 1667 deatur,
2090 1611 2146 1657 et
2164 1604 2231 1658 ad
2256 1604 2572 1660 memoriam
2601 1606 2674 1660 illi
2703 1608 3060 1665 reducendum
3087 1622 3171 1668 est
3188 1614 3314 1670 illud
3330 1615 3430 1671 Do.

168 1705 362 1755 cmu,
389 1692 498 1763 ll).
536 1693 661 1750 Haec
690 1704 816 1751 sunt
843 1698 986 1753 enim
1014 1714 1186 1765 arma,
1217 1700 1377 1757 lectio
1417 1703 1663 1761 videlicet
1702 1715 1751 1762 et

1860 1691 2114 1747 minicum
2130 1711 2143 1747 :
2162 1692 2467 1766 Ubicunque
2486 1695 2681 1766 fuerint
2691 1698 2796 1752 duo
2812 1699 2889 1754 uel
2900 1710 3001 1756 tres
3023 1703 3078 1758 in
3096 1707 3302 1762 nomine
3313 1725 3428 1763 meo

165 1784 366 1849 oratio,
410 1786 603 1854 quibus
643 1786 887 1846 diabolus
922 1802 1297 1863 expugnatur:
1345 1795 1458 1852 haec
1495 1807 1621 1854 sunt
1668 1800 1750 1855 in-

165 1881 471 1930 strumenta
499 1877 693 1946 quibus
728 1888 927 1935 :eterna
971 1882 1247 1940 beatitudo
1287 1887 1628 1956 acquiritur:
1668 1891 1756 1946 his

166 1965 331 2020 armis
384 1955 519 2022 vitia
567 1971 997 2040 comprimuntur
1038 1992 1051 2027 :
1098 1975 1185 2030 his
1215 1976 1486 2034 alimentis
1530 1980 1757 2037 virtutes

167 2056 509 2111 nutriuntur.
918 2130 984 2185 ω

359 2213 526 2279 Quod
565 2215 777 2272 lectioni
813 2221 1085 2276 succedere
1129 2222 1312 2278 debeat
1361 2229 1612 2296 operatio.

220 2302 343 2357 Sed
366 2311 425 2359 et
469 2304 515 2359 si
553 2306 777 2375 quando
814 2322 844 2362 a
874 2308 1104 2366 lectione
1144 2320 1408 2379 cessatur,
1434 2315 1596 2371 debet
1644 2332 1756 2371 ma-

157 2411 329 2449 nuum
367 2397 616 2467 Operatio
661 2400 937 2470 subsequi,
982 2403 1109 2471 quia
1145 2405 1390 2461 otiositas
1428 2407 1755 2464 inimicaest

154 2489 377 2552 animm,
403 2497 459 2543 et
477 2490 733 2560 antiquus
769 2492 960 2559 hostis,
1000 2509 1158 2564 quem
1189 2511 1219 2550 a
1267 2496 1494 2554 lectione
1521 2501 1637 2556 sive
1680 2503 1750 2557 ab

151 2578 408 2634 oratione
463 2589 743 2637 vacantem
787 2582 1073 2651 invenerit,
1103 2584 1259 2642 facile
1297 2589 1364 2643 ad
1404 2590 1533 2644 vitia
1586 2591 1743 2661 rapit.

151 2665 258 2721 Per
288 2684 455 2723 usum
496 2685 725 2741 namque
755 2671 1000 2729 lectionis
1039 2675 1257 2732 discetis
1299 2679 1531 2749 qualiter
1566 2690 1621 2737 et
1650 2697 1747 2739 vos

151 2760 381 2827 vivatis,
436 2770 491 2816 et
522 2761 657 2818 alios
695 2763 977 2820 doceatis:
1034 2780 1133 2837 per
1170 2783 1329 2823 usum
1379 2771 1660 2838 orationis,
1690 2782 1747 2829 et

150 2851 316 2906 vobis
342 2861 401 2907 et
439 2852 525 2908 his
558 2854 756 2924 quibus
777 2855 831 2910 in
860 2856 1128 2913 charitate
1151 2858 1423 2929 conjuncti
1449 2863 1582 2920 estis
1609 2880 1741 2935 pro-

150 2940 320 2997 desse
354 2943 643 3011 valebitis;
686 2962 787 3017 per
819 2963 1074 3005 manuum
1120 2953 1484 3021 operationem
1521 2963 1577 3012 et
1624 2971 1744 3013 cor-

147 3035 307 3102 poris
341 3038 788 3105 macerationem,
822 3048 878 3096 et
898 3041 1043 3097 vitiis
1075 3043 1329 3099 alimenta
1358 3048 1644 3118 negabitis,
1687 3059 1742 3106 et
1770 3047 1815 3112 C

148 3124 353 3180 vestris
378 3127 798 3184 necessitatibus
825 3130 1172 3198 subvenietis,
1204 3141 1259 3187 et
1295 3133 1563 3192 habebitis
1600 3141 1744 3207 quod

152 3216 543 3271 necessitatem
577 3218 911 3287 patientibus
950 3222 1260 3293 porrigatis.

946 3315 1036 3369 1V.

325 3399 446 3467 Quo
472 3414 734 3474 apparatu
778 3406 846 3459 ad
881 3408 1139 3477 synodum
1170 3409 1341 3463 venire
1361 3411 1599 3467 debeant.

223 3488 455 3554 Quando
481 3507 638 3548 more
665 3494 823 3550 solito
852 3495 919 3550 ad
941 3496 1203 3567 synodum
1236 3499 1559 3565 convenitis,
1588 3504 1743 3556 vestio

154 3590 356 3646 menta,
390 3590 444 3637 et
470 3583 659 3651 libros,
687 3592 743 3641 et
763 3601 891 3641 vasa
912 3596 1118 3653 sancta,
1147 3603 1267 3643 cum
1296 3590 1489 3659 quibus
1509 3602 1749 3649 vestrum

158 3675 522 3731 ministerium
549 3685 606 3732 et
630 3678 929 3749 injunetum
975 3678 1209 3736 oﬂicium
1247 3683 1522 3753 peragitis,
1570 3684 1749 3741 vobis-

157 3778 278 3818 cum
307 3765 548 3831 deferte;
588 3782 692 3822 nec
730 3783 836 3823 non
875 3768 1030 3835 duos,
1071 3780 1162 3825 aut
1197 3780 1308 3827 tres
1337 3772 1581 3837 clericos,
1623 3789 1744 3829 cum

160 3856 354 3924 quibus
391 3858 686 3914 missarum
721 3859 984 3916 solemnia
1016 3862 1322 3928 celebratis,
1357 3866 1633 3921 vobiscum
1655 3866 1747 3921 ad-

162 3948 359 4016 ducite,
392 3960 453 4007 ut
484 3953 748 4021 probetur
768 3969 928 4024 quam
969 3954 1274 4027 diligenter,
1311 3973 1470 4028 quam
1509 3960 1748 4015 studiose

166 4042 253 4099 Dei
292 4045 582 4102 servitium
614 4047 908 4118 peragatis.

953 4138 1013 4191 V.

166 4223 293 4291 Qua:
327 4244 459 4282 cura
494 4243 606 4283 esse
625 4227 805 4282 debeat
840 4228 1187 4351 Inanimdyini,
1213 4238 1259 4283 et
1285 4244 1456 4299 aquae,
1490 4229 1545 4283 in
1568 4229 1743 4284 missis

782 4313 839 4351 ce
859 4312 888 4351 e
923 4314 1017 4351 ran
1057 4314 1123 4351 is.

782 4312 1101 4352 σειεοναηαιε
1109 4337 1123 4351 .

229 4385 433 4451 Panes,
452 4401 594 4457 quos
614 4386 726 4443 Deo
747 4386 802 4442 in
825 4386 1151 4443 sacrificium
1170 4387 1396 4453 oll‘ertis,
1423 4395 1517 4441 aut
1535 4402 1566 4441 a
1593 4388 1748 4444 vobis
1771 4385 1824 4445 D

168 4476 311 4546 ipsis,
330 4488 428 4533 aut
446 4494 482 4533 a
509 4478 707 4533 vestris
730 4468 914 4548 pu'eris
937 4491 1121 4532 coram
1141 4477 1314 4543 vobis,
1338 4477 1510 4533 nitide
1537 4492 1602 4533 ac
1630 4487 1745 4534 stu-

167 4566 310 4624 diose
358 4567 519 4634 ﬁant,
575 4575 631 4621 et
678 4567 964 4639 diligenter
1007 4566 1329 4622 observetur
1366 4575 1426 4620 ut
1481 4567 1658 4637 panis,
1689 4576 1747 4623 et

61 4641 64 4729 l
166 4659 373 4723 vinum,
409 4667 470 4714 et
514 4674 676 4729 aqua,
706 4658 825 4713 sine
864 4657 1061 4727 quibus
1102 4657 1283 4712 missae
1307 4666 1581 4726 nequeunt
1611 4658 1747 4714 cele-

166 4751 327 4813 brari,
386 4749 743 4804 mundissime
784 4756 948 4818 atque
970 4747 1211 4803 studiose
1238 4753 1555 4811 tractentur,
1585 4755 1639 4801 et
1659 4747 1745 4801 ni-

168 4839 238 4893 hil
269 4841 326 4894 in
352 4839 443 4895 bis
470 4839 598 4904 vile,
625 4838 760 4893 nihil
782 4853 891 4894 non
911 4839 1196 4909 probatum
1226 4837 1555 4903 inveniatur,
1592 4838 1746 4908 juxta

168 4928 291 4986 illud
320 4930 472 5000 quod
500 4931 576 4984 ait
598 4928 908 5000 Scriptura:
940 4929 1022 4986 Sit
1046 4929 1203 4983 timor
1226 4927 1443 4982 Domini
1464 4928 1744 4994 uobiscum,

136 5033 212 5087 vet
236 5040 357 5077 cum
393 5021 667 5092 diligentia
691 5029 880 5076 cuncta
904 5021 1059 5090 facite
1086 5018 1175 5091 (II
1204 5019 1333 5074 Par.
1362 5035 1479 5086 xxx,
1511 5019 1588 5089 9).

918 5114 1004 5169 Vl.

167 5205 239 5260 ω
282 5205 499 5276 femina:
550 5204 620 5258 ad
655 5202 826 5258 altare
856 5243 871 5269 ,
903 5202 1027 5326 duim
1057 5203 1230 5326 missa:
1257 5201 1602 5266 celebrantur,
1645 5217 1749 5254 non

827 5289 947 5326 accc
985 5289 1055 5326 an
1082 5310 1098 5325 .

827 5289 1098 5328 accedant.

236 5364 480 5421 Feminae
533 5365 779 5426 missam.
840 5362 1118 5419 sacerdote
1156 5361 1461 5417 celebrante
1482 5401 1497 5425 ,
1549 5375 1750 5429 nequa-

164 5469 331 5526 quam
354 5455 423 5510 ad
458 5454 631 5510 altare
655 5454 935 5519 accedant,
960 5453 1055 5508 sed
1091 5452 1226 5508 locis
1253 5450 1365 5506 suis
1391 5457 1554 5513 stent,
1595 5456 1649 5503 et
1676 5447 1750 5504 ibi

166 5546 426 5603 sacerdos
461 5561 653 5603 earum
688 5546 991 5603 oblationes
1023 5545 1134 5600 Deo
1185 5544 1462 5598 oblaturus
1500 5541 1746 5613 accipiat.

170 5637 436 5698 leniores
463 5641 610 5695 enim
644 5650 765 5694 esse
792 5636 986 5693 debent
1021 5633 1232 5692 femina:
1266 5633 1594 5690 infirmitatis
1640 5647 1750 5688 sum

1853 1783 2170 1853 congregati,
2196 1792 2245 1838 et
2269 1800 2360 1855 ego
2381 1785 2436 1839 in
2456 1786 2625 1841 medio
2667 1804 2848 1843 eorum
2893 1789 3106 1863 (Matth.
3133 1810 3285 1862 xvul,
3308 1798 3423 1868 ‘20).

2589 1879 2721 1935 Vlll.

1856 1959 1922 2015 Ut
1948 1963 2004 2017 in
2023 1964 2250 2020 ecclesiis
2273 1978 2462 2037 praeter
2484 1985 2562 2024 res
2581 1988 2762 2027 sacras
2788 1972 2897 2027 alia
2921 1990 3024 2028 non
3050 1978 3420 2035 recondantur.

1926 2073 2181 2131 Videmus
2227 2079 2443 2135 crebro.
2471 2080 2523 2135 in
2584 2082 2828 2139 ecclesiis
2885 2100 3089 2141 messes
3144 2096 3199 2143 et
3248 2088 3427 2145 fenum

1855 2166 2094 2233 congeri,
2124 2169 2266 2224 unde
2290 2170 2542 2227 volumus
2572 2184 2629 2228 et
2653 2175 2758 2229 hoc
2783 2178 2996 2245 penitus
3023 2180 3431 2248 observetur,ut

1854 2253 1989 2308 nihil
2011 2255 2064 2310 in
2110 2258 2337 2314 ecclesia
2376 2270 2574 2330 praeter
2607 2266 2929 2322 vestimenta
2957 2268 3343 2338 ecclesiastica,
3372 2282 3429 2329 et

1851 2358 1976 2399 vasa
2020 2355 2229 2413 sancta,
2266 2358 2322 2405 et
2347 2349 2513 2407 libros
2557 2357 2918 2412 recondatur:
2946 2357 3024 2414 Ne
3052 2359 3213 2428 forte,
3241 2364 3287 2419 si
3319 2365 3425 2420 alia

1849 2434 1922 2491 ibi
1964 2453 2125 2507 quam
2173 2450 2385 2511 oportet
2434 2448 2647 2512 negotia
2687 2460 3064 2519 exerceantur,
3106 2469 3136 2509 a
3195 2456 3423 2513 Domino

1846 2529 2128 2587 audiamus
2160 2551 2172 2586 :
2214 2533 2427 2605 Domus.
2451 2554 2567 2594 mea
2606 2541 2793 2596 domus
2837 2545 3091 2600 orationis
3121 2548 3421 2615 vocabitur;

1845 2636 1933 2674 vos
1971 2631 2145 2676 autem
2186 2623 2378 2694 fecistis
2425 2644 2542 2683 eam
2584 2629 2885 2700 speluncam
2912 2632 3177 2690 latronum
3203 2636 3418 2708 (Matth.

1844 2727 1960 2778 nt,
1999 2711 2085 2785 15)
2110 2752 2125 2766 .

2582 2802 2674 2859 IX.

1846 2884 1914 2941 Ut
1944 2905 2092 2945 nemo
2121 2890 2621 3019 άεὶηεειὲῒεὲἃῖέῗν
2641 2899 2955 3022 fasceata?
2986 2900 3043 2954 id
3081 2902 3252 2958 meriti
3283 2903 3419 2971 sint,

2581 2984 2613 3020 a
2667 2984 2757 3022 ene
2778 2986 2831 3022 ta
2856 2986 2890 3022 ιι
2925 3008 2941 3022 .

2310 2980 2366 3017 ιη
2397 2980 2613 3020 88018810
2641 2980 2941 3038 εεριιωιιιν.

1915 3071 2185 3143 Antiquus
2217 3074 2270 3130 in
2298 3075 2384 3131 his
2410 3076 2717 3148 regionibus
2749 3080 2800 3135 in
2831 3080 3060 3137 ecclesia
3087 3084 3419 3154 sepeliendo-

1848 3178 1967 3216 rum
1992 3172 2328 3219 mortuorum
2357 3181 2489 3222 usus
2517 3167 2633 3231 fuit,
2666 3177 2721 3223 et
2747 3170 3063 3241 plerumque
3093 3173 3209 3229 loca
3235 3176 3420 3233 divino

1848 3251 2011 3306 cultui
2038 3254 2343 3322 mancipata
2361 3295 2375 3319 ,
2408 3264 2463 3310 et
2488 3257 2556 3311 ad
2585 3256 2889 3315 oﬂ‘erendas
2913 3261 3024 3316 Deo
3050 3262 3255 3319 hostias
3280 3281 3419 3335 pra:-

1848 3351 2034 3412 parata
2062 3347 2370 3401 cmmeteria
2403 3347 2516 3402 sive
2544 3349 2859 3420 polyandria
2897 3352 3038 3407 facta
3069 3365 3214 3409 sunt.
3264 3356 3418 3411 Unde

1846 3430 2095 3486 volumus
2124 3440 2185 3485 ut
2212 3439 2279 3487 ab
2304 3433 2407 3488 hac
2433 3450 2494 3489 re
2522 3437 2773 3506 deinceps
2799 3440 3153 3507 abstineatur,
3180 3453 3236 3498 et
3260 3459 3422 3498 nemo

1850 3520 1905 3574 in
1948 3521 2178 3575 ecclesia
2215 3520 2529 3590 sepeliatur,
2573 3526 2678 3580 nisi
2722 3526 2862 3583 forte
2907 3528 3032 3583 talis
3077 3531 3148 3585 sit
3190 3547 3421 3601 persona

1849 3610 2185 3677 sacerdotis,
2228 3619 2321 3667 aut
2365 3612 2649 3682 cujuslibet
2681 3615 2814 3685 justi
2857 3618 3123 3684 hominis,
3170 3636 3289 3691 quae
3325 3636 3423 3693 per

1845 3700 1973 3756 vitm
2016 3700 2269 3756 meritum
2304 3701 2470 3758 talem
2503 3703 2731 3761 vivendo
2771 3721 2870 3762 suo
2912 3709 3127 3778 corpori
3171 3710 3423 3768 defuncto

1845 3792 2024 3849 locum
2070 3794 2372 3863 acquisivit.
2422 3794 2660 3866 Corpora
2693 3812 2824 3853 vero
2863 3813 2983 3870 quae
3024 3801 3323 3873 antiquitus
3364 3804 3418 3859 in

1845 3886 2091 3942 ecclesiis
2134 3887 2341 3957 sepulta
2384 3896 2509 3943 sunt
2546 3904 2889 3960 nequaquam
2914 3893 3290 3964 projiciantur,
3320 3899 3423 3953 sed

1844 3976 2035 4031 tumuli
2058 3977 2149 4047 qui
2172 3987 2431 4047 apparent
2456 3978 2774 4049 profundius
2799 3982 2856 4038 in
2884 3991 3083 4040 terram
3109 3988 3414 4055 mittantur,

1843 4074 1899 4123 et
1941 4067 2249 4137 pavimento
2291 4068 2520 4141 desuper
2557 4072 2720 4138 facto,
2766 4074 2913 4131 nullo
2952 4078 3278 4133 tumulorum
3320 4096 3415 4136 ve-

1845 4163 2007 4232 stigio
2049 4173 2372 4233 apparente,
2418 4165 2662 4221 ecclesiae
2701 4169 3004 4223 reverentia
3045 4182 3415 4227 conservetur.

1849 4256 1949 4313 Ubi
1978 4271 2107 4313 vero
2136 4266 2287 4311 tanta
2315 4264 2398 4312 est
2425 4256 2712 4312 multitudo
2739 4260 3065 4314 cadaverum
3084 4299 3099 4324 ,
3129 4270 3189 4313 ut
3215 4264 3317 4315 hoc
3343 4260 3421 4314 fa-

1847 4361 1973 4404 cere
2002 4347 2216 4403 diﬂicile
2243 4347 2346 4411 sit,
2376 4347 2530 4400 locus
2557 4347 2647 4401 ille
2670 4361 2770 4416 pro
2792 4348 3108 4401 cmmeterio
3134 4348 3416 4415 habeatur,

1849 4438 2029 4493 ablato
2060 4438 2184 4492 inde
2208 4436 2368 4492 altari
2402 4444 2458 4490 et
2484 4436 2539 4490 in
2568 4451 2633 4491 eo
2659 4435 2778 4492 loco
2806 4444 3140 4502 constructo,
3171 4438 3261 4493 ubi
3296 4439 3420 4496 reli-

1844 4529 1992 4600 giose
2016 4537 2075 4584 et
2096 4541 2231 4599 pure
2253 4526 2366 4584 Deo
2392 4526 2718 4583 sacriﬁcium
2744 4526 2927 4582 otl'erri
2956 4526 3145 4583 valeat.

2592 4637 2661 4692 Χ.

1850 4728 1917 4785 Ut
1952 4729 2248 4800 caniloquia
2288 4738 2337 4783 et
2379 4727 2618 4850 ρνοῖῖηιε
2648 4728 2875 4783 actiones
2904 4730 2959 4783 in
2987 4727 3202 4784 ecclesia
3234 4731 3415 4802 prahi-

2543 4807 2747 4850 cantur.

2543 4807 2747 4851 cantur.

1919 4903 2036 4959 Non
2076 4902 2282 4960 debetis
2324 4902 2392 4957 ad
2436 4900 2720 4957 ecclesiam
2749 4900 2819 4955 ob
2848 4900 3006 4955 aliam
3035 4915 3251 4957 causam
3283 4917 3414 4959 con-

1848 4994 2057 5059 venire,
2105 4995 2211 5050 nisi
2258 4995 2326 5050 ad
2369 4992 2578 5049 laudem
2621 4991 2835 5047 Domini
2882 4999 2938 5048 et
2983 4991 3099 5061 ejus
3138 4995 3413 5050 servitium

1849 5086 2172 5144 faciendum.
2227 5086 2656 5155 Disceptationes
2699 5098 2859 5150 vero,
2913 5093 2968 5139 et
3018 5087 3309 5152 tumultus,
3360 5099 3417 5142 et

1849 5178 2176 5247 vaniloquia,
2198 5186 2253 5232 et
2274 5185 2484 5233 caetera:
2512 5176 2754 5232 actiones
2775 5176 2844 5231 ab
2866 5174 3053 5230 eodem
3079 5187 3267 5233 sancto
3295 5179 3418 5233 loco

1855 5270 2069 5340 penitus
2092 5268 2438 5340 prohibendze
2469 5274 2613 5323 sunt.
2660 5266 2763 5322 Ubi
2793 5267 2934 5321 enim
2973 5268 3067 5322 Dei
3100 5284 3298 5325 nomen
3338 5270 3418 5323 in-

1857 5372 2100 5420 vocatur.
2146 5361 2258 5418 Deo
2301 5360 2627 5418 sacriﬁcium
2668 5357 2911 5422 offertur,
2958 5360 3268 5429 angelorum
3314 5357 3421 5410 fre—

1856 5453 2076 5522 quentia
2106 5453 2282 5508 inesse
2317 5467 2424 5506 non
2461 5449 2759 5512 dubitatur,
2795 5447 3154 5525 periculosum
3194 5451 3278 5541 est
3313 5443 3422 5541 tale

1857 5543 2057 5613 aliquid
2085 5543 2265 5598 dicere
2290 5541 2377 5596 vel
2401 5554 2563 5611 agere
2589 5537 2733 5607 quod
2766 5536 2887 5592 loco
2914 5550 3020 5590 non
3049 5530 3317 5588 convenit.
3359 5527 3421 5584 Si

1857 5634 2002 5691 enim
2048 5634 2307 5690 Dominus
2350 5632 2471 5687 illos
2508 5632 2576 5686 de
2611 5629 2811 5699 templo
2847 5626 3007 5695 ejecit
3045 5622 3137 5694 qui
3174 5619 3420 5675 victimas
