3998 6182
611 149 710 205 195

607 354 778 428 magis
808 356 925 410 illos
957 355 1123 410 iratus
1151 354 1271 408 inde
1299 353 1512 422 abjiciet
1538 353 1628 421 qui
1665 352 1988 415 mendaciis,
2018 351 2169 404 vani-

607 445 824 514 loqniis,
863 443 1058 500 risibus
1093 451 1150 495 et
1185 441 1548 508 hujuscemodi
1585 441 1737 509 nugis
1775 440 1949 494 locum
1988 440 2169 494 divino

603 536 772 590 cultui
801 534 1158 601 mancipatum
1185 530 1386 586 {cedant
1412 529 1626 601 (Matth.
1651 547 1764 597 χιι,
1795 531 1923 602 1‘2)?

1335 643 1426 696 XI.

772 735 837 790 Ut
865 736 1036 789 missa:
1063 735 1164 788 nisi
1191 733 1247 788 in
1275 733 1494 788 ecclesia
1524 751 1627 788 non
1655 735 1992 790 celebrentur.

669 846 952 900 Missarum
993 842 1252 897 solemnia
1295 857 1634 910 nequaquam
1665 842 1792 896 alibi
1831 843 1932 897 nisi
1978 843 2031 896 in
2077 858 2166 897 ec-

597 936 758 991 clesia
784 933 1103 988 celebranda
1133 941 1291 995 sunt,
1334 947 1439 985 non
1479 932 1532 987 in
1568 931 1891 1000 quibuslibet
1917 931 2164 986 domibus

593 1034 649 1079 et
677 1027 729 1079 in
757 1023 950 1078 vilibus
979 1023 1144 1086 locis,
1176 1022 1271 1076 sed
1308 1022 1362 1075 in
1392 1021 1510 1076 loco
1540 1037 1699 1090 quem
1725 1021 1946 1091 elegerit
1977 1021 2161 1075 Domi-

593 1134 715 1182 nus,
754 1115 910 1185 juxta
942 1116 1069 1170 illud
1101 1115 1245 1184 quod
1275 1114 1536 1183 scriptum
1569 1121 1688 1167 est:
1733 1110 1856 1166 Vide
1883 1129 1944 1167 ne
1971 1113 2160 1182 o/Teras

590 1206 899 1260 holocausta
932 1215 1021 1258 tua
1051 1207 1104 1257 in
1133 1205 1274 1257 omni
1300 1203 1412 1258 loco
1438 1220 1588 1272 quem
1616 1202 1827 1266 vider-is,
1850 1203 1940 1255 sed
1966 1203 2020 1254 in
2048 1201 2159 1254 loco

589 1313 741 1366 quem
785 1293 991 1364 elegerit
1033 1293 1308 1358 Dominus,
1360 1302 1413 1346 ut
1461 1301 1619 1363 ponat
1665 1308 1850 1345 nomen
1892 1309 2044 1346 suum
2089 1292 2159 1346 ibi

591 1386 772 1456 (Deut.
802 1402 900 1451 xu,
928 1385 1034 1456 15).
1321 1451 1410 1507 x"

781 1543 846 1598 Ut
877 1545 1084 1615 femina?
1111 1560 1228 1598 cum
1255 1544 1551 1613 presbytero
1581 1559 1684 1596 non
1710 1544 1958 1599 habitent.

657 1636 811 1691 Nulla
834 1635 1031 1691 femina
1056 1650 1180 1690 cum
1203 1635 1518 1704 presbytero
1539 1634 1592 1687 in
1617 1649 1724 1687 una
1744 1633 1904 1688 domo
1929 1635 2152 1689 habitet.

587 1727 843 1794 Quamvis
871 1727 1012 1781 enim
1040 1739 1276 1779 canones
1303 1732 1529 1778 matrem
1548 1765 1562 1788 ,
1591 1732 1647 1778 et
1677 1738 1944 1787 sororem,
1976 1733 2031 1777 et
2060 1725 2158 1778 hu-

579 1817 876 1886 juscemodi
892 1830 1169 1886 personas,
1196 1815 1252 1869 in
1277 1815 1473 1885 quibus
1498 1813 1645 1868 nulla
1669 1814 1742 1867 sit
1765 1813 2016 1882 suspicio,
2035 1829 2154 1867 cum

583 1910 675 1965 illo
715 1908 961 1964 habitare
1001 1907 1337 1972 concedant,
1392 1906 1495 1960 hoc
1539 1921 1638 1959 nos
1685 1905 1860 1959 modis
1905 1903 2154 1958 omnibus

583 2001 788 2058 idcirco
830 2007 1216 2070 amputamus,
1267 1999 1392 2069 quia
1438 1998 1492 2051 in
1533 1997 1792 2066 obsequio
1839 1995 1953 2050 sive
1997 2010 2156 2050 occa-

579 2092 733 2148 sione
778 2090 989 2146 illarum
1033 2090 1257 2144 veniunt
1299 2088 1419 2143 alia:
1459 2087 1675 2144 feminae
1716 2103 1836 2158 quae
1879 2102 1986 2141 non
2029 2095 2156 2142 sunt

577 2183 630 2236 ei
668 2180 927 2236 amnitate
967 2177 1302 2248 conjunctae,
1346 2186 1404 2232 et
1441 2193 1566 2233 eum
1607 2178 1675 2233 ad
1712 2177 2046 2247 peccandum
2085 2175 2150 2229 il-

579 2273 789 2328 liciunt.

1298 2338 1434 2396 XIII.

584 2429 652 2485 Ut
685 2431 970 2501 presbyteri
996 2429 1060 2484 ab
1084 2429 1329 2501 ebrietate
1364 2429 1673 2501 ettabernis
1700 2428 2019 2492 abstineant,
2060 2445 2151 2490 nec

843 2498 1030 2554 temere
1055 2516 1172 2552 cum
1198 2498 1504 2570 quibuslibet
1533 2508 1888 2557 conviventur.

649 2609 1056 2665 Observandum
1085 2607 1238 2662 vobis
1255 2615 1429 2671 est,ut
1449 2615 1505 2660 et
1529 2621 1625 2660 vos
1655 2607 1720 2660 ab
1745 2606 2006 2660 ebrietate
2033 2605 2152 2661 abs-

577 2703 819 2766 tineatis,
854 2709 909 2755 et
950 2708 1009 2753 ut
1031 2699 1214 2769 plebes
1243 2698 1470 2753 subditae
1496 2697 1803 2750 abstineant
1824 2696 2145 2765 prmdicetis,

577 2804 632 2852 et
657 2809 830 2864 neque
853 2809 951 2863 per
973 2793 1230 2847 tabernas
1253 2791 1392 2845 eatis
1419 2789 1651 2844 bibendo
1677 2797 1770 2842 aut
1793 2787 2146 2854 comedendo,

575 2899 752 2955 neque
781 2886 969 2939 domos
998 2891 1090 2936 aut
1114 2882 1265 2936 vicos
1289 2879 1603 2935 curiositate
1627 2878 1866 2948 qualibet
1894 2893 2149 2948 peragre-

1600 147 1990 204 TllEODULFl
2029 143 2582 203 AURELIANENSIS
2620 147 2835 205 EPISC.

605 282 726 336 ane
754 265 853 320 sibi
883 261 1206 320 ollerrentur
1232 263 1482 320 emebant
1510 263 1592 316 vel
1621 262 1940 322 vendebant,
1965 268 2164 328 quanto
2194 264 2242 320 Α

3740 153 3836 210 196

2985 262 3118 318 XVI.

2352 349 2429 402 De
2455 351 2534 404 his
2559 351 2648 420 qui
2675 351 2872 404 alienas
2900 352 3141 406 ecclesias
3170 354 3470 410 muneribus
3498 355 3752 411 ambiunt.

2344 438 2399 492 Si
2445 440 2566 507 quis
2609 441 2890 511 presbyter
2937 441 3186 497 inventus
3229 441 3394 498 fuerit
3435 445 3596 499 alicui
3642 447 3833 501 clerico

2270 535 2365 581 aut
2391 527 2530 583 laico
2559 544 2782 583 munera
2809 530 2969 594 dare,
3021 541 3112 586 aut
3157 533 3400 598 dedisse,
3449 542 3511 588 ut
3553 537 3830 593 ecclesiam

2269 616 2490 671 alterius
2515 619 2814 688 presbyteri
2841 618 3122 689 subripiat,
3152 621 3288 676 sciat
3313 638 3370 677 se
3397 639 3496 692 pro
3522 624 3626 680 hac
3652 627 3833 695 rapina

2267 716 2323 760 et
2351 722 2488 760 satva
2514 707 2835 778 cupiditate,
2875 703 2968 763 aut
3002 712 3226 781 gradum
3266 715 3626 782 amissurum,
3661 725 3752 770 aut
3781 719 3833 772 in

2266 796 2502 850 carceris
2523 812 2763 853 aerumna
2789 798 2949 868 longo
2971 808 3212 870 tempore
3235 803 3606 872 paenitentiam
3631 805 3835 876 agendo

2266 886 2632 940 detinendum.

2970 981 3130 1036 XVII.

2267 1066 2337 1121 Ut
2379 1070 2611 1140 parvulis
2650 1072 2876 1146 aliarum
2917 1074 3288 1142 parochiarum
3326 1077 3698 1146 (egrotantibus
3734 1077 3834 1131 ια·

2723 1145 2970 1212 ptismum
3006 1160 3110 1197 non
3149 1156 3351 1215 negent.

2334 1229 2391 1286 Si
2429 1232 2687 1301 parvulus
2714 1242 2982 1302 :egrotans
3021 1234 3089 1287 ad
3127 1236 3422 1304 quemlibet
3457 1237 3834 1308 presbyterum

2258 1320 2508 1390 baptismi
2537 1323 2711 1388 gratia
2737 1322 2806 1386 de
2834 1321 3116 1389 cujuslibet
3142 1325 3396 1392 parochia
3423 1325 3617 1380 allatus
3644 1325 3832 1390 fuerit,

2257 1411 2307 1464 ei
2341 1411 2595 1481 baptismi
2634 1421 3033 1467 sacramentum
3081 1415 3228 1470 nullo
3272 1417 3431 1471 modo
3476 1425 3722 1487 negetur.
3773 1417 3831 1473 Si

2261 1500 2382 1568 quis
2411 1501 2513 1554 hoc
2541 1517 2733 1556 munus
2761 1503 2964 1571 petenti
2998 1503 3293 1558 concedere
3317 1505 3732 1570 detrectaverit,
3777 1516 3837 1562 et

2185 1591 2349 1658 Billc
2401 1593 2658 1662 parvulus
2705 1594 2909 1662 absque
2960 1594 3302 1664 baptismatis
3355 1597 3530 1667 gratia
3582 1607 3834 1652 mortuus

2261 1682 2454 1747 fuerit,
2491 1673 2703 1738 noverit
2731 1698 2789 1738 se
2817 1683 2906 1738 ille
2934 1685 3024 1753 qui
3055 1700 3177 1739 eum
3203 1701 3312 1741 non
3345 1686 3678 1756 baptizavit,
3727 1704 3832 1760 pro

2257 1773 2372 1842 ejus
2398 1773 2579 1827 anima
2605 1775 2870 1829 rationem
2897 1774 3250 1829 redditurum.

2387 1973 2455 2029 Ut
2480 1992 2606 2030 vasa
2631 1994 2783 2031 sacra
2809 1978 2863 2032 in
2888 1978 3020 2034 alios
3049 1997 3176 2034 usus
3202 1998 3306 2036 non
3331 1982 3692 2052 detorqueant.

2323 2064 2510 2121 Nullus
2529 2067 2810 2140 presbyter
2833 2084 2928 2124 seu
2955 2070 3127 2126 laicus
3149 2081 3440 2142 praesumat
3465 2073 3705 2137 calicem,
3733 2083 3834 2130 aut

2251 2166 2502 2226 patenam
2525 2196 2540 2222 ,
2585 2167 2677 2211 aut
2715 2159 2970 2227 qualibet
2995 2174 3125 2216 vasa
3155 2176 3310 2216 sacra
3349 2170 3406 2217 et
3441 2163 3625 2218 divino
3659 2164 3830 2219 cultui

2252 2248 2575 2316 mancipata,
2597 2249 2663 2302 ad
2685 2249 2820 2324 alios
2841 2265 2970 2304 usus
2992 2260 3330 2322 retorquere.
3359 2253 3495 2308 Nam
3515 2254 3833 2326 quicunque

2251 2337 2318 2393 de
2347 2339 2514 2394 calice
2541 2348 2754 2395 sacrato
2791 2341 2936 2395 aliud
2974 2342 3112 2396 bibit
3152 2353 3348 2412 praeter
3375 2344 3576 2400 Christi
3607 2349 3833 2417 sangui-

2252 2443 2378 2483 nem
2419 2428 2512 2497 qui
2561 2429 2615 2483 in
2654 2439 2995 2485 sacramento
3025 2431 3307 2501 accipitur,
3357 2442 3413 2488 et
3458 2443 3711 2504 paternam
3761 2439 3836 2493 ad

2251 2519 2397 2574 aliud
2433 2519 2664 2574 cilicium
2695 2521 2859 2576 habet
2886 2537 3048 2590 quam
3089 2524 3158 2578 ad
3197 2523 3385 2580 altaris
3421 2527 3831 2593 ministerium,

2249 2608 2603 2664 deterrendus
2626 2617 2710 2664 est
2734 2611 2981 2681 exemplo
3002 2612 3273 2667 Baltassar
3293 2615 3387 2685 qui
3411 2617 3538 2670 dum
3563 2632 3691 2672 vasa
3719 2618 3836 2674 Do-

2247 2699 2379 2764 mini
2401 2700 2454 2754 in
2475 2715 2605 2756 usus
2625 2715 2936 2759 communes
2955 2705 3266 2776 assumpsit,
3284 2706 3447 2762 vitam
3471 2709 3677 2778 pariter
3695 2725 3832 2766 cum

2247 2805 2412 2862 regno
2441 2791 2624 2845 amisit
2649 2791 2811 2862 (Dan.
2839 2791 2915 2864 v).

2957 2905 3095 2962 XIX.

574 2975 667 3040 “si
693 2989 866 3043 neq“
892 2987 1017 3073 om?
1045 2972 1260 3027 feminis
1288 2979 1382 3073 an?
1557 2969 1889 3073 ξῖξλίδυδίίδθί
1919 2969 2143 3073 imp?“
2169 2964 2213 3026 Ο
2244 2992 2327 3048 Ad
2351 3011 2483 3066 quas
2519 2995 2725 3050 scholas
2762 2998 2966 3053 mittere
3001 3003 3413 3072 consanguineos
3439 3019 3562 3060 suos
3588 3006 3830 3073 possint,

569 3069 824 3141 personis
841 3066 1088 3122 convivia
1105 3065 1430 3120 exerceatis.
1458 3063 1572 3118 Nisi
1595 3062 1735 3118 forte
1757 3061 2144 3134 paterfamilias

571 3158 799 3229 quilibet
841 3172 937 3212 vos
986 3156 1055 3212 ad
1099 3156 1318 3212 domum
1364 3169 1518 3210 suam
1561 3154 1894 3218 invitaverit,
1933 3162 1987 3208 et
2021 3169 2144 3210 cum

569 3266 668 3306 sua
694 3248 920 3321 conjuge
955 3257 1012 3304 et
1044 3247 1194 3318 prole
1221 3247 1352 3302 velit
1379 3248 1657 3302 vobiscum
1689 3245 1916 3316 spiritali
1945 3245 2143 3317 gaudio

567 3341 764 3404 lactari,
785 3348 841 3395 et
860 3340 1149 3396 verborum
1170 3347 1471 3394 vestrorum
1495 3337 1844 3393 refectionem
1873 3335 2138 3406 accipere,

566 3442 624 3489 et
643 3431 795 3486 vobis
814 3429 1162 3498 refectionem
1189 3427 1462 3483 carnalem
1486 3427 1770 3483 charitatis
1792 3424 1968 3481 oﬂicio
1991 3425 2143 3480 exhi—

568 3523 728 3587 bere;
771 3527 986 3590 oportet
1010 3519 1184 3584 enim,
1227 3527 1286 3572 ut
1321 3519 1367 3574 si
1403 3518 1617 3588 quando
1650 3516 1873 3586 quilibet
1903 3515 2140 3570 ﬁdelium

564 3611 874 3668 carnalibus
894 3625 992 3665 vos
1016 3609 1193 3664 reiicit
1217 3609 1411 3678 epulis,
1432 3624 1464 3663 a
1489 3608 1642 3664 vobis
1670 3608 1948 3663 reﬁciatur
1966 3606 2139 3678 epulis

568 3701 912 3770 spiritalibus.

1284 3788 1423 3844 XIV.

571 3883 654 3937 Ne
691 3882 918 3940 aliarum
961 3881 1296 3938 ecclesiarum
1335 3878 1512 3948 ﬁdeles
1559 3879 1628 3932 ad
1674 3893 1826 3933 suam
1867 3877 2135 3935 ecclesiam

1065 3950 1364 4022 pertrahere
1391 3949 1647 4002 nitantur.

635 4041 825 4097 Nullus
852 4040 1137 4111 presbyter
1165 4039 1411 4094 ﬁdelibus
1441 4045 1641 4092 sanctae
1665 4036 1760 4091 Dei
1786 4035 2042 4092 Ecclesia:
2069 4035 2133 4090 de

563 4133 786 4188 alterius
813 4131 1114 4202 presbyteri
1145 4129 1398 4201 parochia
1426 4128 1767 4198 persuadeat,
1796 4135 1855 4180 ut
1882 4127 1949 4182 ad
1977 4142 2131 4182 suam

2901 3069 2946 3123 si
2972 3070 3149 3124 velint.

2312 3154 2369 3209 Si
2409 3157 2532 3226 quis
2575 3173 2642 3212 ex
2681 3158 3013 3230 presbyteris
3050 3160 3284 3217 voluerit
3326 3170 3578 3232 nepotem
3615 3179 3788 3220 suum
3815 3205 3832 3229 ,

2241 3254 2336 3300 aut
2372 3246 2606 3315 aliquem
2645 3250 3136 3320 consanguineum,
3176 3254 3244 3307 ad
3281 3253 3522 3308 scholam
3561 3254 3830 3320 mittere,

2241 3334 2296 3388 in
2357 3335 2586 3391 ecclesia
2644 3335 2858 3392 Sanctae
2910 3339 3140 3404 Crucis,
3211 3349 3306 3395 aut
3365 3342 3419 3397 in
3482 3345 3832 3399 monasterio

2241 3423 2426 3483 Sancti
2469 3425 2706 3493 Aniani,
2749 3435 2844 3481 aut
2888 3428 3074 3484 Sancti
3123 3429 3436 3497 Benedicti,
3487 3442 3580 3486 aut
3623 3433 3827 3490 Sancti

2237 3515 2461 3583 Lifardi,
2487 3528 2581 3572 aut
2606 3520 2659 3574 in
2690 3521 2903 3576 caeteris
2929 3521 2995 3576 de
3020 3521 3106 3576 his
3129 3523 3393 3580 emnobiis
3419 3539 3539 3593 quae
3563 3526 3730 3582 nobis
3759 3527 3829 3581 ad

2238 3607 2532 3676 regendum
2580 3623 2838 3666 concessa
2885 3620 3042 3676 sunt,
3091 3612 3142 3667 ei
3177 3612 3448 3669 licentiam
3487 3615 3542 3670 id
3577 3614 3828 3672 faciendi

2235 3696 2596 3754 concedimus.

2964 3791 3082 3846 XX.

2238 3877 2304 3934 Ut
2340 3879 2546 3935 scholas
2584 3882 2684 3951 ipsi
2721 3882 2942 3957 habeant
2983 3885 3039 3937 in
3075 3885 3262 3957 quibus
3289 3885 3524 3956 ﬁdelium
3559 3890 3827 3957 paruulos

2787 3955 2948 4022 gratis
2977 3955 3246 4008 erudiant.

2303 4059 2610 4130 Presbyteri
2644 4074 2743 4130 per
2767 4062 2922 4118 villas
2951 4072 3006 4118 et
3030 4065 3178 4119 vicos
3205 4065 3417 4121 scholas
3447 4067 3688 4123 habeant
3707 4111 3725 4135 ,
3765 4082 3826 4126 et

2233 4148 2277 4202 si
2307 4148 2534 4219 quilibet
2561 4151 2799 4206 fidelium
2826 4168 2952 4208 suos
2981 4155 3232 4224 parvulos
3259 4156 3326 4210 ad
3351 4157 3636 4212 discendus
3667 4160 3828 4218 litte-

561 4222 847 4279 ccclesiam
893 4229 1224 4278 concurrant
1269 4218 1457 4275 relicta
1502 4218 1720 4288 propria
1766 4217 2026 4284 ecclesia,
2075 4227 2130 4272 et

2251 4253 2321 4292 -as
2351 4239 2432 4294 eis
2469 4241 2846 4297 commendare
2873 4243 3020 4306 vult,
3069 4259 3162 4298 cos
3205 4247 3477 4316 suscipere
3515 4256 3571 4300 et
3609 4251 3825 4305 docere

560 4333 690 4374 suas
708 4317 947 4373 decimas
967 4317 1070 4373 sibi
1088 4316 1247 4383 dent;
1275 4314 1370 4370 sed
1393 4314 1757 4384 unusquisque
1780 4328 1876 4368 sua
1898 4313 2125 4368 ecclesia
2153 4298 2207 4359 Ι)
2236 4342 2343 4381 non
2387 4339 2647 4396 renuant,
2696 4330 2792 4386 sed
2835 4347 2958 4386 cum
3005 4298 3210 4395 summa
3255 4298 3675 4392 cingi-{iaieﬁegs'
3692 4298 3822 4395 3,}:

559 4417 614 4464 et
642 4411 837 4481 populo
863 4418 1178 4474 contentus,
1222 4407 1364 4478 quod
1403 4407 1510 4463 sibi
1549 4422 1656 4463 non
1682 4405 1795 4460 vult
1822 4405 1938 4460 ﬁeri
1972 4405 2126 4460 alteri

559 4515 897 4571 nequaquam
925 4499 1111 4564 faciat,
1151 4498 1304 4568 juxta
1343 4497 1472 4552 illud
1510 4495 1931 4565 Evangelicum:
1964 4493 2124 4561 ρω-

555 4607 755 4662 cunque
791 4588 942 4645 vultis
986 4599 1043 4644 ut
1080 4589 1275 4659 faciant
1313 4587 1454 4642 vobis
1490 4585 1754 4649 homines,
1797 4584 1908 4637 htec
1945 4584 2125 4637 eadem

557 4683 714 4750 facite
752 4680 856 4735 illis
885 4679 1101 4752 (Matth.
1127 4696 1226 4745 vn,
1256 4677 1365 4749 12).
1417 4677 1674 4747 Quisquis
1714 4683 1895 4730 autem
1932 4684 2122 4731 contra

555 4770 671 4823 haec
700 4770 992 4824 constituta
1019 4767 1262 4830 venerit,
1307 4775 1398 4820 aut
1434 4767 1519 4821 his
1557 4764 1780 4820 monitis
1806 4763 2006 4819 nostris
2035 4777 2121 4818 re—

554 4859 654 4914 niti
685 4858 992 4922 tentaverit,
1025 4866 1118 4911 aut
1144 4857 1370 4928 gradum
1398 4870 1458 4909 se
1487 4855 1627 4909 sciat
1651 4854 1996 4920 amissurum,
2025 4863 2119 4908 aut

555 4951 610 5006 in
637 4963 852 5005 carcere
883 4951 1040 5020 longo
1067 4957 1305 5017 tempore
1331 4946 1698 5003 detinendum.

1278 5059 1391 5120 XV.

826 5151 908 5206 Nc
937 5150 1134 5206 alienos
1160 5152 1280 5206 item
1306 5150 1518 5204 clericos
1545 5147 1840 5204 sollicitent.

621 5241 734 5298 Hoc
757 5255 967 5312 quoque
992 5240 1162 5295 modis
1183 5240 1435 5295 omnibus
1457 5237 1824 5308 prohibemus,
1850 5245 1911 5292 ut
1937 5238 2113 5294 nullus

547 5342 786 5392 vestrum
839 5331 1062 5387 alterius
1104 5329 1360 5384 clericum
1407 5327 1662 5383 sollicitet
1707 5335 1798 5381 aut
1841 5327 2110 5398 recipiat,

545 5429 676 5499 quis
703 5425 886 5499 gravis
911 5424 976 5482 de
1005 5423 1106 5478 hac
1141 5436 1200 5477 re
1231 5421 1288 5477 in
1317 5421 1492 5476 sacris
1518 5422 1818 5480 canonibus
1845 5423 2108 5478 sententia

546 5523 649 5571 ρει.

2234 4427 2427 4484 ceant,
2477 4421 2816 4476 attendentes
2861 4423 2989 4480 illud
3033 4425 3178 4493 quod
3219 4427 3481 4497 scriptum
3523 4438 3650 4484 est:
3703 4431 3821 4497 Qui

2229 4517 2405 4561 autem
2432 4507 2572 4563 docti
2609 4509 2806 4578 fuerint
2843 4511 3108 4583 fulgebunt
3145 4516 3296 4585 quasi
3332 4515 3579 4586 splendor
3611 4518 3819 4586 ﬁrma-

2228 4601 2419 4665 menti;
2447 4610 2496 4654 et
2524 4601 2614 4673 qui
2641 4602 2710 4655 ad
2731 4603 2997 4672 justitiam
3026 4605 3270 4659 erudiunt
3300 4605 3512 4672 multos,
3529 4607 3821 4679 fulgebunt

2227 4691 2378 4752 quasi
2419 4690 2584 4746 stellae
2629 4694 2686 4746 in
2728 4703 3001 4763 perpetuas
3047 4694 3360 4750 wternitates
3387 4696 3549 4767 (Dan.
3578 4713 3658 4752 xu
3681 4739 3700 4763 ,
3729 4700 3816 4770 3).

2225 4780 2361 4836 Cum
2401 4797 2527 4854 ergo
2565 4797 2660 4840 eos
2700 4784 2923 4849 docent,
2963 4785 3097 4840 nihil
3137 4786 3204 4840 ab
3243 4787 3323 4841 eis
3358 4787 3516 4857 pretii
3554 4802 3658 4857 pro
3702 4789 3823 4844 hac

2227 4885 2288 4925 re
2323 4871 2572 4940 exigant,
2617 4887 2720 4927 nec
2755 4873 2955 4942 aliquid
2992 4873 3060 4927 ab
3096 4874 3176 4929 eis
3211 4875 3516 4945 accipiant,
3565 4887 3823 4949 excepto

2225 4959 2370 5029 quod
2413 4959 2492 5016 eis
2535 4970 2786 5030 parentes
2828 4963 3112 5018 cbaritatis
3158 4965 3336 5020 studio
3382 4981 3481 5020 sua
3522 4966 3824 5024 voluntate

2225 5048 2537 5104 obtulerint.

2933 5139 3072 5200 XXI.

2413 5231 2546 5285 Vita:
2575 5231 2887 5286 Christiane
2921 5233 3285 5302 compendiosa
3321 5233 3596 5288 institutio.

2285 5327 2421 5383 Cum
2449 5343 2580 5399 ergo
2617 5328 2856 5382 omnium
2899 5336 3208 5383 sanctarum
3248 5327 3653 5399 Scripturarum
3699 5349 3820 5402 pa-

2216 5419 2356 5488 gina!
2390 5418 2761 5474 instrumentis
2787 5417 3055 5474 bonorum
3083 5418 3551 5488 operunueferue
3575 5420 3726 5487 sint.
3757 5435 3820 5480 et

2215 5524 2314 5577 per
2333 5516 2643 5564 sanctarum
2659 5507 3062 5580 Scripturarum
3083 5524 3300 5582 campos
3322 5511 3529 5582 possint
3553 5512 3819 5572 inveniri
