3998 6182
217 271 310 329 I97

1639 268 1998 323 CAPITULA.

3337 275 3357 325 l
3367 275 3438 327 98

203 399 345 440 arma
367 382 562 452 quibus
584 381 715 436 vitia
741 381 1163 450 comprimantur
1188 388 1243 432 et
1267 380 1493 431 virtutes
1518 377 1761 430 nutrian-
1792 382 1834 435 Λ
1866 374 2378 444 recompensahitur,
2411 390 2569 444 quam
2600 376 2712 445 ipse
2741 376 2987 446 promisit
3013 393 3026 430 :
3066 377 3225 442 Quod
3253 382 3436 436 oculus

205 487 305 540 tur,
333 474 484 527 libuit
515 473 669 526 nobis
697 471 821 526 huic
847 478 1030 524 nostro
1059 467 1344 538 capitulari
1371 467 1612 520 inserere
1640 479 1762 518 sen-

204 565 415 619 tentiam
457 561 735 630 cujusdam
780 559 958 612 Patris
991 557 1059 611 de
1099 555 1470 609 instrumentis
1498 554 1760 607 honorum

198 670 445 725 operum,
492 655 546 707 in
591 668 696 721 qua
741 666 934 721 magna
963 649 1228 704 brevitate
1264 645 1392 713 quid
1436 643 1521 713 agi
1567 642 1763 711 quidve

198 749 350 802 vitari
380 746 593 807 debeat,
622 745 946 799 continetur.
975 740 1032 794 In
1061 739 1254 809 primis
1282 736 1566 791 Dominum
1595 735 1762 789 Deum

197 849 344 892 tuum
380 838 602 908 diligere
628 853 698 890 ex
724 844 840 889 toto
867 834 1062 896 corde,
1103 840 1214 886 tota
1253 830 1466 892 anima,
1507 836 1616 881 tota
1651 826 1761 879 vir-

195 939 340 993 tute,
386 929 579 984 deinde
609 928 911 998 proximum
958 933 1216 992 tanquam
1264 921 1516 988 teipsum.
1564 916 1763 971 Deinde

192 1035 300 1074 non
332 1019 612 1082 occidere,
651 1031 757 1071 non
801 1015 1104 1069 adulterare
1124 1053 1138 1077 ,
1181 1026 1289 1065 non
1321 1008 1501 1063 facere
1530 1006 1761 1069 furtum,

191 1129 296 1167 non
326 1111 740 1180 concupiscere,
776 1123 883 1162 non
913 1106 1106 1161 falsum
1142 1102 1507 1159 testimonium
1550 1099 1760 1160 dicere,

189 1206 459 1258 honorare
490 1215 680 1257 omnes
720 1199 1005 1261 homines,
1048 1203 1103 1250 et
1143 1193 1286 1263 quod
1331 1192 1436 1247 sibi
1480 1191 1601 1260 quis
1649 1188 1765 1242 fieri

187 1309 295 1346 non
321 1292 466 1356 vult,
507 1291 597 1345 alii
625 1305 692 1344 ne
719 1289 901 1344 faciat.
943 1287 1225 1355 Abnegare
1252 1282 1600 1351 semetipsum
1627 1279 1764 1341 sibi,

184 1395 243 1438 ut
290 1391 550 1453 sequatur
591 1382 888 1438 Christum.
942 1379 1153 1447 Corpus
1197 1376 1496 1444 castigare,
1545 1372 1767 1427 delicias

183 1487 291 1526 non
320 1472 607 1540 amplecti,
642 1470 906 1540 jejunium
937 1479 1120 1522 amare
1139 1506 1153 1530 ,
1183 1477 1451 1534 pauperes
1483 1475 1764 1524 recreare,

182 1563 391 1617 nudum
419 1563 651 1626 vestire,
696 1560 974 1614 infirmum
1003 1557 1254 1618 visitare,
1298 1561 1568 1609 mortuum
1612 1566 1768 1620 sepe-

175 1653 278 1708 lire
297 1695 311 1719 ,
357 1653 410 1707 in
442 1652 788 1707 tribulatione
817 1649 1136 1712 subvenire,
1174 1647 1444 1702 dolentem
1475 1641 1760 1698 consolari.

1868 481 1971 518 non
2018 465 2182 528 vidit,
2232 481 2322 518 nec
2370 467 2514 519 auris
2562 467 2790 531 audivit,
2840 484 2930 521 nec
2977 468 3031 521 in
3079 485 3170 522 cor
3208 471 3434 525 hominis

1866 557 2121 620 ascendit,
2161 573 2277 626 qua?
2313 559 2626 627 pra’paravit
2667 557 2804 611 Dem
2835 559 2914 611 his
2941 560 3030 628 qui
3054 560 3277 628 diligunt
3315 578 3434 615 eum

1868 644 2021 714 (Isai.
2050 661 2192 711 utv,
2218 645 2284 711 4;
2317 645 2343 699 Ι
2368 645 2490 700 Cor.
2517 662 2577 711 tt,
2604 647 2681 716 9).

2575 755 2714 809 XXII

1867 843 1933 898 Ut
1970 861 2144 899 omnes
2179 844 2360 912 ﬁdeles
2386 847 2674 967 oratirgtem
2704 846 3030 901 Dominicam
3063 856 3110 900 et
3146 846 3434 916 symbolum

2577 926 2777 967 tscant-

2577 926 2744 968 tscant
2757 957 2777 975 .

1934 1005 2318 1061 Commonendi
2346 1016 2473 1060 sunt
2500 1006 2684 1060 fideles
2714 1017 2771 1060 ut
2798 1008 3124 1078 generaliter
3148 1025 3360 1074 omnes,
3403 1025 3434 1063 a

1864 1095 2088 1149 minimo
2118 1109 2288 1164 usque
2313 1095 2380 1149 ad
2412 1096 2737 1159 maximum,
2769 1097 3074 1150 orationem
3106 1097 3438 1154 Dominicam

1865 1195 1918 1241 et
1943 1186 2239 1256 symbolum
2276 1187 2521 1249 discant;
2564 1195 2617 1240 et
2649 1187 2938 1240 dicendurm
2972 1189 3074 1251 eis,
3103 1190 3246 1258 quod
3276 1191 3328 1244 in
3358 1193 3445 1246 his

1866 1277 2071 1330 duabus
2115 1277 2394 1331 sententiis
2423 1291 2580 1331 omne
2610 1277 2732 1330 fidei
2762 1276 3087 1331 Christianae
3124 1279 3445 1334 fundamen-

1868 1376 1978 1420 tum
2012 1367 2304 1430 incumbit,
2347 1376 2400 1420 et
2439 1367 2540 1420 nisi
2571 1366 2693 1434 quis
2731 1366 2827 1419 has
2867 1366 3002 1419 duas
3040 1368 3340 1420 sententias
3386 1377 3442 1422 et

1868 1457 2180 1510 memoriter
2209 1457 2474 1518 tenuerit,
2512 1464 2566 1508 et
2594 1471 2660 1509 ex
2693 1463 2805 1509 toto
2837 1455 3001 1509 corde
3030 1455 3355 1519 crediderit,
3387 1466 3444 1512 et

1867 1546 1919 1600 in
1943 1545 2187 1600 oratione
2211 1535 2506 1615 smpissime
2532 1545 2972 1614 frequentaverit,
2995 1544 3295 1599 catholicus
3319 1562 3443 1602 esse

1867 1655 1972 1692 non
2024 1638 2242 1707 poterit.
2307 1637 2670 1691 Constitutum
2727 1652 2960 1707 namque
3009 1646 3090 1692 est
3147 1648 3207 1691 ut
3264 1639 3444 1694 nullus

172 1743 216 1797 Α
265 1743 455 1798 εποιιῆ
501 1742 709 1797 actibus
755 1756 816 1796 se
860 1739 1043 1794 facere
1092 1739 1346 1792 alienum.
1405 1733 1548 1788 Nihil
1592 1732 1764 1786 amori
1792 1716 1838 1774 B
1867 1730 2210 1792 chrismetur,
2237 1743 2412 1799 neque
2435 1728 3257 1798 baptizetur,nequealavacro
3279 1730 3446 1786 fontis

172 1832 388 1887 Christi
425 1846 770 1902 prmponere,
821 1831 956 1884 iram
991 1845 1099 1883 non
1136 1827 1432 1897 perlicere,
1476 1821 1768 1878 iracundiae

172 1933 399 1992 tempus
428 1937 537 1976 non
567 1935 879 1984 reservare,
917 1920 1100 1974 dolum
1131 1919 1184 1972 in
1215 1917 1377 1972 corde
1412 1930 1519 1969 non
1552 1922 1764 1974 tenere,

171 2027 382 2082 pacem
403 2011 603 2066 falsam.
617 2027 722 2064 non
745 2012 895 2074 dare,
909 2009 1231 2064 charitatcm
1251 2021 1359 2060 non
1374 2004 1766 2072 derelinquere.

168 2102 290 2156 Non
335 2102 562 2171 iurare,
603 2115 672 2155 ne
709 2098 849 2155 forte
881 2097 1147 2167 periures.
1192 2095 1490 2150 Veritatem
1516 2107 1583 2148 ex
1612 2093 1774 2147 corde

167 2203 219 2246 et
243 2207 366 2246 ore
394 2189 665 2260 proferre,
693 2188 894 2244 malum
924 2202 1024 2258 pro
1054 2185 1197 2241 malo
1222 2201 1333 2240 non
1361 2183 1610 2247 reddere,
1635 2183 1775 2252 inju-

171 2284 313 2336 riam
365 2295 477 2334 non
517 2280 728 2344 facere,
773 2279 868 2334 sed
905 2286 961 2332 et
999 2276 1196 2332 factam
1233 2277 1503 2346 patienter
1526 2273 1768 2329 sufferre.

174 2373 443 2428 Inimicos
492 2370 757 2440 diligere,
813 2368 1200 2424 maledicentes
1253 2382 1363 2421 non
1415 2365 1761 2435 maledicere,

174 2464 266 2518 sed
320 2461 504 2532 magis
547 2459 888 2516 benedicere.
943 2457 1385 2514 Persecutionem
1426 2469 1526 2524 pro
1561 2454 1770 2526 justitia

175 2554 473 2609 sustinere.
506 2550 626 2606 Non
650 2564 772 2606 esse
798 2547 1113 2618 superbum,
1142 2562 1251 2600 non
1277 2545 1634 2608 vinolentum,
1664 2558 1768 2596 non

177 2643 414 2698 multum
459 2641 683 2696 edacem
703 2680 718 2705 ,
765 2654 874 2693 non
908 2636 1306 2693 somnolentum
1329 2675 1344 2699 ,
1387 2649 1494 2687 non
1522 2631 1733 2702 pigrutn
1753 2671 1768 2696 ,

177 2753 278 2790 non
335 2747 742 2788 murmurosum
769 2772 784 2796 ,
835 2745 944 2785 non
979 2729 1362 2784 detractorem.
1418 2723 1581 2794 Spem
1615 2737 1768 2776 suam

180 2829 284 2884 Deo
315 2827 682 2882 committere.
730 2824 937 2878 Bonum
967 2821 1169 2891 aliquid
1200 2821 1254 2874 in
1292 2833 1350 2872 se
1379 2832 1500 2873 cum
1534 2815 1765 2879 viderit,

180 2920 284 2974 Deo
335 2917 600 2988 applicet,
647 2931 756 2970 non
803 2914 947 2969 sibi:
996 2911 1194 2967 malum
1225 2925 1356 2964 vero
1383 2921 1598 2976 semper
1637 2921 1668 2962 a
1711 2920 1770 2961 se

183 3015 386 3070 factum
419 3014 596 3076 sciat,
625 3019 682 3066 et
710 3009 812 3065 sibi
849 3015 1080 3077 reputet.
1136 3005 1286 3059 Diem
1324 3000 1514 3071 judicii
1555 2999 1765 3061 timere,

183 3106 488 3174 gehennam
517 3115 896 3171 expavescere,
923 3098 1083 3151 vitam
1110 3104 1366 3150 teternam
1397 3091 1542 3147 omni
1573 3105 1770 3144 concu-

186 3194 454 3265 piscentia
484 3191 717 3264 spiritali
745 3189 1085 3252 desiderare,
1115 3193 1346 3241 mortem
1376 3180 1616 3252 quotidie
1648 3188 1772 3234 ante

188 3288 370 3343 oculos
396 3292 707 3355 suspectam
731 3281 951 3336 habere.
985 3278 1152 3333 Actus
1178 3276 1303 3330 vita:
1329 3288 1438 3328 sua:
1461 3270 1610 3326 omni
1638 3270 1774 3323 hora

189 3376 488 3433 custodire.
526 3374 584 3428 In
611 3371 761 3428 omni
785 3370 903 3424 loco
929 3368 1100 3422 Deum
1127 3380 1185 3420 se
1208 3362 1481 3430 respicere
1504 3373 1603 3428 pro
1624 3363 1774 3412 certo

191 3471 350 3526 scire.
381 3465 754 3540 Cogitationes
777 3461 949 3516 malas
973 3456 1126 3513 cordi
1149 3469 1253 3510 suo
1275 3450 1625 3506 advenientes
1651 3463 1774 3502 mox

194 3563 251 3616 ad
271 3537 561 3618 Christum
588 3554 834 3617 allidere,
865 3559 922 3606 et
951 3547 1156 3604 seniori
1185 3541 1416 3615 spiritali
1449 3537 1774 3610 patefacere.

196 3653 258 3709 0s
283 3666 452 3708 suum
484 3664 516 3702 a
543 3646 692 3702 malo
719 3644 805 3700 vel
837 3656 1008 3714 pravo
1043 3636 1257 3706 eloquio
1295 3630 1598 3692 custodire,
1641 3625 1779 3681 mulo

197 3756 299 3799 tam
331 3742 479 3811 loqui
509 3755 616 3794 non
644 3751 848 3801 amare,
877 3733 1040 3789 verba
1069 3743 1205 3784 vana
1231 3733 1326 3780 aut
1352 3721 1484 3778 risui
1514 3726 1640 3790 apta
1666 3731 1774 3771 non

196 3834 379 3903 loqui,
440 3832 614 3886 risum
667 3826 892 3882 multum
937 3829 1033 3876 aut
1072 3831 1360 3874 excussum
1412 3827 1521 3866 non
1566 3822 1773 3863 amare.

199 3901 476 3980 Lectiones
510 3927 730 3976 sanctas
763 3917 996 3970 libenter
1020 3909 1226 3972 audire,
1257 3903 1490 3961 orationi
1517 3901 1774 3969 frequen-

200 4025 270 4070 ter
292 4013 636 4074 incumbere,
662 4007 804 4063 mala
831 4020 931 4060 sua
955 4000 1228 4074 printerita
1257 4011 1381 4054 eum
1412 3989 1668 4062 lacrymis
1691 3986 1778 4042 vel

199 4108 390 4176 gemitu
421 4101 665 4173 quotidie
696 4100 750 4153 in
789 4097 1036 4152 oratione
1064 4092 1178 4147 Deo
1213 4087 1481 4146 confiteri.
1531 4084 1607 4138 De
1644 4081 1778 4150 ipsis

201 4200 348 4253 malis
389 4196 462 4252 de
507 4203 706 4249 caetero
748 4189 1080 4251 emendare,
1127 4182 1398 4239 desideria
1441 4177 1626 4234 carnis
1666 4190 1774 4230 non

199 4294 476 4361 perﬁcere.
527 4287 871 4343 Voluntatem
915 4279 1189 4350 propriam
1233 4275 1444 4337 odisse,
1491 4267 1778 4341 praeceptis

202 4382 494 4438 sacerdotis
523 4386 577 4432 et
605 4373 954 4446 praeceptoris
981 4370 1036 4426 in
1065 4367 1316 4423 omnibus
1343 4363 1580 4425 obedire,
1611 4361 1776 4416 etiam
1806 4397 1856 4456 Ι)

203 4477 242 4530 si
269 4477 386 4546 ipse
416 4473 596 4536 aliter,
637 4469 781 4539 quod
815 4467 973 4526 absit,
1007 4469 1160 4533 agat,
1201 4471 1474 4514 memores
1497 4455 1642 4510 illius
1671 4453 1778 4507 Do-

204 4543 384 4621 minici
428 4561 688 4636 praecepti
713 4577 728 4614 :
767 4557 897 4624 Qum
925 4556 1106 4609 dicunt
1137 4552 1314 4622 facite,
1344 4565 1462 4620 qua:
1493 4555 1668 4602 autem
1697 4543 1780 4613 fa-

204 4661 338 4713 ciunt
371 4633 548 4727 facere
577 4652 736 4708 nolite
765 4649 981 4721 (Matth.
1011 4661 1169 4708 mit,
1196 4643 1276 4715 5).
1331 4641 1449 4695 Νοιι
1491 4637 1629 4693 velle
1675 4633 1780 4690 diei

205 4757 450 4804 sanctum
490 4754 782 4812 antequam
818 4740 921 4804 sit,
962 4737 1058 4793 sed
1094 4735 1246 4806 prius
1281 4747 1402 4787 esse
1433 4729 1576 4799 quod
1605 4727 1784 4782 verius

207 4841 432 4895 dicatur.
489 4837 770 4904 Praecepta
813 4831 911 4886 Dei
957 4829 1116 4884 factis
1163 4825 1406 4896 quotidie
1453 4821 1780 4890 adimplere,

209 4933 513 4987 castitatem
540 4941 745 4988 amare,
778 4923 982 4978 nullum
1013 4919 1214 4983 odisse,
1243 4916 1415 4971 zelum
1446 4921 1498 4969 et
1529 4913 1783 4968 invidiam

211 5039 310 5077 non
351 5020 554 5076 habere
573 5059 588 5083 ,
641 5013 1042 5071 contentionem
1085 5024 1190 5063 non
1234 5021 1451 5069 amare,
1499 5003 1785 5058 elationem

211 5112 427 5183 fugere,
473 5117 530 5165 et
570 5107 815 5163 seniores
847 5103 1129 5167 venerari,
1167 5099 1412 5170 iuniores
1438 5098 1681 5168 diligere.
1727 5093 1784 5147 In

212 5203 409 5258 Christi
450 5214 639 5255 amore
674 5211 775 5267 pro
804 5193 1038 5249 inimicis
1074 5207 1252 5247 orare.
1303 5189 1436 5244 Cum
1473 5184 1788 5243 discordan-

214 5295 351 5349 tibus
377 5301 506 5348 ante
535 5291 667 5347 solis
692 5303 945 5344 occasum
977 5287 1031 5340 in
1060 5298 1245 5354 pacem
1275 5281 1455 5334 redire
1479 5318 1493 5341 ,
1520 5285 1576 5332 et
1601 5277 1667 5330 de
1693 5274 1788 5328 Dei

216 5383 584 5440 misericordia
627 5392 908 5448 nunquam
953 5375 1262 5444 de5perare.
1319 5370 1458 5423 Ecce
1505 5367 1622 5421 haec
1665 5372 1790 5419 sunt

217 5476 572 5530 instrumenta
611 5471 747 5526 artis
783 5466 1064 5540 spiritalis,
1097 5479 1216 5534 qua:
1243 5476 1366 5518 cum
1397 5458 1596 5513 fuerint
1627 5471 1658 5510 a
1687 5471 1788 5511 no—

216 5564 297 5618 bis
321 5565 408 5620 die
433 5571 709 5630 noctuque
739 5554 1134 5614 incessabiliter
1163 5549 1481 5620 adimpleta,
1527 5553 1581 5599 et
1621 5545 1673 5598 in
1705 5544 1793 5598 die

219 5651 398 5717 iudicii
439 5650 817 5720 rcconsignata
843 5688 858 5712 ,
909 5645 999 5700 illa
1046 5655 1257 5698 merces
1297 5639 1453 5694 nobis
1495 5650 1526 5689 a
1569 5633 1792 5688 Domino

1869 1823 2008 1875 illius
2044 1823 2390 1892 suscipiatur,
2430 1838 2604 1892 neque
2633 1836 2817 1876 coram
2848 1823 3101 1892 episeopo
3138 1824 3206 1877 ad
3246 1823 3444 1877 confir-

1869 1913 2123 1967 mandum
2162 1913 2458 1990 quemlibet
2499 1921 2712 1976 teneat,
2757 1911 2862 1966 nisi
2899 1911 3199 1982 symbolum
3235 1921 3290 1967 et
3322 1927 3446 1968 ora-

1873 2004 2074 2057 tionem
2103 2003 2435 2056 Dominicam
2465 2003 2780 2058 memoriter
2809 2003 3070 2067 tenuerit,
3099 2005 3337 2074 exceptis
3362 2003 3449 2059 his

1873 2107 2010 2162 quos
2035 2093 2103 2146 ad
2127 2092 2456 2161 loquendum
2484 2101 2616 2146 tetas
2641 2092 2863 2145 minime
2887 2091 3169 2162 perduxit.

2570 2205 2753 2261 XXIII.

1875 2295 1940 2350 Ut
1968 2314 2142 2350 omnes
2173 2295 2251 2350 bis
2280 2296 2464 2351 saltem
2490 2297 2744 2366 quotidie,
2775 2311 2929 2348 mane
2957 2305 3007 2349 et
3033 2297 3253 2366 vesperi,
3285 2295 3451 2350 Deum

2576 2377 2722 2419 orent
2731 2387 2753 2428 δ

1939 2455 2237 2511 Dicendum
2267 2455 2376 2510 illis
2402 2464 2463 2510 ut
2488 2455 2718 2524 singulis
2743 2456 2934 2511 diebus
2959 2457 3048 2525 qui
3082 2456 3312 2527 amplius
3339 2471 3446 2511 non

1869 2555 2065 2616 potest,
2100 2546 2290 2600 saltem
2323 2546 2532 2600 duabus
2559 2546 2770 2600 vicibus
2798 2554 2948 2609 oret,
2976 2559 3134 2600 mane
3161 2546 3368 2600 scilicet
3395 2554 3451 2600 et

1870 2653 2094 2707 vespere
2112 2678 2126 2702 ,
2170 2637 2357 2690 dicens
2385 2636 2688 2706 symbolum
2709 2677 2722 2700 ,
2752 2637 2838 2689 vel
2876 2636 3178 2691 orationem
3208 2635 3450 2689 Domini-

1871 2728 2109 2794 cam,vel
2131 2726 2260 2795 :Qui
2287 2726 2564 2797 plasmasti
2584 2743 2688 2790 me,
2706 2727 2964 2781 miserere
2996 2726 3120 2788 mei,
3140 2725 3223 2780 vel
3251 2726 3445 2780 etiam:

1871 2820 2031 2884 Deus,
2071 2819 2340 2888 propitius
2372 2824 2490 2871 esto
2522 2819 2654 2871 mihi
2683 2817 2981 2887 peccatori,
3007 2826 3062 2871 et
3097 2816 3210 2871 Deo
3244 2815 3452 2886 gratias

1869 2925 1966 2980 pro
1987 2907 2316 2978 quotidianae
2335 2907 2458 2960 vita:
2481 2906 2890 2972 commeatibus,
2907 2913 2962 2959 et
2983 2905 3107 2975 quia
3136 2919 3194 2959 se
3224 2905 3290 2958 ad
3318 2904 3453 2957 ima-

1871 3000 2046 3071 ginem
2091 3013 2246 3053 suam
2289 3012 2476 3052 creare
2517 2998 2771 3068 dignatus
2815 2996 2920 3060 sit,
2977 3004 3032 3050 et
3078 3011 3108 3049 a
3152 2993 3454 3064 pecudibus

1872 3110 2178 3166 segregare.
2230 3093 2326 3148 IIis
2360 3093 2498 3147 actis
2532 3101 2585 3146 et
2621 3091 2736 3146 solo
2789 3089 2900 3143 Deo
2933 3095 3180 3142 creatore
3227 3099 3325 3138 suo
3360 3083 3455 3137 ad-

1871 3195 2046 3251 orato,
2077 3193 2298 3241 sanctos
2329 3185 2561 3246 invocet,
2581 3190 2639 3237 ut
2664 3196 2762 3251 pro
2791 3195 2850 3233 se
2879 3177 3216 3232 intercedere
3244 3173 3312 3228 ad
3339 3187 3458 3227 ma-

1868 3279 2119 3349 iestatem
2174 3277 2413 3331 divinam
2467 3275 2776 3341 dignentur.
2835 3269 2962 3322 Haec
3010 3266 3213 3320 faciant
3258 3262 3458 3331 quibus

1874 3365 2112 3440 basilica:
2141 3364 2292 3418 locus
2320 3377 2486 3432 prope
2513 3370 2596 3415 est
2620 3401 2634 3425 ,
2681 3360 2736 3412 in
2780 3356 3004 3411 basilica
3035 3372 3050 3406 :
3096 3352 3190 3422 qui
3227 3364 3357 3405 vero
3403 3350 3459 3404 in

1877 3437 2107 3513 itinere,
2148 3459 2240 3503 aut
2281 3465 2379 3518 pro
2407 3448 2644 3516 qualibet
2678 3445 2966 3500 occasione
2997 3441 3052 3493 in
3083 3439 3234 3493 silvis
3272 3444 3366 3490 aut
3402 3437 3461 3490 in

1880 3543 2026 3614 agris
2073 3548 2158 3595 est
2182 3579 2196 3604 ,
2249 3537 2556 3606 ubicunque
2595 3549 2721 3587 eum
2758 3533 2875 3601 ipsa
2906 3531 3040 3583 hora
3079 3526 3347 3581 matutina
3375 3524 3463 3578 vel

1877 3629 2186 3701 vespertina
2217 3626 2502 3689 invenerit,
2535 3623 2615 3678 sic
2643 3620 2828 3683 faciat,
2861 3618 3040 3672 sciens
3066 3616 3234 3670 Deum
3261 3614 3462 3683 ubique

1876 3730 2199 3795 prmsentem
2228 3735 2378 3783 esse,
2422 3719 2634 3774 dicente
2666 3713 2995 3769 Psalmista:
3048 3709 3115 3764 In
3163 3707 3303 3762 omni
3347 3706 3462 3760 loco

1877 3814 2248 3868 dominationis
2275 3812 2390 3881 eius
2421 3807 2592 3882 (Psal.
2622 3823 2714 3869 cu,
2739 3804 2868 3876 ‘22);
2899 3811 2976 3868 et,
3009 3801 3070 3857 Si
3097 3798 3378 3854 ostendero
3404 3798 3461 3850 in

1876 3902 2081 3967 uelum,
2109 3911 2164 3955 tu
2190 3901 2262 3956 ibi
2287 3918 2340 3955 es
2368 3898 2540 3972 (Psal.
2567 3910 2833 3960 cxxxvut,
2861 3892 2939 3965 8),
2967 3899 3074 3948 etc.

2571 4007 2767 4063 XXIV.

2241 4081 2319 4136 De
2339 4078 2668 4136 observantia
2693 4076 2798 4130 diei
2828 4073 3110 4129 Dominici.

1949 4176 2064 4232 Diei
2089 4190 2217 4230 vero
2245 4172 2535 4236 Dominict,
2575 4170 2701 4240 quia
2731 4169 2785 4222 in
2813 4181 2877 4222 eo
2906 4165 3048 4219 Deus
3072 4163 3250 4216 lucem
3273 4157 3460 4212 condi-

1880 4269 1989 4333 dit,
2037 4269 2092 4322 in
2135 4281 2202 4321 eo
2242 4279 2439 4320 manna
2475 4264 2532 4316 in
2563 4275 2749 4317 eremo
2773 4258 2928 4328 pluit,
2960 4257 3012 4310 in
3044 4269 3109 4308 eo
3138 4251 3468 4318 Redemptor

1884 4358 2102 4415 humani
2136 4355 2354 4423 generis
2398 4361 2588 4421 sponte
2613 4364 2711 4418 pro
2756 4346 2926 4401 salute
2956 4350 3140 4398 nostra
3179 4355 3210 4394 a
3240 4337 3470 4394 mortuis

1884 4447 2206 4509 resurrexit,
2235 4445 2286 4498 in
2321 4458 2387 4498 eo
2409 4442 2669 4511 Spiritum
2701 4444 2947 4491 sanctum
2979 4447 3140 4501 super
3176 4427 3469 4499 discipulos

1885 4536 2098 4599 infudit,
2131 4539 2280 4588 tanta
2307 4544 2430 4585 esse
2454 4529 2615 4583 debet
2638 4523 3004 4587 observantia,
3037 4529 3094 4574 ut
3122 4528 3320 4590 praeter
3345 4531 3471 4570 ora-

1886 4627 2082 4689 tiones,
2113 4631 2169 4677 et
2193 4621 2478 4676 missarum
2506 4613 2790 4679 solemnia,
2817 4619 2873 4667 et
2909 4626 2970 4666 ea
3001 4624 3122 4679 quae
3156 4607 3224 4662 ad
3247 4619 3470 4661 vescen-

1887 4718 2014 4772 dum
2037 4713 2330 4785 pertinent,
2360 4706 2494 4763 nihil
2521 4704 2667 4760 aliud
2688 4701 2800 4756 fiat.
2842 4699 2977 4754 Nam
2999 4699 3062 4753 'et
3097 4697 3142 4752 si
3171 4694 3471 4750 necessitas

1887 4807 2051 4862 fuerit
2093 4801 2400 4873 navigandi,
2428 4799 2542 4854 sive
2577 4794 2888 4859 itinerandi,
2927 4791 3143 4848 licentia
3175 4789 3363 4854 datur,
3394 4787 3470 4844 ita

1889 4905 2166 4964 duntaxat,
2214 4906 2273 4954 ut
2319 4897 2513 4951 borum
2561 4891 2850 4948 occasione
2890 4887 3058 4944 missa
3096 4892 3151 4940 et
3196 4883 3472 4938 orationes

1891 5009 1998 5049 non
2021 4989 2522 5062 practermittantur.
2552 4981 2995 5039 Conveniendnm
3021 4985 3105 5033 est
3131 4976 3354 5032 sabbato
3384 4973 3472 5028 die

1889 5100 2013 5140 eum
2047 5081 2402 5136 luminaribus
2429 5073 2650 5132 cuilibet
2694 5071 3004 5127 Christiano
3047 5067 3114 5122 ad
3156 5065 3471 5126 ecclesiam,

1891 5174 2316 5232 conveniendum
2342 5178 2420 5226 est
2449 5169 2514 5225 ad
2540 5165 2750 5236 vigilias
2779 5165 2891 5219 sive
2919 5162 2988 5218 ad
3015 5159 3338 5215 matutinum
3359 5153 3474 5209 olli-

1892 5267 2056 5322 cium.
2087 5261 2528 5319 Concurrendutn
2557 5267 2642 5313 est
2670 5255 2834 5310 etiam
2857 5269 2984 5310 cum
3010 5249 3374 5307 oblationibus
3405 5242 3473 5294 ad

1892 5357 2178 5412 missarum
2195 5351 2477 5408 solemnia.
2497 5350 2568 5404 Et
2580 5349 2707 5402 dum
2729 5346 2795 5401 ad
2818 5344 3104 5400 ecclesiam
3128 5334 3471 5394 convenitur.

1893 5448 2040 5506 nulla
2081 5460 2244 5502 causa
2291 5443 2396 5500 dici
2442 5441 2601 5496 debet
2627 5438 2713 5492 vel
2742 5436 2940 5498 audiri,
2981 5429 3126 5486 nulla
3148 5424 3326 5500 iurgia
3351 5428 3479 5475 sunt

1893 5538 2176 5594 habenda:
2215 5534 2310 5591 sed
2352 5527 2726 5586 tantummodo
2761 5525 2875 5579 Deo
2911 5515 3214 5575 vacandum
3259 5516 3371 5574 est,
3420 5509 3478 5563 in

1897 5628 2258 5685 celebratione
2285 5621 2534 5680 videlicet
2561 5629 2841 5674 sacrorum
2869 5607 3200 5668 ofﬁciorum,
3243 5609 3298 5656 et
3324 5596 3480 5655 exbl-
