3998 6182
451 252 470 302 1
483 249 550 305 99

1440 242 1827 300 THEODUI.FI
1869 241 2420 295 AURELIANENSIS
2463 241 2673 298 EI‘ISC.

3597 247 3706 301 200

445 361 649 416 bitione
675 358 1159 429 elecmosynarum,
1192 367 1246 411 ct
1269 357 1320 410 in
1350 357 1442 410 Dei
1469 355 1712 409 laudibus
1737 369 1856 407 cum
1883 354 2015 406 ami-
2046 356 2090 411 Α
2121 349 2347 421 (Matth.
2395 369 2506 416 xw,
2551 353 2651 421 ‘26)
2677 354 2697 404 ’ἰ
2737 352 2932 421 quippe
2965 368 3088 406 cum
3137 353 3254 407 aliis
3297 355 3546 410 videatur
3589 361 3716 426 pius

448 456 545 518 cis,
579 453 843 524 proximis
865 461 918 508 et
942 451 1241 522 peregrinis
1271 447 1585 518 spiritaliter
1613 445 1960 516 epulandum.

1156 562 1318 617 XXV.

473 656 541 711 lit
565 655 970 726 hospitalitatem
998 669 1173 706 omnes
1199 652 1420 721 diligant
1448 659 1496 705 ct
1524 651 1686 721 gratis
1713 648 2006 703 exhibeant.

524 768 858 822 Admonendi
884 773 1007 820 sunt
1030 772 1085 818 ut
1107 762 1534 833 hospitalitatem
1555 761 1802 831 diligant,
1825 769 1878 814 et
1901 760 2028 814 nulli

455 862 747 931 liOSpitium
771 859 1010 929 praebere
1038 859 1368 923 detrectent,
1397 866 1452 912 ct
1481 857 1527 912 si
1556 857 1642 912 cui
1676 855 1812 911 forte
1843 854 2027 924 hospi-

457 952 589 1006 tium
611 949 978 1020 prazstiterint,
1006 947 1208 1002 nullam
1233 949 1300 1002 ab
1324 964 1389 1002 eo
1414 947 1714 1002 mercedem
1737 946 2026 1014 accipiant,

455 1041 556 1094 nisi
588 1039 726 1093 forte
770 1038 878 1103 ille,
911 1038 1001 1108 qui
1035 1053 1065 1091 a
1090 1045 1142 1092 te
1174 1039 1457 1106 recipitur,
1485 1044 1676 1107 sponte
1707 1051 1801 1089 sua
1833 1034 2033 1102 aliquid

453 1133 560 1185 det.
604 1130 1009 1198 Dieendumque
1037 1130 1142 1183 illis
1175 1129 1410 1198 qualiter
1448 1128 1599 1182 multi
1624 1143 1720 1197 per
1750 1126 2023 1195 hospitali—

452 1221 580 1276 tatis
609 1221 842 1275 ollicium
871 1220 981 1274 Deo
1005 1219 1343 1288 placuerunt,
1368 1219 1577 1272 dicente
1602 1217 1860 1285 Apostolo
1881 1257 1896 1280 ,
1928 1213 2035 1269 Per

450 1313 587 1364 hanc
630 1311 767 1364 enim
811 1309 1120 1380 placuerunt
1159 1307 1372 1379 quidam
1411 1307 1551 1372 Deo,
1584 1305 1781 1377 angelis
1814 1306 2035 1376 hospitio

451 1403 706 1472 susceptis
735 1400 920 1472 (Hebr.
955 1418 1074 1465 xm,
1102 1401 1178 1473 ‘2).
1211 1401 1280 1454 Et
1317 1401 1542 1464 iterum,
1587 1397 1885 1470 Ilospitales
1924 1399 2034 1452 sine

452 1490 934 1563 murmuratione,(f
951 1490 1092 1544 Petr.
1120 1508 1194 1554 tv,
1209 1491 1284 1559 9).
1312 1491 1378 1544 Et
1399 1491 1511 1560 ipse
1531 1490 1789 1544 Dominus
1812 1487 2038 1557 adjudi-

455 1582 599 1635 cium
647 1581 889 1635 dicturus
937 1588 1041 1645 est,
1081 1579 1281 1648 Hospes
1323 1596 1488 1641 erant,
1540 1589 1585 1632 et
1635 1578 1913 1647 collegistis
1957 1593 2036 1630 me

455 1670 674 1739 (Matth.
709 1686 834 1734 xxv,
875 1669 986 1737 55).
1029 1669 1217 1725 Sciant
1259 1685 1391 1724 sane
1425 1670 1732 1739 quicunque
1760 1668 2036 1736 hospitali-

455 1768 622 1814 tatem
672 1767 874 1824 amant,
912 1758 1187 1815 Christum
1227 1765 1285 1814 s'e
1332 1760 1385 1814 in
1427 1759 1728 1829 hospitibus
1769 1759 2030 1828 recipere.

455 1851 590 1905 Nam
620 1851 707 1906 ille
731 1851 918 1904 modus
947 1851 1330 1919 hospitalitatis
1357 1867 1462 1904 non
1488 1851 1658 1905 solmn
1690 1851 2032 1911 inlmmanus,

455 1941 548 1994 sed
573 1941 736 1996 etiam
768 1940 1001 1996 crudelis
1032 1949 1132 2000 est.
1179 1956 1285 2011 quo
1316 1957 1591 2010 nunquam
1620 1942 1816 2009 hospes
1852 1940 1905 1994 in
1942 1940 2037 1992 do-

455 2047 602 2084 mum
628 2042 754 2085 ante
784 2031 1064 2101 recipitur,
1096 2031 1201 2084 nisi
1223 2045 1373 2101 pnus
1400 2029 1562 2085 dandi
1589 2030 1804 2098 hospitii
1825 2044 2036 2084 merces

454 2129 854 2190 compensetur,
876 2129 932 2176 ct
959 2121 1102 2190 quod
1128 2121 1389 2177 Dominus
1419 2137 1580 2192 agere
1600 2122 1762 2191 jussit
1792 2137 1890 2190 pro
1916 2137 2038 2190 pcr-

454 2211 702 2280 ceptione
735 2213 886 2283 regni
911 2212 1170 2279 etelestis,
1195 2227 1294 2282 pro
1315 2213 1670 2283 acquisitione
1699 2221 2035 2267 terrenarum

459 2319 640 2359 rerum
669 2314 879 2374 agatur.

1158 2372 1346 2428 XXVI.

705 2461 770 2516 Ut
803 2480 835 2516 a
862 2462 1086 2532 periurii
1115 2463 1331 2516 crimine
1358 2461 1538 2531 ﬁdeles
1562 2473 1795 2518 caveant.

528 2576 937 2631 Przedicandum
978 2583 1063 2630 est
1088 2575 1251 2629 etiam
1291 2582 1352 2630 ut
1399 2574 1695 2643 perjurium
1725 2572 1912 2629 ﬁdeles
1939 2589 2034 2629 ea-

457 2676 640 2732 vcant,
669 2679 725 2722 et
743 2667 812 2722 ab
837 2667 940 2722 hoc
964 2682 1305 2738 summopere
1327 2667 1654 2732 abstineant,
1679 2667 1911 2723 scientes
1935 2667 2038 2720 hoc

459 2761 660 2830 grande
683 2759 860 2814 scelus
878 2773 1020 2823 esse,
1036 2768 1091 2813 et
1113 2759 1166 2812 in
1188 2759 1321 2830 lege,
1339 2767 1391 2814 et
1412 2758 1707 2828 prephetis,
1733 2758 1846 2812 sive
1863 2757 2040 2810 Evan-

460 2849 598 2920 gelio
633 2848 862 2919 (Matth.
904 2863 966 2912 v,
1005 2847 1105 2920 55)
1150 2847 1501 2918 prohibitum.
1547 2847 1865 2901 Audivimus
1894 2846 2039 2900 enim

460 2943 721 3013 quosdam
744 2941 1136 3013 parvipeudere
1159 2942 1261 2995 hoc
1289 2940 1486 3005 scelus,
1511 2948 1566 2994 et
1591 2939 1760 2993 levem
1783 2938 2041 3008 quodam-

461 3034 620 3090 modo
666 3032 899 3104 perjuris
945 3032 1278 3102 pwnitenthe
1326 3031 1542 3086 modum
1591 3031 1886 3100 imponere.
1937 3028 2037 3096 Qui
2065 3046 2111 3110 ρ

460 3141 621 3181 nosse
643 3126 860 3191 debent,
907 3125 1069 3179 talem
1096 3123 1161 3179 de
1183 3121 1444 3194 perjurio,
1481 3122 1694 3192 qualem
1723 3131 1778 3178 et
1802 3123 1867 3178 de
1891 3123 2044 3178 adul-

464 3219 628 3281 terio,
663 3217 730 3273 de
759 3217 1146 3281 fornicatione,
1189 3215 1256 3270 de
1284 3214 1610 3280 homicidio,
1645 3223 1701 3268 et
1739 3214 1806 3268 de
1833 3214 2044 3268 caeteris

460 3309 834 3366 criminalibus
880 3308 1057 3373 vitiis,
1104 3307 1476 3378 ptenitentiam
1531 3305 1929 3376 imponendam.
1984 3305 2041 3359 Si

458 3401 583 3470 quis
608 3416 736 3454 vero
755 3408 1065 3469 perpetrato
1092 3397 1350 3470 perjurio,
1380 3406 1474 3452 aut
1511 3398 1751 3467 quolibet
1776 3396 2039 3451 criminali

456 3499 709 3560 peccato,
739 3490 937 3545 timens
967 3489 1300 3559 poenitentia:
1343 3487 1553 3559 longam
1597 3500 1927 3548 terumnum,
1975 3485 2041 3538 ad

457 3577 856 3634 confessionem
887 3579 1071 3634 venire
1095 3578 1348 3643 noluerit,
1366 3579 1433 3632 ab
1452 3577 1680 3632 ecclesia
1705 3575 2042 3646 repellendus

458 3681 562 3737 est,
586 3673 701 3726 sive
728 3687 758 3724 a
782 3671 1164 3726 communione
1188 3679 1242 3724 et
1263 3670 1536 3724 consortio
1561 3668 1820 3731 ﬁdelium,
1846 3677 1905 3720 ut
1926 3667 2044 3720 nul-

459 3760 542 3814 lus
571 3775 693 3814 eum
714 3773 780 3812 eo
809 3759 1078 3821 comedat,
1107 3772 1282 3826 neque
1307 3757 1474 3820 bibat,
1498 3770 1671 3824 neque
1699 3763 1839 3820 oret,
1869 3769 2042 3823 neque

462 3850 515 3902 in
543 3863 696 3902 suam
726 3863 850 3902 eum
878 3847 1097 3902 domum
1129 3847 1378 3915 recipiat.

1157 3956 1372 4012 XXVII.

674 4047 742 4103 Ut
765 4067 797 4102 a
821 4048 958 4118 falso
984 4049 1276 4102 testimonio
1307 4047 1488 4117 ﬁdeles
1513 4048 1828 4104 abstineant.

534 4163 828 4218 Dicendum
854 4170 938 4218 est
965 4163 1045 4218 eis
1076 4172 1134 4216 ut
1163 4179 1194 4217 a
1222 4161 1358 4218 falso
1384 4164 1548 4218 etiam
1583 4165 1890 4220 testimonio
1919 4167 2044 4221 abs-

460 4256 692 4319 tineant,
731 4253 964 4308 scientes
987 4262 1044 4308 et
1067 4254 1172 4308 hoc
1204 4254 1584 4324 gravissimum
1611 4255 1784 4310 scelus
1812 4271 1961 4321 esse,
1991 4264 2045 4310 et

461 4347 529 4401 ab
568 4347 684 4416 ipso
708 4344 934 4398 Domino
959 4343 1009 4398 in
1047 4351 1230 4398 monte
1264 4341 1414 4398 Sinai
1444 4345 1798 4414 prohibitum,
1831 4346 2042 4401 dicente

459 4438 648 4493 eodem
702 4437 969 4501 Domino,
1023 4435 1144 4490 Non
1195 4435 1389 4505 falsum
1442 4438 1792 4492 testimonium
1845 4439 2039 4493 dixeris

461 4531 658 4604 (Exod.
697 4545 789 4593 xx,
824 4528 912 4600 15)
942 4543 958 4592 ;
997 4527 1132 4594 sive,
1163 4527 1329 4582 Testis
1361 4527 1527 4597 falsus
1555 4546 1658 4582 non
1687 4530 1783 4582 erit
1813 4531 2039 4599 impuni-

458 4632 543 4673 tus
575 4619 756 4692 (Prov.
795 4635 908 4685 XIX,
945 4617 1022 4691 5).
1051 4617 1198 4673 Sciat
1217 4633 1275 4673 se
1304 4619 1492 4683 etiam,
1517 4619 1763 4688 quisquis
1791 4619 1891 4673 hoc
1913 4636 2038 4689 per-

461 4703 776 4782 petraverit,
814 4719 906 4765 aut
937 4709 1028 4762 tali
1065 4710 1380 4778 pmnitentia
1409 4711 1771 4779 purgandum,
1803 4719 1858 4762 ut
1883 4727 2040 4782 supe-

464 4803 576 4856 rius
605 4801 806 4856 dictum
835 4808 919 4856 est
952 4800 1017 4854 de
1044 4799 1302 4868 perjurio,
1342 4808 1435 4852 aut
1476 4800 1568 4852 tali
1617 4800 2040 4874 damnationcet

461 4890 1018 4944 excommunicatione
1049 4888 1443 4951 damnandum,
1480 4888 1620 4941 sicut
1665 4889 1913 4957 superius
1951 4892 2033 4944 in-

464 4988 668 5034 sertum
696 4987 796 5034 est.
821 4978 1224 5046 Dieendumque
1253 4975 1358 5032 illis
1379 4986 1463 5031 est
1485 4979 1628 5047 quod
1657 4993 1867 5033 summa
1888 5021 1902 5045 ,
1930 4997 2034 5036 non

464 5074 639 5127 dicam
669 5071 918 5136 stultitia,
947 5071 1041 5125 sed
1085 5069 1320 5140 nequitia
1353 5078 1455 5135 est,
1497 5084 1594 5140 pro
1628 5071 1919 5139 cupiditate
1945 5089 2036 5127 ar-

463 5165 610 5237 genti
638 5172 694 5219 et
718 5165 858 5229 auri,
881 5171 975 5218 aut
994 5163 1438 5218 vestimentorum
1455 5204 1469 5229 ,
1503 5171 1594 5217 aut
1616 5162 1898 5231 cujuslibet
1934 5167 2034 5231 rei,

463 5267 556 5312 aut
583 5255 724 5327 quod
751 5255 1076 5310 creberrime
1099 5256 1408 5325 contingere
1431 5255 1584 5320 solet,
1612 5264 1833 5325 propter
1863 5257 2036 5311 ebrie-

461 5358 650 5415 tatem,
683 5347 736 5402 in
765 5355 871 5400 tam
895 5346 1097 5418 grande
1127 5347 1301 5401 scelus
1330 5361 1607 5410 corruere,
1630 5355 1688 5399 ut
1711 5355 1804 5400 aut
1828 5357 2033 5416 septem

463 5440 620 5494 annis
651 5439 703 5494 in
733 5447 881 5492 arcta
904 5453 1140 5491 atrumna
1169 5438 1262 5501 sit,
1294 5445 1387 5492 aut
1412 5437 1480 5491 ab
1507 5437 1734 5492 ecclesia
1762 5439 1831 5491 sit
1860 5438 2036 5506 repul-

464 5545 576 5596 sus,
604 5532 815 5586 dicente
843 5530 1089 5594 Domino,
1119 5527 1258 5593 Quid
1283 5529 1488 5597 prodest
1516 5528 1710 5582 homini
1731 5529 1777 5581 si
1805 5526 2037 5579 lucretur

466 5629 630 5675 totum
672 5622 953 5689 mundum,
995 5631 1042 5674 ct
1085 5621 1278 5674 anima!
1319 5636 1428 5674 sure
1475 5619 1839 5672 detrimentum
1873 5617 2035 5685 faciat

2130 442 2382 502 existere,
2427 443 2644 496 sibimet
2672 443 2906 496 crudelis
2937 443 3156 496 existat.

2802 532 3032 586 XXVIII.

2255 621 2323 676 Ut
2352 624 2634 694 presbyteri
2670 625 2738 676 ad
2767 624 3030 677 docendas
3060 623 3230 694 plebes
3251 629 3356 680 sint
3382 629 3576 696 parati.

2204 711 2495 765 Hortamur
2528 728 2624 766 vos
2662 721 2882 782 paratos
2914 727 3035 767 esse
3077 714 3145 767 ad
3193 713 3463 770 docendas
3507 715 3720 785 plebes.

2131 803 2233 870 Qui
2271 802 2580 873 Scripturas
2617 805 2751 868 scit,
2787 805 3043 874 prtedicet
3077 804 3424 873 Scripturas:
3467 808 3557 875 qui
3586 822 3726 862 vero

2134 897 2336 961 nescit,
2371 897 2562 951 saltem
2606 897 2742 959 hoc,
2771 896 2913 966 quod
2956 897 3298 952 notissimum
3327 907 3444 964 est,
3471 899 3724 968 plebibus

2133 985 2308 1039 dicat:
2337 985 2409 1040 Ut
2435 986 2706 1040 declinent
2736 1002 2766 1039 a
2793 986 2954 1051 malo,
2983 986 3264 1040 et‘faciant
3297 987 3496 1042 bonum
3539 987 3720 1059 (Psal.

2135 1093 2330 1141 xxxm,
2362 1075 2491 1146 45);
2535 1077 2811 1146 inquirant
2847 1091 3070 1146 pacem,
3119 1084 3174 1130 et
3220 1088 3519 1148 sequantur
3561 1095 3722 1142 eam,

2135 1168 2259 1236 quia
2289 1168 2428 1222 oculi
2457 1168 2667 1222 Domini
2694 1183 2855 1237 super
2875 1167 3074 1236 justos,
3100 1178 3156 1222 et
3181 1183 3343 1222 aures
3369 1168 3485 1238 ejus
3505 1170 3571 1223 ad
3596 1185 3727 1239 pre-

2137 1274 2228 1314 ces
2249 1274 2459 1324 eorum,
2475 1269 2579 1313 etc.
2603 1258 2790 1313 Nullus
2809 1273 2939 1328 ergo
2960 1273 3018 1312 se
3037 1273 3300 1312 excusare
3333 1260 3550 1328 poterit,
3575 1261 3729 1328 quod

2137 1369 2244 1406 non
2275 1353 2471 1407 habeat
2497 1352 2730 1422 linguam
2753 1392 2767 1414 ,
2797 1351 2938 1406 unde
2964 1350 3136 1419 possit
3163 1351 3397 1419 aliquem
3427 1351 3724 1406 :ediﬁcare.

2137 1444 2258 1497 Mox
2291 1444 2454 1508 enim,
2483 1451 2544 1497 ut
2565 1441 2859 1512 quemlibet
2894 1450 3167 1496 errantem
3197 1441 3416 1505 viderit,
3448 1451 3607 1511 prout
3629 1457 3728 1510 po.

2139 1541 2245 1587 test
2273 1540 2328 1587 et
2354 1532 2519 1597 valet,
2552 1540 2647 1586 aut
2669 1531 2962 1601 arguendo,
2995 1537 3087 1585 aut
3111 1531 3475 1594 obsecrando,
3517 1539 3611 1585 aut
3639 1531 3728 1584 in-

2140 1625 2442 1692 crepando,
2489 1625 2556 1679 ab
2589 1637 2775 1678 errore
2821 1622 3090 1684 retrahat,
3138 1630 3194 1676 et
3241 1622 3308 1675 ad
3354 1622 3728 1691 peragendum

2065 1695 2111 1752 Β
2139 1717 2337 1770 bonum
2364 1731 2498 1785 opus
2519 1717 2786 1770 hortetur.
2813 1713 2947 1768 Cum
2977 1729 3129 1779 vero,
3147 1714 3376 1768 Domino
3401 1714 3726 1782 opitulante,

2139 1803 2204 1858 ad
2234 1806 2496 1874 synodum
2519 1805 2572 1858 in
2595 1819 2758 1858 unum
2781 1803 3214 1867 convenerimus,
3232 1803 3371 1858 sciat
3391 1803 3545 1857 nobis
3561 1819 3730 1857 unus-

2139 1893 2369 1963 quisque
2393 1893 2597 1957 dicere,
2624 1900 2886 1963 quantum
2928 1891 3157 1947 Domino
3181 1892 3470 1961 adjuvante
3507 1891 3727 1947 labora-

2139 1983 2296 2047 verit,
2327 1991 2420 2037 aut
2443 1998 2603 2053 quem
2633 1983 2866 2038 fructum
2895 1982 3230 2052 acquisierit.
3259 1983 3327 2036 Et
3355 1983 3400 2038 si
3432 1985 3554 2052 quis
3584 1983 3731 2036 forte

2141 2083 2324 2130 nostro
2367 2076 2569 2145 indiget
2593 2075 2894 2144 adjutorio,
2927 2089 3028 2128 nos
3057 2089 3181 2129 cum
3221 2074 3486 2128 charitate
3533 2074 3728 2128 admo-

2140 2174 2283 2230 neat,
2308 2174 2363 2220 et
2387 2181 2488 2220 nos
2514 2181 2636 2220 cum
2659 2165 2922 2220 charitate
2947 2165 3296 2220 nihilominus
3321 2166 3369 2220 ei
3393 2180 3492 2235 pro
3514 2165 3726 2223 viribus

2141 2256 2468 2325 adjutorium
2499 2256 2643 2312 ferre
2672 2273 2781 2312 non
2804 2256 3136 2312 differemus.

2830 2368 3020 2422 XXIX.

2329 2456 2571 2522 Quonam
2596 2457 2784 2511 orandi
2813 2457 2967 2510 modo
2995 2456 3176 2524 ﬁdeles
3201 2458 3278 2510 uti
3303 2456 3541 2510 debeant.

2209 2553 2516 2608 Admonere
2545 2553 2753 2608 debetis
2781 2551 2995 2616 fideles,
3026 2560 3084 2605 ut
3113 2551 3483 2605 assiduitatem
3517 2557 3572 2604 et
3610 2559 3726 2604 stu-

2141 2645 2290 2698 dium
2313 2643 2548 2698 habeant
2580 2642 2788 2696 orandi.
2817 2642 2934 2712 Ipse
2960 2649 3138 2695 autem
3166 2641 3356 2695 orandi
3382 2641 3572 2696 modus
3599 2641 3728 2696 talis

2139 2749 2259 2789 esse
2281 2735 2459 2797 debet,
2490 2742 2550 2788 ut
2578 2733 2813 2803 primum
2836 2733 2981 2787 dicto
3001 2731 3262 2802 symbolo,
3287 2732 3438 2800 quasi
3463 2732 3584 2786 ﬁdei
3614 2748 3731 2787 sua:

2144 2825 2412 2880 recensito
2437 2823 2807 2890 fundamento,
2836 2823 2982 2878 dicat
3004 2823 3248 2893 quisquis
3281 2831 3364 2877 est
3393 2824 3565 2877 tribus
3595 2823 3730 2877 vici-

2141 2916 2272 2970 bus:
2307 2913 2410 2982 Qui
2437 2915 2714 2986 plasmasti
2739 2930 2842 2981 me,
2876 2916 3136 2970 miserere
3165 2916 3287 2977 mei,
3308 2922 3364 2970 ct
3391 2916 3564 2970 tribus
3593 2916 3731 2969 vici-

2142 3005 2274 3061 bus:
2292 3004 2454 3070 Deus,
2479 3005 2744 3076 propitius
2766 3015 2885 3061 esto
2913 3007 3045 3061 mihi
3066 3009 3357 3076 peccatori,
3382 3014 3436 3063 et
3459 3007 3732 3077 compleat

2144 3094 2443 3151 orationem
2499 3095 2855 3151 Dominieam.
2910 3095 2966 3150 Si
3013 3111 3142 3166 ergo
3189 3097 3340 3152 locus
3379 3106 3471 3152 aut
3516 3106 3732 3168 tempus

2145 3188 2405 3258 exegerit,
2433 3185 2753 3255 deprecetur
2775 3195 2991 3242 sanctos
3035 3187 3305 3256 apostolos
3343 3196 3398 3244 et
3435 3199 3729 3259 martyres,

2144 3288 2204 3333 ut
2228 3293 2327 3348 pro
2349 3293 2414 3331 eo
2435 3277 2791 3331 intercedant.
2814 3278 2883 3332 Et
2911 3286 3117 3332 armata
3146 3277 3324 3334 fronte
3348 3280 3502 3348 signo
3523 3282 3731 3346 crucis,

2145 3367 2367 3422 elevatis
2391 3383 2512 3422 cum
2541 3368 2703 3423 corde
2728 3377 2783 3422 et
2805 3368 3056 3422 manibus
3085 3377 3140 3422 et
3165 3368 3356 3434 oculis,
3382 3369 3494 3424 Deo
3522 3371 3733 3441 gratias

2145 3470 2286 3529 agat.
2315 3459 2372 3514 Si
2402 3474 2530 3514 vero
2558 3467 2770 3529 tempus
2795 3459 2862 3513 ad
2882 3459 2997 3512 haec
3023 3459 3201 3513 omnia
3222 3461 3524 3530 peragenda
3547 3461 3736 3517 minus

2146 3549 2414 3605 sufﬁciens
2442 3549 2621 3610 fuerit,
2662 3547 2892 3602 sulliciat
2924 3556 3130 3602 tantum
3164 3547 3295 3614 :Qui
3318 3550 3595 3618 plasmasti
3619 3567 3734 3617 me,

2144 3643 2404 3695 miserere
2425 3643 2528 3696 mei
2549 3659 2563 3704 ;
2589 3651 2662 3706 et,
2680 3642 2840 3705 Deus,
2857 3641 3121 3710 propitius
3141 3649 3259 3696 esto
3280 3642 3413 3696 mihi
3431 3645 3733 3712 peccatori,

2143 3741 2197 3784 et
2225 3732 2403 3784 oratio
2432 3731 2708 3785 Dominica
2760 3739 2966 3786 tantum
3011 3747 3132 3786 cum
3178 3732 3379 3802 gemitu
3427 3741 3482 3787 et
3524 3736 3738 3790 contri-

2146 3823 2290 3876 tione
2317 3822 2514 3877 cordis.

2848 3891 3018 3946 XXX.

2193 3983 2267 4038 De
2301 3984 2625 4053 confessione
2650 3993 2981 4055 peccatorum
3009 3986 3117 4040 Deo
3143 3987 3376 4057 quotidie
3404 3987 3674 4055 facienda.

2213 4074 2370 4130 Omni
2399 4077 2600 4131 etenim
2630 4075 2718 4130 die
2747 4075 2857 4131 Deo
2891 4077 2943 4132 in
2983 4079 3231 4133 oratione
3268 4088 3475 4144 nostra,
3503 4088 3600 4134 aut
3635 4095 3731 4136 se-

2143 4167 2273 4230 mcl,
2301 4175 2394 4221 aut
2421 4168 2525 4232 bis,
2551 4177 2642 4222 aut
2665 4177 2867 4237 quanto
2887 4171 3119 4238 amplius
3147 4185 3456 4240 possumus,
3478 4171 3733 4228 conﬁteri

2143 4261 2404 4316 debemus
2429 4267 2649 4330 peccata
2675 4269 2876 4322 nostra,
2908 4260 3119 4316 dicente
3146 4260 3438 4332 Propheta,
3466 4262 3735 4318 Delictum

2142 4368 2317 4405 meum
2359 4351 2622 4418 cognitum
2668 4349 2760 4403 tibi
2808 4350 2928 4419 feci,
2959 4361 3006 4404 et
3043 4351 3360 4420 injustitiam
3402 4369 3569 4406 meam
3622 4369 3735 4406 non

2145 4442 2412 4496 abscondi.
2461 4441 2623 4504 Dixi,
2676 4437 2974 4508 Conﬁtebor
3017 4442 3263 4496 adversus
3309 4457 3390 4494 me
3438 4441 3736 4510 injustitias

2143 4551 2285 4588 meas
2315 4533 2564 4596 Domino,
2593 4541 2641 4586 et
2668 4540 2724 4585 tu
2766 4532 3012 4585 remisisti
3051 4533 3364 4602 impietatem
3398 4534 3598 4602 peccati
3627 4535 3734 4586 mei

2144 4623 2315 4692 (Psal.
2348 4639 2500 4687 xum,
2530 4622 2606 4693 5).
2655 4621 2824 4677 Facta
2869 4623 3070 4676 etenim
3117 4621 3458 4676 confessione
3484 4637 3606 4676 cum
3634 4639 3734 4692 ge-

2145 4713 2278 4766 mitu
2307 4721 2362 4764 et
2387 4711 2640 4780 lacrymis
2675 4710 2904 4763 Domino
2932 4710 2985 4764 in
3015 4710 3282 4774 oratione,
3309 4710 3620 4764 recitandus
3645 4721 3734 4766 est

2141 4801 2380 4872 psalmus
2426 4800 2936 4869 quinquagesimus,
2986 4800 3098 4854 sive
3144 4799 3435 4869 vigesimus
3473 4811 3729 4869 quartus,

2138 4891 2250 4946 sive
2274 4891 2580 4960 trigesimus
2603 4889 2825 4958 primus,
2851 4896 3012 4957 atque
3032 4888 3120 4942 alii
3143 4888 3210 4942 ad
3233 4903 3344 4942 rem
3367 4888 3729 4956 pertinentes,

2137 4993 2193 5037 et
2217 4984 2296 5037 sic
2322 4980 2636 5050 complenda
2667 4989 2751 5034 est
2776 4981 2972 5034 oratio.
3000 4977 3138 5045 Quia
3160 4977 3426 5032 confessio
3451 4992 3613 5046 quam
3639 4993 3731 5032 sa-

2138 5073 2448 5130 cerdotibus
2489 5072 2747 5135 facimus,
2797 5073 2900 5126 hoc
2941 5071 3103 5125 etiam
3143 5069 3296 5124 nobis
3334 5067 3727 5122 adminiculum

2140 5163 2318 5225 affert,
2343 5162 2466 5230 quia
2506 5169 2728 5230 accepto
2755 5160 2822 5214 ab
2850 5159 2930 5214 eis
2956 5158 3174 5214 salutari
3201 5156 3448 5221 consilio,
3479 5154 3729 5209 saluber-

2140 5254 2293 5308 rimis
2320 5251 2651 5322 poenitentite
2684 5250 3183 5314 observationibus,
3223 5247 3338 5302 sive
3365 5245 3567 5300 mutuis
3592 5258 3726 5296 ora-

2141 5342 2403 5404 tionibus,
2439 5349 2776 5410 peccatorum
2827 5337 3065 5392 maculas
3113 5336 3387 5390 diluimus.
3437 5330 3728 5388 Confessio

2139 5450 2286 5498 vero,
2306 5448 2464 5503 quam
2487 5431 2585 5486 soli
2608 5431 2719 5485 Deo
2742 5428 2990 5493 facimus,
3008 5431 3061 5483 in
3083 5428 3352 5497 hocjuvat
3369 5423 3496 5494 quia
3517 5433 3726 5492 quanto

2139 5540 2239 5579 IIOS
2263 5538 2532 5578 memores
2577 5536 2763 5576 sumus
2791 5531 3134 5590 peccatorum
3178 5524 3517 5578 nostrorum,
3569 5520 3727 5565 tanto

2139 5615 2329 5668 horum
2358 5614 2614 5667 Dominus
2641 5610 2976 5667 obliviscitur
3001 5627 3012 5663 :
3055 5617 3162 5663 etc
3187 5604 3479 5670 contrario,
3511 5612 3724 5671 quanto
