3998 6182
205 288 285 348 illi

1028 350 1060 371 ο

1609 267 1978 326 CAPITULA.

3328 244 3439 300 202

206 417 287 461 nos
307 401 498 457 horum
540 392 938 455 obliviseimur.
985 358 1135 444 ta-nto
1167 386 1428 442 Dominus
1457 382 1763 438 reminisci-
1788 387 1839 443 Α
1866 378 1923 433 Si
1956 378 2011 431 in
2040 373 2199 443 hujus
2223 373 2367 437 ,vita:
2397 369 2481 424 via
2514 370 2658 425 videt
2687 382 2748 423 se
2780 365 3057 461 laborare,
3103 368 3162 461 et
3189 358 3446 461 vitiorum

206 502 311 557 tur,
352 489 566 544 dicente
593 484 885 554 Propheta,
929 480 998 535 Et
1043 486 1375 550 peccatorum
1416 483 1629 528 tuorum
1662 489 1768 526 non

208 580 757 650 memorabortlerem.
788 592 939 641 xm,
964 575 1077 646 5i).
1102 572 1185 627 Tu
1210 578 1394 625 autem
1418 581 1629 623 memor
1648 574 1774 619 esto

207 676 331 748 quod
356 672 526 728 David
551 669 812 740 propheta
835 681 894 722 se
924 665 1118 721 fecisse
1151 668 1416 725 testatur,
1444 672 1570 713 eum
1597 655 1765 717 dicit,

208 766 452 831 Quoniam
477 761 804 831 iniquitatem
824 771 995 810 meam
1017 770 1113 824 ego
1133 764 1408 822 cognosco,
1432 756 1480 801 et
1501 752 1768 816 peccatum

205 869 360 910 neeum
385 861 573 907 contra
600 865 683 903 me
709 857 785 903 est
822 860 1025 916 semper
1054 840 1229 915 (Psal.
1257 857 1309 904 ι,
1338 838 1417 908 4).

885 997 1079 1054 XXXI.

202 1114 302 1186 Qui
343 1114 413 1169 ad
439 1110 816 1186 confessionem
844 1109 1050 1186 veniunt
1087 1108 1264 1186 omnia
1308 1103 1579 1186 conﬁteri,
1619 1111 1667 1155 et
1709 1100 1774 1153 de

580 1178 818 1236 omnibus
841 1176 1134 1233 examinari
1174 1176 1380 1230 debent.

267 1270 648 1329 Confessiones
673 1268 862 1323 dandae
882 1274 1008 1323 sunt
1024 1265 1091 1321 de
1119 1265 1370 1320 omnibus
1396 1261 1636 1334 peccatis
1657 1273 1777 1328 qua:

201 1364 311 1419 sive
342 1363 395 1416 in
423 1374 605 1430 opere,
634 1359 749 1414 sive
779 1358 834 1413 in
862 1356 1189 1428 cogitatione
1211 1360 1613 1425 perpetrantur.
1645 1350 1781 1405 Octo

198 1461 326 1507 sunt
354 1449 671 1521 principalia
695 1448 849 1514 vitia,
884 1447 1002 1502 sine
1028 1447 1227 1516 quibus
1259 1445 1349 1500 vix
1378 1442 1518 1499 ullus
1547 1438 1777 1497 inveniri

197 1550 395 1612 potest.
431 1541 526 1596 Est
553 1540 697 1596 enim
727 1538 1126 1610 gastrimargia,
1150 1538 1253 1592 hoc
1276 1544 1359 1592 est
1378 1534 1587 1590 ventris
1598 1531 1783 1605 inglu-

194 1637 336 1700 vies,
361 1633 600 1697 secundo
625 1630 932 1697 fornicatio,
964 1629 1127 1686 tertio
1164 1628 1349 1685 acedia
1383 1628 1497 1682 sive
1525 1624 1745 1681 tristitia
1764 1663 1779 1688 ,

193 1735 389 1796 quarto
418 1724 646 1779 avaritia
668 1765 682 1790 ,
714 1723 902 1793 quinto
926 1738 1067 1777 vana
1110 1722 1312 1793 gloria,
1358 1727 1514 1776 sexto
1544 1716 1746 1774 invidia
1765 1758 1779 1781 ,
1812 1724 1860 1783 Β

189 1818 430 1889 septimo
462 1816 545 1870 ira
564 1857 579 1881 ,
618 1824 810 1871 octavo
845 1814 1120 1884 superbia.
1158 1812 1384 1881 Quando
1409 1825 1538 1880 ergo
1564 1809 1687 1880 quis
1715 1807 1786 1862 ad

185 1910 597 1967 confessionem
620 1909 786 1973 venit,
809 1909 1095 1979 diligenter
1116 1907 1278 1962 debet
1295 1904 1494 1975 inquiri
1516 1901 1789 1974 quomodo

184 2011 285 2057 aut
310 2017 424 2071 qua
445 1999 732 2055 occasione
755 2006 1038 2069 peccatum
1076 1995 1471 2068 perpetraverit
1494 1994 1638 2066 quod
1663 2008 1790 2064 per-

179 2093 385 2163 egisse
428 2103 489 2144 se
534 2087 841 2152 conﬁtetur,
870 2095 925 2142 et
957 2088 1114 2157 juxta
1154 2086 1373 2141 modum
1404 2084 1532 2140 facti
1561 2083 1722 2139 debet
1743 2082 1795 2138 ei

177 2181 528 2253 paenitentia
553 2179 801 2235 indicari.
826 2179 994 2234 Debet
1011 2179 1060 2233 ei
1089 2178 1401 2248 persuaderi
1423 2183 1558 2232 utet
1582 2175 1647 2230 de
1668 2190 1794 2246 per-

182 2271 378 2326 versis
409 2269 832 2341 cogitationibus
871 2269 1034 2323 faciat
1079 2267 1494 2323 confessionem.
1541 2267 1709 2321 Debet
1744 2266 1795 2320 ei

182 2363 367 2417 etiam
399 2357 606 2431 iniungi
651 2367 711 2414 ut
757 2359 823 2414 de
854 2367 979 2414 octo
1018 2357 1408 2428 principalibus
1445 2355 1592 2410 vitiis
1628 2353 1794 2410 iaciat

182 2466 359 2507 suam
381 2449 802 2516 confessionem,
832 2457 888 2505 et
915 2449 1234 2505 nominatim
1265 2448 1317 2503 ei
1343 2448 1500 2503 debet
1535 2445 1792 2502 sacerdos

182 2543 628 2615 unumquodque
658 2542 848 2598 vitium
876 2541 1077 2607 dicere,
1107 2549 1162 2594 et
1191 2554 1345 2595 suam
1382 2538 1446 2593 de
1474 2552 1540 2592 eo
1558 2534 1563 2541 ’
1582 2535 1795 2592 confes-

186 2636 418 2693 sionem
445 2634 712 2706 accipere.

893 2751 1108 2807 XXXII.

192 2863 365 2929 Quod
411 2863 771 2934 unusquisque
799 2879 956 2933 spera
996 2861 1372 2934 misericordia:
1406 2877 1523 2934 qua:
1562 2861 1619 2915 in
1658 2859 1794 2916 alios

376 2931 605 2998 exercet,
635 2931 693 2987 in
716 2931 885 3005 seipse
910 2931 1220 3004 spiritaliter
1243 2948 1395 3002 agere
1421 2931 1627 2987 debeat.

264 3026 598 3083 Esurientes
626 3025 858 3081 satiandi
889 3033 1038 3090 sunt,
1081 3025 1329 3079 sitientes
1364 3024 1617 3093 potandi,
1664 3021 1793 3081 nudi

194 3117 513 3188 cperiendi,
543 3115 742 3171 inﬁrmi
773 3124 829 3170 et
852 3116 944 3186 qui
971 3116 1023 3169 in
1052 3129 1272 3170 carcere
1293 3125 1420 3170 sunt
1444 3114 1720 3180 visitandi,
1740 3122 1796 3170 et

195 3209 450 3279 hospites
494 3207 807 3278 colligendi,
852 3207 1065 3261 dicente
1093 3205 1354 3271 Domino,
1392 3205 1605 3260 Esurivi
1634 3207 1796 3271 enim,

193 3311 245 3354 et
292 3298 522 3355 dedistis
546 3300 677 3354 mihi
707 3300 1064 3353 manducare:
1105 3298 1276 3362 sitivi,
1325 3307 1372 3352 et
1412 3297 1631 3353 dedistis
1670 3297 1801 3350 mihi

196 3389 403 3455 bibere,
434 3399 545 3463 etc.
574 3386 791 3459 (Matth.
817 3406 947 3454 xxv,
974 3388 1089 3460 '55).
1124 3387 1260 3442 Nam
1283 3388 1402 3442 haec
1422 3386 1628 3452 omnia,
1654 3394 1710 3442 et
1749 3386 1801 3439 in

198 3495 260 3534 se
282 3484 524 3552 quisque
554 3481 715 3537 debet
742 3480 1058 3552 spiritaliter
1085 3494 1266 3550 agere,
1295 3487 1351 3533 et
1378 3478 1431 3532 in
1464 3476 1586 3533 aliis
1613 3492 1807 3548 corpo-

200 3570 402 3626 raliter
421 3570 739 3641 adimplere,
765 3569 891 3640 quia
911 3584 1050 3639 pene
1076 3567 1210 3624 nihil
1234 3574 1462 3638 prosunt
1491 3567 1605 3623 haec
1625 3566 1807 3621 omnia

200 3664 269 3716 ad
296 3663 475 3717 vitam
503 3670 765 3717 aeternam
798 3659 1275 3732 compensandam,
1310 3657 1357 3715 si
1384 3658 1660 3713 luxuriose
1678 3698 1693 3722 ,
1717 3672 1807 3711 su-

196 3755 403 3824 perbe,
434 3752 638 3818 invide,
674 3760 755 3818 et,
786 3766 855 3806 ne
896 3750 1106 3823 singula
1144 3749 1421 3821 replieem,
1448 3750 1494 3805 si
1524 3749 1717 3803 vitiose
1751 3757 1806 3802 et

198 3845 520 3900 inordinate
555 3844 680 3914 quis
704 3842 888 3908 vivat,
929 3849 985 3912 et
1025 3858 1057 3896 a
1104 3841 1317 3897 caeteris
1349 3840 1507 3896 bonis
1552 3838 1807 3908 operibus

200 3945 388 3992 vacet.
426 3935 534 4003 Qui
561 3949 693 4006 ergo
720 3934 866 3990 videt
900 3949 961 3989 se
990 3932 1267 3988 Christum
1299 3948 1405 3987 non
1449 3931 1680 3997 habere,
1713 3930 1806 4000 qui

198 4028 374 4090 dixit,
390 4026 507 4096 Ego
527 4042 645 4080 sum
668 4027 820 4095 panis
843 4026 984 4078 virus
1004 4025 1093 4096 qui
1118 4024 1182 4077 de
1205 4022 1331 4078 caelo
1354 4023 1600 4078 descendi
1621 4020 1804 4094 (Joau.

196 4135 278 4186 vi,
318 4118 438 4191 4t),
472 4126 527 4173 et
552 4118 895 4179 charitatem,
928 4132 1049 4187 quae
1091 4122 1175 4171 est
1208 4125 1396 4186 pastus
1438 4115 1664 4179 animae,
1700 4129 1809 4169 non

188 4212 402 4278 habet,
429 4211 608 4265 esurit
635 4208 855 4278 quidem
882 4225 894 4261 :
923 4207 1017 4262 sed
1044 4208 1089 4262 si
1115 4222 1211 4277 per
1232 4208 1373 4262 bona
1403 4220 1569 4276 opera
1593 4205 1811 4262 Christo

197 4301 465 4373 adiungit
495 4315 577 4367 se,
606 4308 663 4354 et
691 4298 974 4353 charitatis
1000 4296 1279 4353 dulcedine
1316 4296 1516 4367 replet,
1566 4284 1813 4351 esurien-

192 4401 322 4445 tem
356 4390 583 4445 omnino
611 4404 671 4444 se
699 4388 864 4459 pavit.
894 4388 995 4455 Qui
1026 4387 1273 4443 doctrina
1304 4386 1539 4459 Spiritus
1563 4386 1736 4443 sancti
1758 4393 1815 4439 et

196 4482 633 4552 Scripturarum
673 4489 985 4535 sanctarum
1014 4478 1227 4535 liuentis
1260 4486 1428 4543 caret,
1470 4480 1661 4535 sitiens
1686 4485 1809 4553 est;

190 4576 303 4629 sed
334 4572 384 4627 si
416 4586 479 4626 se
503 4569 721 4633 ﬂuentis
750 4570 896 4625 verbi
930 4570 1026 4625 Dei
1065 4569 1281 4640 irriget,
1313 4576 1368 4623 et
1394 4577 1633 4623 mentem
1659 4583 1816 4623 suam

193 4666 486 4737 spiritalis
513 4664 693 4737 poculi
735 4663 1020 4719 dulcedine
1062 4659 1267 4727 ebﬁet,
1299 4663 1402 4717 iste
1436 4678 1495 4718 se
1542 4664 1815 4718 sitientem

187 4768 391 4829 potat.
441 4757 549 4826 Qui
591 4756 739 4811 videt
781 4772 839 4811 se
864 4756 1109 4827 justitia,
1152 4755 1266 4810 sive
1310 4754 1522 4810 caeteris
1551 4754 1818 4809 bonorum

185 4864 449 4921 operum
475 4847 902 4904 exhibitionibus
924 4846 1205 4911 nudatum,
1231 4852 1285 4901 et
1309 4845 1485 4901 induit
1504 4861 1563 4902 se
1581 4845 1818 4916 justitia,

184 4945 332 5000 sive
358 4946 582 4998 caeteris
602 4938 917 5004 virtutibus,
942 4937 1143 4993 nudum
1165 4953 1224 4993 se
1244 4938 1431 5008 procul
1454 4939 1617 4994 dubio
1639 4938 1820 4994 vestit.

186 5036 260 5091 Si
298 5036 370 5090 in
399 5032 546 5089 lecto
571 5032 831 5087 vitiorum
860 5046 1085 5085 suorum
1103 5028 1267 5099 jacet,
1301 5039 1355 5085 et
1398 5031 1587 5087 morbo
1624 5030 1825 5101 iniqui-

187 5128 352 5185 tatis
404 5141 517 5181 suze
552 5123 806 5189 laborat,
850 5131 905 5177 et
947 5121 1167 5178 funibus
1213 5135 1557 5193 peccatorum
1603 5136 1826 5176 suorum

183 5220 559 5279 constrictus
581 5226 687 5283 est,
710 5224 766 5271 et
784 5216 1040 5272 vitiorum
1066 5230 1285 5270 suorum
1307 5214 1517 5270 obsitus
1544 5214 1750 5284 pariete
1773 5213 1827 5267 in

182 5310 477 5370 tenebris
523 5307 831 5379 iniquitatis
860 5322 1006 5373 sure,
1046 5313 1130 5362 est
1163 5304 1412 5360 inﬁrmus
1435 5304 1651 5375 quidem
1678 5319 1694 5369 ;
1731 5303 1828 5359 sed

181 5406 239 5461 si
299 5403 395 5457 de
422 5399 539 5455 luto
584 5400 840 5454 vitiorum
877 5413 976 5469 per
1004 5396 1398 5453 confessionem
1430 5395 1725 5468 egreditur,
1772 5402 1827 5449 et

178 5512 312 5570 per
345 5492 701 5566 paenitentia:
730 5490 963 5546 lamenta
997 5489 1227 5546 vinculis
1267 5496 1611 5560 peccatorum
1651 5487 1829 5542 absol-

178 5591 407 5651 vitur,
434 5593 489 5642 et
511 5586 582 5641 ad
603 5584 781 5638 lucem
805 5582 1070 5637 bonorum
1094 5596 1319 5652 operum
1348 5579 1647 5654 egreditur,
1676 5578 1827 5632 inﬁr-

183 5696 385 5741 mum
419 5687 471 5733 et
493 5680 549 5733 in
594 5690 818 5732 carcere
841 5676 1073 5746 positum
1106 5688 1165 5730 se
1203 5674 1389 5745 procul
1432 5673 1596 5728 dubio
1626 5672 1828 5727 visitat.

572 5794 809 5855 Parnm
835 5838 848 5851 .
893 5791 1020 5854 CV.

1870 466 2107 540 procella
2138 463 2295 535 quasi
2318 462 2549 533 quadam
2586 460 2732 516 aeris
2767 454 3087 525 intemperie
3124 452 3447 523 inquietari,

1870 568 1928 613 et
1955 553 2355 627 receptaculum
2382 552 2645 608 bonorum
2675 562 2898 618 operum
2927 560 3031 600 non
3060 543 3285 609 habere,
3313 541 3455 600 sciat

1869 663 1930 704 sc
1954 648 2010 702 in
2033 646 2230 701 itinere
2253 644 2491 714 positum
2526 639 2762 709 hospitio
2785 651 2945 708 egere
2966 654 2981 690 :
3005 644 3065 689 at
3088 635 3135 690 si
3159 644 3222 690 se
3246 633 3319 688 ad
3344 633 3458 689 vir-

1870 748 2047 794 tutum
2079 736 2303 791 domum
2343 733 2606 797 deducat,
2649 738 2708 785 et
2738 744 2858 785 sese
2886 728 2940 783 in
2976 742 3165 783 earum
3196 725 3460 782 tutamine

1874 827 2120 898 recipiat,
2150 823 2420 894 hospitem
2449 822 2669 891 quidem
2700 819 2945 890 suscipit.
2971 817 3103 885 Qua:
3122 816 3304 871 omnia
3335 830 3460 870 cum

1872 918 1976 974 sibi
2017 914 2339 986 spiritaliter
2375 911 2620 975 exhibet,
2651 908 2933 965 Christum
2962 907 3015 961 in
3043 921 3134 971 se,
3167 904 3322 975 cujus
3348 905 3464 976 ipse

1874 1009 2177 1065 membrum
2202 1017 2288 1060 est
2306 1045 2322 1071 ,
2346 1003 2556 1074 pascit,
2581 1009 2766 1073 potat,
2802 1000 2997 1065 vestit,
3027 998 3213 1054 visitat
3243 1013 3313 1054 ac
3347 1012 3465 1054 sus-

1875 1100 2028 1171 cipit.

2550 1183 2793 1240 XXXIII.

1886 1299 1958 1355 De
1990 1301 2154 1371 officio
2190 1299 2422 1370 ﬁliorum
2461 1303 2897 1435 ergaﬁarentes,
2939 1303 2989 1348 et
3026 1301 3307 1365 parentum
3350 1306 3476 1363 ergo

2658 1382 2757 1420 tos.

2658 1382 2757 1420 208.

1954 1483 2291 1540 Admonendi
2336 1489 2464 1538 sunt
2506 1480 2692 1536 ﬁdeles
2736 1487 2941 1535 sanctae
2978 1476 3075 1533 Dei
3112 1476 3372 1533 Ecclesiae
3417 1483 3479 1529 ut

1886 1579 2027 1635 ﬁlios
2055 1593 2183 1634 suos
2207 1587 2261 1631 et
2297 1576 2437 1631 ﬁlias
2466 1588 2594 1630 suas
2622 1574 2851 1629 doceant
2872 1572 3189 1643 parentibus
3212 1570 3474 1627 obedien-

1887 1670 2018 1724 tiam
2043 1668 2319 1731 exhibere,
2348 1667 2562 1721 dicente
2587 1663 2833 1725 Domino,
2868 1660 2979 1715 Fili
3002 1703 3018 1726 ,
3048 1661 3343 1730 honoriﬁca
3383 1676 3481 1732 pa-

1887 1770 2020 1814 trem
2048 1769 2196 1813 ruum
2227 1757 2419 1828 (Et-cli.
2448 1771 2547 1822 vn,
2571 1753 2696 1827 29);
2722 1769 2846 1809 nam
2869 1761 2925 1808 et
2947 1753 3047 1823 ipsi
3072 1761 3329 1823 parentes
3350 1765 3481 1824 erga

1890 1850 2030 1905 ﬁlios
2053 1864 2182 1904 suos
2209 1863 2275 1902 ac
2299 1847 2441 1903 ﬁlias
2476 1862 2603 1902 suas
2630 1846 2874 1902 modeste
2918 1843 3117 1899 debent
3154 1858 3314 1915 agere
3338 1884 3353 1908 ,
3400 1843 3484 1897 di-

1890 1947 2048 1995 cente
2071 1937 2357 2009 Apostolo:
2378 1937 2446 1991 Et
2472 1953 2579 2001 vos,
2598 1944 2857 2006 parentes,
2883 1932 3046 1987 nolite
3064 1932 3135 1987 ad
3154 1933 3486 1987 iracundiam

1892 2044 2173 2099 provocare
2211 2027 2353 2097 filios
2392 2036 2584 2082 uestros
2613 2025 2838 2097 (Ephes.
2870 2040 2949 2091 vt,
2985 2023 3071 2096 4).
3120 2022 3256 2079 Nam
3303 2031 3359 2077 et
3383 2025 3489 2079 hoc

1894 2115 2182 2171 dicendum
2204 2124 2291 2171 est
2317 2115 2399 2171 eis
2420 2124 2481 2169 ut
2499 2115 2546 2171 si
2572 2115 2648 2170 illi
2675 2113 2896 2186 genitali
2926 2112 3122 2169 affectu
3149 2128 3373 2185 parcere
3398 2129 3493 2168 ve-

1894 2207 2001 2264 lint
2019 2204 2230 2276 injuriis
2258 2206 2517 2273 ﬁliorum,
2544 2222 2652 2262 non
2674 2206 2774 2261 has
2805 2206 3023 2275 impune
3046 2204 3310 2259 Dominus
3335 2203 3491 2269 sinit,

1892 2298 1997 2356 nisi
2018 2299 2160 2355 forte
2182 2300 2343 2371 digna
2372 2299 2695 2370 pmnilentia
2718 2298 3062 2364 exhibeatur,
3091 2305 3147 2353 et
3170 2296 3297 2369 quia
3321 2296 3495 2351 levius

1892 2399 1977 2447 est
2001 2390 2128 2447 ﬁliis
2151 2402 2438 2462 parentum
2476 2388 2731 2462 quaelibet
2763 2386 2971 2459 flagella
3003 2388 3282 2459 suscipere
3323 2401 3489 2458 quam

1896 2481 1990 2536 Dei
2021 2481 2157 2536 iram
2184 2482 2487 2536 incurrere.

2575 2612 2815 2668 XXXIV.

2308 2724 2439 2781 Vera
2467 2725 2698 2779 charitas
2723 2740 2969 2796 quanam
2992 2724 3078 2780 εἰν.

1966 2838 2352 2895 Admonendus
2377 2844 2459 2893 est
2500 2836 2731 2908 populus
2753 2837 2898 2907 quod
2936 2837 3051 2893 htec
3080 2836 3152 2893 sit
3189 2852 3318 2893 vera
3360 2836 3493 2891 cha-

1896 2929 2033 2987 ritas
2077 2944 2200 3000 qua;
2229 2928 2399 2983 Deum
2437 2927 2613 2998 diligit
2640 2926 2925 2999 plusquam
2958 2943 3049 2994 se,
3096 2937 3152 2985 et
3181 2928 3492 3000 proximum

1901 3034 2160 3096 tanquam
2187 3040 2266 3090 se,
2295 3033 2350 3080 et
2380 3038 2501 3094 qua:
2543 3022 2678 3077 nihil
2715 3022 2831 3078 vult
2866 3021 2959 3078 alii
3001 3022 3183 3078 facere
3208 3022 3313 3077 nisi
3353 3022 3500 3094 quod

1900 3117 2003 3173 sibi
2033 3116 2150 3171 vult
2186 3115 2338 3181 ﬁeri;
2366 3122 2423 3170 et
2462 3114 2617 3185 plura
2658 3128 2780 3184 qua:
2826 3127 3112 3170 recensere
3142 3113 3362 3183 longum
3392 3120 3497 3168 est.

1898 3205 2038 3261 Nam
2066 3215 2125 3261 et
2148 3207 2461 3276 quicunque
2498 3205 2552 3259 in
2582 3214 2713 3275 potu
2742 3215 2798 3261 et
2828 3205 2953 3261 cibo
2974 3245 2989 3269 ,
3020 3213 3076 3259 et
3113 3205 3309 3260 dandis
3337 3213 3502 3276 atque

1901 3296 2233 3365 accipiendis
2267 3297 2451 3357 rebus,
2497 3294 2824 3350 charitatem
2874 3304 3084 3350 tantum
3126 3301 3355 3364 putant,
3389 3309 3499 3349 non

1902 3385 2256 3441 mediocriter
2287 3393 2511 3448 errant,
2550 3385 2766 3439 dicente
2805 3385 3101 3455 Apostolo,
3144 3384 3383 3455 Regnum
3410 3382 3506 3438 Dei

1907 3495 2012 3532 non
2042 3487 2118 3532 est
2144 3476 2290 3530 cibus
2319 3485 2369 3531 et
2391 3484 2544 3546 potus
2572 3476 2746 3547 (Rom.
2789 3491 2880 3530 xuv
2902 3518 2916 3543 ,
2966 3477 3076 3549 i7).
3122 3475 3260 3531 Nam
3304 3484 3361 3531 et
3391 3476 3505 3546 ipsa

1906 3569 2123 3640 quando
2168 3583 2290 3623 cum
2327 3567 2597 3624 charitate
2640 3565 2879 3634 faciunt,
2908 3567 3049 3623 bona
3089 3575 3237 3635 sunt,
3270 3576 3326 3624 et
3359 3567 3505 3624 inter

1904 3664 2138 3719 virtutes
2164 3662 2547 3734 computanda.

2590 3797 2808 3853 XXXV.

1980 3910 2121 3978 Quid
2145 3926 2326 3965 cavere
2355 3919 2671 3965 mercatores
2693 3910 2914 3965 debeant
2942 3912 3035 3982 qui
3061 3913 3414 3984 negotiantur.

1976 4023 2314 4081 Admonendi
2336 4032 2466 4080 sunt
2498 4025 2592 4096 qui
2622 4024 2859 4095 negotiis
2883 4039 2948 4081 ac
2968 4027 3398 4083 mercationibus
3419 4043 3506 4084 re—

1907 4132 2031 4172 rum
2056 4116 2357 4187 invigilant,
2383 4123 2446 4170 ut
2464 4130 2569 4171 non
2594 4115 2715 4187 plus
2739 4125 2957 4173 terrena
2980 4116 3130 4171 lucra
3152 4131 3316 4188 quam
3337 4117 3509 4173 vitam

1909 4208 2131 4278 cupiant
2150 4206 2560 4277 sempiternam.
2576 4206 2712 4262 Nam
2735 4207 2826 4276 qui
2849 4207 2971 4276 plus
2997 4207 3065 4261 de
3087 4207 3253 4262 rebus
3277 4208 3512 4263 terrenis

1911 4316 2073 4371 quam
2097 4299 2165 4355 de
2195 4299 2392 4353 anima:
2418 4313 2529 4352 suae
2549 4297 2728 4353 salute
2750 4298 2977 4369 cogitat,
3005 4296 3162 4351 valde
3186 4312 3217 4351 a
3246 4298 3335 4352 via
3364 4299 3508 4354 veri-

1917 4392 2044 4446 tatis
2070 4390 2310 4454 aberrat,
2347 4397 2401 4443 et
2418 4389 2572 4460 juxta
2601 4390 2892 4459 quemdam
2933 4387 3233 4459 sapientem
3254 4430 3269 4456 ,
3316 4390 3370 4445 in
3399 4390 3511 4447 vita

1920 4497 2019 4537 sua
2046 4479 2281 4551 perdidit
2307 4480 2499 4534 intima
2530 4495 2647 4534 sua.
2679 4478 3001 4549 Sequendus
3030 4489 3115 4535 est
3144 4482 3289 4536 enim
3325 4483 3379 4538 in
3412 4483 3515 4538 hac

1920 4586 2098 4648 parte,
2122 4575 2264 4630 sicut
2288 4581 2345 4630 et
2367 4573 2421 4628 in
2448 4573 2678 4641 ueteris,
2709 4571 3035 4644 apostolicus
3066 4587 3268 4639 sermo,
3297 4575 3389 4644 qui
3414 4575 3514 4643 ait,

1925 4669 1992 4723 Et
2018 4686 2080 4724 ne
2105 4668 2223 4739 quis
2248 4666 2699 4738 supergrediatur,
2729 4682 2891 4738 neque
2925 4666 3294 4729 circumveniat
3336 4668 3394 4725 in
3423 4685 3514 4725 ηε.

1923 4761 2064 4831 gotio
2086 4760 2387 4832 proximum
2429 4775 2584 4815 suum
2611 4757 2676 4832 (1
2722 4758 2871 4814 Thes.
2915 4774 3001 4826 tv,
3044 4759 3139 4832 6);
3186 4760 3385 4818 vindex
3428 4773 3513 4820 est

1926 4854 2072 4909 enim
2084 4852 2229 4909 Deus
2243 4852 2310 4909 de
2323 4852 2408 4908 his
2420 4852 2693 4937 omnibus.
2713 4850 2869 4907 Sicut
2882 4852 3028 4908 enim
3044 4852 3114 4908 ab
3128 4853 3213 4908 his
3227 4855 3317 4924 qui
3338 4854 3511 4911 labori

1926 4960 2182 5018 agrorum
2211 4954 2267 5001 et
2290 4946 2502 5001 eteteris
2529 4945 2802 5001 laboribus
2837 4943 3040 4999 victum
3064 4952 3227 5015 atque
3254 4947 3509 5002 vestitum

1927 5046 1985 5093 et
2019 5039 2328 5094 necessaria
2374 5038 2562 5094 usibus
2606 5038 2864 5113 humanis
2909 5039 3195 5109 acquirere
3238 5038 3512 5094 inhiantes

1928 5138 2093 5197 stant,
2120 5131 2343 5187 deeimte
2385 5140 2443 5187 et
2482 5130 2839 5201 eleemosynaa
2877 5120 3065 5186 dandae
3101 5136 3263 5186 sunt:
3316 5131 3390 5185 ita
3426 5128 3512 5182 bis

1928 5237 2144 5293 quoque
2162 5223 2256 5292 qui
2282 5236 2383 5292 pro
2402 5221 2814 5277 necessitatibus
2835 5221 2950 5277 suis
2971 5222 3202 5292 negotiis
3231 5221 3510 5279 insistunt.

1929 5313 2233 5370 faciendum
2262 5322 2366 5369 est.
2417 5312 2718 5384 Unicuique
2753 5314 2898 5368 enim
2941 5313 3147 5368 homini
3190 5311 3334 5365 Deus
3368 5305 3518 5363 dedit

1930 5413 2105 5460 artem
2127 5420 2243 5475 qua
2266 5414 2538 5475 pascatur,
2569 5414 2625 5460 et
2649 5404 3019 5475 unusquisque
3042 5402 3111 5457 de
3140 5406 3259 5454 arte
3287 5412 3419 5463 sua,
3448 5394 3516 5451 de

1930 5511 2038 5565 qua
2063 5497 2307 5566 corporis
2330 5495 2639 5551 necessaria
2670 5495 2909 5551 subsidia
2938 5493 3122 5555 habet,
3165 5487 3358 5542 aniime
3382 5501 3518 5559 quo~

1932 5599 2059 5655 que,
2085 5583 2229 5655 quod
2251 5584 2423 5657 magis
2446 5584 2811 5641 necessarium
2834 5589 2937 5647 est,
2964 5577 3261 5635 subsidium
3288 5576 3518 5635 adurim-

1935 5687 2112 5733 strare
2136 5664 2310 5731 debet.

3078 5780 3117 5840 Ἰ
