3998 6182
455 254 565 313 203

1114 352 1345 410 XXXVI.

466 458 610 525 Quid
635 428 925 511 curandum
970 450 1034 501 sit
1073 457 1204 525 ante
1246 440 1714 525 Quadragesimam
1740 478 1754 503 ,
1805 449 1851 492 et
1889 438 2027 508 quod

742 531 930 592 septem
963 519 1129 570 modis
1158 523 1369 584 peccata
1396 511 1749 573 dimittantur.

528 632 872 692 Hebdomada
896 644 1001 685 una
1029 633 1154 679 ante
1194 623 1408 677 initium
1435 620 1876 691 Quadragesimm
1900 634 2036 672 con~

460 727 716 784 fessionis
744 720 1115 780 sacerdotibus
1144 715 1334 770 dandae
1359 721 1515 779 sunt,
1538 712 1863 784 poenitentia
1890 711 2034 793 acci-

457 816 685 892 piendo,
701 814 1071 871 discordantes
1108 806 1521 870 reconciliandi,
1549 813 1605 859 et
1635 803 1815 858 omnia
1850 801 2033 873 jurgia

457 909 714 972 sedanda,
739 913 793 961 et
822 903 1091 960 dimittere
1121 900 1319 956 debent
1348 896 1529 952 debita
1556 894 1788 949 invicem
1821 894 1886 948 de
1914 908 2035 946 cor-

458 1000 617 1055 dibus
643 999 784 1061 suis,
812 1004 873 1051 ut
900 995 1123 1050 liberius
1145 993 1348 1055 dicant,
1406 989 1623 1043 Dimitm
1673 987 1818 1040 nobis
1862 986 2035 1039 debita

459 1098 659 1153 nostra,
686 1089 820 1142 sicut
848 1095 898 1139 et
925 1100 1017 1138 nos
1043 1082 1354 1136 dimittimus
1383 1079 1701 1133 debitoribus
1731 1075 1937 1129 nostris.
1971 1074 2037 1127 Et

455 1182 537 1236 sic
587 1179 953 1248 ingredientes
1014 1175 1076 1229 in
1117 1174 1285 1227 beata:
1339 1168 1777 1239 Quadragesimae
1828 1175 2036 1236 tempus

457 1270 676 1327 mundis
733 1276 790 1324 ct
828 1265 1130 1338 puriﬁeatis
1194 1263 1468 1318 mentibus
1531 1260 1598 1314 ad
1644 1267 1888 1314 sanctum
1935 1258 2035 1312 Pa-

457 1353 589 1416 scha
653 1358 936 1422 accedant,
965 1364 1020 1411 et
1068 1371 1166 1427 per
1217 1352 1588 1424 pcenitentiam
1632 1366 1691 1406 se
1744 1359 2033 1417 renovent,

458 1426 722 1521 quzeest
780 1446 1047 1504 secundus
1080 1426 1423 1514 rbaptismus.
1469 1441 1620 1497 Sicut
1665 1441 1808 1495 enim
1855 1440 2022 1510 bapti-

464 1554 617 1597 smus
679 1546 946 1609 peccata,
1004 1536 1078 1590 ita
1143 1534 1456 1605 poenitentia
1519 1541 1732 1603 purgat.
1786 1532 1852 1585 Et
1909 1533 2032 1601 quia

458 1639 581 1700 post
637 1628 963 1699 baptismum
1020 1633 1274 1697 peccator
1321 1625 1498 1680 denuo
1550 1639 1657 1678 non
1710 1630 1889 1693 potest
1941 1624 2036 1677 ba-

457 1722 678 1791 ptizari,
714 1721 817 1776 boc
851 1719 1302 1774 medicamentum
1345 1731 1376 1770 a
1428 1715 1656 1770 Domino
1705 1714 2036 1784 pmuitentim

458 1812 644 1867 datum
672 1818 777 1877 est,
811 1818 871 1865 ut
896 1818 993 1879 per
1014 1823 1135 1864 eam
1181 1806 1300 1861 vice
1349 1804 1601 1875 baptismi
1650 1814 1872 1874 peccata
1916 1812 2038 1874 post

457 1902 783 1972 baptismum
814 1899 1110 1956 diluuntur.
1144 1897 1362 1968 Septem
1405 1897 1550 1952 enim
1596 1895 1771 1951 modis
1814 1902 2037 1964 peccata

457 1992 657 2048 dimitti
718 1990 1012 2060 Scriptura:
1059 1998 1261 2045 sancta:
1313 1989 1703 2044 demonstrant.
1743 1986 1956 2052 Primo,
1984 1986 2037 2041 in

458 2082 808 2154 baptismate,
851 2081 944 2151 qui
993 2088 1214 2151 propter
1267 2078 1640 2133 remissionem
1693 2088 2039 2146 peccatorum

457 2173 616 2228 datus
642 2180 744 2229 est.
777 2169 1048 2236 Secundo,
1069 2184 1168 2240 per
1197 2167 1543 2237 martyrium,
1563 2164 1720 2235 juxta
1743 2165 1873 2221 illud
1894 2166 2040 2235 quod

464 2260 542 2314 ait
568 2256 1087 2324 Psalmista,Beatus
1115 2258 1200 2311 cui
1227 2273 1330 2311 non
1352 2255 1626 2324 imputavit
1650 2254 1904 2313 Dominus
1922 2271 2041 2324 pec-

462 2358 638 2402 catum
687 2346 858 2421 (Psal.
890 2362 1054 2412 uxr,
1086 2346 1166 2417 ‘2).
1204 2345 1340 2413 Quia
1391 2344 1548 2415 juxta
1587 2342 1825 2412 ejusdem
1871 2344 2040 2399 David

459 2440 818 2503 sententiam,
850 2436 1004 2492 Beati
1027 2452 1251 2509 quorum
1282 2436 1512 2489 remissa:
1553 2442 1674 2487 sunt
1714 2432 2038 2504 iniquitates.

456 2542 506 2588 et
531 2548 753 2604 quorum
775 2540 909 2586 tecta
930 2539 1053 2585 sunt
1074 2537 1285 2600 peccata
1310 2526 1453 2598 (Ibid
1460 2566 1496 2591 .,
1512 2524 1645 2594 v.l).
1671 2524 2041 2580 Remittuntur

456 2632 679 2696 peccata
706 2639 805 2695 per
838 2622 1188 2693 baptismum,
1220 2628 1476 2691 teguntur
1506 2634 1603 2689 per
1640 2619 2038 2689 paenitentiam,

458 2730 567 2770 non
594 2716 930 2785 imputantur
956 2727 1055 2783 per
1080 2711 1422 2782 martyrium.
1456 2709 1660 2775 Tertio,
1685 2723 1783 2777 per
1810 2708 2042 2763 eleemo-

458 2824 672 2880 synam,
696 2807 851 2878 juxta
884 2806 1180 2872 Danielem,
1208 2805 1302 2875 qui
1343 2803 1572 2875 profano
1615 2802 2043 2858 Nabuchodono-

458 2914 551 2953 sor
578 2898 692 2969 regi
720 2898 815 2962 ait,
843 2897 1068 2952 Peccata
1088 2906 1181 2951 tua
1205 2895 1544 2966 eleemosynis
1594 2894 1790 2949 redime
1844 2895 1899 2949 in
1939 2893 2040 2947 mi-

457 2990 764 3046 sericordiis
792 3004 1088 3064 pauperum
1134 2987 1296 3059 (Dan.
1335 3002 1422 3052 tv,
1453 2986 1578 3059 24);
1603 2994 1660 3041 et
1682 2985 1834 3051 illud,
1858 2984 2040 3056 Ignem

458 3081 732 3135 ardentem
777 3046 1057 3148 exstinguit
1103 3046 1265 3147 aqua,
1292 3085 1341 3131 et
1392 3046 1715 3145 eleemosyna
1760 3074 2038 3144 exstinguit
2067 3046 2112 3108 (ἶ

455 3178 728 3239 peccatum
766 3168 957 3244 (Eccli.
987 3183 1083 3234 ut,
1119 3166 1234 3238 55).
1268 3166 1336 3221 Ει
1364 3165 1625 3220 Dominus
1650 3166 1704 3220 in
1731 3164 2039 3235 Evangelio,

474 3256 838 3313 Verumtamen
857 3258 979 3313 date
1005 3256 1406 3329 elemosynam,
1433 3266 1481 3312 et
1510 3273 1624 3312 ecce
1649 3257 1826 3311 omnia
1846 3256 2043 3311 munda

458 3359 581 3403 sunt
626 3349 766 3404 vobis
805 3346 956 3421 (Luc.
994 3365 1073 3415 xi,
1105 3348 1217 3415 41).
1267 3347 1493 3416 Quarto,
1536 3348 1584 3402 si
1632 3348 1876 3403 remittat
1923 3348 2046 3417 quis

460 3439 708 3507 peccanti
736 3438 790 3493 in
819 3454 879 3494 sc
918 3447 1142 3509 peccata
1173 3453 1303 3503 sua,
1320 3437 1475 3506 juxta
1523 3435 1675 3502 illud,
1703 3436 1966 3490 Dimittite
1994 3446 2044 3490 et

460 3530 751 3583 dimittetur
777 3528 935 3592 vobis,
955 3529 1076 3583 date
1093 3538 1141 3583 et
1167 3528 1381 3582 dabitur
1409 3526 1551 3582 vobis
1582 3524 1780 3596 (Marc.
1812 3540 1891 3589 ιι,
1911 3524 2040 3595 25);

461 3629 516 3675 ct
546 3620 698 3685 illud,
726 3619 813 3675 Sic
845 3630 892 3674 et
921 3618 1083 3674 Pater
1105 3630 1269 3675 uester
1292 3618 1515 3671 dimittet
1536 3616 1676 3671 vobis
1711 3626 1923 3686 peccata
1961 3632 2048 3670 vs-

462 3719 613 3771 stra,
665 3708 710 3760 si
763 3708 1065 3760 remiseritis
1110 3706 1389 3775 unicuique
1443 3703 1508 3757 de
1564 3704 1806 3758 cordibus
1865 3704 2045 3759 vestris

469 3801 670 3870 (ibid.).
703 3799 906 3868 Quinto
926 3840 940 3865 ,
973 3801 1020 3854 si
1046 3814 1146 3870 per
1174 3798 1616 3869 prmdicationem
1644 3815 1797 3854 suam
1823 3800 1944 3869 quis
1992 3808 2050 3855 et

464 3907 561 3961 per
586 3892 849 3946 bonorum
878 3888 1198 3945 exercitium
1226 3889 1365 3944 alios
1389 3890 1458 3945 ab
1480 3904 1670 3944 errore
1696 3905 1794 3944 suo
1824 3904 2047 3945 conver-

467 3979 738 4049 tat,juxta
775 3977 903 4033 illud
930 3978 1073 4050 quod
1100 3978 1176 4032 ait
1211 3977 1520 4048 Apostolus,
1561 3976 1824 4043 Quoniam
1848 3978 1894 4031 si
1922 3994 2045 4031 con-

468 4070 595 4124 uerti
624 4068 804 4139 fecerit
842 4069 957 4141 quis
999 4077 1321 4141 peccatorem
1351 4067 1416 4122 ab
1456 4084 1634 4122 errore
1660 4068 1753 4123 ria:
1782 4084 1915 4132 sua’,
1939 4067 2046 4122 sal-

464 4158 601 4216 nubit
630 4161 864 4215 animum
894 4158 1009 4230 ejus
1052 4177 1084 4213 a
1121 4168 1286 4213 morte
1306 4200 1320 4224 ,
1347 4168 1396 4213 et
1426 4158 1619 4229 aperiet
1654 4156 1782 4211 mult
1796 4158 2043 4211 ’tudinem

462 4262 794 4323 peccatorum
842 4250 1050 4323 (Iacob.
1081 4267 1147 4317 v,
1182 4251 1289 4322 l9).
1344 4251 1510 4306 Sexto
1559 4266 1655 4321 per
1695 4249 2042 4313 cbaritateu,

458 4344 611 4413 juxta
637 4344 787 4409 illud,
822 4341 1070 4400 Charitas
1094 4342 1192 4398 Dei
1225 4344 1450 4415 cooperit
1494 4343 1880 4397 multitudinem
1925 4359 2045 4412 pec-

462 4444 701 4489 catorum
748 4451 842 4507 per
897 4433 1077 4490 Iesum
1144 4432 1412 4490 Christum
1462 4434 1744 4488 Dominum
1804 4443 2041 4489 nostrum

462 4521 518 4595 (Ι
545 4519 689 4579 Petr.
714 4523 880 4597 tv,8).
912 4523 1177 4595 Septimo,
1201 4540 1299 4595 per
1318 4525 1716 4595 paenitentiam,
1732 4524 1887 4593 juxta
1914 4524 2042 4578 illud

464 4616 610 4686 quod
637 4618 716 4672 ait
739 4616 927 4679 David,
953 4615 1241 4672 Conversus
1274 4635 1390 4675 sum
1420 4618 1475 4671 in
1501 4633 1738 4671 arrumna
1766 4616 2041 4682 mea,dum

465 4702 745 4775 conﬁgitur
771 4707 921 4776 spina
952 4703 1123 4779 (Psal.
1153 4722 1301 4771 xxxi,
1331 4707 1410 4783 4),

1123 4836 1385 4893 XXXVII.

471 4927 623 4995 Quod
645 4929 915 4999 jejunium
960 4928 1395 5002 Quadragesima:
1438 4916 1645 4987 summa
1692 4948 1821 4988 cura
1871 4935 2048 4990 obser-

1084 5002 1312 5057 vandum
1341 5002 1428 5058 sit.

539 5110 659 5183 Ipsa
689 5120 870 5168 autem
895 5112 1318 5184 Quadragesima
1369 5128 1493 5169 cum
1539 5129 1751 5170 summa
1791 5116 2049 5171 observa-

467 5202 617 5259 tione
646 5202 908 5258 custodiri
935 5203 1114 5271 debet,
1136 5214 1197 5259 ut
1220 5202 1487 5276 jejunium
1517 5205 1572 5261 in
1600 5220 1685 5270 ea,
1707 5215 1906 5276 praeter
1933 5207 2050 5263 dies

470 5294 798 5359 DUllllnlCOB,
822 5294 915 5365 qui
942 5294 1284 5353 abstinentiae
1321 5298 1586 5353 subtracti
1631 5307 1791 5364 sunt,
1822 5298 2049 5353 nullate-

468 5402 568 5439 nus
608 5384 932 5451 resolvatur,
961 5385 1089 5454 quia
1148 5386 1250 5456 ipsi
1296 5386 1414 5443 dies
1462 5387 1688 5444 decima:
1738 5395 1865 5442 sunt
1918 5387 2047 5443 anni

469 5476 661 5542 nostri,
693 5490 832 5546 quos
850 5490 973 5531 cum
1000 5476 1150 5532 omni
1175 5476 1433 5548 religione
1458 5487 1515 5535 et
1562 5478 1851 5535 sanctitate
1893 5486 2045 5532 tran-

538 5620 568 5649 ⁸
608 5611 803 5672 ncesse
834 5616 1042 5673 videtur
1069 5634 1099 5669 a
1130 5617 1265 5669 riuo.

1453 234 1842 291 'I‘IIEODIFLFI
1878 231 2429 288 AURELIANI‘LNSIS
2471 229 2678 286 EPISC.

3594 239 3703 293 ξω

2051 355 2099 412 Α
2127 347 2300 415 sigerc
2329 346 2605 398 debemus.
2639 343 2786 397 Nulla
2818 345 2870 397 iu
2902 344 2986 398 bis
3018 347 3236 401 occasio
3285 348 3357 401 sit
3400 351 3708 408 resolvcmli

2131 437 2339 509 jnjunii,
2369 439 2494 507 quia
2525 438 2630 492 alio
2662 446 2901 507 tempore
2940 439 3076 493 solet
3114 438 3376 509 jejunium
3424 442 3709 502 charitatis

2132 545 2295 584 causa
2332 528 2570 593 dissolvi,
2601 528 2706 582 isto
2728 543 2858 583 vero
2884 528 3188 585 nullatenus
3234 530 3411 586 debet.
3454 532 3593 600 Quia
3646 536 3703 592 in

2134 620 2238 673 alio
2260 618 2508 689 jejunare
2535 618 2589 672 in
2618 617 2896 672 voluntate
2915 628 2972 673 et
2997 619 3226 675 arbitrio
3247 620 3535 689 cujuslibet
3561 627 3708 695 posi-

2136 718 2248 763 tum
2271 716 2374 774 est,
2407 708 2461 762 in
2488 709 2591 763 hoc
2631 724 2761 763 vero
2794 723 2902 763 non
2943 707 3212 779 jejunare,
3238 721 3563 782 praeceptum
3611 716 3708 771 Dei

2137 800 2517 854 transcendere
2539 806 2640 853 est.
2675 798 2740 852 Et
2762 799 2816 852 in
2861 798 2968 854 alio
2997 806 3241 873 tempore
3264 799 3535 872 jejunure.
3564 820 3707 875 prmo

2134 891 2303 945 mium
2324 889 2614 944 abstinenti
2642 888 2924 959 acquirere
2952 898 3035 943 est
3063 905 3080 945 :
3104 891 3157 945 in
3192 891 3296 947 hoc
3331 909 3485 959 vero,
3513 905 3712 964 prmter

2136 981 2376 1036 inﬁrmos
2404 996 2469 1035 ac
2496 980 2767 1051 parvulos,
2797 981 3042 1051 quisquis
3083 999 3188 1037 non
3215 981 3561 1053 jejunaverit,
3592 1002 3713 1058 pm-

2138 1086 2261 1125 nam
2293 1071 2397 1125 sibi
2427 1072 2678 1142 acquirit,
2708 1072 2833 1140 quia
2859 1073 3076 1127 eosdem
3103 1073 3218 1129 dies
3246 1074 3593 1143 Dominus,et
3614 1093 3715 1149 per

2138 1161 2393 1233 Moysem,
2425 1169 2481 1215 et
2524 1177 2621 1231 per
2649 1161 2843 1226 Ellam,
2866 1170 2921 1217 et
2944 1178 3040 1234 per
3067 1165 3414 1234 semetipsum
3444 1183 3602 1223 sacro
3621 1168 3709 1237 je-

2131 1253 2283 1322 junio
2311 1253 2670 1308 consecravit.
3564 1248 3569 1249 ί

2176 1360 2177 1363 η
2785 1338 3069 1400 XXXVIII.

2282 1431 2433 1498 Quod
2461 1449 2577 1488 cum
2595 1434 2805 1505 jejunio
2831 1434 3157 1507 eleemosyna
3175 1435 3451 1509 jungenda
3474 1439 3561 1495 sit.

2208 1544 2407 1599 Diebus
2435 1560 2562 1600 vero
2599 1545 2790 1616 jejunii
2832 1547 3173 1621 cleemosyna
3224 1549 3469 1607 facienda
3526 1563 3629 1618 est,
3657 1565 3718 1609 et

2139 1631 2318 1686 cibum
2347 1632 2430 1688 vel
2459 1643 2667 1704 potum,
2699 1651 2805 1705 quo
2839 1637 3070 1708 quisque
3097 1639 3173 1693 uti
3200 1639 3386 1694 debuit
3410 1641 3456 1695 si
3486 1658 3595 1701 non
3623 1641 3714 1710 je-

2133 1719 2366 1790 junaret,
2402 1726 2731 1795 pauperibus
2776 1714 2994 1797 eroget,
3022 1729 3147 1798 quia
3176 1728 3420 1798 jejunare
3455 1741 3511 1786 et
3562 1733 3720 1787 cibos

2136 1815 2346 1883 prandii
2375 1817 2441 1871 ad
2481 1832 2690 1872 coenam
2722 1834 3026 1887 reservare,
3054 1837 3161 1876 non
3191 1821 3477 1890 mercedis,
3501 1824 3598 1880 sed
3641 1823 3719 1878 ci-

2137 1906 2326 1962 borum
2357 1917 2440 1963 est
2462 1909 2873 1965 incrementum.

2800 2025 3044 2080 XXXIX.

2140 2107 2292 2174 Quod
2319 2110 2581 2181 jejunium
2625 2124 2745 2170 ante
2781 2117 3127 2186 vespertinum
3174 2117 3398 2186 oﬂicmm
3436 2115 3563 2172 solui
3606 2133 3717 2171 non

2819 2185 3019 2240 debeat.

2210 2271 2395 2329 Solent
2428 2275 2629 2344 plures,
2661 2277 2751 2346 qui
2780 2292 2840 2332 se
2859 2277 3107 2347 jejunare
3140 2285 3352 2348 putant,
3385 2293 3507 2332 mox
3541 2286 3601 2332 ut
3645 2278 3721 2332 si-
3804 2338 3811 2344 _

2139 2378 2302 2433 gnum
2335 2367 2561 2421 audiunt
2581 2369 2646 2421 ad
2678 2383 2896 2433 nonam,
2924 2370 3270 2434 manducare,
3294 2369 3384 2439 qui
3406 2369 3724 2424 nullatenus

2132 2453 2379 2524 jejunare
2399 2458 2651 2513 credendi
2675 2467 2819 2525 sunt,
2844 2459 2889 2514 si
2920 2468 3044 2515 ante
3074 2460 3520 2516 manducaveriut
3546 2476 3723 2530 quam

2141 2547 2507 2616 vespertinum
2536 2547 2840 2604 celebretur
2864 2548 3117 2605 oilicium.
3152 2549 3597 2605 Coucurrendum
3628 2559 3724 2606 est

2140 2639 2282 2692 enim
2318 2638 2387 2693 ad
2433 2638 2648 2705 Missas,
2677 2650 2731 2695 et
2783 2641 2980 2696 auditis
3021 2641 3311 2697 missarum
3361 2641 3726 2707 solemnibus,

2142 2727 2255 2781 sive
2286 2728 2611 2797 vespertinis
2644 2728 2854 2796 olliciis,
2892 2730 3102 2801 largitis
3141 2731 3517 2801 eleemosynis,
3541 2732 3608 2786 ad
3639 2732 3729 2786 ci-

2140 2815 2268 2871 bum
2310 2817 2673 2874 accedendum
2718 2831 2820 2875 est.
2870 2819 2926 2875 Si
2964 2836 3093 2876 vero
3138 2822 3335 2893 aliquis
3394 2822 3730 2878 necessitate

2144 2910 2469 2964 constrictus
2505 2910 2669 2965 fuerit
2707 2919 2767 2965 ut
2813 2910 2881 2964 ad
2919 2912 3139 2967 missam
3167 2912 3457 2967 convenire
3492 2927 3598 2967 non
3631 2928 3733 2967 va-

2144 2997 2271 3063 leat,
2317 3000 2580 3054 aestimata
2611 3002 2915 3071 vespertina
2968 3002 3126 3069 hora,
3173 3004 3437 3075 completa
3474 3004 3735 3060 oratione

2144 3104 2259 3155 sua,
2281 3088 2545 3158 jejunium
2575 3092 2857 3147 absolvere
2894 3092 3074 3147 debet.

2843 3202 2957 3259 XL.

2248 3294 2291 3348 Α
2328 3296 2641 3366 quibusnam
2678 3296 3043 3353 abstinendum
3071 3300 3139 3351 sit
3172 3315 3291 3353 cum
3315 3309 3611 3369 jejunatur.

2214 3386 2557 3442 Abstinentia
2598 3402 2726 3443 vero
2753 3388 2805 3442 in
2840 3388 2924 3444 his
2968 3389 3156 3444 diebus
3210 3391 3452 3444 omnium
3502 3389 3735 3446 delicia-

2143 3494 2262 3533 rum
2288 3494 2408 3534 csse
2434 3478 2612 3543 debet,
2645 3487 2699 3533 et
2737 3480 2948 3547 sobrie,
2975 3489 3030 3535 et
3064 3490 3213 3536 caste
3257 3481 3563 3536 vivendum.
3614 3481 3731 3549 Qui

2143 3584 2272 3625 vero
2299 3570 2437 3634 ovis,
2465 3584 2655 3634 caseo,
2690 3568 2928 3639 piscibus
2962 3578 3017 3624 et
3046 3570 3173 3626 vino
3208 3570 3479 3626 abstinere
3522 3580 3732 3641 potest,

2146 3672 2352 3728 magna:
2379 3659 2595 3713 virtutis
2636 3668 2720 3713 est
2748 3677 2761 3712 :
2791 3660 2882 3728 qui
2914 3668 3093 3714 autem
3134 3662 3238 3725 bis,
3283 3668 3376 3715 aut
3410 3661 3738 3717 infirmitate

2146 3748 2556 3813 interveniente,
2606 3757 2699 3801 aut
2750 3749 2993 3818 quolibet
3050 3765 3249 3820 opere,
3295 3750 3566 3805 abstinere
3618 3766 3736 3806 non

2143 3846 2344 3910 potest,
2375 3846 2572 3893 utatur.
2604 3839 2833 3894 Tantum
2864 3850 2924 3895 ut
2955 3840 3220 3910 jejunium
3245 3856 3413 3912 usque
3439 3842 3506 3897 ad
3536 3858 3736 3911 vespe-

2146 3943 2262 3984 rum
2296 3929 2613 3985 solemniter
2637 3930 2875 3985 celebret
2905 3950 2921 3985 ε
2956 3940 3009 3988 et
3038 3933 3220 3987 vinum
3251 3949 3357 3987 non
3388 3932 3456 3988 ad
3493 3934 3738 3989 ebrieta-

2147 4030 2272 4087 tem,
2302 4024 2396 4079 sed
2418 4025 2487 4078 ad
2515 4023 2862 4080 refectionem
2888 4027 3134 4097 corporis
3157 4027 3237 4081 sui
3265 4036 3460 4082 sumat.
3493 4026 3540 4081 A
3566 4041 3737 4084 caseo

2146 4130 2296 4181 vero,
2321 4114 2487 4180 lacte,
2522 4115 2719 4186 butyro
2750 4125 2804 4171 et
2847 4117 2966 4173 ovis
3011 4118 3397 4185 abstinere,ct
3440 4134 3547 4174 non
3585 4120 3738 4190 jeju-

2146 4220 2279 4259 nare
2321 4216 2371 4271 I,
2404 4204 2870 4260 dementissimum
2912 4215 2997 4262 est
3017 4247 3032 4272 ,
3060 4214 3115 4263 et
3137 4208 3282 4262 omni
3313 4208 3518 4262 ratione
3547 4224 3737 4263 seruo-

2147 4304 2281 4349 tum.
2309 4294 2436 4350 Vini
2460 4297 2605 4350 enim
2632 4295 2870 4352 ebrietas
2896 4306 2950 4353 ct
2996 4297 3213 4352 luxuria
3254 4298 3527 4367 prohibita
3577 4309 3728 4365 Sunt,

2069 4388 2123 4448 D
2149 4401 2253 4440 non
2292 4385 2375 4441 lac
2403 4394 2456 4442 et
2487 4401 2606 4440 ova.
2637 4385 2753 4440 Non
2778 4388 2855 4441 ait
2881 4386 3169 4457 Apostolus
3193 4403 3208 4441 :
3236 4388 3412 4444 Nolite
3440 4391 3735 4445 comedere

2150 4476 2234 4530 lac
2289 4483 2345 4531 et
2390 4491 2512 4540 ora,
2546 4476 2663 4541 sed,
2716 4476 2894 4531 Nolite
2942 4477 3193 4532 inebriari
3237 4479 3378 4545 riuo,
3403 4480 3459 4534 in
3505 4496 3608 4551 quo
3654 4490 3734 4536 est

2150 4568 2364 4624 luxuria
2404 4567 2617 4640 (Ephes.
2647 4583 2701 4633 v,
2727 4567 2843 4639 98).

2867 4679 2997 4734 XLI.

2094 4769 2099 4774 ’
2158 4770 2356 4837 Quibus
2382 4770 2561 4826 diebus
2584 4773 2640 4825 in
2664 4770 3080 4842 Quadragesima
3103 4774 3489 4827 communicare
3508 4773 3733 4830 debeant

2265 4841 2464 4909 ﬁdeles,
2487 4852 2535 4895 et
2565 4842 2628 4895 de
2646 4840 2906 4910 paschalis
2928 4840 3265 4896 hebdomadw
3292 4843 3608 4897 celebritate.

2219 4937 2457 5010 Singulis
2492 4939 2682 4994 diebus
2708 4938 3007 4994 Dominicis
3034 4936 3088 4993 in
3119 4938 3564 5011 Quadragesima,
3590 4956 3737 5011 prte-

2150 5039 2235 5086 tcr
2262 5032 2360 5086 bos
2389 5030 2484 5101 qui
2532 5028 2987 5085 excommunicati
3035 5038 3180 5096 sunt,
3220 5040 3559 5085 sacramenta
3611 5046 3737 5085 cor-

2149 5121 2297 5193 poris
2324 5130 2380 5177 et
2410 5120 2690 5191 sanguinis
2716 5119 2917 5175 Christi
2946 5120 3202 5175 sumenda
3233 5130 3376 5189 sunt,
3402 5121 3530 5176 etin
3561 5120 3735 5175 Cinna

2152 5212 2364 5268 Domini
2395 5220 2451 5267 et
2478 5214 2530 5267 in
2560 5210 2884 5277 Parasceve,
2917 5212 2969 5267 in
2996 5212 3177 5283 vigilia
3204 5211 3448 5278 Pascha),
3475 5221 3530 5267 et
3560 5212 3613 5266 in
3640 5213 3737 5267 die

2150 5303 2585 5360 Resurrectiouis
2626 5304 2837 5358 Domini
2876 5304 3091 5375 penitus
3115 5304 3184 5360 ab
3210 5306 3465 5360 omuibus
3487 5318 3739 5360 commu-

2149 5396 2459 5462 nieandum,
2483 5405 2539 5451 et
2565 5396 2665 5467 ipsi
2699 5397 2814 5452 dies
2840 5398 3115 5466 paschalis
3144 5397 3495 5453 hebdomadas
3536 5409 3735 5452 omnes

2149 5486 2342 5558 aequali
2372 5486 2631 5557 religione
2656 5486 2867 5542 colendi
2896 5495 3039 5541 sunt.
