3998 6182
262 316 358 375 Ξῦδ

965 416 1114 475 XLII.

262 520 403 588 Quod
420 519 752 592 jrjttutorum
774 515 953 568 diebus
983 526 1185 594 cessare
1222 508 1437 563 debeant
1461 506 1574 561 lites
1622 514 1670 560 et
1705 523 1830 560 con-

904 593 1178 637 tentiones.

321 708 379 764 In
404 703 841 778 hisjejuniorum
884 701 1076 757 diebus
1119 698 1280 755 nullae
1326 698 1472 764 lites,
1500 698 1659 753 nullae
1699 714 1830 753 eon-

259 797 519 853 tentiones
563 809 685 851 esse
748 793 965 857 debent,
996 791 1092 847 sed
1134 791 1191 845 in
1232 791 1330 846 Dei
1374 790 1624 846 laudibus
1668 798 1724 845 et
1775 792 1829 845 in

256 902 414 959 apere
438 885 751 942 necessario
775 883 1197 954 persistendum.
1229 880 1424 951 Arguit
1443 881 1590 935 enim
1613 896 1711 936 eos
1737 882 1828 949 qui

256 979 626 1035 contentiones
661 981 718 1031 et
741 974 866 1030 lites
908 972 1348 1044 Quadragesimze
1393 980 1635 1043 tempore
1675 986 1834 1025 exer-

254 1079 397 1134 cent,
423 1074 481 1124 et
504 1068 595 1139 qui
623 1067 805 1123 debita
854 1080 884 1120 a
923 1064 1260 1121 debitoribus
1300 1064 1540 1136 exigunt,
1572 1063 1833 1118 Dominus

253 1175 348 1230 per
368 1160 691 1231 prophetam
713 1158 899 1213 dicens
922 1174 934 1210 :
960 1154 1097 1210 Ecce
1116 1156 1172 1209 in
1195 1155 1280 1209 die
1295 1154 1490 1226 jejunii
1517 1155 1675 1209 vestri
1693 1154 1835 1208 inve-

255 1251 470 1304 niuntur
498 1247 787 1303 voluntates
826 1256 1034 1311 vestrm,
1063 1252 1112 1299 et
1138 1261 1313 1300 omnes
1341 1244 1599 1299 debitores
1638 1254 1833 1299 uestros

256 1341 501 1411 repetitis.
556 1338 689 1392 Ecce
730 1338 802 1392 ad
838 1335 989 1402 lites,
1012 1345 1060 1391 et
1103 1335 1457 1390 contentiones
1478 1332 1759 1402 jejuuatis,
1786 1343 1836 1386 et

249 1433 518 1504 percutitis
552 1446 728 1503 pugno
755 1430 910 1500 impie
936 1428 1261 1502 (IsaaLvm,
1288 1426 1371 1495 5).

930 1540 1113 1596 XLIII.

250 1634 405 1700 Quod
427 1634 610 1690 diebus
618 1633 953 1705 jejuuiarum
976 1630 1343 1687 abstinendum
1358 1631 1425 1685 sit
1449 1647 1479 1684 a
1504 1629 1833 1701 conjugibus.

1712 300 2077 357 CAI‘ITULA.

3406 295 3516 352 206

2638 413 2815 469 XLVI.

1938 502 2005 557 Ut
2042 521 2220 559 omnes
2254 505 2322 558 ad
2367 516 2586 558 matrem
2623 505 2896 558 ecclesiam
2938 476 3216 558 missarum
3259 502 3520 557 solemnia

2005 585 2054 629 et
2096 575 2493 645 prrrdicatorem
2541 574 2776 629 audituri
2822 572 3153 638 conveniant,
3200 588 3364 645 neque
3386 584 3521 627 ante

2000 644 2270 715 peractum
2301 645 2524 716 oﬂicium
2543 645 2714 697 cibum
2736 644 2965 714 capiant.

2002 733 2389 788 Admonendus
2414 742 2499 789 est
2527 732 2758 805 populus
2800 743 2861 789 ut
2908 741 3032 788 ante
3078 732 3354 805 publicum
3401 745 3521 805 per-

1933 832 2113 878 actum
2142 820 2379 878 cilicium
2420 823 2490 877 ad
2528 824 2709 879 cibum
2748 840 2854 878 non
2881 824 3121 887 accedat.
3147 831 3202 879 et
3229 839 3419 879 omnes
3454 823 3523 878 ad

1933 921 2178 966 sanctam
2210 920 2441 966 matrem
2491 909 2782 967 ecclesiam
2830 913 3119 968 missarum
3164 913 3423 970 solemnia
3468 922 3526 968 et

1933 1003 2376 1074 praedicationem
2427 1002 2668 1059 audituri
2711 1005 3075 1070 conveniant,
3108 1016 3164 1060 et
3211 1005 3526 1061 sacerdotes

1933 1112 2030 1166 per
2051 1097 2289 1153 oratoria
2317 1112 2664 1167 nequaquam
2690 1098 2890 1153 missas
2920 1098 3022 1153 nisi
3056 1108 3167 1154 tam
3209 1108 3370 1155 caute
3399 1109 3527 1155 ante

1936 1188 2228 1242 secundam
2260 1188 2452 1242 horam
2477 1186 2795 1251 celebrent,
2830 1195 2891 1241 ut
2941 1188 3175 1257 populus
3220 1204 3250 1243 a
3300 1189 3529 1260 publicis

1935 1276 2371 1332 solemnitatibus
2394 1293 2500 1331 non
2525 1276 2901 1331 abstrahatur.
2921 1275 3026 1331 Sed
3052 1279 3167 1333 sive
3196 1281 3528 1343 sacerdotes,

1938 1368 2029 1438 qui
2069 1368 2121 1421 in
2152 1368 2387 1423 circuitu
2412 1367 2583 1434 urbis,
2612 1366 2788 1422 autin
2825 1368 3015 1423 eadem
3064 1368 3199 1424 urbe
3247 1378 3393 1435 sunt,
3417 1372 3533 1426 sive

1936 1460 2186 1532 populus,
2211 1470 2273 1515 ut
2306 1460 2681 1531 prmdiximus,
2713 1461 2768 1516 in
2795 1477 2962 1516 unum
2986 1462 3053 1516 ad
3097 1463 3368 1533 publicam
3402 1465 3535 1519 uzis-

1939 1568 2124 1609 sarum
2154 1550 2580 1608 celebrationem
2624 1552 2971 1619 conveniant,
2998 1554 3244 1624 exceptis
3290 1553 3402 1609 Deo
3444 1571 3532 1610 sa-

1938 1643 2107 1698 cratis
2132 1642 2371 1709 feminis,
2400 1642 2597 1713 quibus
2650 1657 2770 1697 mos
2812 1652 2896 1698 est
2947 1644 3017 1700 ad
3079 1646 3358 1716 publicum
3411 1664 3523 1704 non

314 1745 715 1801 Abstinendum
743 1752 827 1801 est
855 1745 998 1800 enim
1025 1744 1079 1798 in
1124 1742 1208 1798 his
1234 1741 1619 1799 sacratissimis
1649 1741 1840 1797 diebus
1868 1762 1914 1821 Β
1941 1734 2147 1807 egredi.
2175 1733 2272 1789 sed
2297 1732 2553 1790 cIauSlris
2582 1736 2901 1790 monasterii
2938 1738 3206 1795 contineri
3244 1752 3292 1795 ι.

244 1852 276 1891 a
299 1837 646 1909 conjugibus,
668 1846 724 1891 et
749 1844 903 1893 caste
930 1844 987 1891 et
1031 1834 1119 1906 pie
1155 1833 1443 1889 vivendum
1467 1872 1482 1899 ,
1512 1840 1575 1888 ut
1600 1831 1840 1888 sanctifi-

239 1937 373 1985 cato
402 1929 570 1984 corde
601 1935 657 1982 et
681 1942 914 1999 corpore
942 1927 1031 1982 isti
1066 1923 1241 1981 sancti
1279 1924 1397 1980 dies
1444 1923 1838 1994 transigantur,

235 2026 299 2073 et
328 2019 415 2073 sic
448 2017 800 2087 perveniatur
843 2016 911 2071 ad
959 2017 1102 2071 diem
1150 2022 1400 2071 sanctum
1438 2013 1682 2079 Pascbae,
1713 2013 1843 2083 quia

236 2122 396 2178 pene
423 2107 564 2163 nihil
591 2107 733 2162 valet
755 2106 1021 2176 jejunium
1049 2106 1194 2176 quod
1224 2104 1495 2177 coniugali
1520 2118 1687 2176 opere
1731 2105 1847 2174 pol-

236 2201 442 2265 luitur,
478 2208 537 2256 et
570 2200 714 2270 quod
737 2199 1032 2264 orationes,
1054 2197 1251 2269 vigiliae
1279 2205 1334 2252 et
1360 2196 1717 2268 eleemosyua:
1737 2211 1843 2251 non

238 2291 664 2349 commendant.

957 2379 1139 2437 XLIV.

242 2494 320 2549 De
344 2508 508 2549 sacra
533 2506 922 2555 communione,
943 2507 1048 2562 quo
1086 2490 1264 2562 modo,
1287 2497 1337 2544 et
1356 2504 1516 2561 quam
1542 2489 1842 2561 frequenter

712 2592 714 2595 τ
828 2561 1137 2631 usurpanda
1176 2561 1272 2616 sit.

310 2675 710 2733 Admonendus
733 2685 819 2732 est
844 2674 1076 2745 populus
1104 2684 1165 2730 ut
1200 2673 1267 2729 ad
1305 2682 1716 2732 sacrosanctum
1753 2690 1842 2732 sa-

241 2777 592 2825 cramentum
613 2767 859 2839 corporis
879 2775 935 2822 et
954 2766 1230 2838 sanguinis
1259 2765 1475 2822 Domini
1496 2780 1839 2838 nequaquam

244 2859 626 2917 indifferenter
654 2859 901 2924 accedat,
932 2873 1032 2914 nec
1053 2860 1123 2914 ab
1149 2859 1254 2915 hoc
1277 2858 1504 2914 nimium
1527 2858 1834 2914 abstineat:

242 2950 337 3006 sed
371 2964 503 3005 cum
534 2947 684 3003 omni
720 2945 1000 3016 diligentia
1027 2946 1194 3016 eligat
1223 2954 1454 3017 tempus,
1482 2948 1699 3017 quando
1738 2946 1840 3002 ali-

241 3041 492 3113 quandiu
537 3040 609 3096 ab
650 3054 815 3111 opere
851 3037 1118 3111 coniugali
1164 3040 1450 3106 abstineat,
1496 3048 1552 3095 et
1591 3041 1740 3096 vitiis
1777 3055 1838 3096 se

242 3106 466 3203 purget,
495 3106 791 3185 virtutibus
817 3106 1063 3194 exornet,
1094 3129 1455 3201 eleemosynis
1487 3137 1543 3185 et
1575 3130 1836 3187 orationi-
1864 3106 1911 3169 (ἶ

245 3221 626 3288 bus-insistat,
643 3230 700 3278 et
727 3221 805 3279 sic
830 3221 899 3276 ad
930 3229 1140 3277 tantum
1166 3230 1569 3280 sacramentum
1593 3224 1836 3280 accedat.

246 3314 382 3384 Quia
433 3316 582 3372 sicut
623 3314 987 3386 periculosum
1031 3321 1118 3369 est
1166 3314 1437 3384 impurum
1475 3330 1745 3384 quemque
1773 3316 1841 3369 a‘l

248 3418 465 3466 tantum
505 3415 910 3465 sacramentum
940 3405 1224 3471 accedere,
1253 3406 1327 3460 ita
1362 3406 1528 3461 etiam
1575 3405 1846 3476 periculo-

249 3517 369 3558 sum
399 3512 488 3559 est
513 3502 583 3557 ah
614 3502 718 3557 hoc
743 3500 958 3572 prolixo
981 3507 1224 3569 tempore
1248 3498 1546 3554 abstinere.
1573 3497 1736 3555 Salva
1765 3513 1849 3552 ra-

250 3594 396 3649 tione
420 3609 637 3659 eorum,
670 3592 760 3662 qui
809 3589 1288 3655 excommunicati,
1339 3604 1446 3644 non
1497 3589 1717 3659 quando
1766 3589 1847 3644 eis

251 3686 403 3754 libet,
432 3685 531 3742 sed
559 3684 729 3742 certis
777 3683 1114 3754 temporibus
1157 3681 1588 3747 communicant,
1629 3688 1685 3737 et
1720 3681 1848 3736 reli-

248 3777 843 3848 giosisquibuscunque
872 3782 1059 3831 sancte
1084 3772 1403 3837 viventibus,
1421 3771 1510 3843 qui
1535 3784 1673 3841 pene
1697 3771 1846 3827 omni

253 3868 332 3923 die
358 3868 420 3923 id
454 3865 685 3923 facium.

967 3950 1127 4007 XLV.

252 4072 315 4126 Ut
348 4073 540 4129 diebus
570 4069 869 4139 Dominicis
889 4065 1117 4139 populus
1137 4082 1230 4138 per
1255 4066 1443 4139 missas
1482 4062 1772 4133 peculiares
1810 4078 1843 4115 α

671 4136 899 4211 publicis
928 4136 1031 4193 non
1065 4136 1422 4191 abstrahatur.

321 4259 398 4315 Ut
424 4256 622 4320 Missae,
655 4268 777 4324 quae
805 4264 903 4323 per
931 4251 1048 4307 dies
1096 4248 1405 4305 Dominicos
1450 4246 1754 4317 peculiares
1808 4261 1840 4300 a

252 4348 630 4405 sacerdotibus
658 4344 819 4411 ﬁunt,
861 4356 969 4397 non
1009 4341 1083 4396 ita
1131 4340 1185 4394 in
1229 4338 1445 4409 publico
1470 4336 1621 4402 fiant,
1657 4343 1717 4390 ut
1744 4351 1841 4406 per

2011 1868 2039 1908 δ
2079 1866 2423 1923 Dilectissimi
2463 1866 2687 1932 fratres,
2718 1868 3055 1924 sanctissimi
3079 1874 3527 1940 consacerdotes,

1940 1966 1997 2014 ot
2025 1958 2197 2012 nostri
2224 1957 2513 2013 ministerii
2553 1955 2856 2026 adjutores,
2888 1960 3120 2017 obsecro
3152 1978 3252 2019 vos
3292 1967 3526 2037 supplici

1942 2050 2125 2104 animo
2157 2049 2214 2104 in
2237 2049 2525 2119 praemia
2564 2049 2779 2105 Domini
2826 2050 3001 2106 nostri
3049 2049 3181 2108 «Iesu
3225 2052 3429 2111 Christi
3472 2067 3530 2112 et

1942 2147 2258 2196 sanctorum
2287 2138 2425 2211 eius,
2450 2146 2510 2194 ut
2532 2140 2681 2211 digni
2707 2141 2821 2196 Deo
2843 2140 2899 2195 in
2928 2143 3076 2198 omni
3104 2144 3365 2214 religione
3404 2149 3535 2203 cha-

1944 2229 2128 2285 ritatis
2151 2235 2208 2285 et
2243 2228 2518 2285 castitatis
2559 2229 2904 2296 deserviatis,
2933 2238 2992 2286 et
3032 2232 3155 2289 sitis
3196 2235 3397 2306 popqu
3436 2236 3534 2293 Det

1943 2323 2194 2413 doctores
2221 2330 2277 2378 et
2306 2323 2561 2379 ductores
2585 2322 2640 2378 in
2668 2324 2818 2380 omni
2847 2324 3097 2396 exemplo
3131 2328 3295 2395 bono,
3329 2337 3389 2384 ut
3436 2347 3532 2402 pn-

1938 2412 2099 2485 pulus
2119 2412 2215 2469 Del
2243 2421 2535 2484 utrumque
2560 2421 2616 2468 et
2643 2429 2745 2485 per
2771 2424 3003 2470 vestram
3033 2426 3279 2474 sanctam
3308 2434 3535 2476 conver-

1941 2507 2207 2564 sationem
2256 2517 2314 2563 et
2361 2507 2609 2563 devotam
2652 2507 3092 2578 praedicationem
3147 2512 3428 2567 erudiatur
3472 2514 3531 2569 in

1943 2599 2155 2655 laudem
2177 2607 2235 2655 et
2265 2599 2320 2653 in
2364 2596 2594 2669 gloriam
2624 2600 2798 2654 sancti
2827 2600 3065 2657 nominis
3092 2601 3306 2657 Domini
3358 2604 3533 2659 nostri

1940 2692 2070 2749 Jesu
2094 2690 2321 2758 Christi,
2348 2701 2404 2748 et
2444 2691 2498 2747 in
2534 2690 2763 2748 salutem
2791 2692 3178 2762 sempiternam
3227 2695 3530 2753 animarum

1941 2793 2272 2841 vestrarum.
2305 2782 2717 2840 Conversamini
2744 2799 2928 2839 coram
2954 2784 3064 2841 Deo
3085 2794 3142 2842 et
3170 2802 3355 2843 coram
3381 2790 3532 2845 omni

1941 2876 2141 2947 populo
2194 2876 2247 2932 in
2305 2876 2556 2932 cas'itate
2602 2876 2849 2947 corporis
2902 2877 3070 2932 vestri
3120 2885 3177 2933 et
3229 2878 3535 2935 humilitate

1940 2967 2137 3023 anima:
2177 2976 2390 3032 vestrm,
2423 2976 2480 3023 et
2522 2974 2768 3022 sanctam
2823 2966 3150 3023 charitatem
3197 2969 3267 3024 ad
3320 2984 3534 3033 omnes,

1942 3057 2077 3114 nihil
2100 3059 2364 3115 lacientes
2390 3058 2534 3114 unde
2562 3058 2931 3115 sacerdotium
2977 3058 3286 3115 sanctitatis
3334 3069 3532 3115 vestra;

1945 3150 2372 3220 reprehensibile
2398 3150 2516 3217 fiat,
2542 3165 2642 3206 nec
2671 3150 2879 3221 aliquid
2910 3150 2964 3203 in
3004 3158 3184 3206 vestra
3232 3152 3535 3221 reperiatur

1942 3240 2053 3294 vita
2076 3239 2219 3310 quod
2242 3239 2389 3309 juste
2416 3256 2445 3295 a
2473 3241 2717 3311 quolibet
2738 3241 2954 3295 detrahi
2985 3242 3177 3311 possit.
3199 3240 3323 3297 Sint
3350 3258 3532 3298 mores

1943 3334 2113 3388 vestri
2142 3334 2259 3388 sine
2303 3335 2601 3403 cupiditate
2643 3334 2807 3399 mala,
2835 3334 2954 3388 sine
2985 3335 3236 3399 avaritia,
3271 3337 3391 3391 sine
3441 3352 3535 3391 (o-

1948 3423 2275 3476 messatione
2310 3430 2367 3476 et
2390 3421 2677 3487 ebrietate,
2706 3422 2853 3477 sicut
2874 3423 3030 3478 decet
3057 3431 3275 3478 sanctos
3311 3424 3407 3480 Dei
3454 3440 3541 3482 sa-

1949 3512 2217 3576 cerdotes,
2254 3512 2346 3581 qui
2379 3511 2579 3581 popqu
2620 3512 2717 3567 Dei
2751 3526 2989 3583 praeesse
3015 3511 3215 3567 debent
3251 3521 3305 3568 et
3333 3516 3533 3585 guber-

1950 3616 2083 3658 nare
2139 3602 2401 3659 ecclesias
2447 3602 2671 3660 Christi.
2721 3605 2925 3662 Discite
2975 3605 3135 3661 tldcm
3188 3607 3532 3675 catholicam,

1948 3695 2241 3766 praedicate
2268 3695 2701 3768 diligentissime,
2732 3706 2787 3756 ct
2816 3714 2940 3757 eam
2988 3701 3185 3773 populo
3217 3704 3530 3773 przedicate,

1948 3787 2318 3859 unusquisque
2370 3787 2426 3843 in
2480 3790 2707 3848 ecclesia
2766 3801 2985 3860 vestra,
3024 3802 3078 3849 et
3132 3793 3297 3850 facite
3357 3795 3530 3851 cilicia

1946 3887 2127 3935 vestra
2153 3879 2205 3934 in
2250 3879 2343 3935 Dei
2372 3881 2761 3953 omnipotentis
2789 3883 2997 3941 honore
3024 3885 3244 3943 statutis
3273 3887 3534 3958 tempori-

1946 3970 2066 4037 bus,
2096 3979 2157 4026 ut
2211 3971 2353 4028 Deus
2396 3973 2745 4044 omnipotens
2796 3976 3203 4042 houorilieetur,
3232 3984 3287 4034 et
3335 3993 3534 4033 nomen

1944 4060 2061 4130 ejus
2096 4071 2344 4117 sanctum
2382 4064 2452 4119 ab
2476 4065 2732 4121 omnibus
2759 4065 3028 4130 laudetur,
3060 4067 3154 4137 qui
3198 4081 3296 4122 vos
3343 4067 3531 4122 vident

1947 4154 2244 4209 honorihee
2275 4152 2455 4209 facere
2482 4155 2846 4211 sacerdotium
2872 4164 3135 4220 vestrum,
3161 4162 3218 4208 et
3250 4154 3533 4212 servitium

1943 4245 2328 4315 omnipotentis
2354 4244 2471 4299 Dei.
2488 4242 2657 4315 Digne
2685 4246 2975 4315 prtedicate
3003 4245 3225 4314 populo,
3242 4251 3301 4296 ut
3326 4243 3536 4301 confes-

1945 4333 2155 4389 sionem
2183 4333 2389 4389 faeiant
2426 4342 2773 4403 peccaton
2799 4348 3020 4389 suorum
3061 4341 3118 4389 et
3159 4334 3517 4405 pinnitentian

251 4455 343 4497 eas
385 4438 622 4512 populus
649 4452 679 4491 a
708 4434 941 4507 publicis
980 4431 1271 4486 missarum
1314 4427 1670 4492 solemnibus,
1720 4441 1841 4497 quae
1870 4452 1925 4512 Ι)
1950 4425 2220 4493 accipiant
2262 4424 2497 4495 qualiter
2523 4438 2554 4479 a
2586 4424 2699 4480 Deo
2745 4424 3121 4479 remissionem
3169 4424 3372 4480 habere
3426 4441 3513 4480 nm

255 4532 388 4587 hora
427 4530 595 4586 tertia
620 4526 886 4585 canonice
913 4524 1078 4589 llunt,
1101 4521 1450 4577 abstrahatur
1476 4532 1492 4572 :
1518 4518 1643 4589 quia
1677 4517 1842 4587 pessi-

254 4636 374 4677 mus
398 4635 533 4676 usus
559 4627 646 4676 est
679 4617 821 4688 apud
851 4615 1136 4686 quosdam,
1164 4611 1256 4683 qui
1295 4610 1350 4664 in
1385 4608 1573 4665 diebus
1603 4607 1842 4663 Domini-

251 4714 351 4777 cis,
381 4713 501 4769 sive
530 4712 589 4766 in
640 4708 973 4781 quibuslibet
1001 4702 1405 4767 festivitatibus,
1438 4716 1562 4758 mox
1591 4701 1682 4756 ubi
1718 4699 1844 4755 mis-

253 4821 371 4862 sam
409 4804 704 4871 celebrari,
732 4800 948 4859 etiamsi
980 4813 1079 4870 pro
1103 4794 1375 4853 defunctis
1399 4793 1501 4860 sit,
1543 4790 1840 4857 audierint,

250 4899 578 4965 abscedunt,
608 4905 675 4952 ut
688 4910 787 4968 per
812 4902 986 4949 totum
1018 4891 1162 4946 diem
1187 4905 1218 4944 a
1242 4888 1420 4960 primo
1462 4900 1623 4942 mane
1666 4885 1843 4941 ebrie-

255 4993 352 5048 tati
375 5001 431 5048 et
450 4987 837 5048 eomessationi
862 4987 1043 5059 potius
1069 4998 1232 5055 quam
1264 4981 1374 5037 Deo
1402 4978 1735 5037 deserviant.

327 5141 353 5169 ι
395 5127 497 5195 Qui
553 5126 656 5181 hos
702 5118 1263 5195 ,Thegduliicanoues
1313 5114 1525 5195 primus
1560 5112 1615 5168 in
1668 5112 1843 5168 lucem

255 5187 440 5252 dedit~
466 5194 764 5252 cardiualis
811 5191 1108 5261 Baronius,
1159 5203 1283 5261 cum
1337 5187 1405 5242 de
1465 5193 1715 5261 tempore
1736 5200 1846 5261 quo

254 5268 446 5338 scripti
472 5277 601 5323 sunt
623 5265 757 5321 certi
775 5261 917 5338 nihil
948 5260 1189 5338 haberet,
1210 5259 1263 5313 in
1288 5272 1491 5312 annum
1515 5255 1718 5338 Christi
1739 5253 1847 5336 δξδ

253 5354 352 5393 eos
373 5324 637 5406 Iconjecit,
680 5333 860 5391 serius
900 5330 1122 5387 omnino
1177 5344 1339 5399 quam
1396 5340 1495 5406 par
1538 5324 1684 5406 fuit;
1720 5324 1845 5406 quia

254 5394 707 5463 Theoduifum'ad
727 5419 793 5460 ea
819 5415 1059 5473 tempora
1096 5394 1223 5473 non:
1257 5394 1571 5473 pervenisse
1608 5394 1846 5473 ostendit

248 5477 423 5551 Jonas
445 5481 565 5551 eius
596 5468 1086 5551 iu__Aureliauensi_
1120 5468 1392 5551 cathedra.
1413 5480 1715 5551 successor,
1746 5468 1846 5551 qui

255 5565 284 5603 a
321 5534 595 5605 thanI'ico
636 5546 732 5601 Pio
762 5552 884 5615 post
919 5541 1182 5613 synodum
1222 5536 1587 5616 Parisiensem
1636 5534 1849 5616 alliu-

257 5621 471 5689 geuium
497 5633 694 5691 papam
736 5605 1043 5691 missus'est
1071 5607 1379 5691 annobz’i.
1426 5605 1591 5661 Nobis
1614 5605 1736 5691 “etsi.
1781 5606 1847 5691 de

258 5675 408 5745 anno
434 5675 936 5762 ωἷηιῖιιηιιηι,ιιὶιιίι
964 5693 1101 5749 erat,
1138 5681 1314 5752 aptius
1342 5687 1521 5732 tamen
1552 5675 1739 5732 referri
1779 5677 1845 5730 ad

1948 4524 2174 4588 possunt
2201 4516 2519 4572 delictorum
2545 4530 2787 4584 suorum,
2818 4516 2920 4572 nisi
2949 4531 3140 4587 puram
3172 4516 3376 4573 faciant
3402 4534 3536 4575 con-

1950 4610 2239 4668 fessionem
2267 4616 2322 4666 et
2349 4608 2733 4680 paenitentiam
2755 4606 2983 4676 justam,
3016 4616 3070 4665 et
3114 4608 3428 4665 abstineant
3479 4626 3540 4668 se

1950 4716 1981 4757 a
2030 4700 2272 4772 peccatis
2318 4714 2440 4771 quae
2489 4705 2618 4753 ante
2667 4696 2933 4763 fecerunt,
2963 4699 3090 4770 quia
3142 4699 3261 4756 hare
3295 4709 3378 4758 est
3409 4716 3537 4759 vera

1948 4794 2270 4865 pcenitentia
2312 4800 2369 4848 et
2400 4791 2707 4849 certissima
2734 4788 3091 4863 indulgentia,
3125 4800 3186 4847 ut
3220 4791 3415 4849 iterum
3443 4810 3538 4851 ea-

1948 4892 2075 4946 dem
2109 4905 2218 4945 non
2236 4887 2409 4945 faciat
2432 4888 2597 4944 homo
2622 4886 2816 4943 delicta
2843 4901 2943 4959 pro
2968 4886 3168 4959 quibus
3192 4888 3405 4944 veniam
3432 4904 3533 4960 po-

1950 4985 2143 5056 poscit.
2164 4982 2490 5039 Abstineant
2518 4996 2578 5038 se
2604 4995 2635 5036 a
2660 4979 3045 5047 fornicatione;
3095 4988 3151 5036 et
3185 4980 3277 5052 qui
3304 4980 3536 5037 feminas

1948 5118 2065 5174 haec
2108 5125 2349 5186 tempora
2395 5114 2571 5169 visum
2619 5121 2722 5178 est,
2737 5122 2893 5238 0ante
2933 5112 3156 5185 propius
3201 5111 3429 5169 aberant
3466 5111 3535 5167 ab

1948 5188 2170 5238 exordio
2225 5185 2570 5238 pontificatus
2621 5184 2734 5238 The
2809 5182 2932 5238 ulli:
2995 5199 3154 5238 quem
3184 5198 3280 5238 per
3311 5184 3409 5237 bos
3437 5197 3535 5234 an-

1946 5188 2170 5245 cxordio
2222 5182 2570 5256 pontificatus
2621 5182 2949 5256 Theodttlllf
2995 5182 3165 5256 queui
3184 5198 3280 5253 per
3311 5184 3409 5237 bos
3437 5197 3536 5256 an_-

1948 5274 2082 5324 nos,
2108 5249 2273 5339 atque
2317 5263 2443 5339 ante
2489 5253 2756 5339 syppdum
2800 5249 3378 5339 VFIra‘ncofordiensenl,
3415 5249 3543 5339 cpi-

1949 5323 2301 5398 scopumiam
2332 5323 2756 5386 fuisseJAlcuini
2789 5323 2858 5379 ad
2894 5323 3148 5379 Carolum
3179 5334 3364 5375 reaem
3409 5323 3532 5389 epi-

1951 5400 2087 5458 stola
2111 5400 2367 5456 declarat.

2024 5473 2050 5514 b
2090 5470 2221 5539 Quae
2276 5474 2619 5539 sequuntur,
2653 5465 2706 5521 in
2756 5463 2994 5539 editione
3017 5455 3343 5539 _S_tirmpng_li,
3373 5463 3539 5526 prout

1951 5525 2434 5601 seriusrecensi'ta.
2452 5541 2519 5593 ad
2540 5525 2743 5593 calcem
2759 5534 2998 5605 Operum
3017 5525 3295 5585 Theodulli
3319 5525 3536 5595 recusa,

1953 5613 2056 5667 huc
2087 5624 2422 5667 revocamus.
2450 5610 2607 5666 El'i'i‘.
