3998 6182
390 133 493 189 297

1385 127 1774 183 ΤΙΙΕυῡωιιεί
1809 127 1850 180 Α
1863 114 2364 183 [ἩΕΙᾸᾹΝΕΝΒΙΒ
2403 129 2613 185 Ei‘lSC.

3549 133 3656 188 9.88

390 251 614 316 habent,
643 248 880 321 legitime
912 248 1239 319 temporibus
1270 247 1487 300 statutis
1529 245 1608 298 eis
1636 252 1879 306 utantur,
1913 252 1965 296 et
1997 249 2040 304 Α
2070 244 2178 308 dia,
2206 253 2267 299 ut
2295 246 2572 315 indulgeat
2605 245 2710 299 illis
2736 245 2915 300 omnia
2960 243 3158 300 delicta
3201 260 3321 312 sua,
3353 253 3409 301 et
3450 254 3656 302 κιαι-εις)

392 342 702 400 honoriﬁce
724 343 960 399 habeant
991 343 1217 396 feminas
1240 355 1392 401 suas,
1430 347 1485 392 et
1514 338 1593 391 sic
1620 336 1777 392 fidem
1810 336 1973 389 casti-

393 435 524 489 tatis
551 442 873 489 conservent
900 432 1176 492 uxoribus,
1206 430 1346 482 sicut
1379 428 1547 481 velint
1591 426 1733 497 quod
1776 441 1974 480 uxores

394 542 507 583 suae
535 525 639 579 illis
660 524 983 579 custodiant.
1034 521 1200 575 Filios
1246 519 1330 573 vel
1386 519 1524 573 filias
1564 512 1699 588 quas
1747 518 1970 582 habent,

393 617 645 672 erudiant
668 614 784 669 illos
811 614 863 667 in
894 608 1087 666 timore
1118 608 1210 665 Dei
1241 621 1294 665 et
1330 611 1385 665 in
1434 610 1720 663 sanctitate
1764 625 1881 673 sua,
1915 618 1973 661 ut

352 760 365 773 κ
394 721 499 760 non
551 704 659 759 sint
708 699 873 763 fures,
917 715 1016 754 nec
1044 697 1298 758 latrones,
1328 715 1427 753 nec
1459 697 1838 763 fornicatores,
1877 712 1975 750 nec

392 796 527 849 alias
551 790 821 863 quaslibet
849 790 1223 845 immunditias
1252 789 1455 844 faciant
1498 790 1552 844 in
1593 805 1823 859 corpore
1875 805 1973 843 suo

395 886 463 942 ad
495 882 822 955 implendam
847 883 1128 939 libidinem
1164 902 1176 938 :
1208 893 1266 938 ut
1296 884 1406 938 sint
1439 882 1756 939 obedientes
1782 897 1973 952 paren-

391 977 536 1033 tibus
561 977 676 1030 suis
711 974 762 1030 in
791 975 939 1030 omni
961 975 1123 1038 bono,
1154 982 1212 1028 ut
1234 973 1378 1044 digni
1404 974 1514 1029 sint
1542 973 1971 1029 benedictionem

389 1069 638 1139 accipere
667 1084 698 1122 a
725 1062 988 1131 Domino;
1022 1073 1076 1118 et
1099 1064 1391 1134 prazdieate
1414 1065 1666 1120 omnibus
1690 1065 1972 1119 veritatem

388 1174 592 1222 amare,
633 1155 897 1226 benignos
926 1166 1045 1210 eSSe
1074 1155 1139 1209 ad
1169 1170 1454 1225 pauperes,
1483 1155 1904 1225 peregrinosque
1921 1164 1975 1209 et

308 1260 309 1265 ‘
388 1249 638 1310 miseros,
672 1246 740 1303 de
764 1245 1069 1300 substantia
1099 1261 1261 1316 quam
1286 1245 1390 1300 illis
1425 1246 1636 1300 dederit
1664 1247 1835 1311 Deus,
1865 1263 1970 1301 non

389 1338 566 1394 solum
588 1336 769 1413 aliena
800 1351 905 1391 non
940 1335 1232 1406 excipiant,
1259 1337 1351 1391 sed
1386 1337 1549 1391 etiam
1602 1354 1699 1392 sua
1742 1337 1973 1409 benigne

388 1430 649 1485 tribuant.
695 1428 752 1483 Si
797 1427 962 1483 velint
996 1428 1423 1483 benedictionem
1469 1428 1563 1483 Dei
1613 1430 1836 1496 habere,
1866 1445 1971 1484 non

390 1522 585 1576 falsum
613 1520 978 1575 testimonium
1010 1519 1212 1585 dicant,
1242 1536 1308 1575 ne
1336 1520 1572 1591 periuria
1602 1522 1822 1588 faciant,
1847 1523 1973 1593 quia

2074 338 2266 406 gaudia
2299 338 2406 393 illis
2437 338 2740 406 perdonare
2788 353 2912 393 eum
2963 340 3167 393 sanctis
3214 338 3329 394 suis
3381 339 3657 409 dignetur.

2075 429 2224 494 llzec,
2278 430 2608 485 sanctissimi
2670 430 2985 484 sacerdotes
3040 430 3263 496 Christi,
3295 433 3361 486 ad
3396 442 3655 487 aeternam

2075 520 2238 575 vitam
2271 536 2392 576 cum
2425 522 2626 576 sanctis
2653 521 2919 590 episcopis
2963 530 3018 576 et
3065 522 3326 593 apostolis
3370 526 3655 578 convocati

2074 612 2362 680 praedicata
2404 613 2620 681 populo,
2653 621 2709 665 et
2751 613 3114 681 vosmetipsos
3158 613 3351 683 dignos
3388 612 3552 670 facite
3604 615 3657 668 in

2073 702 2220 755 omni
2247 702 2503 771 religione
2527 711 2581 755 et
2604 702 2855 757 castitate
2881 702 2935 757 in
2960 711 3253 771 conspectu
3269 704 3656 774 omnipotentis

2076 790 2190 853 Dei,
2220 800 2487 861 quatenus
2516 792 2778 847 concedat
2809 793 2962 849 vobis
2995 808 3121 848 cum
3145 793 3425 863 multiplici
3457 795 3659 851 laboris

2072 884 2237 938 vestn‘
2266 882 2445 937 fructu
2468 892 2686 938 acterna:
2725 884 3075 939 beatitudinis
3120 885 3345 955 gloriam
3393 888 3654 959 recipere.

2072 974 2426 1043 Omnipotens
2455 974 2599 1030 Deus
2633 989 2726 1031 vos
2744 977 3008 1046 proficere
3034 976 3198 1032 faciat
3222 977 3275 1032 in
3302 994 3467 1048 opere
3492 980 3656 1046 bono,

2075 1065 2408 1120 dilectissimi
2432 1065 2649 1121 fratres.

2205 1172 2484 1228 ADDlTlO
2515 1174 2608 1227 AD
2638 1174 3077 1232 CAPITULARE
3107 1176 3525 1233 THEODULFI.

2074 1263 2193 1318 Duo
2209 1266 2514 1337 posteriora
2544 1264 2775 1337 capitula
2798 1267 3111 1337 rediguntur
3130 1268 3185 1322 in
3209 1283 3375 1321 unum
3402 1268 3455 1322 in
3481 1269 3663 1324 codice
3758 1252 3765 1263 ’

2242 1335 2551 1395 uéssionico,
2581 1335 2823 1388 auctiora
2847 1335 3026 1403 editis,
3053 1353 3171 1408 qua?
3200 1337 3331 1391 talia
3353 1351 3503 1393 sunt.

2154 1427 2432 1483 Sancitum
2459 1437 2519 1482 ut
2543 1430 2723 1484 missae
2751 1444 2870 1499 qua:
2897 1446 2996 1500 per
3020 1431 3137 1488 dies
3163 1432 3475 1490 Dominicos
3497 1448 3663 1505 pecu-

2075 1518 2236 1572 liares
2268 1535 2297 1572 a
2323 1519 2694 1575 sacerdotibus
2727 1520 2881 1587 fiunt,
2908 1537 2975 1576 ne
3014 1522 3089 1576 ita
3123 1522 3175 1577 in
3201 1522 3417 1592 publico
3444 1522 3578 1578 fiant
3604 1531 3663 1578 ut

389 1611 555 1669 falsos
587 1618 751 1664 testes
780 1618 834 1663 et
864 1623 1150 1679 perversos
1183 1609 1325 1665 Deus
1353 1611 1572 1665 damnat
1599 1612 1652 1667 in
1676 1621 1970 1678 mternum;
2002 1607 2048 1665 Β
2075 1609 2302 1680 populus
2350 1625 2445 1665 eas
2489 1610 2675 1666 audire
2719 1622 2904 1680 queat,
2937 1621 2991 1666 et
3039 1621 3303 1683 praeterea
3350 1629 3380 1668 a
3433 1613 3663 1683 publicis

390 1711 448 1756 et
474 1702 761 1756 admonete
784 1715 879 1755 eos
912 1709 974 1755 ut
1004 1700 1209 1756 faciant
1244 1700 1477 1757 fideliter
1503 1719 1842 1774 quaecunque
1885 1704 1977 1759 do-

390 1789 553 1844 minis
581 1789 695 1842 suis
721 1788 954 1843 debeant
976 1788 1159 1845 facere
1190 1791 1244 1845 in
1288 1792 1435 1847 omni
1478 1792 1662 1847 labore
1707 1802 1763 1847 et
1813 1808 1975 1863 opere

388 1880 532 1951 quod
565 1878 866 1949 iniunctum
905 1880 976 1934 sit
998 1880 1110 1945 eis;
1140 1888 1199 1934 ut
1229 1882 1429 1951 sapius
1467 1882 1536 1937 ad
1580 1882 1842 1938 ecclesias
1885 1898 1975 1937 ve~

387 1972 561 2036 niant,
587 1971 822 2025 maxime
848 1969 1058 2026 festivis
1087 1971 1299 2036 diebus,
1331 1972 1399 2027 ad
1425 1973 1752 2039 orationem,
1785 1974 1850 2027 ad
1879 1989 1975 2028 au-

387 2062 643 2117 diendum
672 2060 898 2115 verbum
927 2060 1044 2126 Dei,
1073 2069 1127 2116 et
1156 2076 1264 2116 non
1295 2061 1490 2118 otiosis
1517 2061 1698 2118 verbis
1745 2062 1817 2116 ibi
1863 2078 1975 2117 rna-

390 2162 552 2207 neant
584 2153 636 2206 in
684 2152 984 2207 orationem
1037 2170 1049 2205 :
1100 2167 1292 2221 puram
1340 2161 1396 2207 et
1446 2156 1691 2208 sanctam
1742 2153 1977 2208 habeant

389 2244 750 2299 humilitatem
772 2243 917 2298 inter
945 2256 1025 2308 se,
1056 2252 1111 2298 et
1159 2244 1475 2313 patientiam
1521 2252 1577 2298 et
1626 2222 1973 2308 charitatem,

384 2350 509 2397 cate
534 2342 621 2391 est
645 2335 812 2390 totius
838 2334 963 2390 boni
987 2343 1151 2405 caput
1172 2343 1228 2391 et
1243 2337 1663 2391 firmamentum.
1681 2334 1977 2391 Przedieate

389 2436 469 2493 ris
492 2435 635 2505 quod
658 2443 744 2490 est
769 2449 910 2489 unus
939 2434 1081 2490 Deus
1107 2435 1452 2506 omnipotens
1481 2445 1697 2491 creator
1746 2434 1871 2491 coeli
1924 2443 1980 2489 et

389 2537 575 2592 terrae,
599 2526 691 2597 qui
752 2525 808 2581 in
836 2524 976 2581 Filio
1000 2540 1101 2581 suo
1128 2524 1359 2581 Domino
1381 2532 1567 2582 nostro
1599 2524 1725 2581 Jesu
1760 2524 1976 2580 Christo

384 2615 649 2670 mundum
713 2614 973 2679 redemit,
1032 2630 1366 2685 regnumque
1412 2614 1676 2671 omlorum
1725 2615 1977 2670 omnibus

384 2707 637 2761 fidelibus
659 2706 890 2774 aperuit,
924 2707 976 2760 in
1027 2721 1138 2776 quo
1167 2706 1512 2777 iudicaturus
1556 2713 1642 2761 est
1691 2704 1971 2761 mundum.

386 2797 681 2852 Prtedicate
716 2796 822 2851 illis
851 2797 918 2852 de
956 2795 1141 2853 futuro
1164 2796 1394 2867 judicio,
1444 2797 1510 2871 de
1555 2797 1734 2866 poenis
1784 2796 1977 2866 impio-

386 2903 507 2943 rum
538 2888 835 2957 perpetuis,
867 2885 1265 2943 confessionem
1291 2895 1347 2942 et
1368 2887 1747 2957 paenitentiam
1793 2884 1973 2942 facere

387 2978 455 3034 de
481 2953 721 3048 peccatis
750 2976 884 3041 suis,
911 2975 993 3030 vel
1020 2976 1209 3031 eadem
1253 2953 1527 3031 dimittere
1572 2982 1816 3046 peccata.
1862 2974 1972 3030 No-
2001 2953 2045 3015 (ἶ

388 3067 595 3122 niiuate
638 3066 729 3120 illa
781 3073 1004 3135 peccata
1034 3080 1155 3135 quae
1182 3066 1378 3120 beatus
1411 3063 1610 3120 Paulus
1635 3064 1823 3120 doctor
1845 3080 1974 3136 gen-

386 3157 522 3212 tium
555 3156 922 3222 enumeravit,
961 3156 1145 3211 dicens
1176 3173 1188 3210 :
1219 3155 1303 3210 An
1335 3157 1547 3211 nescitis
1575 3157 1825 3227 quoniam
1864 3157 1970 3211 ini-

384 3248 475 3319 qui
500 3262 715 3317 regnum
748 3244 842 3300 Dei
866 3262 970 3300 non
996 3245 1379 3317 possidebunt?
1407 3245 1589 3301 Nolite
1610 3262 1822 3312 errare,
1844 3262 1973 3317 quo-

386 3341 529 3393 niam
556 3354 720 3409 neque
749 3338 1027 3407 loruicarii
1045 3378 1062 3404 ,
1087 3354 1250 3409 neque
1286 3337 1444 3393 idolis
1483 3338 1782 3404 sementes,
1811 3356 1974 3411 neque

385 3430 635 3496 adulteri,
662 3446 825 3502 neque
856 3428 1040 3484 molles
1061 3469 1077 3495 ,
1109 3446 1271 3500 neque
1321 3429 1679 3483 masculorum
1725 3430 1973 3485 concubi-

388 3531 545 3583 tores,
572 3538 736 3585 neque
762 3521 906 3590 [ures
927 3559 943 3584 ,
966 3535 1129 3589 neque
1169 3520 1348 3584 arari,
1374 3534 1537 3589 neque
1560 3518 1750 3573 ebriosi
1774 3559 1788 3584 ,
1809 3536 1974 3590 neque

344 3608 361 3615 ’
387 3609 654 3675 maledici,
682 3625 845 3679 neque
884 3608 1110 3679 perjuri,
1140 3623 1304 3679 neque
1350 3623 1592 3679 rapaces,
1617 3624 1831 3679 regnum
1874 3609 1975 3663 Dei

385 3698 726 3769 possidebunt
754 3697 808 3770 (Ι
835 3696 958 3751 Cor.
984 3712 1057 3763 vt,
1076 3697 1169 3768 9);
1202 3697 1294 3767 qui
1316 3712 1447 3755 vero
1472 3697 1589 3754 haec
1612 3697 1697 3753 vel
1718 3699 1805 3755 bis
1825 3699 1975 3755 simi-

389 3790 461 3845 lia
494 3798 679 3859 agunt,
708 3789 755 3845 si
796 3788 1040 3845 conﬁteri
1089 3798 1146 3845 et
1194 3789 1572 3860 paenitentiam
1603 3805 1765 3861 agere
1800 3792 1970 3863 negli-

389 3888 546 3952 gunt,
570 3880 789 3936 mternis
814 3881 1099 3937 tormentis
1125 3891 1181 3936 et
1204 3880 1438 3939 ﬂammis
1462 3897 1586 3940 cum
1611 3882 1827 3939 diabolo
1846 3900 1975 3945 con-

389 3969 787 4026 demnabuntur
814 3985 830 4025 :
855 3971 950 4042 qui
979 3986 1109 4028 vero
1129 3986 1357 4041 regnum
1379 3972 1476 4028 Dei
1500 3972 1706 4029 intrare
1724 3974 1973 4045 cupiunt,

321 4100 328 4116 .
391 4061 597 4116 faciant
636 4060 930 4130 justitiam,
977 4061 1443 4129 misericordiam,
1481 4063 1786 4130 veritatem,
1816 4064 1974 4120 beni-

388 4153 690 4225 gnitatem,
743 4151 1151 4220 obedientiam,
1203 4168 1414 4209 necnon
1462 4162 1520 4209 et
1574 4154 1974 4226 eleemosynam

387 4257 548 4314 prout
582 4245 787 4301 habent
812 4243 1131 4301 facultatem
1163 4263 1176 4299 :
1211 4241 1420 4313 jejunia
1449 4259 1667 4315 quoque
1690 4253 1747 4300 et
1773 4246 1975 4300 oratio-

382 4352 482 4391 nes
509 4345 825 4403 exerceant,
857 4337 1123 4395 habentes
1144 4337 1472 4393 charitatem
1504 4338 1600 4394 Dei
1625 4338 1972 4410 omnipoten-

384 4428 474 4493 tis,
498 4438 554 4485 et
579 4430 780 4485 bonum
810 4429 1071 4487 facientes
1103 4410 1252 4487 omni
1281 4431 1512 4496 homini,
1540 4439 1703 4501 prout
1738 4433 1968 4501 possint.

384 4515 583 4574 Vivant
606 4520 661 4575 in
689 4522 941 4577 castitate
962 4530 1018 4576 et
1035 4522 1263 4593 pietate,
1294 4523 1347 4577 in
1391 4522 1714 4588 humilitate,
1745 4532 1802 4579 et
1845 4522 1974 4578 obe-

336 4670 343 4677 _
385 4609 606 4677 dicutia,
629 4620 685 4668 et
716 4612 821 4667 fide
847 4613 1007 4680 bona,
1039 4623 1095 4669 et
1122 4614 1396 4670 conﬁdant
1425 4615 1478 4669 in
1519 4614 1616 4669 Dei
1663 4614 1972 4671 misericor-

1998 4303 2052 4362 D

2050 4438 2294 4513 .sumant
2329 4439 2455 4487 ante
2495 4432 2768 4502 publicum
2810 4446 3088 4504 peractum
3125 4435 3381 4492 oﬁieium.
3427 4435 3485 4492 Si
3535 4438 3668 4507 quis

2077 1701 2365 1756 missarum
2398 1700 2693 1768 solemniis,
2731 1720 2851 1774 qum
2879 1705 3009 1759 hora
3045 1704 3205 1761 tertia
3234 1722 3492 1761 canonice
3531 1707 3663 1761 fiant

2076 1805 2135 1845 se
2163 1791 2477 1858 abstrahat;
2517 1808 2640 1846 nam
2668 1793 2960 1862 pessimum
2999 1810 3154 1849 usum
3193 1796 3413 1866 quidam
3463 1794 3516 1850 in
3558 1796 3662 1851 hoc

2076 1879 2300 1945 habent,
2332 1880 2546 1950 quando
2579 1881 2642 1935 in‘
2678 1882 2867 1937 diebus
2917 1882 3236 1949 Dominicis,
3267 1884 3381 1939 sive
3434 1884 3489 1938 in
3539 1882 3664 1938 aliis

2036 1976 2039 1977 ⁷
2077 1971 2407 2026 solemnibus
2434 1972 2626 2026 diebus
2662 1972 2875 2036 missas,
2904 1972 3031 2028 licet
3076 1989 3175 2043 pro
3223 1973 3514 2039 defunctis,
3546 1973 3664 2028 sive
3762 1958 3769 1967 ί

2077 2061 2212 2116 alias
2259 2076 2641 2132 quascunque,
2673 2077 2792 2132 quae
2836 2062 3177 2119 familiariter
3216 2079 3247 2119 a
3289 2064 3663 2119 sacerdotibus

2078 2159 2234 2221 fiunt,
2265 2160 2456 2214 audire
2478 2159 2790 2229 respiciant,
2824 2167 2879 2213 et
2902 2175 2933 2214 a
2955 2160 3130 2230 primo
3153 2172 3315 2216 mane
3355 2176 3452 2232 per
3487 2168 3661 2215 totum

2052 2251 2216 2306 diem
2244 2251 2622 2316 ebrietatibus,
2654 2259 2708 2304 et
2731 2251 3280 2306 commessationibus
3313 2260 3475 2321 atque
3500 2251 3659 2306 vani-

2077 2340 2275 2410 loquiis
2298 2342 2478 2411 potius
2502 2357 2665 2411 quam
2705 2341 2816 2397 Deo
2845 2341 3177 2398 deserviunt.
3206 2342 3500 2414 Propterea
3541 2355 3665 2413 pro-

2077 2431 2365 2486 videndum
2395 2440 2479 2485 est
2513 2438 2570 2485 ut
2599 2443 2789 2486 onmes
2820 2431 2888 2487 ad
2936 2431 3208 2502 publicam
3257 2441 3502 2488 sanctam
3547 2448 3662 2487 ma-

2079 2528 2215 2575 trem
2242 2519 2554 2587 ecclesiam,
2582 2522 2649 2575 ad
2677 2522 2966 2577 missarum
2996 2523 3262 2579 solemnia
3303 2531 3359 2578 et
3403 2523 3666 2593 pnedica-

2077 2612 2279 2666 tionem
2310 2610 2545 2665 audituri
2572 2612 2917 2666 conveniant.
2959 2609 3133 2667 Simul
3164 2620 3221 2669 et
3251 2614 3353 2669 hoc
3399 2622 3663 2669 statutan

2076 2708 2248 2755 estut
2292 2699 2344 2755 in
2374 2699 2594 2754 civitate
2626 2700 2678 2754 in
2721 2716 2827 2771 qua
2873 2702 3160 2772 episcopus
3200 2702 3529 2759 constitutus
3577 2710 3664 2758 est

2077 2808 2268 2849 omnes
2299 2793 2604 2866 presbyteri
2633 2804 2689 2849 et
2713 2795 2918 2865 populi,
2957 2804 3066 2850 tam
3106 2794 3345 2851 civitatis
3392 2810 3555 2867 quam
3606 2805 3665 2851 et

2078 2884 2394 2950 suburbani,
2430 2884 2671 2940 revestiti
2710 2886 2762 2939 in
2792 2886 2907 2957 ipsa
2948 2886 3115 2943 missa
3160 2901 3335 2958 usque
3380 2887 3448 2943 ad
3494 2889 3664 2944 bene-

2078 2977 2367 3031 dictionem
2398 2977 2632 3047 episc0pi
2661 2985 2716 3031 et
2756 2978 3191 3033 communionem
3238 2978 3431 3034 devota
3479 2988 3665 3034 mente

2076 3080 2220 3125 stare
2262 3070 2479 3136 debent,
2510 3079 2564 3126 et
2589 3080 2771 3142 postea
2803 3073 2848 3127 si
2876 3074 3163 3140 voluerint,
3192 3090 3314 3130 cum
3344 3076 3562 3131 licentia
3590 3077 3663 3131 ad

2076 3177 2204 3217 suos
2246 3161 2431 3216 titulos
2474 3162 2852 3219 benedictione
2881 3174 2935 3220 et
2983 3167 3363 3222 communione
3406 3176 3663 3238 percepta

2076 3262 2441 3310 revertantur.
2474 3255 2542 3309 Et
2568 3256 2671 3312 hoc
2706 3271 3049 3328 summopere
3099 3260 3398 3314 cavendum
3442 3268 3526 3315 est
3575 3275 3667 3313 sa-

2075 3348 2404 3412 cerdotibus,
2431 3357 2491 3402 ut
2515 3362 2612 3419 per
2633 3349 2869 3404 oratoria
2897 3364 3072 3419 neque
3095 3364 3194 3420 per
3217 3350 3525 3405 suburbana
3553 3365 3668 3404 mo.

2074 3438 2338 3502 nasteria,
2372 3437 2455 3492 vel
2491 3437 2753 3494 ecclesias
2799 3433 3162 3505 suburbanas,
3214 3440 3409 3495 missas
3457 3454 3667 3510 nequa-

2073 3546 2236 3601 quam
2275 3532 2377 3586 nisi
2422 3538 2529 3586 tam
2570 3542 2728 3588 caute
2768 3542 2893 3588 ante
2928 3534 3220 3590 secundam
3259 3535 3449 3590 horam
3473 3574 3489 3599 ,
3523 3532 3667 3588 fori-

2072 3620 2282 3691 busque
2323 3623 2603 3690 reseratis,
2647 3623 2926 3681 celebrare
2968 3633 3317 3695 prmsumant,
3343 3633 3405 3679 ut
3429 3623 3670 3695 populus

2075 3724 2104 3762 a
2132 3710 2365 3780 publicis
2397 3712 2833 3769 solemnitatibus
2884 3714 2973 3769 tali
3023 3716 3311 3771 occasione
3354 3723 3602 3786 accepta,
3631 3729 3669 3768 a

2074 3801 2241 3856 missa
2271 3802 2386 3858 sive
2413 3818 2444 3857 a
2470 3802 2856 3873 prmdicatioue
2883 3805 3124 3876 episcopi
3154 3821 3212 3862 se
3260 3805 3484 3860 minime
3525 3807 3670 3861 sub-

2076 3893 2294 3948 trahere
2316 3884 2622 3964 possit,sed
2646 3910 2836 3951 omnes
2863 3904 2974 3951 tam
3001 3897 3311 3953 sacerdotes
3340 3897 3667 3961 suburbani.

2075 3999 2241 4055 quam
2264 3994 2320 4039 et
2345 3986 2399 4039 in
2430 3987 2564 4042 urbe
2594 3986 2897 4051 constituti,
2943 3995 3001 4043 et
3044 3986 3274 4059 populus
3319 3998 3566 4052 cunctus,
3600 3997 3672 4041 ut

2075 4073 2448 4144 pmliximus,
2479 4091 2583 4131 una
2629 4092 2751 4132 cum
2799 4076 2907 4132 illis
2946 4077 3014 4134 ad
3052 4077 3325 4148 publicam
3368 4077 3669 4132 missarum

2076 4162 2507 4221 celebrationem
2536 4166 2885 4234 conveniant,
2915 4175 2973 4224 et
2992 4167 3123 4223 nulli
3146 4175 3302 4227 extra
3329 4166 3583 4238 parvulos
3604 4178 3673 4222 et

2077 4250 2346 4319 infirmos,
2377 4255 2505 4311 licet
2529 4256 2753 4314 missam
2782 4257 3024 4313 auditam
3055 4257 3311 4323 habeant,
3338 4265 3449 4313 tam
3488 4257 3540 4312 in
3588 4258 3671 4313 ci-

2079 4338 2337 4397 vitalibus
2375 4357 2537 4412 quam
2571 4353 2627 4399 et
2664 4345 2721 4401 in
2744 4346 3016 4416 parochiis
3040 4347 3201 4403 edere
3228 4356 3284 4403 et
3310 4348 3496 4402 bibere
3522 4362 3670 4418 prm-

2077 4520 2197 4576 htec
2219 4531 2421 4580 statuta
2459 4528 2764 4597 transgredi
2808 4530 3117 4595 tentaverit,
3149 4530 3415 4587 canonico
3450 4530 3669 4601 judicio

2077 4631 2249 4686 usque
2273 4616 2341 4672 ad
2369 4616 2790 4674 satisfactionem
2819 4619 3102 4676 subdatur.

1011 4902 1613 4985 THEODULFI
1698 4906 2341 4989 CAPITULARE
2396 4914 2529 4989 AD
2606 4914 3037 4993 EOSDEM.

1566 5080 1772 5145 (Baluz.,
1800 5081 2029 5145 Μίθρου..
2055 5088 2171 5135 tom.
2195 5081 2260 5146 li,
2281 5098 2389 5148 pag.
2415 5085 2516 5148 99.)

370 5324 375 5329 ’
448 5327 494 5383 A
519 5325 695 5399 primo
719 5320 957 5379 hominis
982 5319 1156 5393 lapsu,
1174 5318 1227 5372 in
1254 5333 1363 5388 quo
1386 5318 1590 5373 bonum
1617 5326 1828 5373 natura:
1857 5318 1965 5371 vel-

379 5432 441 5476 ut
466 5422 578 5489 ipsa
606 5417 760 5472 radix
789 5414 1005 5485 generis
1029 5408 1251 5468 humani
1278 5409 1487 5475 vitiata,
1515 5424 1687 5480 usque
1713 5425 1853 5465 nunc
1877 5425 1962 5465 se-

384 5514 671 5568 minarium
705 5513 957 5568 vitiorum
990 5517 1197 5565 natura:
1228 5506 1492 5562 insertum
1524 5501 1781 5576 pullulat,
1815 5503 1961 5558 unde

2068 5319 2129 5375 fit
2158 5321 2298 5392 quod
2330 5337 2453 5377 cum
2484 5320 2671 5382 labore
2698 5325 2958 5385 discimus
2978 5371 2992 5394 ,
3021 5330 3138 5388 sine
3166 5332 3351 5391 labore
3379 5335 3661 5395 oblivisci-

2068 5430 2207 5480 mur,
2239 5412 2453 5470 diﬂieile
2483 5418 2550 5469 ad
2581 5416 2807 5473 virtutes
2837 5422 3205 5492 assurgimus,
3246 5424 3403 5482 facile
3434 5428 3488 5483 in
3521 5432 3658 5486 vitia

2063 5505 2373 5561 dilabimur.
2392 5505 2755 5570 Quamobrem
2775 5511 2923 5565 omni
2947 5515 3144 5575 mentis
3163 5517 3662 5590 circumspectione
