3998 6182
184 401 276 460 909

1572 400 1655 454 CA
1663 399 1768 453 ΡΠ
1777 398 1815 453 L'
1825 398 1909 453 LA
1917 399 2024 455 liii.

3310 405 3414 460 2ῐο

181 513 518 585 satagendum
541 553 556 578 ,
592 512 769 566 dilecti
790 554 805 575 ,
840 528 872 567 ο
907 513 1248 580 sacerdotes,
1292 522 1352 568 ut
1391 513 1443 566 in
1484 511 1740 566 discendo
1768 512 1818 571 Λ
1843 508 2038 575 beant,
2069 508 2291 579 diligant
2321 510 2604 564 Dominum
2640 509 2757 580 plus
2786 526 2949 580 qiiam
2982 526 3069 574 sc,
3100 513 3412 581 proximum

180 605 413 662 laborem
440 603 793 659 adhibeamus
821 611 875 658 et
902 603 954 658 in
984 605 1265 660 retinendo
1290 604 1432 674 quod
1459 602 1746 658 didicimus

182 713 332 753 usum
360 694 756 765 impendamus,
784 696 1019 750 maxime
1045 711 1144 750 nos
1172 696 1263 765 qui
1292 694 1541 766 regimini
1565 694 1743 748 locum

183 797 423 843 tenemus
454 794 511 841 et
543 787 750 841 similes
784 785 1051 855 ejusmodi
1090 786 1295 842 ordinis
1332 787 1522 842 nostri.
1560 786 1746 855 Itaque

181 893 304 942 vos,
335 893 368 931 o
390 876 700 932 sacerdotes
728 877 975 945 Domini,
1005 879 1359 933 admonemus
1385 887 1445 932 ut
1472 877 1629 932 fidem
1656 891 1746 931 ca-

179 971 438 1025 tholicam
464 976 518 1023 et
542 971 857 1025 memoriter
885 972 1115 1026 teneatis
1141 979 1194 1027 et
1220 972 1385 1027 corde
1414 970 1745 1042 intelligalis,

179 1061 282 1115 hoc
321 1068 437 1125 est,
469 1057 659 1126 Credo,
691 1068 745 1114 et
779 1061 1069 1132 quicunque
1108 1061 1213 1115 uult
1249 1061 1426 1115 salvus
1458 1078 1597 1126 esse,
1630 1072 1750 1114 ante

177 1152 354 1206 omnia
376 1168 506 1222 opus
527 1161 601 1206 est
623 1160 679 1205 ut
697 1161 867 1206 teneat
889 1152 1197 1207 catholicam
1217 1153 1393 1224 ﬁdem.
1420 1153 1750 1207 Discutiendi

176 1251 359 1297 autem
396 1248 525 1295 sunt
549 1255 739 1297 omnes
762 1234 990 1296 Domini
1027 1243 1337 1298 sacerdotes
1370 1250 1552 1296 utrum
1589 1256 1752 1296 cano—

176 1345 301 1385 nem
333 1333 514 1385 missa:
542 1339 596 1386 et
624 1340 887 1385 secretam
919 1339 1015 1386 aut
1047 1330 1119 1385 Te
1146 1333 1308 1402 igitur
1332 1331 1648 1387 memoriter
1674 1339 1753 1385 te-

175 1431 345 1477 neant
367 1431 422 1477 et
446 1422 585 1477 bene
610 1423 977 1492 distinguant,
1004 1431 1058 1479 et
1087 1439 1305 1478 nomina
1335 1433 1673 1478 mortuorum
1700 1431 1756 1477 ct

171 1514 424 1568 vivorum
463 1513 575 1566 suis
605 1512 658 1566 in
688 1511 825 1568 locis
852 1513 1226 1567 ordinabiliter
1250 1523 1305 1568 et
1330 1529 1452 1569 cum
1484 1513 1631 1569 omni
1662 1513 1755 1567 de-

171 1604 396 1658 votione
428 1603 696 1667 recitent,
733 1602 1221 1673 baptisteriumque
1260 1604 1363 1659 rite
1399 1613 1664 1676 peragant
1699 1612 1756 1660 et

171 1693 344 1748 rectis
371 1693 552 1748 verbis
577 1693 864 1747 enuntiare
892 1694 1136 1762 possint,
1168 1703 1224 1749 et
1250 1694 1317 1748 de
1342 1694 1668 1767 negligentia
1698 1695 1753 1750 in

168 1784 520 1855 baptizandis
546 1785 810 1849 infirmis,
846 1800 914 1840 ne
938 1785 1173 1855 aliquem
1205 1787 1305 1841 sub
1342 1786 1564 1841 obtentu
1596 1785 1749 1840 inflr-

1848 609 2101 670 tanquam
2141 617 2234 668 se,
2275 601 2468 657 deinde
2502 610 2561 655 ut
2599 602 2667 656 ab
2699 603 2845 656 omni
2882 603 3020 656 malo
3058 617 3217 673 opere
3243 601 3413 660 absti-

1847 698 2013 744 neant
2030 731 2045 755 ,
2072 699 2129 744 et
2153 690 2295 759 quod
2322 690 2423 744 sibi
2451 689 2639 744 nolunt
2666 690 2780 744 fieri
2806 692 2874 745 ab
2901 690 3042 755 aliis,
3066 692 3171 747 hoc
3196 691 3269 747 illi
3296 692 3417 747 aliis

1846 795 1954 834 non
1983 778 2217 843 faciant,
2245 788 2299 834 et
2327 779 2471 850 quod
2497 780 2683 835 volunt
2709 790 2769 835 ut
2790 781 2894 836 sibi
2920 782 3165 838 homines
3190 780 3413 851 faciant,

1847 869 1963 925 haec
1990 867 2179 923 eadem
2211 866 2414 923 faciant
2441 869 2567 925 illis.

1916 958 2146 1026 Deinde,
2177 958 2222 1014 si
2252 959 2510 1014 Dominus
2535 960 2626 1015 dat
2652 961 2981 1018 intellectum
3000 1004 3015 1028 ,
3041 964 3141 1018 hoc
3165 964 3307 1033 quod
3333 982 3419 1020 sa-

1848 1048 2038 1103 cerdos
2060 1048 2334 1103 veraciter
2362 1048 2611 1119 intelligit
2638 1049 2703 1104 de
2737 1050 3027 1121 Evangelio
3045 1093 3058 1116 ,
3091 1052 3157 1106 de
3184 1053 3419 1123 Epistula

1848 1139 2018 1193 Sancti
2052 1137 2239 1203 Pauli,
2271 1145 2530 1208 quantum
2560 1146 2739 1209 potest
2769 1141 2913 1196 dicat
2959 1143 3064 1197 illis
3085 1184 3100 1205 ,
3135 1145 3424 1199 admoneat

1850 1237 1909 1282 ut
1954 1227 2021 1281 ad
2052 1228 2337 1284 ecclesiam
2366 1242 2507 1299 saape
2531 1238 2787 1295 currant,
2812 1231 3114 1288 oblationes
3139 1250 3268 1290 suas
3294 1234 3423 1290 lide-

1848 1322 1973 1378 litcr
2002 1325 2263 1389 oderant,
2293 1320 2665 1378 confessiones
2706 1321 2816 1378 Deo
2849 1332 2904 1376 et
2934 1325 3311 1382 sacerdotibus
3342 1326 3421 1382 fa-

1852 1414 2019 1469 ciant.

1924 1504 2115 1560 Nullus
2148 1505 2221 1559 sit
2251 1504 2393 1559 inter
2420 1520 2512 1560 eos
2540 1505 2632 1576 qui
2661 1503 2942 1561 confessus
2972 1522 3077 1561 non
3111 1507 3181 1563 sit
3210 1509 3422 1563 azlnlte-

1854 1598 1993 1653 rium
2013 1637 2028 1661 ,
2059 1611 2160 1651 nec
2195 1595 2459 1649 incestum
2483 1635 2497 1659 ,
2529 1610 2629 1651 nec
2663 1596 3073 1653 fornicationem
3114 1614 3237 1653 cum
3269 1598 3426 1654 femi-

1853 1689 1972 1754 nis,
2000 1687 2256 1743 masculis
2276 1728 2291 1753 ,
2319 1703 2441 1742 cum
2471 1687 2767 1758 pecudibus
2797 1688 2938 1743 inter
2969 1705 3028 1744 se
3057 1706 3162 1745 non
3194 1707 3425 1746 consen-

1855 1780 2028 1834 tiant:
2061 1778 2158 1834 sed
2184 1778 2230 1834 si
2257 1777 2379 1849 quis
2410 1777 2553 1833 inter
2582 1792 2677 1833 eos
2705 1777 2778 1833 sit
2805 1779 2897 1850 qui
2929 1779 2982 1833 in
3015 1780 3100 1835 bis
3128 1782 3426 1837 sceleribus

164 1892 387 1931 morum
413 1891 605 1931 sanum
635 1876 910 1948 baptizare
928 1887 1268 1947 praisumant
1295 1877 1397 1932 nisi
1427 1878 1617 1932 diebus
1643 1886 1754 1932 sta-
1780 1856 1827 1914 Β
1853 1869 2036 1941 lapsus
2067 1869 2177 1935 sit,
2215 1869 2493 1941 corrigant
2524 1876 2579 1924 et
2610 1868 2826 1939 publice
2855 1885 2978 1924 cum
3013 1885 3112 1926 suo
3146 1874 3427 1930 sacerdote

161 1970 309 2023 tutis
339 1967 625 2023 Paschatis
647 1975 703 2022 et
727 1967 1099 2023 Pentecostes.
1128 1968 1537 2023 Admoncndum
1564 1967 1671 2023 illis
1695 1975 1759 2023 ut

158 2074 263 2128 pro
297 2058 614 2112 ministerio
631 2056 941 2128 baptizandi
968 2056 1102 2111 nihil
1125 2056 1365 2127 exigant,
1392 2056 1507 2111 sive
1532 2071 1563 2110 a
1583 2055 1759 2126 bapti-

157 2148 394 2211 zandis,
428 2146 544 2201 sive
571 2161 601 2200 a
629 2146 946 2216 parentibus
974 2144 1187 2199 illorum
1208 2185 1223 2209 ,
1249 2145 1380 2199 nihil
1411 2144 1753 2211 munusculi,

160 2236 307 2293 nihil
330 2235 744 2303 pretiiomnino,
761 2233 855 2307 sed
875 2249 997 2290 cum
1011 2234 1306 2304 gratiarum
1327 2235 1539 2289 actione
1559 2244 1614 2290 et
1634 2248 1758 2289 cum

159 2342 387 2382 siimma
412 2326 702 2381 devotione
727 2326 830 2381 hoc
851 2334 1135 2397 peragant.
1159 2325 1312 2392 Quod
1334 2327 1379 2380 si
1404 2323 1542 2380 forte
1561 2339 1758 2396 paren-

163 2429 243 2475 tes
266 2432 471 2474 eorum
493 2457 509 2482 ,
539 2425 633 2470 aut
657 2416 749 2486 qui
775 2431 870 2472 eos
895 2432 926 2470 a
952 2417 1124 2472 sacris
1152 2416 1390 2472 fontibus
1415 2419 1752 2489 suscipiunt,

165 2517 364 2579 sponte
390 2516 445 2563 et
471 2507 708 2578 gratuito
734 2506 938 2577 aliquid
965 2508 1211 2563 muneris
1237 2507 1390 2563 vobis
1412 2508 1547 2564 dare
1574 2509 1755 2566 volue-

166 2599 311 2664 rint,
344 2596 575 2668 accipite
600 2596 733 2652 nihil
758 2597 1092 2652 haesitantes.

231 2686 556 2743 lnstruendi
593 2695 721 2742 sunt
746 2687 1058 2743 sacerdotes
1085 2687 1395 2758 pariterque
1418 2688 1750 2745 admonendi

166 2780 313 2848 quali
327 2788 412 2834 ter
437 2780 691 2834 noverint
720 2778 958 2834 decimas
984 2786 1042 2834 et
1069 2778 1371 2835 oblationes
1396 2794 1532 2849 quas
1561 2796 1592 2835 a
1619 2780 1751 2836 tide-

169 2870 306 2926 libus
341 2869 617 2940 accipiunt
633 2910 648 2934 ,
677 2869 1089 2941 peregrinorum
1112 2879 1167 2925 et
1189 2884 1487 2940 pauperum
1511 2885 1632 2927 esse
1654 2873 1750 2928 sti-

170 2961 299 3028 pend
312 2958 389 3023 ia,
406 2969 463 3014 et
479 2975 587 3015 non
609 2959 764 3030 quasi
785 2960 919 3021 suis.
936 2960 1030 3015 sed
1051 2960 1203 3030 quasi
1226 2962 1615 3018 commendatis
1636 2963 1710 3017 uti
1728 2980 1743 3029 ;

172 3052 233 3106 de
257 3048 471 3121 quibus
505 3050 761 3106 omnibus
796 3050 973 3106 sciant
1006 3065 1065 3106 se
1101 3051 1367 3107 rationem
1392 3052 1666 3123 posituros
1693 3061 1749 3108 et

174 3138 689 3195 condemnationem
716 3154 991 3209 passuros.
1022 3139 1263 3207 Qualiter
1286 3156 1419 3197 vero
1442 3140 1747 3212 dispensari

178 3231 402 3286 debeant
429 3230 574 3286 sacri
600 3244 835 3286 canones
858 3230 1177 3297 instituunt,
1202 3231 1411 3287 scilicet
1435 3239 1495 3287 ut
1515 3240 1750 3302 quatuor

179 3329 349 3389 partes
395 3320 527 3375 inde
575 3318 746 3385 ﬁant,
791 3335 899 3374 una
940 3320 1008 3374 ad
1044 3319 1308 3375 fabricam
1340 3321 1584 3376 ecclesiae
1617 3322 1754 3377 rele-

183 3411 403 3465 vandam
424 3449 442 3475 ,
467 3409 636 3465 altera
658 3410 988 3479 pauperibus
1012 3409 1386 3464 distribuenda
1405 3450 1421 3474 ,
1446 3411 1607 3464 tertia
1632 3427 1757 3481 pre-

183 3504 392 3572 sbytero
424 3517 551 3557 eum
575 3501 689 3556 suis
711 3500 925 3556 clericis
957 3498 1208 3555 habenda
1226 3539 1240 3563 ,
1269 3506 1464 3569 quarta
1492 3500 1752 3570 episcopo

184 3598 489 3655 reservata,
526 3597 589 3645 ut
625 3588 886 3659 quidquid
929 3588 1058 3645 inde
1083 3587 1311 3660 jusserit
1342 3588 1595 3658 prudenti
1615 3590 1760 3645 ‘con-

189 3681 292 3736 silio
316 3682 438 3737 fiat.
668 3734 671 3739 .

244 3772 603 3829 inhibendum
620 3774 793 3830 modis
810 3774 1062 3830 omnibus
1084 3773 1548 3844 intimandumque
1564 3780 1624 3829 ut
1638 3772 1757 3828 nul-

188 3863 258 3919 lus
279 3866 564 3932 sacerdos,
595 3866 874 3931 diaconus,
907 3867 1287 3931 subdiaconus,
1314 3882 1577 3936 personas
1600 3866 1756 3923 femi-

191 3970 365 4014 narum
385 3997 404 4023 ,
428 3956 575 4011 sicut
594 3956 650 4012 in
675 3970 882 4011 canone
903 3956 1169 4012 insertum
1192 3958 1521 4022 continetur,
1548 3957 1616 4012 de
1638 3957 1756 4027 qui-

189 4043 275 4100 bus
300 4046 580 4117 suspectio
605 4060 731 4102 esse
756 4055 935 4116 petest
956 4086 970 4111 ,
1000 4047 1054 4102 in
1085 4046 1248 4103 domo
1276 4040 1374 4102 sua
1398 4047 1597 4102 habeat
1614 4048 1755 4111 ,-sed

191 4149 346 4205 neque
371 4136 498 4192 illas
522 4151 662 4207 quas
685 4151 924 4192 canones
953 4138 1285 4203 concedunt,
1311 4137 1439 4208 quia
1464 4137 1755 4208 instigante

191 4225 389 4282 diabolo
420 4228 589 4282 etiam
620 4226 675 4281 in
710 4226 817 4283 illis
849 4226 1025 4284 scelus
1051 4225 1363 4297 frequenter
1383 4236 1753 4297 perpetratum

193 4316 452 4373 invenitur
478 4326 572 4372 aut
599 4317 764 4374 etiam
793 4318 847 4372 in
876 4316 1186 4387 pedisequis
1211 4333 1420 4373 earum.
1449 4318 1561 4373 Nec
1590 4318 1756 4388 igitur

193 4417 406 4464 matrem
425 4449 439 4471 ,
459 4423 638 4478 neque
661 4409 881 4463 amitam
900 4449 915 4474 ,
932 4424 1107 4478 neque
1127 4424 1369 4466 sororem
1391 4409 1755 4480 permittimus

194 4499 316 4596 ultra
341 4501 705 4596 habitarein
743 4501 906 4596 domo
938 4517 1044 4555 una
1073 4516 1198 4557 cum
1224 4501 1525 4596 sacerdote.
1553 4500 1676 4596 ⁸δεξιι
1705 4503 1749 4557 si
1778 4536 1832 4596 Β

192 4591 300 4658 quis
321 4594 391 4649 de
429 4594 518 4648 his
546 4592 800 4647 habuerit
834 4591 999 4647 talem
1038 4591 1421 4647 necessitatem
1456 4592 1754 4661 patientem

193 4684 267 4737 cui
308 4686 381 4740 sit
426 4682 731 4740 necessitas
763 4682 1089 4739 sustentatio
1123 4682 1469 4751 presbyteri,
1507 4681 1752 4745 diaconi,

195 4772 267 4827 vel
301 4774 624 4829 subdiaconi
646 4813 663 4839 ,
691 4773 888 4829 habeat
929 4773 984 4827 in
1023 4773 1145 4828 vico
1168 4781 1263 4826 aut
1287 4772 1344 4826 in
1369 4770 1494 4826 villa
1537 4770 1755 4825 domum

193 4860 335 4933 longe
353 4882 385 4919 a
412 4865 829 4920 conversatione
853 4863 1189 4936 presbyteri,
1216 4862 1307 4917 ubi
1335 4862 1384 4918 ei
1412 4862 1756 4919 administret

192 4970 297 5022 qua:
322 4956 635 5011 necessaria
662 4962 809 5011 sunt.

254 5044 355 5101 Sed
389 5046 557 5101 etiam
596 5046 700 5101 hoc
732 5046 1027 5101 secundum
1067 5045 1449 5100 auctoritatem
1482 5057 1752 5101 canonum

193 5136 352 5191 modis
378 5137 634 5192 omnibus
664 5136 1061 5206 prohibendum
1080 5176 1095 5200 ,
1127 5145 1186 5190 ut
1215 5136 1429 5206 quando
1456 5136 1625 5191 missa
1659 5150 1750 5191 ce-

194 5219 439 5293 Iebratur,
468 5228 613 5282 nulla
640 5226 838 5282 femina
867 5228 935 5281 ad
964 5226 1135 5281 altare
1158 5234 1454 5297 praesumat
1490 5225 1753 5281 accedere

193 5322 273 5365 aut
300 5318 620 5388 presbytero
652 5318 961 5372 ministrare
998 5326 1089 5371 aut
1122 5318 1263 5373 intra
1297 5316 1572 5372 cancellos
1605 5325 1753 5371 stare

192 5414 276 5456 aut
302 5407 515 5463 sedere.

253 5498 639 5559 Commonendi
674 5510 800 5558 sunt
827 5511 889 5558 ut
916 5501 1106 5559 diebus
1137 5502 1435 5559 Dominicis
1462 5517 1562 5572 pro
1590 5511 1751 5571 captu

193 5585 382 5658 ingenii
419 5595 789 5665 unusquisque
813 5595 1067 5653 sacerdos
1097 5595 1166 5652 ad
1196 5594 1411 5666 plebem
1445 5606 1752 5648 sermonem

192 5683 582 5744 pmrdicationis
614 5683 806 5751 faciat,
841 5688 1075 5756 primum
1113 5687 1413 5743 admonens
1446 5683 1653 5754 plebem
1692 5692 1753 5739 ut

198 5766 416 5829 invicem
475 5793 530 5833 se
579 5776 839 5849 diligant,
886 5778 1207 5834 charitatcm
1253 5776 1609 5833 fraternitatis
1655 5777 1750 5833 ha-

1854 1960 2165 2020 emendent.

1927 2048 2104 2105 llis'et
2129 2048 2251 2104 aliis
2275 2058 2535 2119 quantum
2562 2058 2741 2122 potest
2765 2050 2993 2123 singulis
3017 2051 3209 2109 diebus
3234 2054 3417 2113 Domi-

1858 2138 1996 2194 nicis
2020 2137 2232 2208 plebem
2254 2154 2407 2194 suam
2434 2140 2683 2195 instruat.

1925 2250 2225 2305 Admoneat
2253 2249 2417 2305 etiam
2461 2260 2522 2306 ut
2554 2252 2804 2308 omnibus
2840 2254 3090 2310 noctibus
3130 2255 3336 2313 sabbati
3372 2267 3431 2312 et

1855 2340 2105 2395 omnibus
2124 2338 2421 2396 Dominicis
2441 2341 2629 2397 diebus
2649 2356 2772 2397 cum
2797 2344 2908 2399 suis
2929 2344 3179 2401 noctibus
3200 2361 3433 2416 sequen-

1854 2432 2015 2498 tibus,
2040 2432 2292 2488 similiter
2314 2440 2370 2487 et
2395 2434 2449 2488 in
2475 2432 2924 2500 solemnitatibus,
2954 2436 3007 2491 in
3029 2435 3281 2507 jejuniis,
3305 2439 3429 2494 abs-

1851 2524 2059 2579 tineant
2085 2539 2145 2579 se
2169 2539 2201 2579 a
2230 2524 2435 2579 carnali
2474 2525 2750 2594 voluptate
2774 2542 2790 2591 ;
2821 2533 2881 2580 ut
2906 2527 3090 2583 mundi
3122 2542 3349 2599 cerpore
3373 2539 3432 2584 et

1851 2615 2015 2671 corde
2041 2616 2109 2671 ad
2138 2615 2425 2671 ecclesiam
2451 2616 2744 2683 accedant,
2774 2626 2831 2674 et
2858 2618 3257 2677 solemnitatem
3287 2620 3431 2679 cele-

1850 2706 2003 2761 brem
2033 2706 2348 2777 impuritate
2374 2705 2668 2778 voluptatis
2699 2706 2907 2766 foedare
2935 2724 3042 2764 non
3067 2721 3421 2783 praesumant.

1918 2818 2347 2890 Pmcipiendum
2372 2821 2744 2878 sacerdotibus
2767 2821 2981 2878 Domini
3010 2824 3305 2880 secundum
3329 2841 3422 2882 ca-

1847 2910 2102 2967 nonicam
2124 2911 2503 2967 auctoritatem
2528 2911 2596 2969 de
2618 2911 2912 2983 scpulturis
2934 2921 2989 2967 ct
3014 2912 3320 2971 hominibus
3343 2932 3432 2974 se-

1845 3002 2107 3075 peliendis
2129 3004 2265 3060 nihil
2286 3006 2527 3062 muneris
2545 3006 2799 3077 exigant,
2823 3006 2929 3062 nisi
2958 3004 3101 3061 forte
3119 3008 3211 3078 qui
3235 3008 3432 3080 sepeli-

1847 3101 1936 3148 tur
1971 3094 2160 3150 vivens
2188 3093 2417 3164 jusserit
2449 3096 2695 3152 ecclesite
2726 3096 2778 3151 in
2805 3095 2968 3166 cujus
2996 3097 3140 3153 atrio
3170 3098 3431 3169 sepelitur

1775 3190 1819 3252 (ζ
1850 3184 1916 3239 de
1949 3184 2063 3239 suis
2090 3185 2256 3241 rebus
2281 3185 2484 3257 aliquid
2510 3187 2753 3242 tribuere
2771 3226 2787 3251 ,
2818 3193 2913 3240 aut
2940 3186 3105 3241 etiam
3136 3194 3257 3255 post
3286 3203 3435 3247 mor-

1855 3283 1963 3328 tem
1989 3275 2162 3341 illius,
2188 3276 2386 3346 quibus
2405 3278 2754 3333 commissum
2779 3285 2864 3333 est
2889 3277 3008 3346 ejus
3030 3278 3429 3351 elccmosynatn

1855 3362 2057 3431 facere,
2085 3365 2154 3419 de
2178 3365 2322 3419 illius
2347 3366 2509 3420 rebus
2533 3365 2739 3434 aliquid
2766 3374 2959 3436 sponte
2983 3367 3115 3421 dare
3137 3366 3429 3425 voluerint.

1858 3452 2065 3509 Tamen
2093 3452 2398 3509 nullatenus
2425 3470 2456 3508 a
2484 3454 2819 3523 presbyteris
2846 3455 3053 3524 aliquid
3080 3456 3149 3510 ab
3176 3456 3284 3511 illis
3317 3460 3434 3516 exi-

1857 3552 2019 3615 gatur
2044 3559 2144 3599 nec
2169 3544 2238 3597 ab
2264 3543 2371 3598 illis
2394 3544 2486 3612 qui
2516 3542 2652 3597 locis
2676 3551 2733 3598 et
2760 3544 2896 3599 vicis
2921 3553 3164 3615 pmsunt
3188 3547 3273 3602 vel
3297 3564 3433 3620 quo-

1857 3651 1980 3691 rum
2020 3635 2296 3705 possessio
2330 3643 2417 3692 est
2448 3635 2564 3706 ipsa
2590 3633 2822 3691 ecclesia
2861 3636 2947 3693 vel
2977 3637 3324 3695 baereditario
3348 3641 3436 3699 vel

1856 3727 2207 3785 beneﬁciario
2226 3724 2372 3795 jure.

1926 3817 2327 3875 Prohibendum
2356 3818 2522 3874 etiam
2550 3820 2844 3876 secundum
2878 3819 3144 3892 majorum
3180 3824 3445 3887 instituta.

1854 3919 1916 3966 ut
1943 3910 1995 3965 in
2020 3910 2249 3966 ecclesia
2275 3910 2581 3967 nullatenus
2602 3911 2951 3983 sepeliantur,
2976 3917 3072 3971 sed
3098 3916 3154 3972 in
3174 3919 3316 3974 atrio
3337 3927 3433 3981 aut

1856 4006 1910 4060 in
1937 4005 2149 4075 porticu
2176 4014 2271 4060 aut
2295 4006 2495 4062 exedra
2522 4006 2784 4063 ecclesize.
2814 4006 2958 4063 Intra
2985 4009 3272 4066 ecclesiam
3297 4028 3430 4071 vero

1854 4111 2021 4167 prope
2063 4096 2234 4150 altare
2252 4135 2267 4161 ,
2297 4096 2388 4151 ubi
2413 4111 2607 4165 corpus
2632 4095 2848 4153 Domini
2876 4106 2931 4154 et
2958 4100 3179 4170 sanguis
3209 4100 3431 4167 confici-

1856 4195 1962 4253 tur,
1990 4187 2298 4243 nullatenus
2321 4188 2555 4242 habeant
2577 4186 2856 4242 licentiam
2881 4188 3202 4257 sepeliendi.

1923 4300 2240 4357 Adulterum
2264 4308 2356 4355 aut
2376 4299 2678 4354 adulteram
2700 4300 2745 4354 si
2768 4301 3054 4371 presbyter:
3073 4302 3130 4355 in
3151 4301 3311 4354 domo
3332 4315 3429 4355 sua

1855 4391 2145 4448 retinuerit
2180 4398 2268 4452 et,
2307 4388 2449 4456 quod
2490 4387 2645 4443 nefas
2682 4397 2798 4453 est,
2824 4389 3165 4444 consenserit
3190 4389 3244 4443 in
3270 4388 3431 4444 domo

1857 4497 1955 4536 sua
1980 4479 2305 4535 adulterium
2334 4477 2450 4531 fieri
2471 4517 2487 4540 ,
2513 4476 2652 4532 sciat
2674 4492 2734 4532 se
2758 4478 2840 4532 sui
2867 4478 3066 4547 gradus
3092 4479 3297 4534 honore
3322 4481 3432 4549 pri-

1859 4574 2112 4628 vandum.
2142 4571 2201 4627 Si
2226 4586 2357 4626 vero
2381 4570 2486 4626 hoc
2510 4569 2564 4624 in
2589 4568 2747 4638 plebe
2770 4570 2883 4625 sibi
2901 4571 3189 4626 commissa
3215 4587 3432 4642 repere-

1860 4666 1960 4729 rit,
1990 4665 2093 4719 nisi
2123 4664 2338 4729 statim,
2371 4664 2417 4718 si
2447 4663 2591 4716 vires
2618 4669 2947 4731 suppetunt,
2974 4676 3080 4717 non
3109 4664 3432 4720 emendave—

1861 4756 1960 4819 rit,
1989 4755 2086 4810 scd
2112 4761 2208 4809 aut
2244 4761 2467 4825 propter
2503 4754 2759 4824 potentiae
2794 4753 3046 4809 timorem
3079 4761 3173 4809 aut
3211 4762 3434 4826 propter

1858 4846 2179 4903 beneficium
2203 4855 2258 4902 et
2284 4845 2495 4903 lucrum
2531 4855 2588 4902 et
2623 4845 2920 4903 amicitiam
2958 4845 3170 4901 illorum
3200 4861 3431 4903 consen—

1859 4938 1993 4993 serit
2026 4937 2319 5002 adulteris,
2357 4952 2482 4993 cum
2517 4937 2820 5008 depalatum
2862 4936 3026 4993 fuerit
3062 4939 3434 4995 excommuni-

1859 5028 2109 5083 candnm.
2149 5027 2207 5083 Si
2231 5043 2359 5083 vero
2386 5028 2477 5084 ille
2500 5035 2762 5099 quantum
2799 5028 2976 5098 potuit
2996 5028 3432 5085 excommunicao

1856 5118 1998 5173 verit
2021 5106 2078 5173 et
2096 5134 2205 5175 non
2226 5120 2404 5189 potuit
2423 5120 2622 5178 malum
2644 5118 2774 5177 illud
2794 5127 3002 5185 vetare,
3018 5121 3255 5176 animam
3272 5132 3431 5175 suam

1857 5211 2128 5268 liberavit.
2152 5209 2535 5271 Verumtamen
2560 5227 2683 5268 cum
2704 5213 2854 5267 omni
2880 5214 3062 5269 studio
3080 5214 3242 5269 debet
3260 5211 3433 5267 archi-

1858 5303 2088 5359 diacono
2114 5316 2212 5357 suo
2237 5309 2294 5358 et
2312 5302 2721 5363 archidiaconus
2744 5303 2999 5375 episcopo
3021 5303 3360 5359 denuntiare.

1933 5412 2009 5468 De
2043 5412 2269 5467 incestis
2299 5411 2656 5467 omni-studio
2680 5413 3104 5483 perquirendum
3136 5405 3435 5464 sacerdoti-

1858 5505 1962 5560 bus
1981 5518 2078 5574 per
2100 5501 2348 5556 homines
2369 5514 2592 5557 veraces
2615 5510 2674 5556 et
2701 5502 2950 5557 timorem
2973 5499 3070 5555 Dei
3097 5505 3225 5550 ante
3250 5492 3435 5549 oculos

1860 5597 2144 5652 habentes.
2163 5595 2235 5650 Et
2251 5594 2299 5649 si
2316 5603 2592 5665 repertum
2612 5593 2795 5659 fuerit,
2810 5593 2994 5648 statim
3015 5597 3110 5645 aut
3128 5586 3228 5657 ipsi
3247 5599 3433 5642 emen-

1860 5686 1992 5741 dare
2028 5686 2315 5748 studeant,
2357 5693 2418 5739 ut
2459 5700 2582 5739 cum
2625 5682 2895 5749 adiutorio
2933 5675 3298 5733 archidiaconi
3338 5684 3435 5734 aut

1860 5775 2099 5847 cpiscOpi
2136 5776 2423 5833 emendare
2450 5774 2835 5840 ct‘cxstirparc
2863 5775 3137 5841 satagant,
3172 5783 3237 5824 ne
3277 5777 3428 5825 tanto
