3998 6182
449 190 552 249 all

1471 182 1861 239 'l‘HEODULFl
1899 170 2454 239 AUliELlANENSlS
2492 180 2706 238 EPISC.

2890 122 2905 149 Ι

3612 181 3717 238 Eli

451 307 643 382 flagitii
668 303 872 363 scelere
898 304 972 360 illi
1008 300 1317 374 polluantur
1352 308 1408 354 et
1442 305 1670 369 pereant
1707 292 1762 355 et
1797 297 2026 354 aliorum
2058 302 2109 357 Α
2133 296 2186 349 in
2223 295 2477 351 oblivione
2505 306 2678 350 erunt.
2712 292 3057 349 Ptcnitentia:
3087 292 3287 377 quippe
3316 293 3512 350 modus
3545 293 3597 349 in
3632 310 3719 350 sa-

452 400 734 458 vicinitate
756 393 1143 467 omnipotentis
1166 393 1262 448 Dei
1291 393 1429 447 iram
1455 390 1754 445 incurrant.

482 534 491 541 .
526 487 864 547 Admonendi
895 492 1023 542 sunt
1057 483 1369 540 sacerdotes
1403 491 1460 537 et
1494 480 1801 537 instruendi
1833 488 1893 536 ut
1925 481 2038 552 pri-

456 596 604 639 mum
631 580 730 653 ipsi
756 578 822 634 ab
848 576 996 633 omni
1026 573 1397 635 stimulatione
1427 572 1609 629 carnis
1637 571 1747 627 sint
1767 570 1926 626 alieni
1948 611 1962 635 ,
1988 578 2043 625 et

460 688 605 728 nunc
636 654 883 741 plebibus
914 666 1018 723 sibi
1057 666 1320 739 subjectis
1355 673 1411 722 et
1446 664 1631 720 verbis
1658 663 1955 737 praedicent
1988 672 2044 719 et

460 760 770 831 exemplum
806 758 1098 814 ostendant
1132 765 1193 813 ut
1226 756 1295 813 ab
1331 755 1479 811 omni
1509 770 1569 811 se
1598 754 1958 809 fornicatione
1989 763 2045 808 et

460 853 528 909 ab
559 850 705 907 omni
741 847 1146 914 irrationabili,
1183 846 1352 901 veluti
1393 846 1695 918 pecudum,
1739 844 1950 900 luxuria
1990 853 2045 899 et

461 942 754 1014 pollutione
793 940 1125 996 abstineant.
1168 937 1366 994 Mundo
1406 953 1466 995 se
1505 951 1735 1009 corpore
1768 944 1824 993 et
1861 942 2046 991 mente

462 1034 570 1090 Deo
594 1039 904 1105 praeparent
930 1029 997 1085 de
1023 1027 1459 1086 confessionibus
1495 1026 1733 1084 fidelium
1771 1025 2042 1095 accipien-

459 1125 544 1184 dis
574 1132 632 1181 et
659 1121 1058 1194 diiudicandis,
1091 1120 1335 1177 consiliis
1366 1118 1611 1184 blandis;
1643 1119 1768 1188 quia
1795 1118 1924 1173 licet
1945 1131 2046 1187 pro

456 1216 676 1273 modulo
696 1214 1009 1289 quantitate
1034 1213 1243 1284 peccati
1272 1227 1329 1266 se
1354 1212 1693 1283 poenitentia:
1720 1218 1931 1281 tempus
1958 1209 2044 1264 in-

458 1310 796 1367 stituendum
830 1313 885 1362 et
918 1305 1140 1378 longum
1169 1305 1255 1360 vel
1287 1304 1454 1360 breve
1491 1303 1579 1361 vel
1614 1302 1924 1359 districtum
1960 1301 2046 1357 vel

459 1403 578 1457 leve
604 1400 691 1457 vel
719 1399 994 1456 mediocre
1032 1396 1338 1463 sacerdoti,
1368 1411 1492 1452 cum
1531 1395 1732 1466 accipit
1760 1393 2047 1464 cujuslibet

462 1491 701 1548 fidelium
727 1489 1127 1548 confessionem
1154 1494 1502 1560 peccatorum
1527 1503 1541 1555 ;
1571 1486 1697 1556 quia
1722 1484 1849 1541 licet
1873 1499 2047 1555 ipsum

462 1590 744 1655 peccatum
781 1586 1153 1652 perpetratum
1193 1579 1303 1644 sit,
1354 1585 1448 1633 aut
1480 1577 1526 1633 si
1564 1585 1753 1647 postea
1790 1576 2046 1632 iteratum

2140 387 2381 444 cerdotis
2406 384 2608 458 pendet
2628 384 2877 440 arbitrio.
2900 382 3003 453 Qui
3034 367 3291 439 sacerdos
3315 383 3721 455 diligentissime

2143 485 2453 535 sanctorum
2480 475 2702 533 Patrum
2726 474 2973 531 instituta
2998 473 3294 529 discutiens
3315 481 3370 528 et
3398 473 3716 547 intelligens,

2143 568 2443 624 secundum
2486 581 2676 623 eorum
2712 564 3095 621 auctoritatem
3133 556 3519 621 confitentibus
3555 567 3725 635 patui—

2145 660 2374 715 tentiam
2402 657 2646 714 indicere
2677 657 2858 715 debet.
2888 656 2988 712 Est
3016 655 3213 728 quippe
3241 656 3539 711 auctoritas
3563 672 3728 713 cano-

2144 768 2273 807 num
2306 759 2361 807 et
2388 760 2703 806 sanctorum
2730 746 2956 804 Patrum
2987 746 3302 803 firmissima
3328 747 3621 803 institutio.

2216 841 2579 898 Homicidium
2610 841 2657 897 si
2687 841 2812 910 quis
2838 839 3146 896 voluntarie
3167 839 3255 895 vel
3282 855 3380 910 per
3404 839 3631 895 insidias
3656 838 3733 894 fe-

2146 934 2302 999 cerit,
2318 930 2436 1004 jugi
2460 947 2519 991 se
2540 930 2879 1002 paenitentiae
2901 930 3223 997 submittat;
3247 939 3305 986 et
3325 930 3372 985 si
3393 930 3497 985 hoc
3517 930 3732 1001 publice

2144 1036 2327 1081 actum
2362 1033 2608 1088 constat,
2649 1025 2696 1080 si
2735 1024 2940 1091 laicus,
2981 1024 3217 1096 dep‘onat
3251 1038 3402 1079 arma
3431 1031 3486 1079 et
3512 1037 3731 1078 onmem

2146 1118 2465 1174 surcularem
2502 1116 2756 1173 militiam
2780 1155 2796 1183 ,
2829 1123 2886 1171 et
2921 1115 3137 1186 publice
3183 1114 3524 1181 satisfaciat,
3565 1114 3641 1169 ita
3677 1123 3736 1168 ut

2146 1208 2506 1279 quadraginta
2537 1208 2731 1263 diebus
2758 1214 2917 1263 extra
2945 1205 3235 1262 ecclesiam
3272 1206 3406 1261 foris
3435 1205 3502 1261 ad
3530 1205 3738 1260 ostium

2146 1311 2297 1367 oret;
2329 1302 2526 1370 quibus
2551 1301 2605 1355 in
2626 1315 2767 1371 pane
2787 1307 2841 1355 et
2868 1314 3010 1369 aqua
3035 1299 3269 1364 exactis,
3292 1313 3325 1353 a
3350 1299 3738 1355 communione

2146 1394 2455 1449 orationum
2479 1392 2849 1462 quinquennio
2880 1401 3246 1457 removeatur,
3272 1399 3398 1460 post
3424 1389 3738 1460 quinquen-

2147 1481 2298 1538 nium
2321 1490 2528 1537 tantum
2551 1482 2609 1537 in
2630 1482 2938 1538 orationum
2959 1481 3399 1563 communionem
3419 1480 3739 1550 recipiatur,

2149 1586 2258 1627 non
2285 1571 2510 1640 offerat,
2539 1588 2647 1645 non
2677 1587 2876 1642 corpus
2902 1573 3117 1628 Domini
3142 1572 3366 1628 omnino
3391 1573 3660 1643 attingat;
3685 1572 3741 1626 in

462 1682 558 1731 aut
581 1672 896 1745 frequenter
919 1679 1294 1743 perpetratum
1320 1670 1420 1736 sit,
1448 1668 1494 1724 si
1518 1676 1735 1738 sponte,
1760 1669 1808 1722 si
1834 1673 2044 1732 coacte,
2073 1661 2120 1720 Β
2148 1680 2255 1735 quo
2282 1665 2586 1735 perdurans
2611 1663 3028 1735 quatuordecim
3053 1679 3249 1730 annos,
3276 1672 3407 1721 tunc
3431 1664 3502 1720 ad
3523 1664 3745 1736 plenam

464 1766 509 1822 si
540 1780 642 1838 per
666 1764 989 1820 ebrietatem
1019 1771 1073 1819 et
1100 1777 1201 1833 per
1226 1760 1508 1832 quodlibet
1536 1759 1815 1830 ingenium
1844 1756 2048 1817 factum

464 1861 574 1925 sit;
603 1866 665 1917 ut
695 1873 817 1915 cum
848 1857 1119 1913 invenerit
1148 1855 1293 1911 unde
1323 1853 1475 1910 radix
1508 1852 1654 1908 illius
1681 1851 1891 1923 peccati
1920 1866 2050 1921 pro-

464 1951 666 2015 cessit,
693 1957 827 2006 tunc
851 1962 1145 2019 congruam
1173 1946 1431 2003 adhibeat
1451 1944 1800 2002 medicinam.

534 2041 784 2111 Qualiter
808 2054 938 2095 vero
964 2037 1176 2111 peccati
1203 2034 1510 2092 adhibenda
1537 2043 1612 2091 Stt
1636 2034 1900 2091 medicina
1916 2074 1932 2100 ,
1961 2049 2051 2089 se-

464 2132 704 2188 cundum
739 2117 977 2186 canones
1015 2127 1456 2183 authentieorum
1482 2132 1798 2187 sanctorum
1827 2121 2051 2183 Patrum

464 2239 588 2280 esse
614 2222 807 2288 debet,
836 2228 893 2275 et
916 2236 1024 2276 non
1053 2218 1348 2275 secundum
1376 2217 1637 2289 placitum
1660 2215 1922 2282 hominis,
1952 2230 2053 2272 nec

466 2314 765 2371 secundum
802 2311 1178 2377 voluntatem;
1211 2325 1313 2368 nec
1346 2310 1403 2365 in
1439 2309 1544 2365 hac
1577 2317 1734 2380 parte
1763 2307 2049 2374 voluntas,

466 2414 563 2463 aut
609 2404 784 2477 gratia
825 2402 1064 2460 hominis
1103 2401 1397 2466 seetanda,
1437 2398 1531 2456 sed
1571 2398 1819 2455 voluntas
1859 2398 1954 2453 Dei
1998 2398 2052 2453 in

465 2496 720 2552 omnibus
745 2490 1080 2565 exquirenda
1107 2492 1164 2547 in
1191 2489 1490 2561 Scripturis
1516 2488 1723 2546 sanctis
1741 2528 1756 2554 ,
1783 2496 2055 2560 quatenus

469 2589 646 2661 dignis
683 2586 938 2658 precibus
975 2590 1030 2639 et
1068 2568 1406 2656 pmnitudine
1441 2582 1600 2661 digna
1636 2579 1839 2651 placari
1880 2579 2053 2650 possit

468 2660 860 2750 omnipotentis
883 2676 977 2731 Dei
1002 2675 1260 2741 vindicta,
1287 2687 1449 2747 quam
1471 2660 1636 2727 homo
1658 2686 1757 2727 suo
1776 2670 1910 2726 vitio
1934 2684 2056 2747 pro-

470 2770 704 2826 vocavit.
735 2767 818 2824 Ad
846 2766 1218 2839 pcenitcntiam
1249 2778 1381 2819 vero
1402 2763 1633 2835 populus
1660 2760 1844 2818 taliter
1870 2763 2058 2817 admo-

474 2862 684 2920 nendus
722 2875 845 2916 cum
885 2856 1197 2931 fragilitatis
1232 2864 1434 2911 nostra:
1468 2869 1631 2913 casus
1667 2869 1810 2924 saepe
1844 2860 2056 2909 constet

2150 1756 2586 1815 communionem
2611 1771 2735 1812 cum
2763 1756 3106 1812 orationibus
3128 1755 3445 1825 recipiatur.
3470 1756 3619 1813 circa
3643 1771 3744 1812 ex-

2112 1906 2115 1909 .
2151 1850 2287 1904 itum
2300 1850 2427 1905 vita:
2448 1850 2590 1906 hanc
2604 1856 2973 1919 consequatur
2992 1849 3388 1907 humanitatem
3406 1857 3468 1905 ut
3481 1849 3747 1905 viaticum

2151 1940 2385 2011 accipiat
2412 1939 2824 1996 eucharistiam.
2862 1938 3211 1995 Abstinentia
3239 1938 3383 1994 illius
3411 1939 3485 1994 sit
3514 1940 3568 1994 in
3599 1939 3751 1995 arbi-

2151 2032 2260 2088 trio
2292 2032 2628 2098 sacerdotis,
2657 2032 2956 2088 secundum
2990 2045 3283 2103 personam
3319 2042 3376 2087 et
3412 2031 3750 2103 possibilita-

2153 2136 2261 2182 tem
2288 2127 2369 2182 sic
2393 2126 2444 2181 ei
2471 2126 2786 2196 imponatur
2811 2125 3145 2181 abstinentia
3170 2126 3438 2182 ciborum.
3471 2123 3531 2180 Si
3558 2134 3751 2181 autem

2153 2219 2424 2281 occultum
2462 2221 2566 2286 sit,
2603 2220 2817 2277 occulte
2851 2219 3111 2276 similiter
3147 2229 3276 2293 agat
3309 2221 3454 2276 sicut
3491 2221 3752 2292 superius

2126 2362 2131 2365 .
2152 2314 2419 2371 insertum
2467 2321 2704 2369 tenetur.

2224 2404 2589 2461 ilomicidium
2626 2406 2720 2475 qui
2754 2420 2884 2461 casu
2930 2420 3044 2461 non
3075 2406 3266 2462 volens
3310 2408 3752 2478 perpetraverit,

2152 2498 2303 2569 prior
2327 2494 2545 2567 quidem
2577 2496 2763 2568 regula
2791 2511 2893 2566 per
2922 2505 3130 2567 septem
3159 2512 3333 2552 annos
3361 2497 3757 2568 pmnitentiam

2152 2585 2554 2645 communionis
2576 2586 2811 2642 sociavit
2833 2586 3134 2642 secundum
3160 2587 3366 2658 gradus
3391 2587 3753 2647 constitutos.

2155 2678 2281 2734 Haec
2293 2692 2425 2735 vero
2434 2676 2940 2750 Aneyraniconcilii
2962 2675 3210 2733 definitio
3233 2677 3596 2747 quinquennii
3616 2684 3759 2733 tem—

2154 2770 2303 2843 poris
2327 2767 2707 2840 paenitentiam
2727 2767 2921 2823 tribuit
2939 2808 2956 2835 ,
2976 2776 3039 2823 ut
3060 2768 3424 2839 quadraginta
3451 2768 3657 2824 diebus
3680 2768 3761 2823 fo-

2156 2860 2233 2916 ris
2257 2860 2323 2916 ad
2347 2858 2593 2916 ecclesia
2616 2859 2818 2914 ostium
2844 2866 2984 2925 stet;
3014 2859 3211 2929 quibus
3235 2860 3496 2929 peractis,
3527 2860 3761 2918 biennio

471 2956 530 3010 in
542 2953 675 3007 vitia
694 2948 982 3026 proclivis;
1006 2960 1318 3020 quanquam
1336 2947 1660 3001 subventum
1681 2946 1751 3001 sit
1773 2945 1830 3000 in
1852 2944 2053 2999 Christi
2088 3013 2125 3026 Α
2157 2952 2227 3007 ab
2247 2950 2492 3008 oratione
2511 2957 2834 3005 cam-orum
2855 2948 3095 3005 ﬁdelium
3116 2958 3454 3023 segregetur,
3473 2966 3585 3006 non
3610 2966 3763 3007 ωηι.

471 3013 818 3115 passionem
844 3013 989 3111 quod
1016 3013 1272 3093 merit-um
1299 3037 1513 3108 peccati
1542 3036 1820 3107 exigebat,
1851 3033 2057 3090 Christi
2083 3013 2129 3075 C
2164 3040 2424 3106 Inunicet,
2462 3055 2572 3095 non
2608 3038 2801 3097 offerat
2827 3056 2844 3106 ;
2885 3047 3009 3110 post
3043 3013 3325 3095 biennium
3362 3013 3673 3112 recipiatur
3704 3042 3762 3097 in

451 3133 656 3205 passio
674 3132 987 3191 redimeret.
1010 3128 1079 3193 Et
1101 3143 1226 3185 cum
1249 3126 1578 3184 salutaribus
1599 3127 1864 3182 institutis
1882 3141 2063 3181 sacro-

473 3224 666 3285 sancto.
690 3216 1019 3293 baptismate
1046 3220 1100 3275 in
1132 3220 1510 3275 remissionem
1540 3219 1784 3274 omnium
1808 3225 2063 3288 peccato-

476 3330 599 3377 rum,
642 3326 907 3370 concesso
950 3310 1256 3375 abluamur,
1313 3316 1496 3368 tamen
1531 3308 1660 3379 quia
1702 3322 1803 3380 per
1839 3308 2062 3364 modum

473 3407 633 3469 istius
655 3405 784 3459 vita:
804 3416 1025 3458 cursum
1052 3400 1170 3456 sine
1193 3399 1449 3460 vitiorum
1475 3398 1696 3455 turbine
1717 3413 2063 3469 nequaquam

473 3501 672 3570 degere
691 3504 748 3552 et
771 3493 1197 3565 subripientibus
1213 3498 1415 3549 nostra:
1438 3490 1827 3551 imbecillitatis
1846 3489 2064 3561 ﬂagitiis

477 3592 647 3648 vitam
668 3588 786 3643 sine
803 3585 1012 3657 peccati
1033 3583 1244 3639 macula
1265 3584 1464 3639 ducere
1481 3599 1588 3638 non
1606 3598 1916 3656 possumus,
1932 3596 2065 3638 con-

476 3692 698 3736 cessum
720 3684 804 3733 est
830 3673 1244 3731 clementissimi
1258 3673 1352 3730 Dei
1372 3674 1576 3745 pietate
1596 3674 1896 3730 remedium
1921 3688 2065 3729 verae

480 3767 842 3829 confessionis
862 3774 919 3822 et
943 3766 1282 3836 paenitentiae
1311 3765 1517 3821 ablutio
1546 3777 1895 3847 peccatorum
1912 3808 1928 3831 ,
1960 3767 2066 3823 Do—

481 3865 630 3921 mino
654 3861 1005 3935 prtecipientc
1028 3875 1127 3933 per
1148 3859 1471 3931 prophetam
1498 3877 1511 3913 :
1540 3857 1681 3914 Nolo
1708 3867 1925 3918 mortem
1946 3875 2065 3929 pec-

482 3958 701 4023 catoris,
726 3955 818 4012 sed
842 3964 898 4009 ut
927 3962 1215 4010 revertatur
1238 3961 1288 4007 et
1312 3953 1466 4008 vivat.
1496 3951 1561 4006 Et
1585 3950 1719 4009 illud.
1742 3950 2020 4023 Evangelii
2045 3968 2060 4007 :

482 4047 671 4103 Facile
694 4047 899 4117 fructus
921 4044 1108 4115 dignos
1129 4042 1463 4114 pmnitentim.
1487 4041 1555 4096 Et
1573 4042 1866 4113 Apostolus
1893 4060 1906 4096 :
1931 4040 2066 4096 Con-

484 4138 707 4209 ﬁtemini
726 4136 1037 4192 alterutrum
1059 4144 1271 4207 peccata
1283 4141 1538 4200 uestra,“
1563 4143 1711 4189 orate
1731 4133 1802 4187 ad
1824 4133 2061 4199 invicem,

484 4243 543 4287 at
564 4230 858 4287 saluemini.
886 4229 984 4291 Est
1007 4228 1208 4299 quippe
1231 4242 1374 4284 vera:
1394 4226 1756 4284 confessionis
1783 4227 2065 4286 fructuosa

480 4321 830 4394 penitentia,
859 4319 1173 4391 pmnlteuda
1201 4332 1308 4373 non
1340 4318 1648 4385 admittere,
1677 4319 1913 4374 admissa
1939 4334 2064 4374 cum

479 4415 686 4484 gemitu
710 4411 895 4469 cordis
920 4410 1119 4465 deflere
1137 4450 1153 4475 ,
1180 4408 1554 4464 satisfactione
1580 4424 1708 4464 vera
1732 4409 2069 4478 poenitentiae

481 4520 677 4563 causas
707 4502 995 4567 excidere,
1021 4515 1124 4557 nec
1158 4514 1347 4564 earum
1385 4499 1822 4572 suggestionibus
1859 4499 2065 4555 aditum

482 4596 762 4667 indulgere
781 4635 796 4661 ,
824 4609 928 4652 nec
955 4594 1155 4650 iterum
1183 4594 1239 4649 in
1270 4594 1419 4649 vitiis
1441 4592 1769 4665 perpetratis
1794 4591 1992 4647 delabi.

548 4686 822 4757 'Capitalia
843 4694 900 4741 et
920 4685 1169 4741 mortalia
1190 4684 1417 4741 crimina
1441 4684 1654 4753 publice
1677 4683 1919 4739 deflenda
1943 4692 2069 4741 sunt

488 4778 791 4834 secundum
812 4791 1080 4831 canonum
1106 4784 1163 4832 et
1185 4784 1499 4831 sanctorum
1522 4775 1744 4831 Patrum
1770 4776 2068 4839 institutio-

490 4885 640 4925 nem.
667 4866 781 4928 Sed
810 4876 865 4924 et
896 4876 1106 4927 secreta
1135 4866 1514 4925 satisfactione
1532 4866 1666 4923 solvi
1695 4869 1942 4925 mortalia
1964 4871 2073 4925 cri-.

486 4960 638 5014 mina
660 4973 767 5021 non
790 4973 1076 5030 negamus,
1098 4965 1305 5013 mutata
1332 4956 1510 5013 tamen
1535 4959 1687 5030 prius
1706 4960 1872 5015 animi
1898 4960 2073 5015 inten-

486 5050 656 5113 tione,
685 5057 741 5104 et
762 5047 1009 5103 surculari
1031 5049 1299 5119 iactantia
1325 5048 1491 5104 simul
1513 5051 1779 5121 deposita,
1808 5052 1912 5122 piae
1938 5051 2069 5107 reli-

485 5140 665 5213 gionis
683 5137 934 5196 confesso
954 5141 1152 5207 studio,
1176 5155 1276 5213 per
1296 5141 1421 5197 vitm
1444 5144 1842 5199 correctionem
1863 5152 1917 5200 et
1927 5143 2067 5216 jugi,

474 5233 596 5293 into
624 5240 884 5303 perpetuo
907 5230 1053 5286 luctu
1079 5248 1141 5287 se
1166 5233 1536 5293 submitteute.
1565 5233 1675 5291 Nec
1702 5235 1863 5291 debet
1887 5244 2069 5292 tamen

485 5326 719 5395 quisque
742 5324 1038 5395 desperare
1060 5324 1135 5383 de
1150 5326 1543 5396 omnipotentis
1569 5326 1667 5382 Dei
1694 5327 2069 5385 misericordia

486 5428 543 5471 et
582 5419 866 5475 immmera
907 5418 1147 5488 pietate,
1187 5418 1314 5489 quia
1356 5420 1620 5491 scriptum
1663 5428 1783 5478 est:
1815 5421 2071 5477 Peccator

487 5524 813 5583 quaeautque
834 5512 921 5568 die
945 5528 1224 5568 conuersus
1253 5511 1415 5582 fuerit
1439 5513 1505 5567 ab
1528 5530 1707 5570 errore
1735 5516 1831 5571 vice
1854 5532 1965 5570 sum
1981 5557 1995 5582 ,
2023 5528 2069 5571 et

492 5596 826 5660 declinarem
855 5604 919 5659 ab
946 5605 1187 5671 operibus
1213 5604 1397 5674 malis,
1426 5623 1601 5663 omnes
1632 5608 1929 5680 iniquitates
1957 5611 2071 5681 ejus

2160 3130 2541 3187 communione
2566 3130 2876 3185 orationum
2901 3138 2957 3185 et
2984 3129 3207 3197 offerat,
3236 3144 3344 3186 non
3381 3139 3562 3187 tamen
3605 3147 3763 3188 com-

2161 3223 2444 3289 municet;
2471 3230 2597 3292 post
2619 3221 3052 3292 quinquennium
3076 3221 3146 3279 ad
3171 3221 3387 3293 plenam
3413 3224 3765 3281 communio-

2161 3331 2287 3373 nem
2317 3313 2633 3387 recipiatur.
2659 3313 3007 3370 Abstinentia
3036 3315 3286 3370 ciborum
3316 3315 3372 3370 in
3404 3314 3647 3371 arbitrio
3669 3326 3763 3373 sa-

2161 3408 2401 3465 cerdotis
2423 3408 2700 3474 manebit,
2722 3407 3022 3464 secundum
3042 3422 3334 3479 personam
3354 3417 3408 3464 et
3429 3408 3766 3480 qualitatem

2163 3499 2401 3555 hominis
2420 3540 2434 3565 ,
2461 3498 2542 3554 sic
2567 3507 2622 3554 et
2647 3499 2860 3570 pondus
2887 3507 2941 3554 et
2968 3498 3301 3554 abstinentia
3326 3499 3452 3554 erit.

2235 3591 2295 3646 Si
2330 3591 2455 3662 quis
2488 3588 2776 3662 egrediens
2807 3606 2905 3661 per
2932 3590 3074 3645 viam
3098 3630 3113 3658 ,
3144 3598 3201 3646 et
3224 3598 3318 3644 aut
3346 3590 3402 3645 in
3431 3589 3600 3646 domo
3629 3606 3765 3657 sua,

2164 3692 2262 3739 aut
2290 3683 2346 3737 in
2375 3681 2556 3755 platea
2584 3682 2828 3738 civitatis
2857 3690 2952 3737 aut
2977 3681 3150 3749 villae,
3190 3681 3373 3737 subito
3411 3688 3508 3736 aut
3544 3680 3622 3737 ab
3659 3680 3768 3737 alio

2164 3782 2554 3847 superventus,
2583 3782 2680 3830 aut
2702 3773 2816 3829 litis
2852 3774 3203 3830 contentione
3220 3813 3234 3839 ,
3267 3771 3454 3827 volens
3479 3785 3541 3827 se
3568 3771 3767 3828 defen-

2165 3866 2296 3922 dere
2318 3905 2335 3933 ,
2366 3879 2475 3921 non
2501 3864 2709 3921 habens
2738 3860 2926 3920 contra
2956 3863 3108 3919 illum
3136 3870 3299 3918 antea
3329 3862 3515 3917 odium
3534 3901 3550 3928 ,
3585 3862 3767 3918 inter-

2165 3957 2358 4013 fecerit
2385 3944 2692 4021 hominem,
2723 3965 2930 4027 septem
2961 3970 3134 4010 annos
3160 3955 3454 4011 secundum
3484 3968 3767 4010 canonum

2168 4047 2570 4105 institutionem
2592 4046 2857 4118 paeniteat
2874 4086 2890 4112 ,
2915 4046 3090 4101 tribus
3112 4061 3143 4100 a
3168 4045 3551 4102 communione
3578 4047 3769 4115 prive-

2168 4146 2538 4210 tur,‘quatuor
2572 4138 2628 4194 in
2667 4139 3050 4194 communione
3082 4138 3391 4193 orationum
3431 4145 3487 4193 et
3518 4137 3767 4194 oblatio-

2167 4249 2295 4290 num
2318 4241 2621 4304 susceptus,
2638 4233 2694 4287 in
2718 4232 3018 4288 sacerdotis
3037 4230 3296 4301 pendebit
3318 4230 3547 4286 arbitrio
3570 4214 3766 4286 utrum

2171 4326 2242 4381 sit
2279 4339 2478 4395 corpus
2499 4324 2706 4380 Christi
2733 4324 2934 4396 dignus
2960 4324 3209 4394 accipere
3234 4332 3326 4378 aut
3348 4339 3524 4394 usque
3549 4325 3622 4379 ad
3650 4323 3767 4395 ple-

2179 4416 2482 4473 nitudinem
2508 4415 2849 4487 pmnitentite
2885 4416 2956 4472 ab
2989 4431 3056 4471 eo
3098 4415 3365 4486 separari.
3411 4414 3767 4472 Abstinentia

2178 4508 2423 4565 ciborum
2451 4508 2504 4562 in
2532 4506 2821 4578 prudentia
2848 4507 2952 4562 erit
2981 4507 3284 4563 sacerdotis
3304 4509 3607 4562 secundum
3630 4522 3767 4580 pos—

2177 4599 2492 4655 sibilitatem
2520 4598 2838 4669 paenitentis
2866 4606 2923 4654 et
2952 4597 3295 4654 devotionem
3324 4607 3381 4653 et
3409 4597 3768 4654 affectionem

2177 4692 2561 4763 laerymarnm.

2246 4784 2498 4839 Mulieres
2528 4800 2648 4854 qute
2682 4784 3022 4841 fornicantur
3055 4793 3112 4840 et
3148 4792 3340 4855 partus
3367 4799 3495 4840 suos
3524 4792 3732 4841 necant
3750 4823 3771 4853 ,

2173 4884 2268 4937 aut
2288 4891 2474 4932 secum
2503 4884 2669 4948 agunt
2690 4884 2754 4931 ut
2775 4884 2932 4932 utero
2958 4884 3251 4946 conceptos
3274 4876 3584 4939 excutiant,
3617 4875 3773 4930 anti-

2173 4985 2281 5043 qua
2320 4968 2540 5038 quidem
2573 4967 2818 5024 definitio
2851 4984 3025 5039 usque
3057 4967 3126 5023 ad
3164 4967 3370 5023 exitum
3403 4967 3528 5022 vita:
3556 4981 3655 5023 eas
3696 4967 3770 5022 ab

2173 5061 2402 5119 ecclesia
2437 5061 2687 5116 removit.
2729 5059 3031 5116 liumanius
3068 5067 3249 5114 autem
3285 5076 3431 5116 nunc
3458 5061 3773 5116 secundum

2172 5152 2443 5225 Ancyrani
2475 5151 2670 5209 concili
2701 5151 3075 5208 definitionem
3103 5152 3293 5208 decem
3324 5168 3591 5209 annorum
3621 5160 3773 5208 tem-

2173 5259 2273 5314 pus
2294 5243 2628 5315 poenitentia:
2650 5242 3066 5310 submittuntur,
3088 5243 3163 5297 ita
3185 5251 3245 5298 ut
3263 5243 3621 5314 quadraginta
3650 5243 3777 5300 die-

2174 5335 2275 5391 bus
2302 5334 2437 5391 foris
2460 5336 2528 5391 ad
2554 5335 2755 5391 ostium
2780 5333 3029 5401 ecclesia:
3053 5346 3244 5403 orent;
3271 5336 3471 5406 quibus
3498 5337 3771 5409 peractis,

2176 5441 2273 5496 per
2294 5436 2814 5498 annorumquatuor
2843 5427 3015 5499 spatia
3047 5443 3077 5482 a
3108 5429 3495 5485 communione
3519 5427 3773 5485 fidelium

2179 5528 2231 5572 et
2259 5519 2593 5575 oblationum
2627 5526 3031 5585 removeantur,
3065 5521 3261 5577 deinde
3292 5521 3345 5575 in
3373 5521 3773 5577 communione

2179 5614 2485 5671 orationum
2532 5622 2761 5685 recepta:
2803 5612 3052 5671 decennii
3101 5622 3310 5685 tempus
3360 5616 3641 5688 impleant,
3711 5624 3775 5673 et
