3998 6182
234 281 323 334 ἓιὸ

1626 297 2083 356 (ΣΑΡΙΤΕΙΑΒΕ.

3357 298 3461 354 2η

231 430 429 494 propter
444 418 845 477 humanitatem
861 415 1245 471 eucharistiam
1270 422 1393 483 post
1412 420 1593 467 actam
1618 412 1790 480 pteni-
1817 415 1865 472 Α
1902 418 2019 463 tum
2048 407 2260 472 fecerit,
2293 408 2573 480 levigetur.
2599 409 2737 465 Dicit
2755 411 2898 466 enim
2921 410 3175 465 Salomon
3201 428 3215 464 :
3263 411 3384 466 Non
3406 429 3465 468 ea

233 515 434 571 tentiam
461 511 751 581 accipiant.
784 510 903 564 Erit
930 516 1110 562 tamen
1139 506 1453 561 tn‘arbitrio
1481 505 1782 560 sacerdotis
1881 499 2101 568 grandis
2125 498 2279 570 culpa
2307 516 2426 555 cum
2449 502 2567 572 quis
2606 501 2813 572 Iuratus
2837 502 3012 571 fuerit.
3046 502 3285 559 Furatar
3324 506 3477 560 enim

231 618 291 658 an
317 610 433 658 ante
458 600 845 673 perfectionem
880 598 1213 669 pmnitentiae
1248 595 1315 651 ad
1348 611 1546 665 corpus
1580 594 1782 650 Christi

231 693 471 748 accedere
498 691 751 753 debeant,
784 689 1079 744 secundum
1101 686 1245 757 quod
1268 686 1470 741 viderit
1502 699 1601 740 eas
1634 698 1782 739 com-

230 792 437 852 puuctas
473 790 531 837 ct
566 782 623 835 in
664 779 924 851 lacrymis
963 785 1311 848 consumptas
1347 783 1402 831 et
1441 774 1781 831 devotionem

231 887 462 942 magnam
499 872 777 927 habentes.
809 869 1066 925 (liberum
1092 868 1420 923 abstinentia
1455 866 1562 921 erit
1599 866 1652 919 in
1691 879 1780 918 sa-

228 966 448 1020 cerdotis
472 963 814 1035 providentia
841 962 1139 1018 secundum
1166 960 1309 1029 quod
1332 974 1428 1014 eas
1455 956 1652 1013 viderit
1672 969 1786 1026 poe-

224 1057 387 1113 nitére
411 1065 467 1111 et
495 1070 594 1124 pro
619 1069 972 1124 personarum
1003 1052 1289 1121 qualitate.

288 1146 474 1200 Mulier
492 1161 618 1214 qua:
641 1145 850 1199 duobus
874 1143 1135 1201 fratribus
1160 1142 1408 1212 nupserit
1433 1139 1596 1210 abiiei
1624 1139 1785 1194 debet

226 1254 383 1309 usque
409 1240 477 1293 ad
503 1239 644 1294 diem
674 1239 889 1293 mortis.
919 1237 1028 1294 Sed
1056 1244 1276 1308 propter
1304 1236 1699 1290 humanitatem
1729 1235 1786 1289 in

223 1331 471 1385 extremis
495 1330 610 1385 suis
636 1328 995 1385 sacramentis
1032 1328 1373 1384 reconciliari
1413 1334 1670 1398 oportet,
1712 1327 1785 1381 ita

224 1428 391 1475 ersten
435 1429 495 1475 nt
536 1420 687 1490 prius
727 1420 969 1475 solvatur
1007 1418 1316 1489 coniugium
1357 1426 1414 1471 et
1454 1423 1671 1471 maneat
1712 1416 1791 1471 in.

221 1518 413 1582 nupta,
456 1520 514 1568 et
552 1513 638 1565 vir
677 1512 795 1582 ejus
833 1509 1040 1581 absque
1074 1508 1436 1565 uxoresimili
1459 1507 1792 1578 pmnitcntize

218 1605 496 1659 subdatur.

280 1693 437 1760 Quod
465 1695 513 1750 si
541 1694 649 1751 duo
673 1692 872 1749 fratres
894 1708 1020 1747 cum
1045 1709 1150 1751 una
1173 1690 1373 1746 femina
1401 1690 1653 1747 fornicati
1681 1688 1793 1745 fue-

1885 600 1942 644 ut
1960 595 2271 647 esurientem
2302 592 2513 663 impleat
2536 596 2787 650 animum.

1954 680 2058 748 Qui
2108 681 2494 753 perinraverit,
2547 674 2798 743 similit'er
2838 695 3041 757 septem
3083 702 3255 745 annos
3289 689 3465 758 poeni-

1885 778 2018 827 teat.

1954 863 2057 930 Qui
2103 863 2299 918 falsum
2329 865 2703 923 testimonium
2733 869 2955 934 dixerit,
2979 876 3036 925 et
3063 866 3181 939 eius
3220 869 3468 926 testium.

1884 954 2033 1010 nium
2054 954 2215 1010 alicui
2242 956 2511 1023 nocuerit,
2538 965 2748 1028 septem
2772 975 2944 1016 annos
2974 962 3258 1032 pmniteat,
3289 961 3361 1016 ita
3388 970 3468 1015 ta-

1887 1059 2011 1100 men
2041 1053 2104 1099 ut
2126 1044 2218 1101 ille
2238 1045 2332 1115 qui
2363 1046 2731 1103 testimonium
2774 1049 2913 1104 dixit
2939 1051 3195 1107 damnum
3223 1052 3473 1108 restituat

1886 1150 2047 1191 omne
2072 1136 2159 1192 eui
2186 1151 2286 1208 per
2324 1152 2482 1193 stium
2512 1137 2711 1194 falsum
2749 1139 3122 1196 testimonium
3154 1140 3356 1199 nocuit.
3405 1141 3473 1198 Et

1889 1235 2016 1283 tunc
2041 1227 2243 1297 poterit
2276 1229 2345 1283 ad
2376 1229 2588 1284 veniam
2614 1243 2716 1299 per
2756 1229 3138 1298 paenitentiam
3167 1232 3469 1302 pervenire.

1891 1317 1948 1372 Si
1979 1327 2160 1374 autem
2204 1320 2308 1375 hoc
2337 1318 2517 1376 facere
2542 1320 2798 1386 noluerit,
2821 1320 2960 1377 sciat
2988 1322 3071 1378 sic
3094 1335 3155 1377 se
3182 1323 3238 1377 in
3270 1337 3472 1378 vanum

1888 1409 2266 1477 pmniteutiam
2289 1425 2469 1482 agere.

1963 1502 2066 1569 Qui
2098 1504 2547 1560 irrationabiliter
2568 1513 2877 1570 versantur,
2907 1506 2974 1561 de
2994 1505 3082 1561 his
3106 1515 3302 1578 agatur
3325 1506 3469 1576 quod

1894 1594 1948 1649 in
1979 1595 2276 1652 canonihus
2291 1596 2598 1651 continetur
2619 1597 2673 1673 in
2700 1597 2854 1652 titulo
2883 1597 2939 1654 in
2974 1614 3083 1669 quo
3128 1596 3320 1654 (ἂι-ποθ
3352 1613 3474 1654 ver-

1893 1684 1962 1740 ba
1991 1693 2139 1751 sunt,
2169 1701 2290 1757 quae
2337 1686 2392 1741 in
2436 1686 2688 1743 Latinum
2743 1702 2900 1743 versa
2951 1697 3080 1744 sunt
3130 1689 3198 1746 de
3246 1689 3474 1746 consilio

214 1786 356 1853 rint,
386 1788 695 1844 nescientes
720 1788 857 1843 alter
878 1787 1103 1842 alterius
1129 1785 1578 1850 fornicationem,
1605 1783 1789 1839 statim
1818 1765 1867 1825 Β
1892 1776 2202 1849 Ancyram,
2232 1793 2351 1849 cap.
2382 1778 2469 1846 16,
2498 1780 2552 1834 in
2583 1795 2691 1851 quo
2734 1794 2900 1837 sensu
2944 1780 3162 1851 triplex.
3214 1782 3321 1839 hoc
3366 1790 3472 1845 εει.

211 1887 269 1931 ut
294 1880 661 1951 cognoverint
684 1878 1002 1934 adulterium
1021 1918 1035 1941 ,
1072 1876 1165 1947 qui
1193 1877 1333 1932 hanc
1356 1875 1522 1930 habet
1544 1888 1790 1938 uxorem,

209 1966 482 2023 dimittat.
510 1968 578 2022 Et
603 1967 691 2022 ille
715 1967 933 2036 quidem
960 1975 1083 2034 post
1109 1973 1287 2020 actam
1315 1964 1688 2035 paenitentiam
1705 2002 1720 2026 ,
1748 1962 1796 2017 si

207 2072 354 2111 uxor
396 2056 657 2111 defuncta
692 2056 886 2121 fuerit,
923 2063 1103 2126 potest
1138 2055 1294 2109 alteri
1330 2052 1562 2119 sociari,
1593 2052 1682 2106 illa
1711 2052 1795 2107 vi-

208 2157 382 2202 vente
415 2162 782 2218 nequaquam.
815 2147 907 2202 illa
939 2163 1068 2203 vero
1095 2161 1370 2217 nunquam
1399 2144 1630 2203 ulterius
1655 2152 1800 2215 pote-

209 2238 276 2291 rit
304 2238 361 2291 in
412 2236 729 2309 coniugium
755 2237 993 2303 assumi,
1014 2247 1069 2293 et
1086 2236 1201 2308 iugi
1224 2237 1554 2308 pmuitenttae
1574 2236 1801 2295 submis-

212 2340 285 2390 sa,
314 2327 386 2380 ad
416 2328 626 2382 exitum
653 2328 779 2382 vita:
803 2328 1202 2384 communionis
1227 2327 1457 2396 gratiam
1479 2326 1760 2396 percipiat.

279 2417 482 2474 Mulier
508 2433 627 2488 qua:
648 2418 924 2474 dormiens
947 2418 1111 2474 lilium
1137 2434 1296 2474 suum
1344 2418 1693 2490 oppresserit,
1744 2427 1799 2475 et

214 2518 463 2563 mortuus
500 2509 683 2576 fuerit,
716 2525 812 2565 sex
853 2526 1024 2567 annos
1052 2511 1330 2580 poeniteat.
1368 2510 1461 2566 Vir
1478 2510 1615 2579 ejus,
1646 2510 1693 2565 si
1738 2512 1795 2567 in

214 2599 367 2654 dotno
406 2599 553 2655 illius
598 2600 787 2666 fuerit,
815 2610 1081 2670 quatuor;
1114 2601 1161 2655 si
1188 2614 1316 2655 vero
1344 2600 1400 2655 in
1425 2616 1533 2656 uno
1560 2600 1701 2656 lecto
1726 2601 1800 2657 si-

214 2688 315 2742 mili
356 2690 526 2744 modo
545 2690 987 2759 pmniteat,,duos
1017 2689 1070 2742 in
1114 2703 1253 2758 pane
1280 2696 1335 2744 et
1364 2704 1528 2759 aqua,
1559 2689 1798 2759 reliquos

215 2790 455 2853 quatuor
481 2783 777 2838 secundum
806 2782 948 2852 quod
972 2785 1225 2856 sacerdos
1249 2782 1370 2838 illos
1394 2782 1588 2838 viderit
1612 2798 1794 2852 posse,

215 2875 281 2929 ita
322 2876 411 2931 eis
460 2875 702 2944 imponat
727 2875 1125 2929 abstinentiam
1155 2874 1423 2929 ciborum.
1459 2872 1720 2929 Similiter
1742 2883 1799 2930 et

213 2964 289 3018 \ir
315 2964 536 3020 habens
562 2978 810 3029 uxorem,
837 2964 883 3018 si
909 2963 1231 3018 adulterium
1256 2963 1667 3034 perpetraverit,
1717 2962 1798 3018 fa-

215 3054 331 3121 ciat,
356 3062 493 3125 post
520 3054 813 3109 triennium
841 3053 1218 3108 communicet.

277 3157 303 3185 ι
320 3115 396 3200 ’έί
424 3142 581 3212 cuius
611 3158 747 3198 uxor
766 3141 1084 3200 adulterium
1107 3142 1521 3212 perpetraverit,
1542 3149 1606 3210 et
1626 3157 1658 3197 a
1678 3141 1797 3196 viro
1821 3115 1867 3176 Ο

217 3238 612 3307 deprehensum
644 3234 806 3290 fuerit
825 3242 879 3289 et
907 3233 1257 3303 publicatum,
1293 3232 1529 3289 dimittat
1548 3245 1796 3296 uxorem,

217 3328 259 3381 si
280 3327 539 3393 voluerit,
566 3335 789 3398 propter
817 3326 1254 3389 fornicationem.
1294 3323 1390 3378 illa
1436 3339 1565 3378 vero
1605 3338 1801 3378 secun-

220 3418 333 3474 dum
361 3418 520 3490 quod
552 3419 802 3488 superius
843 3416 1107 3473 inscrtum
1138 3422 1222 3471 est
1248 3420 1373 3482 agat
1400 3411 1798 3482 paenitentiam.

223 3510 309 3565 Vir
345 3527 485 3568 vero
540 3510 658 3581 eius
682 3510 773 3565 illa
810 3510 1028 3564 vivente
1075 3506 1383 3562 nullatenus
1411 3503 1610 3561 habeat
1637 3503 1804 3558 licen-

222 3602 337 3658 tiam
382 3604 556 3658 aliam
600 3601 801 3658 ducere
846 3616 1091 3657 uxorem.
1138 3598 1248 3654 Ant
1290 3598 1336 3653 si
1366 3596 1620 3663 voluerit,
1654 3595 1807 3651 adul-

220 3701 385 3751 teram
434 3696 541 3751 sibi
568 3682 918 3751 reconciliare
956 3693 1230 3748 licentiam
1256 3691 1476 3756 habeat,
1502 3689 1578 3745 ita
1625 3696 1801 3745 tamen

221 3795 275 3839 ut
300 3786 513 3855 pariter
546 3801 671 3840 cum
719 3784 812 3839 illa
835 3792 891 3839 et
923 3784 1299 3855 paenitentiam
1327 3789 1480 3854 agat,
1513 3789 1570 3836 et
1607 3787 1800 3839 exacta

222 3878 539 3945 pmnitentia
571 3876 641 3931 ad
681 3874 1074 3930 communionis
1101 3874 1353 3944 gratiam,
1377 3871 1518 3929 sicut
1554 3870 1801 3941 superius

221 3965 447 4025 habetur
474 3969 739 4023 insertum
780 3966 1062 4022 accedant.
1096 3964 1300 4019 Similis
1327 3963 1501 4020 forma
1527 3970 1581 4017 et
1605 3963 1660 4017 iu
1684 3978 1802 4020 utu-

222 4054 341 4113 lierc
377 4059 712 4114 servabitur.
756 4056 815 4113 Si
842 4058 925 4112 vir
953 4057 1069 4128 ejus
1096 4071 1215 4112 eam
1264 4054 1665 4120 adulteraverit,
1705 4055 1801 4111 ba-

221 4147 336 4204 beat
362 4158 697 4221 potestatem
722 4148 1029 4203 dimittendi
1050 4146 1228 4201 virum
1254 4153 1471 4216 prepter
1492 4143 1802 4201 fornicatio-

222 4254 357 4306 nem,
386 4247 610 4295 maneat
634 4240 858 4309 innupta
885 4235 1123 4308 quandiu
1149 4236 1234 4291 vir
1267 4232 1383 4303 eius
1415 4234 1642 4299 vixerit;
1674 4235 1800 4304 quia

220 4343 315 4386 nec
343 4331 438 4386 ille
472 4330 641 4387 habet
664 4335 987 4398 potestatem
1017 4325 1266 4395 accipere
1316 4324 1475 4379 aliam
1504 4325 1676 4394 prima
1721 4326 1802 4381 vi-

1895 1869 1962 1923 de
1996 1870 2082 1925 his
2115 1871 2207 1940 qui
2231 1885 2355 1927 cum
2370 1875 2669 1942 pecoribus
2697 1874 2981 1931 commixti
3021 1882 3169 1941 sunt,
3210 1883 3268 1930 ct
3293 1874 3362 1932 de
3388 1875 3476 1931 his

1894 1961 1990 2031 qui
2038 1975 2190 2017 more
2222 1977 2476 2033 pecorum
2525 1965 2733 2021 incesta
2773 1965 3172 2022 commiserunt
3197 1979 3323 2021 cum
3348 1979 3479 2022 con-

1897 2053 2228 2125 sanguineis,
2252 2063 2307 2109 et
2335 2055 2404 2110 de
2444 2057 2533 2112 his
2576 2058 2669 2127 qui
2721 2074 2844 2113 cum
2876 2056 3138 2114 masculis
3166 2055 3476 2114 concubue-

1898 2153 2047 2199 runt.
2086 2144 2363 2217 Quotquot
2407 2147 2572 2218 igitur
2617 2156 2745 2203 ante
2786 2134 3107 2221 vigesimum
3151 2147 3331 2204 astatis
3371 2164 3491 2203 sum

1897 2250 2099 2291 annum
2130 2236 2235 2293 tale
2269 2238 2479 2293 crimen
2508 2238 2850 2306 admiserint,
2896 2238 3203 2310 quindecim
3232 2239 3390 2295 annis
3426 2240 3487 2295 in

1874 2328 2217 2398 poenitentia
2240 2330 2474 2395 exactis,
2493 2329 2830 2387 orationibus
2852 2337 3057 2386 tantum
3078 2329 3340 2403 incipiant
3361 2345 3482 2401 par-

1896 2420 2129 2491 ticipari,
2170 2429 2226 2477 et
2272 2420 2329 2475 in
2370 2420 2742 2492 quinquennio
2787 2421 2961 2477 altero
3002 2420 3056 2477 in
3101 2421 3481 2478 communione

1896 2494 2128 2582 simplici
2152 2512 2532 2583 perdurantes,
2558 2522 2679 2585 post
2712 2514 3030 2584 vigesimum
3060 2530 3181 2571 cum
3208 2513 3479 2571 oblatione

1899 2603 1967 2659 ad
1988 2605 2423 2661 communionem
2452 2605 2837 2675 suscipiantur.
2867 2604 3203 2662 Discutiatur
3224 2612 3404 2661 autem
3428 2614 3482 2660 ct

1897 2696 2009 2750 vita
2053 2710 2242 2751 eorum
2284 2711 2405 2766 qum
2449 2695 2613 2751 fuerit
2658 2703 2902 2768 tempore
2930 2696 3286 2767 pmnitentlaa,
3326 2705 3379 2753 et
3409 2697 3481 2752 ita

1899 2787 2043 2842 banc
2068 2786 2461 2843 humanitatem
2491 2793 2913 2857 consequantur.
2956 2784 3110 2855 Quod
3143 2788 3191 2843 si
3237 2788 3330 2860 qui
3357 2802 3479 2859 per-

1898 2887 2215 2934 severantes
2242 2880 2297 2933 in
2324 2879 2456 2949 ipsis
2479 2878 2815 2941 criminibus,
2839 2876 3102 2949 prolixius
3144 2885 3358 2951 tempus
3386 2880 3481 2934 lia-

1897 2968 2061 3024 beant
2082 2971 2481 3038 submissionis,
2507 2979 2561 3027 et
2584 2971 2718 3028 tales
2737 2972 3013 3042 nunquam
3031 2978 3285 3043 poterunt
3308 2973 3375 3027 ad
3399 2987 3481 3027 sa-

1896 3063 2200 3119 cerdotium
2246 3064 2495 3135 provehi.
2527 3062 2805 3134 Quotquot
2845 3072 3037 3120 exacta
3083 3062 3273 3135 viginti
3314 3078 3481 3118 anno-

1900 3169 2021 3208 rum
2050 3163 2212 3209 mtate
2255 3162 2311 3209 et
2340 3156 2414 3210 illi
2442 3155 2537 3226 qui
2574 3169 2773 3211 uxores
2798 3155 3001 3211 habent
3043 3154 3101 3211 in
3130 3156 3250 3212 hmo
3274 3154 3483 3211 scelera

1902 3243 2208 3307 inciderint,
2234 3244 2424 3314 viginti
2472 3245 2713 3314 quinque
2737 3244 2899 3300 annis
2922 3245 3240 3314 pmnitentia
3265 3252 3386 3301 acta
3414 3246 3485 3300 ad

1878 3333 2336 3386 communionem
2385 3333 2722 3388 solummodo
2772 3334 3080 3387 orationum
3130 3332 3505 3403 recipiantur,‘

1904 3420 2076 3474 altero
2124 3434 2256 3473 vero
2281 3421 2652 3489 quinquennio
2696 3421 3057 3490 perdurantes
3106 3422 3321 3492 plenam
3360 3434 3493 3477 cum

1903 3508 2178 3565 oblatione
2208 3508 2476 3577 recipiant
2525 3509 2982 3564 communionem.
3010 3508 3165 3578 Quod
3194 3510 3240 3566 si
3286 3526 3489 3569 uxores

1903 3600 2167 3656 habentes
2195 3607 2252 3654 et
2274 3598 2597 3655 excedentes
2624 3598 3127 3670 quinquagesimum
3155 3613 3268 3656 sua:
3310 3602 3489 3658 uitatis

1902 3704 2102 3745 annum
2143 3690 2197 3745 in
2238 3689 2325 3745 his
2372 3687 2739 3760 peccaverint,
2771 3689 2841 3745 ad
2880 3690 3086 3746 exitum
3118 3691 3244 3747 vita:
3274 3699 3481 3749 tantum

1902 3780 2336 3836 communionem
2387 3787 2716 3836 mereantur.
2744 3780 2811 3835 iii
2840 3793 2972 3836 vero
3002 3782 3096 3853 qui
3151 3782 3293 3839 sicut
3332 3788 3481 3839 muta

1900 3870 2154 3925 vixerunt
2187 3869 2463 3937 animalia,
2488 3879 2547 3926 et
2579 3886 2648 3935 se
2669 3881 2727 3928 et
2750 3872 2888 3929 alios
2927 3872 3231 3946 huiusmodi
3271 3875 3495 3947 peccati.

1900 3961 2082 4016 scabie
2101 3961 2623 4029 contaminaverunt,
2670 3963 2725 4018 id
2742 3971 2845 4029 est,
2873 3964 2928 4018 in
2955 3966 3385 4039 consanguineis,
3425 3966 3499 4021 in,

1901 4053 2214 4121 pecudibus,
2252 4053 2310 4108 in
2343 4053 2619 4120 masculis,
2643 4062 2849 4111 statuto
2880 4063 3125 4126 tempore
3148 4057 3485 4126 pmnitentim

1900 4162 2008 4201 non
2040 4147 2181 4203 inter
2211 4147 2346 4203 alios
2373 4162 2537 4218 quam
2559 4147 2702 4201 inter
2722 4162 2819 4203 eos
2842 4154 2993 4203 stare
3015 4155 3071 4203 et
3092 4162 3256 4204 orare
3279 4148 3501 4206 debere-

1902 4237 1996 4307 qui
2044 4245 2364 4307 tempestate
2410 4238 2646 4292 lunatica
2680 4237 2962 4307 iactantur
3004 4237 3124 4292 elisi
3172 4238 3239 4292 ad
3277 4246 3499 4296 terram-

1904 4329 2095 4399 spiritu
2121 4329 2398 4383 immundo
2435 4329 2639 4392 vexati,
2670 4328 2853 4393 idest,
2905 4343 3032 4384 cum
3075 4330 3498 4400 energumenis-

221 4434 397 4492 vente,
430 4441 535 4481 nec
576 4423 666 4479 illa
703 4422 869 4477 alium
901 4421 1081 4479 virum
1131 4418 1331 4477 ducere
1388 4416 1602 4472 vivente
1624 4417 1802 4473 adhuc
1826 4454 1880 4515 Β
1907 4418 2059 4473 Sicut
2096 4426 2273 4471 autem
2297 4416 2418 4487 plus
2445 4416 2805 4475 abominabile
2853 4417 3070 4473 misceri
3094 4433 3216 4473 eum
3235 4420 3505 4489 iumento.

218 4515 412 4584 primo.
436 4514 653 4571 Habent
674 4521 854 4568 tamen
880 4518 1203 4583 potestatem
1244 4508 1563 4577 semctipsos
1605 4520 1799 4563 recon—

216 4607 429 4662 ciliare.

285 4697 481 4768 Siqua
526 4696 722 4754 mulier
755 4710 862 4752 non
909 4694 1116 4749 habens
1164 4692 1378 4755 virum,
1418 4697 1511 4745 aut
1559 4689 1645 4745 vir
1696 4703 1801 4743 non

218 4787 424 4843 habens
442 4801 696 4852 uxorem,
723 4784 973 4845 fornicati
996 4781 1219 4847 fuerint,
1242 4781 1481 4851 quinque
1504 4794 1674 4841 annos
1692 4794 1805 4849 pm-

216 4882 449 4936 niteant.

283 4974 443 5043 Quod
464 4973 512 5028 si
534 4972 623 5026 vir
639 4956 751 5025 non
777 4969 983 5024 habens
1013 4980 1239 5023 uxorem
1268 4979 1391 5023 cum
1414 4962 1638 5019 alterius
1662 4974 1798 5015 uxo-

220 5078 277 5118 re
326 5060 743 5125 adulteraverit,
781 5066 876 5113 aut
907 5058 950 5114 si
985 5053 1304 5127 qua'mnlier
1349 5070 1457 5115 non
1485 5054 1691 5111 habens
1723 5051 1803 5119 vi-

217 5168 337 5208 rum
364 5170 491 5209 cum
513 5152 743 5210 alterius
757 5149 877 5209 viro
897 5149 1294 5213 adnlteraverit,
1311 5147 1520 5209 adulter
1530 5146 1636 5202 erit
1653 5153 1804 5199 uter-

214 5260 344 5313 que,
372 5253 430 5301 et
454 5244 755 5300 secundum
776 5244 920 5313 quod
941 5241 1188 5312 superius
1208 5239 1514 5299 continetur
1536 5236 1801 5292 inscrtum

212 5336 592 5403 penitentiam
634 5341 821 5407 agant.

286 5426 519 5483 Furtum
560 5428 608 5483 si
657 5427 782 5498 quis
826 5426 1038 5492 fecerit,
1079 5433 1285 5494 septem
1312 5437 1486 5478 annos
1517 5420 1793 5491 pmniteat.

213 5527 329 5572 tres
364 5517 414 5572 in
435 5532 579 5590 pane
603 5526 659 5573 et
680 5532 841 5588 aqua.
871 5517 1176 5573 Secundum
1206 5514 1333 5570 furti
1363 5512 1695 5583 qualitatem,
1724 5512 1795 5567 ita

211 5620 267 5662 et
298 5614 493 5683 modus
518 5610 631 5667 erit
659 5609 1012 5680 pauitantia.
1040 5607 1098 5663 Si
1135 5622 1230 5678 per
1263 5603 1641 5660 necessitatem
1690 5600 1799 5657 fur-

282 5733 311 5761 ι
336 5719 540 5776 Concil.
583 5720 841 5786 Nannet,
863 5732 979 5788 cap.
1016 5716 1098 5769 i2.

1904 4522 2068 4578 quam
2124 4523 2247 4562 cum
2308 4506 2551 4561 masculo
2581 4547 2596 4571 ,
2644 4507 2718 4561 ita
2774 4508 2897 4577 plus
2949 4508 3317 4567 irrationabilc
3373 4512 3503 4568 eri--

1906 4614 2031 4654 men
2060 4612 2184 4653 cum
2230 4596 2474 4655 masculo
2508 4612 2671 4667 quam
2725 4612 2849 4653 cum
2899 4598 3146 4655 muliere.
3184 4599 3317 4656 Cum
3351 4617 3483 4659 con-

1908 4690 2206 4760 sanguinea
2266 4696 2323 4743 et
2369 4703 2492 4743 cum
2548 4687 2947 4744 sanctimoniali
3003 4703 3233 4759 peccare
3272 4693 3481 4763 aequale

1906 4782 2144 4838 crimen.
2207 4780 2263 4837 id
2327 4780 2416 4834 lex
2470 4778 2639 4852 Moysi
2701 4790 2874 4837 morte
2934 4782 3076 4837 mori
3127 4780 3351 4854 iudicat.
3411 4787 3480 4843 Et

1907 4886 2032 4927 cum
2085 4872 2332 4943 iumento
2391 4878 2449 4926 et
2500 4871 2743 4927 masculo
2787 4881 2842 4928 et
2892 4889 3016 4929 cum
3073 4879 3475 4951 consanguinea

1901 4971 2173 5019 coeuntes.

1971 5051 2202 5122 IEquale
2231 5060 2412 5109 autem
2437 5052 2643 5109 crimen
2676 5051 2931 5110 feminam
2964 5070 3087 5111 cum
3130 5054 3330 5113 femina
3354 5072 3477 5128 per,

1903 5158 2030 5199 care
2066 5143 2207 5201 sicut
2243 5142 2546 5200 masculum
2573 5158 2696 5199 cum
2719 5145 2979 5212 masculo,
3025 5153 3084 5202 et
3109 5148 3333 5218 aqualis
3355 5161 3477 5202 esse

1902 5234 2064 5291 debet
2110 5235 2452 5305 poenitentia.
2496 5236 2573 5291 De
2620 5235 2817 5291 talibus
2862 5236 2937 5293 ait
2975 5236 3304 5307 Apostolus:
3332 5233 3475 5286 Nam

1902 5326 2112 5396 femina:
2135 5342 2316 5383 eorum
2332 5327 2735 5381 immutaverunt
2765 5325 3062 5381 naturalem
3087 5342 3240 5383 usum
3272 5324 3328 5376 ἐκ
3355 5337 3475 5374 σωκ

1902 5438 2057 5476 usum
2100 5420 2190 5492 qui
2235 5429 2420 5476 contra
2449 5428 2699 5474 naturam
2729 5429 2825 5474 est.
2859 5418 3119 5476 Similiter
3138 5426 3186 5471 et
3230 5414 3474 5478 masculi,

1901 5511 2081 5567 relicto
2111 5509 2345 5565 naturali
2371 5526 2471 5564 usu
2503 5509 2750 5578 femineo,
2779 5516 3085 5563 exarserunt
3114 5506 3167 5559 in
3201 5503 3474 5560 desideriis

1901 5603 2011 5657 suis
2050 5603 2289 5668 invicem,
2313 5599 2534 5657 masculi
2566 5600 2618 5653 in
2644 5598 2906 5653 masculos
2931 5594 3304 5665 turpitudinem
3349 5612 3481 5662 opem
