3998 6182
422 156 531 218 9.55

1432 163 1822 221 THEODULFI
1860 160 2412 219 AURELIANENSIS
2450 166 2664 221 EPISC.

3573 170 3681 227 216

429 283 623 330 rantes.
644 272 799 344 Quod
829 284 1007 330 autem
1032 290 1192 344 supra
1223 275 1457 330 diximus
1484 275 1551 330 de
1574 276 1659 331 his
1686 283 1879 345 agatur
1901 273 1993 344 qui
2031 278 2071 334 Α
2099 290 2160 329 re
2188 275 2379 331 debeat
2405 277 2587 333 abillo
2616 279 2938 346 ministerio,
2965 297 3035 336 an
3062 296 3390 352 permanens
3406 286 3578 354 possit
3600 287 3680 342 di-

425 365 639 434 publice
687 366 755 422 ad
791 364 1181 427 confessionem
1203 365 1446 419 venerint
1488 373 1543 421 et
1568 365 1779 436 publice
1822 364 1997 436 poeni-

412 456 656 513 ~tentiam
675 456 903 527 egerint.
928 455 1079 522 Quod
1116 456 1161 511 si
1185 454 1394 510 occulte
1420 463 1602 511 actum
1652 464 1755 521 est,
1803 464 1859 511 et
1906 470 2000 511 oc—

426 547 573 603 culte
599 546 668 601 ad
713 545 1047 602 sacerdotem
1099 546 1369 611 venerint,
1409 554 1464 602 et
1491 562 1680 616 puram
1704 545 1998 602 confessio-

429 651 551 693 nem
598 634 844 702 fecerint,
897 635 1107 692 occulte
1154 636 1420 706 pmniterc
1472 637 1768 691 secundum
1821 638 1999 693 aetatis

426 727 642 783 modum
665 726 808 796 quod
826 727 1078 796 superius
1099 727 1427 791 continetur,
1454 728 1529 782 ita
1562 728 1812 782 videlicet
1851 736 1911 782 ut
1953 728 1999 782 si

423 829 548 876 ante
570 818 885 889 vigesimum
907 832 1109 873 annum
1129 826 1223 874 aut
1242 832 1340 889 per
1361 819 1726 889 ignorantiam
1744 819 1849 874 hoc
1867 818 1995 890 egit,

423 918 517 963 aut
539 908 677 963 forte
697 906 981 979 ignorabat
1006 921 1113 962 non
1139 907 1247 962 tale
1277 923 1399 963 esse
1426 908 1657 972 crimen,
1678 907 1852 962 levius
1871 922 1996 978 erga

422 1001 572 1054 illum
600 999 894 1070 agendum,
935 1007 991 1055 et
1028 999 1134 1054 hoc
1158 999 1215 1053 in
1243 1000 1541 1056 sacerdotis
1567 999 1823 1069 pendebit
1851 998 1999 1052 arbi-

422 1090 547 1145 trio.
578 1089 859 1145 Discutere
881 1088 1039 1143 debet
1064 1088 1296 1157 qualiter
1318 1088 1375 1143 in
1397 1089 1501 1145 hoc
1545 1090 1722 1144 scelus
1748 1089 1999 1157 delapsus

418 1183 510 1250 sit,
538 1191 637 1238 aut
672 1197 834 1253 quam
862 1182 1094 1253 longiori
1140 1190 1384 1253 tempore
1408 1183 1463 1238 in
1488 1184 1592 1240 hoc
1632 1184 1837 1240 scelere
1879 1198 2002 1238 ver—

420 1283 571 1329 satus
600 1274 703 1339 sit;
739 1282 795 1328 et
818 1273 1114 1329 secundum
1138 1275 1282 1344 quod
1316 1275 1383 1330 ab
1411 1275 1502 1330 illo
1541 1275 1848 1331 confessum
1885 1274 1999 1331 fue-

424 1365 517 1430 rit,
539 1364 615 1419 ita
642 1363 723 1419 illi
765 1364 959 1419 modus
987 1364 1315 1434 poenitentite
1364 1365 1706 1421 adhibeatur.
1735 1364 1999 1421 Videlicet

421 1455 469 1510 si
495 1469 594 1524 per
614 1454 972 1527 ignorantiam
1014 1455 1119 1510 hoc
1161 1455 1272 1527 egit
1315 1455 1482 1510 semel
1515 1463 1612 1511 aut
1642 1455 1750 1520 bis,
1792 1454 1847 1509 id
1893 1461 1995 1521 est,

420 1566 546 1606 cum
570 1549 834 1616 masculo,
858 1564 989 1607 cum
1013 1550 1279 1619 jumento,
1323 1557 1379 1605 et
1422 1564 1543 1604 cum
1578 1547 1996 1617 consanguinea,

2096 381 2259 436 gnam
2306 366 2733 424 satisfactionem
2777 371 3005 428 Domino
3041 372 3238 429 exinde
3261 373 3444 429 facere
3475 392 3489 429 :
3524 375 3678 443 Quod

2097 458 2141 511 si
2172 456 2261 511 ille
2281 472 2339 512 se
2366 457 2619 528 lacrymis
2638 467 2694 513 et
2717 461 3054 518 Orationibus
3077 463 3422 519 devotissime
3437 466 3679 534 quotidie

2097 545 2290 601 laverit
2324 557 2380 602 et
2424 547 2890 619 eleemosynarum
2930 551 3267 607 exhibitione
3306 562 3531 623 peccata
3576 571 3677 611 sua

2095 636 2441 705 exstinguere
2481 639 2784 704 curaverit,
2817 639 2862 695 si
2891 640 3164 695 occultum
3201 650 3306 708 est,
3357 644 3557 713 poterit
3584 660 3680 700 oc-

2097 725 2239 781 culte
2265 728 2319 780 in
2350 742 2449 783 suo
2490 742 2818 796 permanens
2861 731 3030 800 gradu
3079 747 3242 802 agere
3269 712 3673 802 paenitentiam.

2097 814 2535 875 Fornicationem
2565 819 2610 872 si
2639 827 3052 888 perpetravertt,
3075 821 3266 876 eodem
3288 824 3450 876 modo
3475 837 3676 893 purga—

2098 907 2243 962 litur
2277 916 2479 978 septem
2510 910 2688 963 annis.
2716 909 2774 964 Si
2800 926 2929 965 vero
2957 912 3303 977 sodomitice,
3340 913 3393 968 id
3416 921 3522 979 est,
3552 929 3679 968 cum

2099 1000 2342 1057 masculo
2368 1001 2639 1073 collapsus
2659 1002 2750 1069 sit,
2780 1001 2970 1057 eodem
3009 1002 3170 1058 modo
3208 1002 3276 1057 15
3307 1003 3467 1059 annis
3491 1004 3681 1073 expia-

2098 1091 2264 1146 bitur.

2171 1181 2374 1240 Similis
2397 1182 2569 1237 forma
2598 1190 2655 1238 et
2692 1183 2759 1239 de
2787 1183 3030 1240 diaconis
3058 1192 3116 1239 et
3140 1185 3208 1240 de
3240 1185 3329 1240 his
3356 1184 3449 1255 qui
3490 1185 3546 1239 in
3586 1199 3677 1240 sa-

2101 1272 2211 1329 cris
2227 1273 2507 1328 ordinibus
2527 1274 2809 1329 constituti
2837 1283 2964 1330 sunt
2982 1274 3340 1341 observanda,
3391 1276 3466 1330 ita
3493 1276 3683 1331 videli-

2100 1371 2189 1417 cet
2217 1371 2277 1417 ut
2329 1363 2589 1420 diaconus
2634 1373 2843 1436 septem
2869 1366 3028 1422 annis
3057 1367 3318 1435 pmniteat
3343 1380 3442 1436 pro
3470 1365 3680 1421 adulte-

2102 1454 2202 1516 rio,
2236 1469 2334 1524 pro
2358 1452 2716 1510 fornicatione
2744 1471 2874 1512 vero
2902 1457 3139 1526 quinque
3175 1457 3355 1522 annis,
3395 1470 3496 1527 pro
3520 1457 3681 1512 sodo-

2102 1545 2287 1600 mitico
2324 1545 2511 1600 decem
2556 1546 2734 1611 annis,
2775 1562 2875 1616 pro
2920 1547 3184 1602 adulterio
3227 1546 3464 1616 quinque
3498 1545 3679 1611 annis,

420 1644 606 1699 statim
633 1658 758 1699 cum
785 1612 1093 1713 cognoverit
1112 1643 1217 1697 hoc
1246 1612 1409 1714 grave
1432 1657 1553 1697 esse
1573 1642 1747 1697 scelus
1771 1612 1993 1705 dimisit,
2026 1612 2074 1673 Β
2100 1650 2199 1705 pro
2226 1634 2581 1692 fornicatione
2607 1612 2981 1705 annis'tribus,
3006 1654 3104 1709 pro
3125 1612 3445 1694 sodomitico
3470 1650 3679 1709 septem

420 1746 482 1792 ut
501 1736 787 1793 humanius
807 1735 1110 1807 loquamur,
1142 1744 1347 1805 septem
1384 1750 1553 1790 annos
1589 1734 1871 1804 paeniteat,
1904 1732 1998 1787 tri-

422 1828 522 1882 bus
574 1826 844 1882 abstineat
879 1840 913 1880 a
964 1842 1160 1893 carne,
1196 1834 1252 1881 et
1285 1842 1427 1881 anno
1465 1842 1570 1881 non
1601 1827 1994 1892 communicet,

421 1931 521 1972 nec
545 1915 614 1970 ad
654 1915 831 1986 ipsum
870 1915 1013 1972 diem
1063 1916 1306 1982 Paschte,
1338 1931 1439 1971 nec
1483 1914 1703 1979 offerat,
1748 1923 1804 1969 et
1849 1915 1996 1970 omni

421 2021 482 2063 se
506 2015 689 2062 mente
710 2005 978 2076 subjiciat,
1002 2014 1065 2061 ut
1090 2007 1314 2078 spiritus
1339 2007 1521 2063 salvus
1547 2007 1641 2062 ﬁat
1663 2008 1718 2061 in
1757 2008 1843 2063 die
1892 2008 1998 2063 Do-

421 2095 587 2162 mini,
630 2103 964 2166 cteterosque
1006 2096 1299 2152 secundum
1340 2095 1559 2152 modum
1601 2095 1909 2168 fragilitatis
1941 2096 1997 2151 in

422 2184 651 2241 arbitrio
696 2184 998 2243 sacerdotis
1040 2186 1204 2243 faciat
1240 2187 1297 2242 in
1352 2187 1681 2243 abstinentia
1728 2187 1995 2242 ciborum.

423 2275 577 2343 Quod
610 2275 656 2332 si
683 2275 914 2349 longiori
945 2284 1186 2348 tempore
1210 2278 1266 2334 in
1308 2278 1413 2335 hoc
1454 2279 1686 2335 crimine
1728 2286 1994 2344 versatus,

421 2368 473 2420 et
499 2373 785 2435 postquam
823 2366 976 2421 novit
1020 2357 1148 2423 illud
1176 2366 1353 2423 scelus
1377 2383 1627 2440 magnum
1655 2382 1777 2424 esse
1808 2384 2000 2439 pecca-

424 2463 537 2510 tum
563 2456 945 2523 commonitus,
974 2456 1170 2513 iterum
1189 2465 1355 2528 atque
1380 2457 1573 2513 iterum
1595 2459 1697 2515 hoc
1717 2468 1998 2529 perpetra-

356 2618 363 2623 ῃ
422 2549 523 2615 vit,
550 2548 693 2605 sicut
712 2550 960 2620 superius
989 2552 1296 2607 continetur
1317 2553 1578 2609 insertum
1601 2554 1674 2609 ita
1695 2553 1992 2625 pcenitebit.

422 2639 664 2696 Primum
704 2641 943 2712 quinque
983 2643 1141 2699 annis
1180 2643 1251 2699 ab
1299 2644 1449 2702 omni
1493 2645 1870 2701 communione
1913 2658 2000 2700 se-

425 2740 700 2804 gregatus,
738 2743 861 2804 post
888 2735 1011 2792 illos
1061 2736 1375 2807 quindecim
1409 2752 1584 2794 annos
1634 2752 1742 2792 non
1779 2736 1995 2804 oﬂ'erat,

424 2838 534 2879 non
592 2825 956 2907 communicet
981 2826 1049 2881 ad
1087 2827 1410 2897 orationem,
1455 2843 1577 2884 cum
1605 2828 1816 2884 czeteris
1842 2827 2000 2884 Chri-

2097 1728 2274 1784 annis.
2309 1726 2616 1783 Secundum
2644 1728 2895 1799 praefixos
2918 1730 3115 1799 gradus
3141 1744 3311 1799 usque
3342 1731 3411 1785 ad
3430 1730 3679 1784 ultimum

2096 1822 2322 1891 gradum
2340 1820 2772 1879 ecclesiasticum
2793 1821 3134 1877 observantia
3158 1822 3281 1878 talis
3295 1823 3579 1877 habeatur.
3598 1821 3679 1877 Ne

2097 1913 2220 1981 quis
2249 1919 2431 1967 autem
2476 1922 2783 1969 seexcuset
2811 1914 3156 1970 sacerdotum
3200 1929 3269 1968 ex
3314 1912 3548 1984 ecquod
3598 1912 3680 1966 ait

2094 2002 2294 2061 Paulus
2318 2004 2623 2074 apostolus:
2650 2003 2876 2076 Propter
2898 2006 3297 2076 fornicationem
3322 2014 3495 2060 autem
3514 2020 3681 2059 unus-

2094 2097 2313 2168 quisque
2353 2112 2572 2153 uzorem
2606 2096 2818 2163 habeat,
2846 2098 3020 2153 sciant
3049 2097 3134 2152 his
3176 2104 3384 2151 tantum
3426 2111 3545 2151 esse
3591 2095 3679 2150 di-

2097 2197 2242 2246 ctum
2279 2189 2371 2260 qui
2415 2191 2473 2245 in
2512 2189 2691 2246 laicali
2734 2190 2924 2246 ordine
2970 2189 3252 2246 constituti
3296 2195 3441 2254 sunt,
3472 2187 3554 2241 vel
3585 2187 3680 2265 qui

2099 2282 2328 2338 necdum
2356 2284 2424 2337 ad
2462 2283 2905 2339 subdiaconatum
2933 2288 3300 2337 accesserunt.
3328 2278 3484 2335 Nullo
3517 2278 3680 2333 modo

2097 2373 2242 2428 enim
2264 2372 2331 2428 ad
2352 2373 2795 2428 subdiaconatum
2814 2373 3135 2443 permittunt
3160 2385 3394 2426 canones
3421 2369 3680 2425 accedere

2098 2466 2204 2523 nisi
2229 2480 2324 2522 eos
2351 2465 2443 2537 qui
2481 2474 2794 2535 perpetuam
2828 2464 3218 2520 continentiam
3254 2465 3519 2519 castitatis
3545 2478 3678 2533 pro-

2101 2556 2351 2614 miserint
2379 2572 2440 2613 se
2494 2555 2749 2625 deinceps
2795 2562 3129 2611 servaturos.
3180 2553 3315 2609 Nam
3368 2552 3680 2609 sacerdotes

2098 2648 2405 2706 Iudaeorum
2428 2663 2459 2703 a
2488 2647 2716 2703 Domino
2737 2646 2875 2716 jussi
2901 2657 3028 2703 sunt
3064 2661 3161 2716 per
3202 2645 3438 2717 Moysem
3478 2644 3680 2699 ducere

2101 2754 2319 2806 uxores,
2351 2739 2493 2794 etde
2516 2738 2661 2793 nulla
2692 2738 2835 2793 tribu
2864 2738 2968 2793 nisi
3014 2737 3082 2792 de
3113 2737 3241 2792 Levi
3269 2736 3471 2793 ﬁebant
3495 2751 3682 2792 sacer-

2100 2833 2275 2900 dotes,
2305 2840 2366 2886 ut
2409 2830 2694 2903 progenies
2717 2845 2824 2884 una
2854 2827 3218 2885 custodiretur
3240 2841 3339 2897 per
3377 2824 3679 2883 successio-

423 2913 618 2970 stianis
652 2913 707 2970 in
736 2915 1020 2972 ecclesiam
1050 2932 1159 2974 non
1183 2918 1377 2986 intret;
1412 2920 1608 2989 quibus
1628 2921 1852 2983 exactis,
1881 2928 1997 2975 tan-
2024 2959 2069 3021 Ο
2101 2940 2244 2980 nem.

426 3013 541 3061 tum
580 3006 649 3061 ad
679 3008 1110 3065 communionem
1133 3010 1399 3067 orationis
1422 3012 1765 3082 suscipiatur.
1792 3011 1995 3068 Deinde

426 3098 480 3152 in
510 3099 833 3170 pcenitentia
874 3100 1061 3173 viginti
1089 3103 1249 3159 annis
1271 3103 1516 3174 expletis,
1560 3104 1607 3160 si
1632 3106 1769 3161 bene
1789 3112 1845 3160 et
1872 3121 1996 3160 cum

419 3187 679 3262 lacrymis
700 3198 912 3269 etcum
957 3193 1104 3248 omni
1138 3193 1424 3250 devotione
1467 3195 1836 3265 pmnitentiam
1862 3196 1994 3266 egit,

418 3281 488 3335 ad
508 3280 725 3350 plenam
752 3285 1190 3342 communionem
1209 3293 1267 3341 et
1294 3286 1789 3343 reconciliationem
1826 3288 1999 3343 susci-

420 3372 621 3441 piatur.
677 3372 941 3432 Similiter
986 3384 1043 3432 et
1088 3377 1157 3433 de
1207 3378 1420 3434 caeteris
1456 3380 1787 3449 temporibus
1833 3395 1996 3450 supra

418 3464 639 3523 insertis
670 3466 1086 3525 observandum.
1128 3468 1211 3536 Si,
1249 3472 1390 3540 quod
1419 3472 1577 3535 absit,
1610 3472 1664 3525 in
1706 3472 1840 3527 locis
1869 3488 1998 3527 san-

415 3555 520 3611 ctis
560 3555 671 3613 tale
719 3557 925 3612 crimen
952 3558 1257 3636 admiserit
1312 3560 1527 3629 aliquis,
1558 3561 1859 3630 duplicetur
1918 3562 1995 3617 illi

421 3646 761 3716 pmoitentia.
808 3645 1047 3703 Vocatur
1093 3657 1278 3706 autem
1328 3651 1386 3705 in
1443 3649 1738 3720 Scripturis
1789 3653 1993 3712 crimen

417 3737 717 3807 pessimum
743 3745 853 3794 tam
876 3738 943 3795 de
970 3739 1218 3810 iumento
1260 3756 1424 3812 quam
1449 3743 1516 3798 de
1564 3743 1805 3800 masculo
1832 3760 1995 3815 quam

415 3828 485 3883 de
510 3828 929 3897 consanguinea.
964 3828 1202 3887 Vocatur
1229 3840 1409 3888 autem
1430 3832 1487 3888 in
1527 3833 1727 3890 mundo
1764 3835 1997 3891 immun-

412 3920 549 3976 ditia
574 3919 659 3976 vel
702 3920 1020 3978 detestabile
1063 3932 1345 3995 peccatum
1385 3942 1509 3982 cum
1538 3926 1735 3982 femina
1764 3944 1870 3983 non
1897 3944 1995 3985 na-

414 4013 667 4070 turaliter
704 4017 1086 4081 concumbere,
1113 4032 1236 4073 cum
1281 4017 1423 4073 unde
1462 4017 1605 4075 Onas
1629 4017 1770 4074 illius
1791 4017 1925 4074 Juda
1961 4036 1994 4075 a

394 4105 529 4163 'Deo
559 4121 852 4177 percussus
886 4105 990 4163 fuit
1034 4109 1162 4179 quia
1200 4108 1457 4165 fundebat
1483 4109 1538 4164 in
1562 4118 1764 4165 terram
1810 4124 1994 4167 semen

412 4198 697 4269 ingressus
732 4200 803 4255 ad
853 4200 1156 4257 mulierem.
1198 4200 1370 4256 Simul
1423 4201 1590 4257 etiam
1633 4211 1858 4259 vocatur
1894 4204 1995 4259 im-

2168 3013 2323 3072 Nunc
2369 3022 2549 3071 autem
2591 3015 2659 3071 de
2701 3013 2952 3069 omnibus
3002 3011 3272 3083 gentibus,
3320 3011 3460 3067 sicut
3485 3010 3553 3064 ad
3580 3010 3683 3064 ba-

2097 3109 2376 3179 ptismum,
2400 3108 2479 3163 sic
2505 3108 2575 3162 ad
2620 3105 2982 3161 sacerdotium
3011 3104 3400 3174 permittuntur
3450 3101 3681 3157 accede-

2098 3218 2188 3269 re;
2214 3201 2468 3271 nullaque
2489 3199 2788 3258 necessitas
2813 3212 3010 3253 uxores
3032 3197 3253 3259 ducere,
3296 3194 3387 3265 qui
3432 3208 3554 3249 non;
3578 3207 3682 3263 per

2097 3293 2277 3349 carnis
2302 3289 2723 3355 successionem,
2753 3290 2845 3345 sed
2873 3303 2970 3359 per
2999 3302 3207 3342 morum
3233 3287 3590 3342 imitationem
3620 3285 3679 3340 in

2096 3383 2400 3440 sacerdotio
2432 3383 2811 3452 subrogantur.
2866 3378 2973 3448 ipsi
3016 3386 3195 3433 tamen
3238 3375 3544 3432 Iudaeorum
3588 3390 3681 3431 sa-

2095 3473 2364 3538 cerdotes,
2383 3486 2491 3527 non
2515 3471 2775 3526 habentes
2794 3477 2902 3523 tam
2921 3475 3166 3539 sanctum
3186 3465 3510 3523 sacrificium
3534 3465 3680 3521 sicut

2094 3577 2195 3618 nos
2222 3564 2504 3626 habemus,
2538 3569 2779 3632 tempore
2807 3560 2939 3616 vicis
2963 3575 3076 3615 suae
3094 3557 3252 3631 longe
3277 3565 3434 3613 erant
3453 3573 3486 3612 a
3514 3558 3679 3613 domo

2093 3668 2213 3718 sua,
2249 3660 2357 3708 eta
2383 3651 2649 3723 coniugali
2697 3667 2862 3721 opere
2906 3654 3102 3707 remoti
3141 3649 3292 3720 juxta
3323 3648 3578 3719 templum
3618 3648 3676 3702 in

2093 3744 2428 3802 continentia
2472 3743 2742 3800 castitatis
2767 3743 3110 3798 excubabant
3134 3746 3309 3797 donec
3332 3748 3545 3811 tempus
3572 3739 3680 3795 mi-

2092 3836 2305 3893 nisterii
2327 3836 2410 3892 sui
2445 3834 2741 3906 explerent.
2764 3832 2920 3888 Nunc
2941 3841 3144 3898 autem,
3174 3832 3316 3887 sicut
3335 3844 3550 3901 semper
3572 3829 3681 3884 mi-

2093 3929 2328 3983 nistrare
2347 3927 2565 3994 debent,
2590 3926 2667 3981 ita
2704 3939 2919 3995 semper
2944 3924 3286 3979 continentes
3309 3937 3431 3978 esse
3458 3927 3680 3991 oportet

2092 4019 2418 4076 sacerdotes.
2471 4018 2732 4074 Tractant
2777 4017 2940 4079 enim,
2969 4030 3077 4070 non
3105 4014 3355 4070 victimas
3381 4011 3676 4083 pecudum,

2092 4112 2189 4167 sed
2217 4113 2388 4182 ipsum
2425 4109 2829 4165 immaculatum
2870 4122 3070 4178 corpus
3088 4115 3143 4162 et
3188 4104 3507 4177 sanguinem
3564 4101 3678 4157 Do-

2092 4203 2249 4259 mini.
2282 4203 2534 4274 Ejusdem
2560 4200 2906 4257 continentiaa
2924 4208 2980 4256 et
3011 4199 3224 4255 diaconi
3258 4206 3317 4253 et
3350 4194 3675 4253 subdiaconi

412 4288 677 4346 munditia
735 4290 990 4347 mollities
1033 4291 1118 4347 vel
1170 4299 1389 4362 propter
1436 4300 1639 4348 tactum
1679 4294 1765 4350 vel
1812 4294 1985 4350 visum
2014 4299 2069 4360 D
2093 4302 2150 4349 et
2182 4294 2234 4348 in
2263 4293 2490 4348 Domino
2512 4302 2567 4347 et
2595 4293 2696 4363 ipsi
2731 4294 2785 4349 in
2820 4291 3140 4348 tractatione
3164 4288 3299 4343 tanti
3343 4284 3679 4343 sacramenti

411 4380 498 4436 vel
552 4382 983 4439 recordationem
1026 4384 1292 4458 mulieris,
1324 4392 1384 4439 ut
1423 4385 1603 4456 aliqua
1631 4385 1992 4442 delectatione

410 4473 673 4530 acciderit
697 4475 965 4547 vigilanti,
1003 4477 1087 4533 vel
1113 4478 1204 4549 qui
1238 4478 1382 4534 inter
1411 4478 1616 4535 femora
1667 4494 1764 4535 sua
1814 4480 1991 4551 impu-

412 4563 625 4621 ritatem
657 4565 807 4621 solus
827 4583 951 4622 cum
993 4581 1054 4623 se
1098 4569 1213 4639 ipso
1252 4569 1338 4625 vel
1363 4585 1485 4625 cum
1509 4570 1617 4626 alio
1643 4578 1892 4635 exercet;
1923 4571 1993 4627 de

410 4655 608 4723 quibus
626 4655 703 4710 ait
726 4655 928 4713 Paulus
947 4659 1221 4727 apostolus
1244 4678 1260 4713 :
1282 4659 1463 4731 Neque
1486 4660 1743 4714 immundi
1776 4676 1990 4732 regnum

410 4744 512 4800 Dei
558 4746 915 4815 possidebunt.
945 4749 1076 4805 Item
1108 4767 1121 4804 :
1156 4750 1269 4805 Nec
1319 4753 1488 4805 omnis
1527 4752 1861 4808 immunditia
1898 4770 1991 4808 nec

410 4835 707 4889 nominetur
731 4837 789 4890 in
829 4838 991 4893 vobis.
1035 4839 1103 4893 Et
1129 4840 1252 4894 alibi
1285 4857 1297 4893 :
1332 4839 1516 4911 Neque
1551 4842 1730 4896 molles
1774 4860 1988 4913 regnum

410 4921 509 4978 Dei
549 4924 903 4995 possidebant.
961 4926 1062 4996 Qui
1103 4928 1156 4983 in
1209 4929 1294 4985 his
1348 4931 1556 4997 incidit,
1613 4932 1685 4987 ita
1727 4935 1989 5003 poeniteat

409 5015 564 5086 quasi
589 5015 658 5070 de
682 5016 909 5074 crimine
937 5020 1081 5090 quod
1108 5022 1175 5077 de
1204 5037 1371 5094 regno
1394 5023 1490 5078 Dei
1516 5025 1770 5080 excludit.

476 5104 814 5161 Adulterium
857 5109 901 5163 si
940 5109 1073 5179 quis
1101 5110 1385 5183 presbyter
1419 5115 1829 5183 perpetraverit,
1873 5114 1987 5170 sive

406 5197 645 5267 palatum
674 5204 734 5254 et
769 5198 981 5269 publice
1022 5203 1319 5273 cognitum,
1364 5204 1433 5259 ab
1477 5205 1669 5260 ordine
1696 5205 1984 5261 sacerdotii

408 5289 661 5357 cessabit,
687 5297 743 5346 et
767 5289 980 5361 publica
1001 5294 1318 5363 paenitentia
1353 5295 1540 5351 decem
1563 5311 1829 5351 annorum
1857 5310 1986 5364 pur-

405 5379 638 5446 gabitur.
669 5381 823 5451 Quod
848 5382 893 5438 si
920 5384 1134 5440 occulte
1169 5384 1271 5440 hoc
1310 5383 1520 5449 fecerit,
1566 5394 1623 5441 et
1660 5385 1873 5442 occulte
1913 5385 1982 5439 ad

408 5468 799 5529 confessionem
828 5475 1053 5538 venerit,
1086 5470 1296 5530 occulte
1322 5474 1373 5530 ei
1400 5475 1719 5545 poenitentia
1742 5475 1982 5545 impona-

413 5562 515 5610 tur.
547 5560 898 5635 Relinquatur
928 5575 1104 5623 autem
1134 5567 1187 5622 in
1210 5581 1306 5623 suo
1333 5567 1557 5622 arbitrio
1588 5575 1768 5622 utrum
1804 5583 1981 5624 cessa-

2096 4384 2331 4438 ministri
2357 4384 2622 4439 accedunt
2641 4384 2847 4439 altaris.

2161 4474 2340 4530 Laicis
2365 4490 2494 4530 vero
2532 4474 2617 4530 vel
2662 4473 2755 4544 qui
2794 4487 3135 4544 nequaquam
3164 4470 3233 4525 ad
3277 4467 3466 4524 altaris
3510 4464 3686 4520 mini-

2090 4565 2316 4621 sterium
2364 4566 2627 4622 accedunt
2671 4564 2981 4636 praecipitur
3010 4563 3079 4618 ab
3103 4560 3361 4631 Apostolo
3403 4565 3465 4614 ut
3489 4555 3580 4627 qui
3614 4569 3679 4611 se

2092 4675 2199 4714 non
2226 4658 2512 4717 continent
2532 4656 2735 4713 nubant
2762 4673 2776 4709 :
2807 4653 2998 4709 Helius
3013 4652 3149 4708 enim
3178 4649 3369 4707 nubere
3382 4663 3537 4720 quam
3561 4646 3673 4699 κεί.

2090 4755 2206 4811 Hoc
2238 4763 2344 4821 est,
2395 4752 2587 4808 melius
2630 4758 2714 4806 est
2756 4763 2982 4804 uxorem
3007 4745 3246 4815 legitime
3275 4743 3471 4797 ducere
3506 4752 3677 4808 quam

2091 4845 2448 4901 exardescere
2484 4855 2582 4912 per
2616 4854 2781 4909 opera
2805 4835 3179 4894 fornicationis
3204 4840 3261 4889 et
3279 4829 3525 4887 adulterii
3555 4828 3679 4885 sive

2086 4934 2388 4992 sodomitici
2409 4942 2465 4990 et
2488 4933 2862 4989 immunditiaa.

2159 5026 2494 5081 Admonendi
2516 5034 2643 5081 sunt
2667 5023 2974 5095 presbyteri
2999 5028 3059 5076 ut
3087 5019 3413 5076 charitatem
3440 5016 3583 5070 inter
3613 5029 3680 5070 se

2087 5118 2348 5175 habentes
2371 5124 2636 5181 mutuam,
2670 5115 2860 5186 procul
2904 5114 2972 5168 ab
3015 5111 3165 5168 omni
3212 5110 3354 5165 fastu
3400 5106 3678 5176 superbia:

2084 5217 2140 5263 et
2164 5208 2379 5263 invidia:
2403 5206 2758 5263 mordacitate
2803 5212 3049 5260 sanctum
3087 5200 3391 5272 exemplum
3437 5196 3682 5253 subditis

2085 5298 2288 5352 donent
2317 5306 2427 5352 tam
2473 5297 2621 5352 clero
2666 5310 2831 5365 quam
2880 5293 3053 5347 laicis.
3102 5290 3218 5347 Non
3264 5289 3371 5345 sint
3418 5300 3676 5355 rapaces,

2084 5404 2190 5443 non
2218 5388 2416 5456 cupidi,
2447 5403 2553 5442 non
2584 5385 2863 5447 vinolenti,
2889 5399 2997 5438 non
3023 5395 3300 5453 procaces,
3339 5394 3448 5433 non
3477 5375 3678 5441 rixosi,

2084 5492 2189 5531 non
2229 5474 2556 5529 calumniam
2584 5474 2836 5543 cuiquam
2880 5472 3159 5534 facientes,
3200 5469 3294 5524 sed
3321 5470 3374 5523 in
3418 5465 3682 5520 omnibus

2084 5583 2140 5623 sc
2190 5567 2334 5638 ipsos
2388 5564 2940 5635 irrcprchcnsibiliter
3000 5562 3390 5628 custodientes,
3437 5559 3679 5617 formam
