3998 6182
278 190 367 245 ΞΠ

1642 202 1981 261 CAPITULA
1989 205 2102 263 RE.

3424 227 3527 285 2l8

272 302 450 358 salutis
475 302 622 360 clero
641 312 696 360 et
718 305 965 379 plebibus
994 309 1329 377 ministrent,
1356 321 1623 383 quatenus
1650 328 1839 369 eorum
1867 326 1915 382 Α
1943 317 2114 387 gessit
2145 331 2249 373 nec
2287 317 2813 402 priorcs‘cicatrices
2843 329 3155 389 vulneribus
3181 334 3305 390 aliis
3340 352 3525 394 resan-

272 394 521 464 exemplis
549 397 619 450 ad
664 406 922 453 aeternam
970 401 1136 456 vitam
1178 410 1233 457 et
1265 420 1478 460 morum
1510 406 1839 476 probitatem

271 481 605 552 proficientes
635 485 937 544 humilitate
965 489 1331 557 subleventur.

328 591 663 650 Admonendi
685 604 813 651 sunt
841 606 900 653 ut
937 615 1131 656 usuras
1155 618 1489 675 nequaquam
1517 615 1833 671 exerceant,

267 690 316 736 et
356 681 605 752 plebibus
652 686 756 741 sibi
800 686 1056 757 subjectis
1084 698 1138 745 et
1176 691 1322 749 clero
1348 695 1640 764 praedicent
1681 704 1739 750 ut
1767 696 1837 751 ab

265 772 355 829 hoc
382 775 515 829 vitio
557 778 808 834 omnibus
843 781 1017 837 modis
1058 783 1368 840 abstineant
1411 789 1706 842 secundum
1746 806 1835 844 ca-

262 880 451 921 nonum
484 868 904 926 institutionem.
956 873 1212 945 Quisquis
1264 892 1362 948 per
1409 880 1648 948 quolibet
1687 881 1837 953 inge-

261 955 400 1011 nium
422 959 597 1030 magis
622 960 820 1032 accipit
859 979 1021 1034 quam
1050 975 1295 1037 praestat,
1333 971 1470 1026 sciat
1495 986 1555 1027 se
1606 990 1831 1029 usuram

258 1044 463 1104 fecisse.
499 1049 636 1105 Nam
667 1053 712 1107 si
741 1054 864 1123 quis
891 1056 1130 1112 triticum
1150 1068 1246 1114 aut
1272 1062 1435 1117 aliam
1459 1066 1694 1136 speciem
1719 1066 1833 1121 fru—

254 1150 373 1229 gum
417 1142 747 1207 commodat,
794 1152 987 1202 etnon
1033 1150 1281 1206 eamdem
1322 1154 1560 1224 speciem
1614 1158 1831 1229 accipit,

254 1227 340 1280 sed
366 1237 465 1283 aut
512 1232 786 1300 denarios,
814 1247 1076 1306 quantum
1118 1248 1230 1294 tum
1278 1245 1575 1299 venundari
1622 1227 1836 1314 poterat

250 1320 465 1385 quando
504 1321 593 1378 illa
626 1327 1011 1394 commodavit,
1050 1338 1146 1384 aut
1170 1331 1371 1401 aliquid
1401 1334 1547 1390 aliud
1602 1339 1832 1407 accepit,

250 1408 452 1479 absque
479 1410 647 1468 dubio
687 1429 908 1470 usuram
938 1421 1292 1489 perpetravit.
1344 1422 1401 1478 Si
1440 1426 1562 1496 quis
1591 1442 1719 1483 vero
1766 1443 1831 1485 ex

248 1501 440 1557 ordine
465 1502 787 1561 clericorum
814 1506 917 1564 hoc
956 1525 1119 1580 agere
1144 1518 1572 1586 praesumpserit,
1607 1520 1743 1575 sciat
1773 1537 1833 1577 se

242 1595 317 1647 sui
346 1596 555 1665 gradus
574 1597 873 1666 periculum
907 1602 1234 1659 subiturum.
1263 1603 1321 1660 Si
1347 1622 1476 1663 vero
1499 1607 1668 1665 laicus
1713 1609 1830 1667 fuc-

240 1686 325 1750 rit,
358 1688 505 1743 sciat
541 1704 602 1745 se
642 1693 1239 1751 excommunicandum.
1276 1697 1429 1755 Unde
1475 1703 1730 1757 convenit
1770 1712 1829 1758 ut

233 1780 478 1846 primum
508 1796 698 1838 omnes
744 1785 796 1838 in
834 1786 1074 1842 clericali
1104 1790 1295 1846 ordine
1341 1795 1618 1850 constituti
1648 1796 1716 1850 ab
1744 1799 1830 1853 his

230 1870 557 1925 abstineant
580 1882 636 1927 et
658 1875 944 1932 admodum
967 1878 1214 1949 plebibus
1251 1883 1539 1956 injungant
1566 1896 1628 1942 ut
1652 1888 1832 1944 nullus

230 1960 332 2016 hoc
374 1959 563 2017 facere
587 1965 807 2020 omnino
842 1970 1068 2028 audeat.

291 2092 588 2150 Sacerdos
623 2111 748 2153 cum
795 2116 826 2155 a
874 2101 1122 2162 ﬁdelibus
1171 2109 1564 2168 confessionem
1609 2116 1828 2188 accipit,

230 2185 377 2242 inter
422 2193 625 2244 caetera
652 2193 808 2249 debet
840 2196 1189 2255 confitentem
1221 2202 1515 2261 admouere
1534 2215 1595 2261 ut
1614 2208 1682 2263 de
1704 2185 1830 2266 octo

229 2278 626 2348 principalibus
670 2283 819 2340 vitiis
856 2287 1254 2346 confessionem
1292 2292 1458 2349 faciat
1483 2304 1538 2351 et
1566 2301 1825 2355 emenda-

231 2371 438 2425 tionem
469 2374 752 2441 promittat
775 2385 831 2431 et
864 2381 1242 2449 paenitentiam
1273 2387 1597 2445 medicinam
1628 2395 1829 2450 animai

229 2474 331 2514 suae
396 2461 674 2532 suscipiat.
726 2464 991 2524 Vitiorum
1036 2480 1213 2527 autem
1258 2475 1637 2546 principalium
1674 2493 1820 2552 octo,

230 2550 395 2605 sicuti
440 2552 806 2623 continentur,
850 2560 1069 2615 nomina
1101 2577 1200 2631 per
1241 2565 1454 2635 singula
1500 2550 1818 2645 interroget,

228 2650 278 2694 et
300 2641 402 2696 ille
422 2644 771 2713 conﬁteatur,
797 2657 851 2704 et
876 2650 942 2705 de
970 2654 1240 2719 omnibus,
1285 2656 1427 2712 sicut
1480 2641 1820 2730 praemissum

231 2743 321 2796 est,
350 2733 759 2793 confessionem
790 2740 971 2796 faciat.
1002 2743 1069 2798 Et
1092 2754 1220 2801 tunc
1247 2748 1297 2803 ei
1326 2750 1530 2805 medela
1557 2755 1822 2821 paeniten-

231 2825 309 2879 tia:
336 2825 694 2905 adhibeatur.
721 2829 1049 2904 Principalia
1084 2847 1265 2893 autem
1288 2841 1439 2907 vitia,
1471 2844 1586 2900 sine
1620 2848 1819 2915 quibus

232 2918 310 2972 vix
339 2918 494 2975 ullus
528 2921 758 2976 inveniri
785 2927 980 2992 potest,
1012 2927 1126 2982 hinc
1168 2938 1313 2985 sunt.
1348 2931 1587 2989 Primum
1614 2939 1813 3006 gastri~

1942 406 2111 461 clare.

2009 497 2192 555 Prima
2221 509 2404 591 autem
2428 503 2764 563 hebdomada
2801 521 2926 567 ante
2955 513 3164 571 initium
3212 517 3505 591 Quadrage

1936 587 2087 644 sinite
2108 589 2378 647 confessio
2402 593 2579 650 danda
2624 599 2691 654 de
2718 602 2972 658 omnibus
3014 607 3250 674 peccatis
3298 624 3416 679 qua:
3436 587 3522 664 isi-

1934 694 2000 734 ve
2030 694 2197 750 opere
2215 682 2329 737 sive
2353 683 2627 742 locutione
2668 701 3065 761 perpetrantur.
3101 695 3165 749 Et
3212 697 3290 752 sic
3343 699 3518 754 nomi-

1933 770 2103 824 natim
2130 770 2289 826 debet
2306 772 2387 827 eis
2414 777 2672 833 sacerdos
2692 781 2876 838 dicere
2900 786 3205 855 supradicta
3224 798 3346 843 octo
3372 790 3517 859 priu-

1934 859 2127 928 cipalia
2154 860 2306 914 vitia.
2332 860 2577 919 Primum
2610 867 2753 937 gula,
2782 871 2849 924 de
2876 888 2983 942 qua
3013 875 3258 931 diabolus
3308 879 3522 947 decepit

1932 950 2123 1017 Adam,
2170 966 2269 1021 per
2294 969 2458 1023 quam
2504 955 2783 1013 Christum
2824 964 3051 1018 tentavit
3082 982 3204 1020 cum
3235 967 3409 1021 dixit:
3462 967 3521 1022 Si

1936 1042 2107 1099 Filius
2142 1045 2240 1101 Dei
2280 1063 2354 1112 es,
2381 1044 2466 1102 die
2488 1058 2545 1103 ut
2592 1048 2791 1121 lapides
2816 1054 2902 1107 isti
2936 1072 3098 1125 panes
3125 1058 3279 1126 ﬁant.
3314 1060 3379 1113 Et
3425 1075 3521 1129 pcr

1932 1136 2313 1192 abstinentiam
2353 1140 2615 1194 sananda.
2653 1141 2966 1198 Secundum
2992 1145 3183 1200 vitium
3224 1149 3521 1219 principale

1933 1224 2236 1293 lomimtio,
2289 1228 2356 1285 de
2407 1245 2512 1301 qua
2562 1232 2639 1286 ait
2692 1231 2990 1289 Salomon:
3042 1233 3222 1291 Fovea
3250 1241 3519 1308 profunda

1933 1318 2180 1373 meretrix
2208 1329 2257 1373 et
2299 1330 2484 1399 puteus
2526 1335 2779 1393 angustus
2804 1343 2823 1390 ;
2852 1334 2908 1381 et
2934 1325 3076 1381 idem
3112 1328 3304 1383 doctor
3333 1347 3347 1383 :
3386 1330 3517 1395 Quis

1934 1405 2126 1476 fortior
2165 1409 2449 1465 Sansone?
2488 1412 2617 1478 Quis
2639 1416 2923 1485 sapientior
2948 1416 3267 1473 Salomone?
3296 1419 3399 1474 llic
3445 1421 3520 1489 ﬁ-

1930 1495 2017 1552 liis
2054 1497 2334 1554 mulierum
2362 1501 2673 1573 decipiatur,
2716 1512 2771 1560 et
2796 1515 3045 1562 castitate
3088 1509 3349 1563 sananda.
3384 1508 3518 1564 Ter-

1932 1587 2066 1643 tium
2113 1590 2408 1662 principale
2468 1593 2659 1648 vitium
2701 1595 2912 1661 acedia,
2945 1597 3000 1651 id
3041 1606 3145 1663 est,
3189 1599 3516 1656 instaliilitas

1931 1679 2053 1735 loci.
2091 1680 2216 1738 Haec
2247 1700 2353 1738 non
2384 1685 2515 1739 sinit
2542 1685 2817 1742 hominem
2858 1702 3207 1757 perseverare
3260 1690 3312 1745 in
3349 1691 3509 1745 bono.

1932 1768 2058 1824 ﬂare
2097 1786 2196 1840 per
2219 1776 2676 1841 perseverantiam
2721 1776 2848 1832 boni
2872 1779 3053 1847 operis
3077 1780 3337 1845 sananda,
3365 1783 3511 1850 quia,

1931 1860 2486 1932 sicutaitGregorius,
2517 1883 2534 1917 ι
2554 1857 2823 1922 incassum
2840 1867 3042 1922 bonum
3072 1867 3241 1939 agitsi
3268 1877 3392 1923 ante
3413 1879 3515 1924 tcr-

1933 1952 2138 2007 minum
2184 1954 2313 2008 vita:
2359 1954 2658 2011 deseratur.
2705 1978 2724 2011 ι
2767 1958 3035 2025 Quartum
3091 1960 3391 2031 principale
3436 1963 3516 2017 vi-

1931 2045 2064 2099 tium
2092 2046 2340 2112 avaritia,
2366 2063 2466 2118 per
2487 2064 2649 2118 quam
2680 2049 2765 2103 vir
2805 2065 3003 2106 avarus
3053 2050 3266 2107 inferno
3321 2053 3516 2108 similis

1928 2144 2029 2190 est.
2085 2135 2265 2190 Avaro
2309 2138 2428 2191 viro
2456 2125 2589 2192 nihil
2619 2137 2922 2194 scelestius.
2977 2138 3105 2196 ﬂre
3146 2139 3513 2213 eleemosyna—

1928 2241 2048 2281 rum
2085 2235 2171 2282 est
2196 2227 2448 2298 largitate
2479 2230 2751 2296 sananda;
2781 2230 2908 2299 quia
2930 2229 3069 2284 sicut
3087 2229 3313 2285 avaritia
3345 2232 3397 2285 iu
3435 2232 3517 2286 in-

1927 2315 2136 2372 fernum
2162 2318 2381 2388 mergit,
2428 2317 2503 2372 ita
2531 2319 2754 2389 largitas
2791 2320 2847 2373 in
2884 2319 3085 2374 caelum
3116 2319 3331 2376 elevare
3372 2337 3507 2376 con-

1925 2415 2117 2466 suevit.
2147 2410 2403 2478 Quintum
2435 2412 2734 2482 principale
2758 2411 2949 2466 vitium
2972 2428 3109 2466 vana
3141 2412 3333 2483 gloria.
3382 2412 3506 2468 litae

1922 2504 2068 2559 omni
2094 2503 2236 2559 bono
2257 2519 2423 2575 apere
2449 2513 2600 2560 caret
2625 2521 2639 2571 ;
2687 2504 2812 2575 quia
2839 2506 2981 2560 sicut
3004 2505 3143 2574 lapis
3174 2505 3373 2560 missus
3398 2519 3504 2559 non

1919 2596 2171 2667 pervenit
2222 2597 2289 2652 ad
2345 2596 2579 2662 caelum,
2625 2597 2705 2652 sic
2752 2596 2927 2650 oratio
2971 2612 3092 2651 cum
3147 2612 3285 2651 vana
3332 2596 3505 2668 gloria

1920 2699 2025 2740 non
2056 2686 2303 2755 pervenit
2333 2686 2397 2739 ad
2437 2687 2625 2740 Deum.
2681 2684 2808 2741 lltcc
2837 2685 3120 2742 dilectione
3166 2686 3260 2741 Dei
3308 2701 3503 2741 sanan-

1920 2774 2005 2829 da.
2049 2773 2276 2830 Sextum
2305 2776 2603 2845 principale
2656 2776 2850 2831 vitium
2897 2775 3121 2842 invidia,
3161 2777 3228 2832 de
3279 2790 3383 2846 qua
3426 2776 3503 2830 ait

1918 2864 2176 2921 Salomon
2224 2885 2237 2920 :
2285 2865 2494 2921 Invidia
2542 2866 2741 2923 diaboli
2789 2884 2929 2922 mors
2979 2868 3193 2923 intrarit
3225 2868 3282 2922 in
3324 2868 3501 2922 orbem

1917 2967 2202 3011 terrarum.
2264 2956 2392 3012 Haec
2440 2958 2708 3014 cbaritate
2759 2957 3020 3014 sananda.
3079 2957 3334 3014 Charitas
3391 2973 3499 3013 non

232 3012 460 3083 margia,
483 3012 588 3068 hoc
611 3022 713 3081 est,
740 3017 944 3072 ventris
970 3018 1249 3090 ingluvies.
1283 3021 1589 3080 Secundum
1639 3025 1811 3083 forni-

1919 3047 2218 3112 temulatur,
2234 3048 2413 3102 omnia
2428 3047 2636 3104 suffert.
2667 3047 2968 3118 Septimum
2990 3048 3289 3119 principale
3310 3048 3499 3102 vitium

232 3104 391 3157 catio.
418 3102 663 3160 Tertium
678 3107 864 3183 acedia
885 3108 998 3164 sive
1019 3111 1258 3165 tristitia.
1282 3112 1548 3180 Quartum
1564 3117 1811 3172 avaritia.

234 3191 365 3258 Quin
376 3202 488 3249 tum
509 3211 649 3251 vana
672 3196 860 3268 gloria.
886 3198 1110 3255 Sextum
1132 3202 1365 3257 invidiar
1386 3204 1687 3275 Septimum
1711 3209 1810 3263 ira.

233 3282 490 3339 Octavum
517 3287 792 3357 superbia.

297 3392 355 3450 Si
384 3412 549 3467 quem
596 3407 778 3455 autem
820 3402 1185 3457 verecundum
1237 3403 1436 3461 viderit
1468 3408 1725 3464 sacerdos
1762 3418 1818 3464 et

234 3488 635 3546 erubescentem
667 3491 914 3548 confiteri
953 3503 1009 3549 et
1056 3494 1422 3567 discooperire
1448 3508 1673 3569 peccata
1719 3517 1814 3557 sua

236 3593 345 3647 qua:
390 3582 585 3654 gessit,
644 3583 937 3640 admoneat
982 3585 1133 3640 illum
1179 3587 1367 3645 dicens
1412 3607 1425 3644 :
1473 3589 1667 3647 Frater
1714 3593 1812 3661 mi,

235 3671 421 3740 saepius
461 3687 565 3728 nos
593 3672 859 3730 Dominus
885 3676 1135 3731 hortatur
1177 3677 1245 3732 ad
1283 3679 1640 3735 medicamina
1667 3698 1813 3740 vera:

235 3761 604 3831 confessionis,
649 3779 759 3821 non
790 3767 931 3836 quod
963 3766 1105 3823 Deus
1150 3767 1387 3839 indigeat
1425 3779 1625 3828 nostra:
1682 3789 1811 3829 con-

234 3850 499 3922 fessionis,
520 3856 617 3926 qui
662 3858 844 3912 omnia
877 3856 1069 3930 [novit]
1099 3873 1219 3928 quae
1249 3861 1477 3931 agimus,
1517 3862 1808 3933 loquimur,

234 3949 550 4017 cogitamus.
583 3948 692 4005 Sed
718 3949 878 4005 aliter
911 3950 1044 4005 salvi
1076 3950 1192 4006 fieri
1226 3967 1331 4007 non
1375 3968 1659 4023 possumus
1705 3957 1810 4013 nisi

233 4040 585 4096 confiteamur
613 4043 942 4113 pmnitentes
994 4044 1351 4114 quodcunque
1403 4046 1669 4117 gessimus
1709 4064 1806 4102 ne-

231 4131 502 4203 gligentes.
564 4134 721 4190 Dolet
784 4135 1030 4190 diabolus
1082 4136 1296 4204 quando
1345 4137 1636 4207 confitetur
1685 4155 1812 4211 pec-

230 4227 345 4273 cata
372 4236 491 4282 sua,
526 4229 584 4277 et
607 4219 882 4276 desiderat
910 4236 1008 4275 nos
1033 4220 1208 4276 celare
1231 4236 1351 4290 qua:
1376 4220 1605 4279 fecimus
1636 4243 1648 4277 :
1684 4224 1809 4294 quia

230 4307 393 4375 quise
437 4308 617 4380 ipsum
642 4317 861 4364 accusat
902 4309 956 4363 in
1000 4310 1240 4380 peccatis
1278 4310 1414 4376 suis,
1443 4312 1591 4367 hunc
1626 4313 1812 4369 diabo-

230 4396 307 4454 lus
327 4418 430 4455 non
456 4402 625 4456 habet
669 4401 863 4455 iterum
888 4416 1147 4456 accusare
1172 4401 1224 4454 in
1263 4401 1350 4455 die
1382 4400 1571 4472 judicii
1598 4418 1612 4467 ;
1637 4403 1680 4457 si
1730 4412 1811 4457 ta-

229 4508 345 4548 men
366 4493 636 4549 confitens
664 4493 975 4564 paenitendo
1007 4494 1164 4550 diluit
1189 4511 1308 4565 qua:
1357 4495 1506 4560 fecit,
1563 4512 1662 4551 nec
1711 4497 1809 4553 ite-

229 4599 340 4639 rum
362 4594 590 4641 renovat
620 4600 741 4657 quae
760 4585 889 4657 egit.
928 4584 1079 4642 Unde
1114 4584 1351 4642 Jacobus
1386 4587 1663 4657 apostolus
1690 4588 1805 4642 ait:

226 4673 554 4745 Con/itemini
595 4675 907 4731 alterutrum
955 4686 1171 4747 peccata
1224 4686 1411 4731 uestra.
1458 4677 1526 4731 Et
1563 4676 1803 4733 Paulus:

227 4764 328 4820 Ore
391 4766 650 4838 confessio
700 4767 763 4837 [it
815 4767 885 4822 ad
929 4766 1174 4821 salutem.
1228 4766 1296 4821 Et
1348 4767 1603 4823 Salomon
1648 4785 1661 4821 :
1703 4767 1808 4836 Qui

222 4857 489 4912 abscondit
511 4856 710 4912 scelera
733 4873 857 4920 sua,
878 4873 981 4910 non
1013 4856 1287 4927 dirigetur.
1324 4856 1428 4924 Qui
1477 4868 1651 4913 autem
1688 4875 1811 4917 con,-

223 4946 388 5014 fessus
413 4948 573 5017 fuerit
616 4957 664 5002 et
713 4946 978 5018 reliquerit
1021 4964 1113 5011 ea,
1168 4948 1585 5004 misericordiam
1632 4966 1812 5005 conse-

217 5051 429 5109 quetur.
482 5040 725 5098 Joannes
769 5054 990 5111 quoque
1047 5040 1379 5109 evangelista
1428 5059 1441 5094 :
1486 5041 1548 5097 Si
1593 5040 1807 5112 conﬁte-

220 5130 353 5182 mini
376 5140 589 5199 pcccata
612 5138 803 5193 vestra,
837 5126 1007 5197 ﬁdelis
1031 5135 1079 5182 et
1096 5128 1275 5197 justus
1302 5128 1443 5183 Deus
1484 5137 1541 5182 ut
1580 5132 1808 5184 remittat

218 5221 365 5276 vobis
418 5232 632 5293 peccata
667 5230 839 5276 vestra
886 5229 933 5273 et
964 5218 1176 5273 mundet
1214 5235 1299 5273 vos
1328 5219 1392 5273 ab
1421 5220 1563 5274 omni
1610 5220 1804 5293 iniqui-

217 5322 349 5367 tate.
400 5312 667 5368 Similiter
708 5309 998 5366 Psalmista
1047 5309 1125 5364 ait
1171 5308 1343 5363 :Dixi
1374 5325 1393 5364 :
1441 5308 1804 5367 Pronuntiabo

217 5401 495 5458 adversum
518 5421 599 5458 me
628 5401 919 5474 injustitias
960 5416 1099 5453 nicas
1127 5398 1352 5454 Domino
1375 5441 1389 5465 ,
1430 5409 1478 5454 et
1512 5410 1569 5453 tu
1608 5402 1808 5456 remisi-

216 5496 286 5549 sti
341 5497 656 5567 impietatem
708 5492 904 5563 peccati
968 5491 1086 5545 mci.
1145 5489 1432 5545 Sciendum
1476 5501 1656 5547 autem
1704 5494 1808 5549 hoc

218 5603 476 5653 magnum
502 5588 694 5644 salutis
738 5585 1070 5642 medicamen
1099 5596 1202 5638 non
1250 5583 1449 5639 iterare
1480 5600 1599 5656 qua:
1642 5584 1803 5657 impie

1916 3138 2104 3203 ira,’de
2131 3135 2238 3209 qua
2261 3139 2512 3195 Christus
2538 3140 2615 3194 ait
2650 3157 2663 3193 :
2699 3138 2883 3195 Omnis
2917 3137 3009 3210 qui
3056 3140 3308 3193 irascitur
3340 3138 3501 3208 fratri

1913 3243 2031 3292 suo,
2067 3244 2187 3281 rcus
2215 3230 2313 3295 erit
2342 3228 2583 3313 concilio.
2628 3229 2695 3282 Et
2725 3228 2926 3283 Paulus
2958 3247 2971 3282 :
3016 3226 3109 3282 Sol
3147 3245 3250 3282 non
3299 3228 3504 3282 occidat

1914 3332 2071 3386 super
2088 3316 2420 3369 iracundiam
2442 3326 2685 3368 vestram.
2723 3315 2899 3370 Nolite
2927 3316 3099 3369 locum
3120 3316 3248 3369 dare
3267 3314 3501 3371 diabolo.

1915 3407 1983 3462 Et
2012 3407 2208 3461 iterum
2234 3423 2247 3458 :
2280 3405 2404 3460 Non
2430 3422 2517 3459 vos
2540 3405 2890 3474 defendentes,
2911 3405 3003 3459 sed
3028 3406 3149 3459 date
3177 3405 3347 3459 locum
3384 3408 3500 3460 ire.

1916 3503 2043 3557 time
2071 3499 2329 3572 patientia
2369 3500 2611 3556 sananda
2637 3517 2650 3553 ε
2683 3498 2837 3555 Beati
2859 3500 3089 3571 paciﬁci,
3114 3501 3190 3555 ait
3216 3499 3499 3563 Dominus,

1911 3594 2162 3664 quoniam
2202 3590 2307 3661 ﬁlii
2347 3589 2450 3645 Dei
2500 3591 2840 3645 vocabuntur.
2878 3590 2944 3645 Et
2987 3591 3180 3646 iterum
3226 3608 3239 3645 :
3288 3588 3504 3662 Diligitc

1910 3685 2148 3739 inimicos
2173 3692 2392 3749 uestros,
2418 3681 2701 3751 benefacite
2727 3682 2808 3737 his
2843 3683 2936 3755 qui
2985 3698 3073 3738 vos
3117 3692 3499 3755 persequuntur

1910 3785 1960 3831 et
1986 3774 2428 3829 calumniantibus
2452 3773 2609 3828 vobis.
2638 3773 2706 3830 Et
2731 3773 2857 3829 alibi
2885 3792 2898 3828 :
2935 3772 3002 3828 In
3041 3775 3294 3845 patientia
3327 3784 3498 3829 vestra

1908 3864 2235 3938 possidebitis
2269 3865 2474 3921 animas
2496 3875 2711 3941 vestras.
2731 3863 2848 3921 Non
2873 3865 3047 3937 ipsum
3076 3873 3254 3920 autem
3277 3865 3497 3935 proprie

1912 3957 2127 4013 tristitia
2155 3958 2296 4028 quod
2326 3957 2426 4012 ira.
2455 3942 2698 4013 Tristitia
2727 3958 2795 4012 ad
2824 3956 3068 4013 acediam
3099 3958 3355 4026 pertinet,
3388 3958 3488 4011 tri-

1908 4050 2055 4104 stitia
2078 4047 2262 4105 Steculi
2286 4057 2787 4120 generat‘mortem.
2810 4049 3053 4103 Tristitia
3079 4047 3219 4102 mala
3244 4048 3495 4116 despera-

1909 4143 2112 4197 tionem
2146 4150 2407 4212 operatur
2429 4151 2483 4195 ct
2510 4140 2920 4195 instabilitatem
2948 4139 3215 4192 locorum.
3259 4136 3412 4191 Unde
3439 4145 3496 4193 et

1911 4233 2196 4288 acediosus
2218 4231 2417 4286 dicitur
2436 4230 2627 4284 tristis.
2658 4226 2901 4298 Apostoli
2940 4225 3066 4280 irati
3104 4240 3211 4280 non
3248 4223 3487 4289 fuerunt,

1914 4322 2098 4375 tristes
2120 4327 2299 4374 autem
2337 4319 2576 4372 fuerunt.
2622 4317 2862 4371 Tristitia
2907 4330 3096 4369 eorum
3117 4328 3272 4369 versa
3306 4322 3391 4369 est
3439 4315 3495 4369 in

1913 4409 2186 4480 gaudium.
2234 4400 2562 4462 Et'tristitia
2606 4405 2953 4469 sive-acedia,
3005 4419 3126 4474 qua:
3173 4411 3255 4458 est
3302 4404 3492 4459 vitium

1912 4498 2302 4569 supradictum,
2346 4495 2544 4568 gaudio
2590 4494 2858 4565 spirituali
2914 4493 3177 4549 sananda.
3230 4493 3491 4549 Octavum

1909 4586 2206 4659 principale
2237 4587 2427 4641 vitium
2480 4583 2753 4655 superbia,
2796 4583 2869 4639 de
2912 4598 3018 4654 qua
3064 4581 3311 4638 Christus
3360 4583 3436 4638 ait
3473 4601 3491 4641 :

1912 4677 2097 4734 Omnis
2124 4678 2213 4749 qui
2248 4692 2303 4731 se
2324 4673 2628 4730 multaverit
2673 4673 3057 4728 humiliabitur.
3095 4672 3163 4728 Et
3188 4672 3441 4729 Salomon
3471 4696 3487 4734 :

1911 4769 2013 4825 Ubi
2052 4769 2211 4839 fuerit
2253 4766 2515 4837 superbia,
2549 4765 2619 4819 ibi
2653 4766 2749 4820 erit
2790 4765 3127 4820 contumelia.
3164 4764 3322 4822 Jesus
3348 4763 3489 4825 illius

1909 4860 2115 4932 Syrach
2145 4878 2156 4913 :
2189 4857 2412 4912 0dibilis
2435 4873 2615 4911 coram
2654 4855 2766 4911 Deo
2808 4865 2857 4911 et
2884 4856 3178 4911 hominibus
3221 4856 3487 4929 superbia.

1906 4950 2236 5020 Augustinus
2265 4964 2278 5001 :
2312 4965 2331 4998 ι
2373 4945 2511 5013 Quid
2542 4955 2692 5000 tanta
2720 4946 2773 5000 in
2800 4960 2900 5001 nos
2919 4946 3166 5016 superbia
3187 4988 3201 5012 ,
3232 4962 3351 5017 quae
3394 4961 3487 5001 an-

1906 5039 2055 5111 gelos
2080 5038 2332 5109 decepit?
2365 5036 2583 5104 Quanto
2619 5037 2792 5108 magis
2817 5036 3067 5091 homines
3110 5053 3293 5093 secum
3340 5050 3478 5090 mer-

1905 5143 2032 5200 gere
2058 5127 2241 5198 cupit?
2278 5146 2297 5178 ι
2331 5127 2456 5181 Inde
2482 5125 2660 5197 angeli
2692 5125 2822 5180 facti
2858 5134 2984 5181 sunt
3017 5126 3308 5181 daemones.
3337 5123 3489 5177 Sicut

1910 5217 2162 5289 superbia
2186 5217 2337 5288 origo
2357 5215 2600 5271 omnium
2628 5215 2941 5281 criminum,
2963 5214 3042 5270 sic
3069 5214 3225 5269 ruina
3247 5210 3487 5267 omnium

1914 5308 2190 5363 virtutum.
2224 5306 2454 5361 Sanctus
2497 5303 2791 5376 Gregorius
2818 5304 2935 5360 ait:
2974 5322 2991 5355 ‹
3032 5303 3264 5357 Fructus
3302 5305 3489 5367 putre-

1913 5401 2088 5455 factus
2125 5397 2330 5454 inutilis
2368 5396 2638 5467 agricolis,
2687 5403 2740 5451 et
2772 5395 2979 5451 fructus
3018 5392 3235 5460 superbi
3283 5387 3487 5447 inutilis

1916 5493 2160 5547 Domino.
2199 5512 2215 5543 ι
2248 5490 2401 5545 Sicut
2435 5489 2647 5560 pondus
2691 5488 2959 5541 fructuum
3009 5483 3212 5552 frangit
3255 5496 3485 5544 ramum,

1914 5586 1993 5642 sic
2038 5586 2284 5655 superbia
2329 5584 2578 5638 decorem
2623 5578 2816 5634 evertit
2858 5576 3179 5630 animarum.
3223 5573 3487 5647 Superbia
