3998 6182
419 231 525 287 ﬁli)

1419 218 1808 276 TllEODL’LFI
1846 214 2400 272 AUllELlANENSIS
2436 216 2646 274 EPISC.

3575 219 3682 273 2Ζο

421 348 670 416 (ιι-ροειιιι
689 340 1070 411 archangelum
1101 348 1155 393 et
1180 348 1430 406 tanquam
1467 336 1647 406 fulgur
1691 334 1815 390 fecit
1856 333 2001 389 deci-
2028 335 2077 392 Α
2106 329 2372 401 negligere
2399 328 2724 384 sacrificium
2761 336 2819 383 ut
2859 343 2964 381 non
3015 326 3177 383 faciat
3225 345 3347 384 cum
3398 318 3680 403 diligentia

422 437 551 490 dere
573 434 627 487 in
651 433 879 500 lapsum.
908 430 1032 484 llaec
1080 428 1382 482 humilitate
1429 426 1688 488 sananda,
1741 429 1865 496 quia
1905 427 1999 482 ltu-

420 524 652 579 militate
691 522 937 577 homines
957 517 1160 588 angelis
1197 517 1566 584 adsequantur.

492 613 617 667 Ihec
642 620 766 666 octo
787 597 1251 679 principalia‘vitia
1279 613 1333 659 et
1363 604 1465 659 illa:
1484 620 1603 674 qua:
1630 604 1693 658 de
1725 605 1998 662 radicibus

418 700 631 756 illorum
661 700 910 754 oriuntur
958 698 1061 751 nisi
1111 696 1451 750 mandaverit
1483 696 1605 765 quis
1630 695 1717 751 hic
1750 709 1847 766 per
1872 712 1998 751 cou-

416 794 705 850 fessionem
747 800 802 845 et
839 790 1232 861 pmnitentiam,
1264 795 1625 857 nonpossent
1660 788 1903 843 mundari
1941 789 1993 845 in

418 886 505 941 die
525 884 733 956 judicii,
759 883 853 937 sed
878 881 1147 937 deducunt
1172 880 1418 936 homines
1449 880 1501 934 in
1532 878 1821 934 infernum.
1856 879 1994 946 Quid

414 976 683 1031 erubescit
735 975 893 1029 homo
924 974 1192 1038 conﬁteri,
1224 975 1314 1043 qui
1361 974 1596 1044 peccatis
1639 989 1744 1028 non
1780 973 1997 1029 erubuit

412 1065 786 1133 coinquinari?
812 1064 1131 1136 Conmendo
1161 1065 1382 1119 diluitur
1404 1065 1547 1133 quod
1572 1066 1844 1134 peccando
1866 1080 1995 1123 con-

411 1154 666 1209 trahitur.
716 1154 995 1221 Quomodo
1046 1163 1224 1223 potest
1261 1154 1502 1209 medicus
1557 1155 1750 1210 vulnus
1799 1168 1994 1210 sanare

409 1260 443 1314 q
469 1245 551 1300 'od
580 1254 816 1315 atgrotus
847 1245 1117 1301 erubescit
1169 1245 1490 1302 ostendere?
1519 1246 1776 1315 βεδε-σίας
1802 1262 1993 1317 pecca-

411 1340 515 1399 tor,
541 1334 794 1389 sacerdos
822 1335 1036 1405 sapiens
1062 1328 1319 1391 medicus.

481 1423 581 1488 Qui
606 1431 786 1478 autem
810 1426 1115 1488 conﬁtetur,
1141 1423 1319 1480 ﬂectat
1345 1440 1515 1496 genua
1564 1442 1688 1481 cum
1715 1429 1993 1491 sacerdote

410 1528 594 1567 coram
626 1514 753 1578 Deo,
780 1522 835 1568 et
868 1522 993 1569 tunc
1027 1514 1348 1571 confiteatur
1376 1515 1633 1586 quidquid
1660 1532 1689 1571 a
1710 1515 1993 1586 juventute

409 1604 684 1658 recordari
719 1613 898 1673 potest
919 1621 984 1661 ex
1014 1607 1263 1662 omnibus
1291 1608 1465 1664 modis
1494 1624 1614 1678 qua:
1639 1610 1824 1679 gessit.
1850 1610 1918 1665 Et
1946 1611 1991 1669 si

409 1694 497 1748 ille
528 1703 635 1749 tota
660 1694 896 1750 facinora
925 1711 1021 1751 sua
1044 1698 1317 1752 recordari
1344 1713 1447 1753 non
1475 1699 1669 1768 possit,
1686 1707 1780 1753 aut
1807 1700 1851 1756 si
1876 1698 1986 1754 for-

406 1784 548 1837 sitan
595 1785 906 1851 erubescit,
966 1788 1218 1843 sacerdos
1266 1788 1424 1844 debet
1478 1803 1601 1843 eum
1650 1788 1989 1860 interrogare

403 1874 661 1943 quidquid
682 1875 734 1928 in
756 1867 1114 1944 poenitentiali
1155 1878 1506 1934 constitutum
1536 1888 1638 1946 est,
1671 1880 1718 1937 si
1757 1880 1813 1935 in
1854 1881 1986 1936 illud

403 1963 487 2016 vel
526 1964 579 2018 in
621 1964 767 2019 aliud
823 1966 1029 2023 crimen
1055 1969 1267 2024 cecidit.
1306 1968 1410 2026 Sed
1443 1980 1619 2027 tamen
1667 1989 1775 2028 non
1803 1973 1984 2029 omnia

404 2053 636 2108 crimina
667 2053 827 2111 debet
857 2057 906 2111 ei
949 2057 1305 2131 innotescere,
1330 2060 1454 2132 quia
1480 2061 1648 2118 multa
1675 2063 1805 2118 vitia
1850 2064 1987 2119 reci-

403 2155 588 2202 tantur
611 2149 664 2203 in
688 2151 1043 2219 pmnitentiali
1072 2167 1192 2222 qua:
1212 2169 1318 2209 non
1346 2154 1501 2209 decet
1521 2154 1795 2211 hominem
1821 2156 1981 2212 scire.

403 2238 526 2292 Ideo
556 2253 663 2292 non
691 2239 851 2295 debet
886 2255 1009 2295 eum
1061 2243 1314 2299 sacerdos
1343 2243 1408 2299 de
1452 2244 1702 2300 omnibus
1752 2246 1987 2302 interro-

403 2342 564 2396 gare;
596 2343 663 2382 ne
702 2328 842 2383 forte
891 2344 1013 2386 cum
1038 2331 1106 2395 ab
1136 2331 1229 2388 illo
1255 2335 1557 2401 recesserit,
1588 2335 1848 2394 suadente
1872 2337 1986 2393 dia-

405 2416 526 2471 bolo
555 2419 607 2471 in
643 2417 858 2487 aliquod
892 2419 1097 2476 crimen
1139 2422 1207 2477 de
1249 2423 1335 2479 bis
1362 2438 1483 2494 qua:
1537 2434 1665 2481 ante
1710 2428 1986 2485 nesciebat

402 2507 579 2562 cadat.
613 2507 680 2562 Et
729 2518 1014 2580 postquam
1055 2513 1237 2569 omnia
1288 2523 1508 2584 peccata
1564 2532 1661 2573 sua
1706 2518 1984 2577 confessus

403 2596 588 2664 fuerit,
613 2596 773 2656 faetat
797 2600 847 2654 ei
881 2598 1199 2672 Symbolum
1239 2603 1422 2660 dicere
1448 2614 1504 2665 et
1531 2607 1783 2664 omnibus
1805 2608 1898 2679 qui
1929 2610 1980 2664 in

402 2701 460 2741 se
487 2699 849 2756 peccaverunt
872 2689 1144 2751 dimittere
1188 2700 1244 2748 et
1285 2695 1718 2753 emendationem
1757 2700 1983 2770 promit-

402 2788 517 2835 tere
542 2780 672 2847 Deo,
698 2797 800 2837 nec
846 2783 1042 2839 iterum
1095 2786 1165 2842 ad
1216 2786 1305 2843 illa
1343 2797 1563 2859 peccata
1596 2791 1799 2846 redeat.
1846 2791 1979 2847 Cum

400 2871 516 2925 lucc
544 2872 725 2927 omnia
751 2871 985 2941 fecerit,
1029 2876 1393 2933 considerabit
1415 2882 1669 2936 sacerdos
1712 2881 1982 2954 magnitu-

400 2962 584 3017 dinem
611 2964 910 3033 culparum,
932 2974 985 3020 et
1007 2965 1161 3036 juxta
1190 2970 1409 3027 modum
1435 2972 1675 3042 imponat
1699 2974 1748 3029 ei
1771 2982 1980 3047 tempus

402 3052 756 3137 pmnitentiic.
788 3054 988 3112 Deinde
1035 3073 1196 3129 super
1221 3075 1345 3116 eum
1373 3071 1576 3133 septem
1604 3066 1841 3135 psalmos
1868 3083 1980 3140 pte-

398 3145 709 3202 nitcntiales
731 3162 857 3209 cum
881 3150 1215 3208 orationibus
1255 3169 1374 3224 qum
1402 3164 1527 3211 sunt
1568 3157 1623 3212 in
1671 3174 1955 3217 sacramen

400 3238 539 3293 tario
564 3237 731 3309 dicat,
762 3249 819 3296 et
843 3242 1085 3298 absolvat
1112 3260 1236 3300 eum
1277 3246 1331 3302 in
1365 3263 1517 3318 pace.

470 3327 757 3385 Sciendum
783 3339 961 3387 autem
988 3334 1131 3403 quod
1153 3335 1199 3390 si
1244 3337 1365 3407 quis
1389 3338 1763 3410 episcoporum
1798 3343 1853 3398 in
1883 3343 1979 3399 ali-

395 3433 504 3486 quo
538 3419 604 3474 de
649 3429 770 3476 octo
795 3422 1185 3494 principalibus
1212 3426 1524 3497 inquinatus
1544 3431 1634 3496 sit,
1658 3435 1979 3507 quatuorde—

403 3509 507 3565 cim
535 3513 688 3568 annis
711 3514 992 3584 paeniteat,
1044 3519 1325 3589 presbyter
1349 3520 1666 3591 duodecim,
1719 3522 1976 3581 diaconus

395 3607 540 3664 octo,
563 3600 794 3659 clericus
821 3618 933 3667 sex,
959 3604 1130 3661 laicus
1163 3617 1412 3675 quatuor.

468 3689 657 3745 Mulier
676 3706 797 3760 qua:
827 3702 1044 3762 partum
1069 3711 1227 3751 suum
1275 3705 1455 3764 necat,
1488 3715 1579 3754 xw
1598 3701 1756 3758 annis
1803 3705 1977 3774 pinni-

399 3786 528 3832 teat.
568 3778 626 3833 Si
658 3780 826 3835 lilium
870 3798 1026 3839 suum
1055 3784 1345 3849 occiderit,
1388 3803 1458 3841 xv
1484 3790 1643 3846 annis
1687 3792 1970 3862 poeniteat.

400 3869 457 3923 Si
482 3870 536 3924 in
561 3879 715 3927 utero
729 3882 854 3928 ante
880 3884 1095 3942 partum
1116 3875 1391 3943 occiderit,
1418 3895 1491 3934 vn
1514 3880 1672 3936 annis
1690 3883 1970 3952 pmniteat.

400 3960 459 4014 Si
488 3959 664 4017 infans
713 3963 830 4018 sine
878 3964 1148 4035 baptismo
1178 3976 1423 4024 mortuus
1475 3967 1670 4036 fuerit,
1727 3983 1975 4043 parentes

397 4049 514 4121 ejus
549 4068 747 4108 annum
788 4054 1058 4127 integrum
1102 4058 1425 4129 pceuiteant,
1449 4067 1507 4117 et
1532 4076 1808 4133 nunquam
1857 4067 1975 4122 sine

398 4144 577 4214 aliqua
596 4146 915 4216 paenitentia
936 4146 1086 4203 fiant.

466 4236 604 4292 Sunt
648 4238 829 4311 aliqua
853 4250 1076 4310 peccata
1105 4257 1246 4312 quae,
1275 4242 1419 4300 sicut
1442 4244 1678 4304 Isidorus
1703 4248 1806 4315 ait,
1851 4248 1973 4319 igne

2016 1636 2066 1736 Β

393 4330 987 4432 purgatorionpurgari
1034 4342 1294 4403 possunt;
1335 4351 1455 4405 qua:
1495 4345 1577 4393 est
1627 4337 1970 4408 superfluitas
1994 4372 2048 4432 Β

392 4419 751 4476 tnanducandi
784 4429 840 4476 et
867 4422 1113 4490 bibendi,
1159 4426 1443 4494 pausandi,
1472 4426 1742 4497 loquendi,
1773 4437 1827 4484 et
1861 4437 1971 4486 tar-

392 4509 534 4565 ditas
558 4510 803 4569 infirmos
822 4513 1095 4580 visitandi,
1124 4517 1192 4571 ad
1212 4517 1498 4573 ecclesiam
1532 4520 1804 4586 veniendi,
1835 4521 1972 4577 elec-

392 4614 674 4671 mosynam
705 4602 888 4669 dandi,
918 4603 1000 4658 ira
1041 4605 1342 4673 repentina,
1368 4622 1487 4677 quae
1528 4624 1635 4663 non
1662 4616 1874 4664 tenetur
1914 4609 1968 4665 in

393 4693 574 4756 corde,
604 4693 871 4761 ebrietas,
920 4695 966 4749 si
1004 4711 1112 4750 non
1156 4695 1483 4767 frequenter.
1528 4698 1663 4753 Nam
1715 4699 1795 4754 ira
1847 4717 1971 4771 qum

394 4790 578 4836 manet
604 4782 658 4837 in
682 4784 844 4838 corde
865 4792 922 4840 et
953 4784 1137 4840 odium
1169 4796 1393 4857 generat
1419 4796 1475 4842 et
1501 4789 1771 4845 desiderat
1795 4791 1971 4847 vindi-

395 4880 560 4934 ctam,
598 4877 656 4926 et
682 4870 825 4926 inter
855 4873 1171 4943 principalia
1199 4884 1497 4946 reputatur.

464 4959 691 5027 Quidam
721 4961 974 5017 dixerunt
998 4964 1205 5020 minora
1229 4978 1450 5037 peccata
1477 4984 1596 5025 esse
1627 4970 1929 5043 hujusmodi
1948 5014 1963 5038 ,

398 5050 450 5105 izl
485 5058 567 5105 est
587 5065 812 5120 parvum
840 5053 1156 5125 perjurium,
1187 5056 1231 5112 si
1255 5071 1367 5111 non
1390 5056 1703 5129 frequenter
1723 5060 1961 5127 solitum,

395 5139 678 5210 loquentes
736 5142 876 5197 inter
924 5142 1156 5213 jocando
1189 5145 1273 5203 vel
1326 5147 1612 5205 irascendo
1662 5166 1843 5221 parva:
1884 5153 1963 5207 rei

393 5228 619 5294 furtum,
644 5230 847 5286 nubere
871 5247 993 5288 cum
1012 5249 1179 5291 uxore
1205 5251 1367 5307 quam
1393 5237 1626 5307 polluisti
1656 5239 1709 5295 in
1749 5255 1961 5306 somno,

391 5329 680 5391 percutere
710 5321 982 5379 hominem
1012 5333 1071 5381 ut
1097 5331 1315 5398 sanguis
1336 5326 1484 5396 ﬂuat,
1514 5337 1767 5386 truncare
1795 5346 1966 5384 mem-

393 5411 548 5467 brum
577 5408 809 5466 hominis
835 5419 893 5465 ut
925 5427 1031 5467 non
1070 5415 1352 5481 moriatur,
1384 5417 1528 5471 coire
1559 5434 1679 5472 cum
1712 5433 1881 5471 uxore
1909 5418 1961 5471 in

395 5503 481 5557 die
513 5503 911 5572 Dominico,vel
927 5506 981 5561 in
1004 5508 1191 5564 diebus
1212 5510 1408 5578 quibus
1439 5527 1544 5565 non
1572 5510 1716 5574 licet,
1760 5509 1960 5566 violare

399 5600 726 5650 mortuorum
773 5597 1020 5669 sepulcra
1053 5613 1212 5656 causa
1265 5600 1336 5656 ibi
1383 5599 1675 5656 fabricandi
1718 5600 1954 5668 domum,

2097 434 2202 489 qua
2232 419 2409 479 debet.
2439 420 2624 474 bibere
2660 418 2982 474 maleﬁcium
3030 419 3111 473 vel
3140 420 3472 476 immundam
3521 438 3635 479 rem
3664 466 3680 491 ,

2096 525 2287 563 usuras
2315 510 2476 575 dare,
2515 526 2602 564 res
2625 510 2828 566 alienas
2863 509 3050 566 tollere
3076 526 3294 581 parvas,
3339 514 3680 585 sacrilegium

2095 602 2275 659 facere
2321 606 2374 658 in
2426 605 2610 673 parvis
2645 605 2827 671 rebus,
2866 604 2919 660 id
2956 613 3042 660 est
3068 646 3083 671 ,
3124 604 3190 658 de
3221 605 3461 662 Ecclesia
3509 607 3679 665 furari

2096 693 2318 763 aliquid,
2340 693 2622 762 pecuniam
2645 693 3068 755 ecclesiasticam
3098 695 3265 750 furari
3294 695 3376 751 vel
3403 693 3677 762 fraudare,

2095 785 2308 839 domum
2332 797 2575 839 cremare
2600 783 2716 838 sine
2757 785 2953 840 damno
2995 801 3210 857 magno,
3240 784 3373 841 alios
3396 801 3557 841 causa
3593 786 3681 842 la:-

2094 875 2227 930 titite
2249 876 2539 943 inebriare,
2565 862 2845 931 morticina
2875 878 3221 941 manducare,
3264 878 3317 933 id
3352 887 3457 944 est,
3480 879 3679 935 morti-

2094 966 2310 1020 ficatum
2339 982 2368 1020 a
2384 966 2575 1033 bestia,
2595 966 2680 1022 vel
2696 967 2905 1033 avibus,
2929 967 3012 1022 vel
3041 968 3107 1023 de
3131 968 3321 1024 morbo
3342 979 3575 1024 mortua.
3603 968 3679 1024 De

2092 1056 2178 1110 bis
2207 1064 2260 1110 et
2283 1056 2481 1111 talibus
2505 1054 2767 1124 ejusmodi
2795 1056 3061 1112 similibus
3105 1058 3391 1128 episcopus
3435 1074 3510 1113 vn
3535 1059 3676 1114 heb-

2091 1147 2349 1202 domadas
2391 1147 2688 1216 poeniteat,
2740 1147 3025 1218 presbyter
3079 1147 3355 1219 quinque,
3414 1147 3679 1203 diaconus

2092 1247 2344 1308 quatuor,
2366 1238 2728 1293 subdiaconus
2744 1247 2876 1304 tres,
2891 1238 3119 1293 clericus
3134 1238 3286 1303 duas,
3302 1237 3474 1293 laicus
3487 1254 3676 1293 unam.

2093 1331 2151 1386 Si
2180 1332 2232 1386 in
2264 1329 2454 1398 majori
2480 1331 2705 1385 crimine
2736 1330 2788 1385 in
2818 1329 2950 1399 ipsis
2982 1328 3143 1384 rebus
3166 1329 3251 1383 vel
3295 1330 3416 1384 aliis
3463 1330 3677 1385 inveni-

2094 1432 2200 1488 tur,
2233 1422 2526 1478 secundum
2560 1420 2839 1475 levitatem
2872 1420 2954 1473 vel
3001 1419 3414 1475 testimationem
3464 1420 3677 1490 peccati

2094 1515 2284 1568 modus
2316 1513 2649 1583 pmnitentim
2683 1512 2768 1566 vel
2822 1510 3169 1580 atnpliabitur
3195 1511 3277 1566 vel
3329 1511 3673 1583 levigabitur.

2095 1603 2258 1660 Olire
2291 1618 2423 1658 vero
2452 1601 2673 1658 fratrem
2699 1643 2714 1668 ,
2762 1603 2817 1658 in
2849 1617 2957 1673 quo
3003 1602 3128 1658 odio
3174 1610 3380 1673 quanto
3429 1612 3676 1676 tempore

2094 1696 2278 1761 fuerit,
2308 1703 2455 1750 tanto
2480 1695 2654 1765 spatio
2680 1695 2734 1750 in
2770 1708 2910 1765 pane
2951 1703 3005 1750 et
3032 1710 3169 1765 aqua
3202 1695 3366 1750 vivat.

2159 1786 2496 1842 Admonendi
2524 1787 2684 1841 etiam
2711 1794 2839 1842 sunt
2866 1787 3176 1842 sacerdotes
3215 1788 3281 1843 de
3311 1787 3566 1843 unctione
3595 1787 3677 1842 in-

2089 1877 2368 1932 ﬁrmorum
2399 1887 2455 1931 et
2479 1877 2793 1947 pcenitentia
2825 1884 2882 1932 et
2918 1876 3117 1932 viatico
3141 1918 3156 1943 ,
3210 1891 3278 1931 ne
3305 1877 3501 1947 aliquis
3553 1877 3675 1931 sine

2090 1967 2288 2023 viatico
2313 1966 2597 2022 moriatur.
2626 1965 2734 2022 Sed
2778 1975 2833 2022 et
2855 1966 2899 2022 si
2945 1968 3067 2038 quis
3093 1966 3465 2037 pmuitentiam
3500 1967 3552 2020 in
3585 1967 3670 2020 in-

2088 2059 2346 2115 ﬁrmitate
2382 2059 2596 2130 quaarit,
2620 2060 2747 2114 dum
2790 2059 3043 2115 sacerdos
3070 2059 3139 2113 ad
3169 2073 3292 2113 eum
3322 2058 3530 2113 venerit
3556 2099 3570 2123 ,
3623 2060 3671 2113 si

2087 2152 2373 2224 contigerit
2395 2167 2520 2209 eum
2544 2150 2720 2208 ollicio
2747 2151 2943 2221 lingua:
2962 2150 3188 2222 privari,
3211 2150 3560 2206 constitutum
3583 2160 3673 2205 est

2085 2253 2147 2301 ut
2171 2244 2349 2300 idonei
2379 2244 2481 2301 viri
2510 2243 2587 2299 illi
2617 2244 2856 2314 quicum
2907 2242 2977 2299 ab
3022 2258 3089 2299 eo
3140 2243 3294 2298 initio
3328 2242 3667 2301 infirmitatis

2086 2335 2306 2394 fuerunt
2330 2351 2456 2393 vera
2486 2336 2793 2399 testimonia
2820 2335 3004 2392 dicant
3028 2351 3149 2406 qua
3172 2335 3352 2393 abillo
3380 2336 3671 2391 audierunt

2087 2425 2214 2481 dum
2248 2424 2397 2495 loqui
2420 2432 2656 2496 poterat,
2684 2425 2798 2481 sive
2819 2424 2887 2480 de
2907 2426 3248 2495 pmnitentia,
3275 2425 3392 2481 sive
3412 2426 3476 2481 de
3497 2425 3666 2481 barba

2087 2515 2375 2581 tondeuda,
2395 2515 2512 2571 sive
2535 2516 2601 2572 de
2619 2516 2963 2571 monaebatu.
2996 2514 3064 2570 Et
3088 2524 3215 2571 tunc
3238 2516 3491 2571 sacerdos
3515 2530 3662 2571 com-

2086 2606 2323 2662 monitus
2350 2604 2583 2661 olIicium
2616 2606 2762 2662 circa
2789 2620 2912 2660 eum
2950 2605 3237 2674 adimpleat
3264 2645 3282 2670 ,
3340 2616 3395 2660 et
3448 2603 3667 2674 ﬁdejus-

2083 2697 2298 2753 soribus
2317 2697 2436 2770 ejus
2462 2696 2837 2767 pmnitentiam
2860 2696 2979 2771 ejus
3002 2711 3101 2766 pro
3128 2710 3193 2751 eo
3217 2695 3479 2766 imponat,
3502 2704 3559 2750 et
3585 2695 3664 2750 illi

2079 2803 2182 2860 pro
2202 2804 2267 2844 eo
2295 2786 2643 2860 adimpleant.

2153 2879 2450 2950 Episcopus
2495 2891 2626 2933 vero
2671 2877 2717 2933 si
2764 2876 2837 2932 ita
2880 2874 3042 2932 fuerit
3074 2876 3379 2935 infirmatus
3421 2883 3483 2932 ut
3530 2890 3662 2928 eum

2081 2969 2210 3039 ungi
2241 2968 2420 3040 liceat,
2437 2976 2491 3024 et
2521 2967 2660 3022 alter
2686 2967 2972 3038 episcopus
2998 2982 3103 3022 non
3130 2967 3204 3026 sit
3224 2980 3462 3037 praesens
3490 2966 3580 3036 qui
3609 2966 3662 3019 ei

2079 3061 2317 3117 ofﬁcium
2351 3058 2643 3130 adimpleat
2668 3058 2938 3114 unctionis
2963 3098 2977 3124 ,
3024 3055 3341 3128 presbytero
3365 3056 3490 3112 licet
3532 3072 3662 3111 cum

2077 3151 2351 3207 unctionis
2373 3148 2552 3205 ofﬁcio
2588 3162 2929 3204 consecrare.
2984 3146 3139 3203 Nulla
3190 3148 3336 3203 enim
3382 3147 3438 3202 in
3482 3147 3665 3216 primo

2078 3251 2320 3312 tempore
2358 3239 2725 3311 praedictionis
2751 3238 3113 3310 apostolorum
3140 3237 3393 3293 distantia
3429 3235 3531 3291 fuit
3572 3236 3662 3293 in-

2077 3340 2161 3389 ter
2187 3333 2467 3404 episcopos
2493 3339 2550 3387 et
2571 3330 2949 3402 presbyteros;
2982 3344 3083 3384 nec
3122 3328 3297 3385 adhuc
3322 3336 3497 3393 esset,
3553 3328 3663 3383 nisi

2076 3438 2239 3480 causa
2277 3422 2628 3479 dissensionis
2662 3420 3041 3475 hzereticorum
3063 3417 3275 3474 diversa
3303 3416 3568 3473 docebant
3606 3425 3663 3471 et

2075 3514 2348 3569 contraria
2376 3511 2477 3567 sibi
2500 3509 2654 3566 multi
2684 3508 3006 3581 presbyteri.

2144 3601 2406 3657 Primitus
2431 3609 2611 3657 autem
2639 3601 2854 3655 inﬁrmo
2878 3599 3193 3671 paenitentia
3225 3598 3402 3654 detur.
3420 3595 3650 3661 Deinde,

2075 3694 2120 3750 si
2157 3690 2467 3765 permiserit
2494 3691 2803 3757 infirmitas,
2831 3689 3014 3744 ablato
3051 3703 3293 3760 corpore,
3321 3687 3458 3743 albis
3490 3687 3662 3742 vesti-

2073 3786 2175 3841 bus
2206 3784 2480 3850 induatur,
2508 3790 2563 3837 et
2611 3782 2666 3837 in
2691 3782 2977 3837 ecclesiam
3023 3781 3353 3853 deportetur,
3378 3785 3433 3833 et
3473 3779 3661 3849 jaceat

2073 3876 2128 3931 in
2157 3876 2335 3931 cilicio
2363 3872 2663 3946 superjecto
2687 3875 2886 3929 cinere.
2917 3873 3170 3932 Portetur
3191 3871 3263 3926 ibi
3287 3887 3419 3931 crux
3435 3878 3492 3925 et
3510 3885 3652 3939 aqua

2070 3972 2375 4038 benedicta,
2405 3979 2467 4025 ut
2496 3984 2618 4026 cum
2657 3969 2904 4024 venerint
2932 3967 3001 4022 ad
3044 3981 3168 4021 eum
3194 4006 3210 4032 ,
3238 3963 3492 4020 videlicet
3538 3971 3657 4019 tres

2072 4061 2407 4135 presbyteri,
2455 4061 2640 4118 dicant
2665 4058 2956 4129 capitulum
2986 4076 2999 4112 :
3029 4054 3148 4111 Pax
3192 4056 3314 4137 huic
3368 4055 3551 4109 domui
3603 4064 3655 4110 et

2072 4154 2310 4209 omnibus
2337 4151 2689 4206 habitantibus
2732 4151 2784 4205 in
2836 4166 2919 4203 ea.
2974 4146 3091 4201 Pax
3136 4146 3548 4218 ingredientibus
3602 4157 3655 4201 et

2070 4244 2448 4316 egredientibus
2486 4243 2539 4299 in
2568 4243 2774 4296 nomine
2816 4239 3047 4294 Domini.
3082 4237 3287 4293 Deinde
3327 4234 3518 4293 fundat
3555 4253 3654 4293 sa-

2072 4335 2263 4390 cerdos
2297 4333 2366 4389 de
2402 4333 2520 4389 oleo
2560 4341 2775 4388 sacrato
2820 4332 2875 4387 in
2904 4346 3099 4403 aquam
3148 4330 3487 4386 benedictam
3517 4370 3534 4396 ,
3598 4340 3657 4386 et

2073 4433 2289 4498 spargat
2313 4440 2434 4480 eam
2471 4426 2658 4481 dicens
2685 4424 3070 4495 antiphonam:
3110 4421 3354 4486 Benedic,
3387 4421 3651 4489 Domine,

2068 4517 2280 4570 domum
2306 4516 2462 4569 istam
2484 4524 2532 4569 et
2561 4531 2735 4568 omnes
2753 4514 3048 4568 habitantes
3074 4513 3127 4566 in
3162 4528 3224 4566 ea
3249 4529 3268 4577 ;
3296 4512 3545 4583 quoniam
3566 4522 3651 4579 tu,

2067 4604 2309 4670 Domine,
2338 4604 2521 4658 dixisti
2544 4617 2562 4655 :
2590 4601 2710 4657 Pax
2731 4604 2853 4657 huic
2882 4602 3083 4667 domui,
3108 4610 3214 4657 etc.
3246 4601 3498 4667 Benedic,
3539 4601 3655 4656 Do-

2067 4696 2226 4761 mine,
2253 4696 2486 4751 timentes
2506 4704 2574 4761 te,
2602 4694 2821 4766 pusillos
2866 4710 2983 4748 cum
3011 4692 3321 4764 majoribus.
3374 4691 3652 4748 Benedicti

2067 4786 2488 4852 vosaDomino,
2528 4788 2618 4857 qui
2655 4784 2773 4857 fecit
2796 4784 2979 4839 cretum
3006 4793 3053 4839 et
3073 4793 3287 4838 terram.
3332 4783 3401 4840 Et
3445 4784 3649 4839 iterum

2070 4877 2209 4932 dicat
2228 4876 2574 4946 antiphonam
2599 4894 2612 4930 :
2640 4875 2888 4947 Asperges
2901 4890 3002 4940 me,
3018 4871 3260 4940 Domine,
3275 4873 3518 4945 hyssopo,
3531 4882 3644 4929 etc.

2070 4966 2139 5022 Et
2162 4967 2288 5021 data
2314 4967 2561 5021 oratione
2587 4966 2823 5022 cinerem
2877 4973 3150 5021 sacratum
3184 4964 3426 5035 imponat
3476 4964 3647 5033 capiti

2068 5065 2126 5110 et
2164 5056 2366 5127 pectori
2399 5056 2599 5112 infirmi
2645 5056 2701 5111 in
2748 5055 2927 5110 crucis
2950 5056 3169 5110 modum
3194 5054 3415 5109 dicens:
3450 5051 3520 5107 In
3548 5071 3646 5108 su-

2069 5147 2195 5202 dore
2214 5147 2383 5207 vultus
2419 5148 2497 5201 tui
2524 5146 2742 5201 vesceris
2763 5162 2898 5216 pane
2944 5154 3034 5200 tuo
3059 5144 3223 5198 donec
3267 5143 3542 5198 revertaris
3587 5146 3645 5200 in

2069 5248 2264 5293 terram
2305 5238 2370 5293 de
2393 5255 2497 5311 qua
2518 5247 2755 5309 sumptus
2777 5253 2850 5292 es.
2880 5233 3063 5290 Pulsis
3088 5251 3175 5301 es,
3207 5243 3255 5289 et
3285 5235 3338 5288 in
3375 5232 3645 5304 pulverem

2067 5330 2355 5383 reverteris.
2402 5329 2603 5384 Deinde
2638 5327 2898 5398 incipiant
2927 5335 3133 5396 septem
3176 5323 3412 5397 psalmos
3465 5324 3645 5395 pruni—

2064 5420 2311 5476 tentiales
2336 5436 2433 5492 pro
2470 5435 2554 5476 eo.
2585 5420 2674 5487 Et,
2703 5421 2747 5476 si
2777 5427 2972 5491 potest,
3008 5419 3252 5476 infirmus
3279 5426 3386 5472 stet
3411 5418 3642 5488 genibus

2062 5509 2212 5567 flexis
2237 5521 2301 5575 et,
2325 5514 2498 5583 capite
2525 5512 2782 5569 inclinato
2820 5512 2933 5567 sive
2961 5510 3107 5566 omni
3133 5525 3360 5579 corpore
3394 5518 3641 5578 prostra-

2063 5610 2163 5657 tus.
2199 5602 2323 5659 Post
2352 5604 2594 5659 litaniam
2625 5604 2766 5667 dicta
2796 5602 3037 5659 oratione
3063 5600 3284 5670 incipiat
3324 5600 3637 5655 unctionem
