3998 6182
339 221 438 276 '22!

1737 228 1931 284 CAPIT
1944 228 2072 283 HLA
2083 230 2188 284 RE.

3501 246 3606 302 22:!

335 338 650 393 canentibus
673 339 886 394 eteteris
911 341 1144 411 psalmos
1165 350 1217 397 et
1240 344 1589 414 antiplmnam
1613 361 1915 417 congruen-
1945 351 1992 407 Α
2027 366 2044 398 α
2074 348 2395 404 Amenlibus
2421 367 2751 422 quaecunque
2773 364 2898 409 sunt
2922 355 3139 424 pietatis
3171 355 3541 415 conferantur.
3581 384 3597 413 ι

335 438 443 491 tes,
463 437 516 483 et
540 427 704 482 faciat
738 429 804 484 de
829 431 948 486 oleo
976 448 1138 502 super
1162 449 1283 489 eum
1311 435 1591 491 duodecim
1617 437 1767 508 signa
1797 454 1919 491 cru-

334 517 436 581 cis,
466 518 565 572 hoc
596 525 708 572 est:
739 519 968 588 primum
1001 521 1143 576 inter
1164 507 1412 593 scapulas
1426 507 1916 595 magnamicruccm

335 619 503 674 usque
517 605 584 659 ad
607 606 803 660 collum
818 617 950 663 etex
967 618 1275 668 transverso
1301 627 1467 682 usque
1486 630 1648 684 super
1667 616 1916 684 scapulas

333 707 456 746 cum
493 695 757 762 oratione,
786 697 981 753 deinde
1009 700 1060 754 in
1103 702 1242 756 collo
1284 718 1452 773 usque
1498 704 1564 758 ad
1613 707 1909 772 cervicem;

331 784 550 838 tertiam
572 800 736 854 super
753 789 924 856 'caput
956 803 1126 859 usque
1155 792 1220 845 ad
1248 790 1479 848 frontem
1521 793 1574 847 in
1604 802 1912 849 transverso

331 876 400 930 ab
425 891 555 932 aure
577 894 747 948 usque
768 881 835 934 ad
862 896 1079 947 aurem;
1106 883 1297 938 deinde
1323 894 1572 954 quartam
1587 895 1641 941 et
1669 887 1909 956 quintam

327 966 382 1021 in
415 968 553 1032 visu,
591 968 694 1025 hoc
723 978 826 1036 est,
854 971 909 1027 in
950 974 1252 1044 superciliis
1281 975 1585 1042 oculorum;
1622 986 1828 1031 sextam
1858 978 1911 1032 in

324 1056 548 1124 olfactu,
578 1059 632 1112 id
656 1068 758 1126 est,
785 1060 839 1114 in
872 1077 1002 1118 naso
1024 1063 1138 1118 sive
1167 1064 1220 1118 iu
1249 1065 1472 1119 naribus
1497 1082 1509 1094 ·
1542 1067 1824 1135 septimam
1857 1067 1911 1122 in

323 1158 507 1216 gustu,
540 1151 643 1204 hoc
665 1161 771 1217 est,
796 1153 850 1207 in
885 1154 1043 1208 labiis
1074 1172 1088 1221 ;
1121 1166 1367 1211 octavam
1392 1167 1446 1213 et
1475 1174 1670 1213 nonam
1693 1173 1911 1214 crucem

323 1238 376 1291 in
404 1241 618 1306 auditu,
645 1242 698 1296 id
726 1253 828 1310 est,
879 1246 934 1298 in
972 1247 1193 1302 auribus
1232 1247 1471 1315 deforis;
1529 1250 1796 1306 decimam
1855 1251 1910 1304 in

321 1338 569 1398 gutture,
598 1333 936 1389 undecimam
958 1337 1012 1391 in
1053 1346 1293 1406 pectore,
1321 1339 1693 1396 duodecimam
1720 1350 1775 1396 et
1820 1343 1912 1398 de-

318 1420 520 1474 cimam
551 1424 766 1478 tertiam
797 1425 851 1478 in
891 1413 1071 1491 tactu,’
1091 1428 1142 1482 id
1167 1438 1272 1494 est,
1297 1431 1350 1486 in
1402 1448 1723 1504 unaquaque
1747 1451 1910 1489 manu

317 1508 543 1576 deforis,
567 1510 802 1585 reliquas
824 1515 960 1570 duas
991 1516 1047 1572 in
1073 1519 1318 1588 pedibus.
1349 1521 1461 1576 Hoc
1482 1532 1658 1582 autem
1684 1542 1910 1583 numero

313 1600 676 1668 quindenario
701 1602 926 1669 facimus
947 1622 1136 1668 cruces
1172 1611 1235 1664 de
1261 1612 1382 1668 oleo
1403 1622 1590 1670 sancto
1613 1631 1779 1686 super
1799 1617 1896 1672 ho.

2019 436 2083 489 Et
2120 438 2220 492 rite
2258 439 2309 492 in
2350 439 2481 494 hora
2519 443 2644 511 quia
2694 445 2871 498 subito
2907 447 3284 502 obmutescens
3335 449 3599 518 baptizari

2017 536 2111 581 aut
2133 530 2510 596 ptenitentiam
2540 533 2787 602 accipere
2813 543 3011 604 potest,
3059 537 3105 590 si
3136 536 3429 593 voluntatis
3459 557 3598 610 pm:-

2018 617 2191 671 terita:
2221 619 2528 674 testimonia
2563 621 2710 691 justa
2741 621 2959 679 fuerint.
2990 624 3079 680 Sic
3105 629 3337 695 quandiu
3367 631 3473 684 vita
3496 649 3593 702 ap-

2011 714 2169 782 paret
2196 707 2249 759 in
2294 708 2531 774 inﬁrmo,
2565 713 2930 768 commendari
2981 717 3226 770 omnibus
3252 718 3446 775 ofﬁciis
3490 723 3597 791 pie-

2014 795 2138 848 tatis
2172 796 2394 862 poterit,
2422 799 2636 852 etiamsi
2681 802 2991 857 testimonia
3032 804 3320 861 voluntatis
3345 809 3460 878 ejus
3505 812 3598 864 de-

2011 882 2228 938 fuerint.
2262 885 2367 940 Pro
2398 886 2500 943 fide
2542 896 2725 944 tamen
2766 893 3067 948 amicorum
3105 897 3284 951 omnia
3310 899 3358 951 ei
3399 899 3592 954 debent

2012 974 2244 1044 impendi
2271 986 2735 1032 sacramentorum
2764 980 3053 1050 adjutoria,
3088 986 3336 1054 exemplo
3365 1003 3593 1058 cvange-

2012 1064 2139 1129 lico,
2170 1065 2259 1118 ubi
2299 1065 2457 1120 Jesus
2481 1083 2584 1120 non
2613 1069 2680 1121 ad
2703 1070 3104 1142 paralytici.sed
3148 1075 3213 1127 ad
3243 1075 3454 1130 illorum
3507 1079 3593 1146 qui

2009 1168 2130 1208 eum
2166 1157 2455 1224 portabant
2487 1157 2646 1212 [idem
2695 1162 2994 1229 respiciens
3044 1165 3156 1218 ait:
3195 1165 3387 1230 Homo,
3421 1170 3598 1222 dimit-

2011 1249 2306 1301 tunturtibi
2340 1259 2553 1318 peccata
2592 1260 2702 1304 tua.
2754 1251 2866 1306 lloc
2907 1265 3086 1308 autem
3117 1257 3372 1312 omnibus
3422 1261 3597 1314 modis

2009 1337 2287 1392 observari
2320 1347 2561 1409 oportet,
2616 1349 2675 1394 ut
2703 1350 2822 1411 post
2880 1351 3109 1396 mortem
3152 1348 3461 1400 communio
3498 1363 3594 1401 eu-

2009 1429 2280 1484 charistia:
2325 1431 2380 1485 in
2431 1445 2494 1485 os
2529 1431 2804 1486 cadaveris
2844 1432 2995 1505 [non]
3051 1435 3372 1489 immittatur
3410 1437 3592 1506 aliquo

2009 1518 2208 1574 intuitu
2235 1519 2638 1581 misericordize,
2665 1520 2805 1588 quod
2832 1522 3116 1592 prohibent
3146 1523 3297 1577 valde
3327 1538 3584 1578 canones.

2009 1607 2134 1666 Sola
2179 1611 2491 1682 pteuitentia
2524 1611 2592 1666 ab
2637 1612 2829 1666 amicis
2871 1627 2966 1681 pro
2998 1621 3209 1668 mortuo
3243 1622 3417 1683 potest
3467 1626 3591 1684 post

311 1689 520 1744 minem
571 1692 842 1748 infirmum
883 1705 1104 1766 propter
1153 1699 1433 1756 Trinitatis
1481 1682 1801 1774 mysterium
1849 1715 1904 1762 et
1929 1682 1976 1741 Β
2005 1710 2230 1754 mortem
2262 1700 2377 1769 eius
2405 1701 2598 1771 εὶεοῖρίν
2627 1702 2670 1756 Si
2702 1710 2849 1755 ωηῑει
2877 1702 2929 1755 in
2957 1703 3037 1757 eis
3067 1703 3228 1757 fuerit
3247 1682 3512 1758 Charilau-

307 1781 559 1852 quinquc
581 1799 796 1841 sensum
833 1787 1302 1856 significationem.
1356 1794 1518 1848 Terni
1562 1797 1705 1850 enim
1751 1799 1908 1866 quin-

303 1873 476 1940 quies
525 1875 832 1942 quindecim
864 1879 1169 1946 perficiunt.
1211 1881 1280 1936 Et
1324 1884 1451 1951 quia
1511 1900 1607 1953 per
1646 1886 1907 1955 imparem

299 1979 612 2018 numerum
645 1968 836 2035 saapius
870 1970 1210 2026 sanctiﬁcare
1259 1972 1476 2028 solitum
1532 1984 1650 2042 est,
1687 1963 1906 2046 quidam

301 2053 512 2124 viginti
537 2069 730 2111 cruces
768 2054 946 2112 facere
973 2075 1132 2130 super
1157 2062 1431 2120 infirmum
1461 2065 1666 2131 volunt,
1689 2069 1906 2136 quidam

304 2163 372 2201 ex
412 2155 680 2218 quatuor,
713 2151 765 2204 id
799 2159 904 2217 est,
934 2161 1043 2208 tres
1093 2154 1235 2210 inter
1260 2157 1540 2226 scapulas,
1592 2167 1698 2213 tres
1746 2176 1908 2232 super

307 2239 586 2310 scapulas,
610 2248 721 2296 tres
750 2242 801 2296 in
825 2243 984 2310 collo,
1009 2245 1060 2299 in
1083 2247 1312 2312 cervice,
1339 2248 1392 2301 in
1414 2249 1676 2314 cerebro;
1708 2258 1820 2306 tres
1851 2252 1903 2310 in

310 2331 495 2386 fronte
519 2339 574 2386 et
601 2333 928 2402 superciliis,
953 2343 1064 2390 tres
1088 2336 1142 2390 in
1169 2338 1394 2393 naribus
1417 2347 1472 2394 et
1495 2339 1670 2405 labiis,
1696 2342 1830 2396 duas
1852 2342 1904 2396 in

311 2423 560 2488 auribus,
591 2423 724 2478 duas
757 2424 808 2478 in
842 2435 1061 2493 gutture
1087 2434 1142 2482 et
1173 2436 1412 2497 pectore,
1443 2429 1578 2484 duas
1630 2431 1683 2484 in
1734 2432 1905 2486 mani-

310 2515 431 2580 bus,
459 2513 600 2570 duas
630 2515 684 2570 in
713 2516 954 2585 pedibus.
982 2517 1210 2584 Quidam
1257 2520 1462 2578 addunt
1509 2522 1642 2577 duas
1684 2523 1737 2576 in
1769 2533 1905 2578 lem-

311 2604 572 2672 poribus,
603 2603 738 2660 duas
760 2605 812 2660 in
840 2607 1090 2662 manibus
1138 2607 1366 2664 interius
1412 2609 1632 2666 faciunt.
1670 2613 1900 2679 Quidam

313 2697 361 2750 in
389 2697 575 2752 fronte
599 2697 756 2753 ullius
801 2713 902 2754 nec
946 2698 1000 2753 in
1043 2699 1290 2756 manibus
1331 2699 1627 2756 sacerdotis
1673 2703 1900 2760 interius

312 2804 534 2844 crucem
558 2789 625 2844 de
648 2789 764 2843 oleo
793 2788 972 2844 facere
1017 2799 1264 2860 oportere
1316 2791 1521 2846 dicunt.
1560 2791 1666 2848 Sed
1712 2802 1893 2852 tamen

315 2880 381 2933 nil
403 2881 590 2935 obest.
610 2879 905 2951 Episcopus
926 2881 1070 2936 enim
1089 2897 1194 2938 non
1223 2881 1398 2937 oleum
1423 2881 1780 2949 inﬁrmorum,
1805 2885 1898 2940 sed

313 2971 556 3024 chrisma
588 2967 856 3024 frontibus
886 2971 1127 3030 omnium
1150 2971 1543 3046 baptizatorum
1571 2979 1626 3028 et
1649 2975 1896 3028 manibus

313 3063 658 3120 sacerdotum
684 3063 927 3134 imponit.
970 3063 1104 3118 Nam
1144 3033 1336 3134 pectus
1376 3072 1429 3119 et
1460 3064 1599 3118 inter
1653 3066 1896 3136 scapulas
1923 3033 1966 3094 Ο

314 3157 606 3227 baptizatis
631 3171 848 3211 crucem
884 3155 1133 3212 faciendo
1177 3157 1243 3212 de
1277 3157 1396 3218 oleo
1427 3157 1753 3221 exorcizato,
1788 3174 1895 3212 non

316 3246 376 3303 de
399 3247 530 3304 oleo
559 3248 932 3313 infirmorum,
984 3247 1278 3318 presbytcr'
1303 3248 1473 3317 tangit
1519 3255 1643 3300 ante
1697 3248 1899 3316 baptis-

316 3354 482 3393 mum.
508 3337 698 3408 ltaque
724 3338 800 3393 nil
828 3339 1019 3394 obesse
1048 3337 1294 3392 videmus
1323 3337 1510 3390 eadem
1534 3336 1649 3390 loca
1674 3336 1821 3406 tangi
1844 3336 1898 3389 in

318 3427 570 3482 unctione
615 3425 817 3482 inﬁrmi
862 3426 928 3481 de
961 3426 1080 3482 oleo
1135 3425 1494 3480 infirmorum.
1534 3424 1773 3494 Apostoli
1806 3440 1900 3477 au-

321 3525 416 3572 tem
447 3525 714 3588 tingentes
737 3515 856 3571 oleo
881 3516 1124 3571 inﬁrmos
1164 3530 1270 3569 non
1325 3514 1552 3585 amplius
1576 3529 1737 3584 quam
1789 3523 1898 3568 tres

319 3625 504 3664 cruces
530 3624 657 3663 cum
684 3607 804 3664 oleo
844 3623 1007 3676 super
1033 3621 1126 3663 eos
1152 3605 1439 3662 faciebant.
1479 3606 1628 3664 Unde
1677 3605 1892 3669 Graeci,

321 3702 400 3770 qui
436 3700 607 3770 ipsam
631 3698 978 3754 traditionem
1017 3697 1382 3768 apostolorum
1412 3697 1713 3760 imitantur,
1743 3695 1898 3750 simi-

321 3792 440 3848 liter
468 3801 579 3846 tres
606 3800 815 3845 tantum
844 3804 1033 3845 cruces
1058 3803 1178 3843 cum
1203 3789 1322 3843 oleo
1354 3786 1577 3851 faciunt,
1605 3785 1893 3841 fundentes

321 3901 440 3941 cum
473 3884 708 3956 ampulla
730 3883 908 3939 oleum
931 3881 1264 3938 inﬁrmorum
1289 3881 1342 3934 in
1358 3879 1536 3935 crucis
1559 3879 1774 3934 modum
1799 3895 1892 3933 su-

322 3994 411 4048 per
462 3987 625 4048 caput
657 3985 713 4032 et
746 3977 1063 4031 vestimenta
1103 3983 1158 4030 et
1210 3981 1378 4028 totum
1424 3988 1618 4042 corpus
1649 3971 1845 4025 infirmi
1873 4013 1888 4036 ,

324 4070 639 4139 incipientes
653 4081 868 4122 crucem
898 4080 927 4120 a
946 4064 1120 4132 capite
1140 4079 1310 4133 usque
1338 4065 1404 4117 ad
1431 4063 1614 4132 pedes,
1641 4062 1692 4114 in
1720 4070 1892 4116 trans-

324 4176 475 4215 verso
509 4175 541 4213 a
574 4173 736 4212 manu
780 4156 999 4210 dextera
1045 4167 1213 4224 usque
1240 4152 1305 4205 ad
1335 4151 1577 4216 brachia,
1607 4159 1662 4205 et
1701 4159 1890 4220 pectus

324 4268 487 4324 usque
511 4253 577 4308 ad
604 4251 883 4306 sinistram
908 4263 1150 4312 manum,
1175 4246 1339 4301 semel
1369 4247 1608 4300 dicentes
1635 4245 1701 4298 ad
1747 4244 1891 4313 ipsas

2073 1791 2208 1860 ipsis
2239 1808 2451 1862 quoque
2479 1793 2661 1863 pueris
2716 1794 3020 1847 necessaria
3063 1802 3145 1847 est
3177 1795 3434 1858 inunctio,
3463 1811 3587 1848 cum

2004 1879 2245 1947 legamus
2272 1881 2557 1934 nonnullos
2593 1881 2832 1935 virorum
2860 1891 3169 1937 sanctorum
3197 1882 3315 1937 oleo
3347 1886 3584 1938 membra

2005 1984 2292 2038 puerorum
2324 1970 2541 2024 unxisse
2571 1980 2786 2024 sacrato
2819 1980 2873 2025 et
2899 1974 2962 2024 ad
2993 1972 3278 2026 sanitatem
3303 1971 3585 2040 pristinam

2003 2073 2316 2114 revocasse.
2346 2057 2481 2113 Nam
2531 2061 2847 2129 posuitentia
2889 2063 3072 2130 pueris
3102 2063 3234 2116 adeo
3257 2063 3468 2116 videtur
3492 2079 3588 2116 ne-

2004 2151 2238 2205 cessaria
2299 2158 2357 2206 ut
2402 2151 2642 2222 legamus
2681 2154 2942 2222 quosdam
2991 2167 3186 2222 pueros
3239 2167 3338 2222 pro
3382 2154 3588 2207 meritis

2000 2250 2344 2312 peccatorum
2410 2243 2675 2298 ministris
2719 2242 2931 2299 Satanae
2987 2245 3246 2311 traditos,
3293 2253 3348 2300 et
3381 2247 3584 2316 absque

2001 2331 2324 2401 paenitentia
2364 2331 2707 2386 interierunt.

2074 2423 2224 2476 Sient
2251 2431 2429 2478 autem
2453 2421 2568 2492 jam
2607 2423 2840 2478 diximus
2863 2464 2877 2487 ,
2925 2424 2996 2478 ila
3034 2425 3236 2479 licitum
3259 2432 3335 2479 est
3364 2426 3585 2496 presby-

2001 2514 2134 2569 teris
2166 2516 2445 2586 episcopos
2476 2529 2678 2587 ungere
2728 2517 2782 2570 in
2839 2517 3173 2581 inﬁrmitate,
3208 2527 3266 2570 ut
3311 2518 3586 2587 Carthagi-

1999 2622 2167 2661 nense
2205 2607 2490 2662 concilium
2531 2608 2858 2679 presbyteris
2905 2609 3163 2662 concedat
3196 2608 3379 2663 fideles
3411 2608 3584 2662 chris-

1999 2707 2144 2752 mate
2169 2697 2490 2776 confirmare
2519 2714 2670 2754 more
2691 2699 3083 2767 episcoporum,
3109 2698 3152 2751 si
3187 2706 3363 2752 tamen
3397 2698 3446 2751 in
3490 2713 3584 2767 pe-

2000 2787 2172 2844 riculo
2202 2789 2392 2844 mortis
2421 2789 2653 2860 aliquem
2682 2789 2915 2843 viderint
2935 2788 3024 2856 qui
3052 2789 3118 2842 ab
3143 2789 3392 2858 episcopo
3413 2789 3583 2843 cbris—

1997 2885 2140 2932 mate
2164 2887 2350 2934 sancto
2376 2878 2536 2933 fuerit
2562 2879 2929 2934 conﬁrmatus.
2958 2877 3218 2933 Similiter
3238 2878 3302 2931 de
3333 2878 3575 2932 reconci-

1996 2970 2215 3026 liatione
2242 2973 2617 3042 paenitentiam
2661 2973 2716 3027 in
2739 2973 2980 3043 periculo
3009 2973 3199 3027 mortis
3228 2973 3306 3026 eis
3329 2973 3581 3027 concedi-

1998 3068 2103 3115 tur.
2136 3062 2442 3132 Presbyteri
2473 3064 2638 3128 enim,
2659 3064 2787 3118 licet
2835 3063 3184 3132 pontiﬁcatus
3209 3063 3415 3132 apicem
3469 3077 3577 3115 non

1997 3151 2250 3216 habeant,
2283 3161 2459 3206 tamen
2487 3154 2709 3206 secundi
2737 3153 2975 3222 episcopi
3003 3159 3145 3206 sunt.

2069 3240 2246 3294 Uncto
2272 3256 2399 3294 vero
2439 3241 2651 3294 infirmo
2701 3257 2821 3294 cum
2850 3241 3192 3295 orationibus
3219 3280 3234 3304 ,
3287 3247 3347 3292 ut
3375 3239 3579 3292 dictum

2001 3338 2104 3391 est,
2127 3329 2379 3397 iubeatur
2409 3345 2438 3382 a
2491 3331 2768 3383 sacerdote
2807 3331 3106 3383 orationem
3149 3329 3483 3382 Dominicam
3521 3339 3578 3382 et

2003 3419 2314 3489 Symbolum
2331 3420 2508 3472 dicere
2527 3427 2580 3472 et
2595 3418 2842 3486 spiritum
2869 3435 3023 3472 suum
3050 3419 3101 3471 in
3117 3433 3307 3471 manus
3319 3417 3411 3471 Dei
3434 3433 3582 3472 com-

2003 3508 2259 3564 mendare
2279 3516 2333 3563 et
2365 3507 2642 3579 signaculo
2673 3509 2848 3562 crucis
2870 3524 2927 3563 se
2952 3508 3161 3562 munire
3191 3517 3248 3563 et
3277 3509 3581 3564 viventibus

2000 3599 2319 3652 valedicere.
2343 3597 2494 3652 Tunc
2525 3597 2780 3652 sacerdos
2811 3598 2900 3652 det
2919 3597 2968 3651 ei
2992 3611 3176 3666 pacem
3206 3605 3259 3651 et
3288 3597 3581 3652 communi-

1999 3701 2084 3746 cet
2120 3707 2264 3756 eum,
2311 3692 2535 3746 dicens:
2565 3687 2766 3760 Corpus
2795 3702 2841 3744 et
2864 3689 3078 3760 sanguis
3134 3688 3344 3743 Domini
3386 3687 3453 3741 sit
3486 3688 3580 3742 tibi

1997 3781 2234 3834 remissio
2263 3783 2493 3834 omnium
2545 3790 2873 3851 peccatorum
2902 3790 3129 3843 tuorum,
3156 3790 3203 3834 et
3229 3779 3492 3833 custodiat
3521 3790 3570 3834 te

1995 3872 2049 3924 in
2080 3873 2238 3925 vitam
2269 3882 2536 3925 a'ternam.
2565 3871 2715 3925 Tunc
2741 3873 2862 3924 data
2909 3870 3168 3932 oratione,
3201 3870 3253 3924 in
3283 3869 3387 3923 fine
3422 3868 3570 3924 dicat

1994 3961 2246 4016 sacerdos
2270 3980 2282 4015 :
2311 3959 2689 4015 Benedicamus
2712 3960 2952 4014 Domino.
2990 3958 3054 4012 Et
3082 3959 3442 4028 respondeant
3461 3974 3575 4013 om-

1995 4069 2090 4108 nes
2117 4071 2129 4105 :
2159 4051 2265 4106 Deo
2290 4053 2510 4122 gratias,
2544 4060 2596 4104 et
2625 4051 2893 4119 expletum
2923 4058 3024 4103 est.
3050 4050 3106 4102 In
3137 4049 3375 4103 crastino
3401 4057 3458 4101 et
3481 4063 3573 4102 us-

1995 4159 2098 4213 que
2123 4145 2189 4198 ad
2209 4153 2412 4213 septem
2437 4144 2553 4197 dies
2582 4144 2763 4198 visitet
2792 4157 2917 4195 eum
2943 4142 3195 4194 sacerdos
3219 4181 3234 4204 ,
3281 4147 3338 4193 et
3384 4137 3575 4194 fundat

1995 4251 2156 4304 super
2179 4250 2302 4288 eum
2327 4234 2600 4289 orationes
2639 4233 2706 4286 ad
2743 4234 2846 4286 hoc
2870 4237 3248 4300 congruentes.

327 4354 431 4399 tres
460 4357 653 4397 cruces
681 4360 694 4394 :
727 4338 874 4410 Ungo
901 4350 948 4392 te
979 4340 1033 4392 in
1073 4337 1278 4390 nomine
1311 4335 1519 4400 Patris,
1565 4345 1612 4389 et
1645 4333 1801 4398 Filii,
1842 4343 1891 4392 et

2067 4343 2363 4400 Dicendum
2399 4343 2562 4398 etiam
2586 4341 2952 4396 sacerdotibus
2978 4346 3035 4391 ut
3062 4337 3277 4407 quando
3308 4336 3570 4406 paeniten-

328 4433 549 4504 Spiritus
570 4431 765 4496 sancti,
787 4439 843 4483 ut
868 4430 1037 4483 oratio
1070 4426 1196 4497 ﬁdei
1225 4425 1385 4480 salve!
1409 4436 1489 4491 te,
1538 4436 1583 4479 et
1607 4425 1806 4478 alleviet
1845 4433 1891 4477 te

2005 4436 2136 4492 tibus
2156 4434 2438 4503 imponunt
2462 4431 2679 4485 modum
2701 4438 2755 4484 et
2783 4439 2994 4497 tempus
3020 4427 3373 4497 pmnitcntim,
3390 4427 3570 4480 dicant

326 4527 594 4591 Dominus,
627 4535 674 4579 et
695 4523 741 4577 si
765 4524 818 4576 in
839 4521 1061 4591 peccatis
1089 4521 1181 4584 sis,
1208 4518 1540 4570 remittantur
1561 4517 1670 4569 tibi.
1693 4515 1783 4569 llla
1805 4531 1895 4568 au-

329 4625 428 4672 tem
440 4617 762 4671 vestimenta
776 4612 894 4667 oleo
909 4608 1190 4681 superfusa
1205 4607 1397 4675 quibus
1415 4605 1762 4659 infirmandus
1775 4603 1890 4675 (sic)

326 4724 424 4762 non
447 4706 799 4776 sepeliuntur,
827 4711 881 4759 et
909 4701 953 4757 si
1003 4697 1351 4761 convaluerit,
1381 4696 1667 4751 abluuntur
1689 4697 1741 4750 in
1777 4696 1895 4750 loco

329 4800 535 4861 mundo,
564 4803 622 4851 et
647 4795 840 4847 iterum
868 4790 1037 4844 utitur
1065 4788 1162 4843 eis.
1211 4785 1332 4840 Non
1357 4783 1530 4839 solum
1562 4792 1740 4838 autem
1787 4782 1895 4837 cle-

329 4888 467 4950 ricis,
488 4887 584 4942 Sed
631 4884 797 4939 etiam
830 4881 1002 4946 laicis,
1031 4893 1130 4934 nec
1161 4885 1369 4932 tantum
1408 4875 1556 4938 viris,
1591 4875 1681 4929 sed
1719 4884 1773 4928 et
1818 4874 1896 4930 fe-

330 4979 499 5041 minis,
530 4977 718 5032 unctio
747 4973 870 5028 talis
896 4970 1198 5033 tribuenda,
1213 4969 1259 5023 si
1280 4982 1502 5023 necesse
1537 4965 1738 5032 fuerit;
1769 4967 1894 5036 quia

332 5072 584 5138 quosdam
613 5075 832 5122 sanctos
866 5065 1012 5118 viros
1059 5062 1285 5128 legimus
1323 5059 1528 5129 puellas
1568 5059 1896 5129 paralyticas

332 5159 443 5214 oleo
479 5168 669 5216 sancto
697 5158 918 5212 unxisse
942 5164 1000 5209 et
1025 5169 1265 5210 sanasse.
1307 5153 1711 5224 Energumenos
1732 5153 1894 5207 etiam

333 5249 548 5322 legimus
557 5251 679 5306 oleo
698 5257 884 5304 sancto
906 5256 1191 5317 perunctus
1205 5253 1258 5298 et
1275 5252 1508 5298 sanatos.
1532 5241 1652 5296 Ideo
1667 5243 1710 5296 si
1737 5242 1888 5296 infir-

333 5356 443 5396 mus
465 5345 514 5396 in
529 5340 823 5396 amentiam
844 5352 1050 5400 versus,
1070 5343 1244 5389 tamen
1256 5333 1410 5402 juxta
1427 5332 1711 5388 concilium
1729 5332 1893 5387 Arau-

334 5431 528 5488 siccnsc
561 5446 722 5486 omne
751 5429 986 5486 oﬂicium
1015 5425 1229 5497 pietatis
1249 5424 1568 5478 exhibeatur
1593 5423 1662 5488 ei,
1696 5431 1748 5477 et
1776 5424 1888 5493 ipsa

288 5559 292 5562 η
334 5523 651 5586 conlmunio,
667 5520 712 5576 si
741 5528 915 5574 tamen
943 5518 993 5571 in
1017 5531 1110 5570 sua
1133 5515 1359 5568 sanitate
1387 5512 1702 5568 catholicam
1732 5513 1888 5567 iidem

335 5615 595 5670 credebat.
617 5609 717 5669 'Sic
746 5612 886 5666 enim
917 5611 966 5663 in
992 5624 1054 5662 co
1077 5605 1300 5662 concilio
1332 5607 1557 5662 habetur
1590 5606 1847 5674 scriptum
1876 5626 1885 5659 :

1991 4525 2070 4580 eis
2100 4525 2214 4579 inec
2240 4524 2403 4577 verba
2431 4540 2443 4575 :
2477 4521 2687 4584 Frater,
2720 4522 2772 4575 in
2802 4521 2905 4574 hoc
2933 4519 3108 4573 omnis
3129 4517 3445 4588 paenitentia
3470 4532 3567 4570 va-

1990 4613 2084 4678 let,
2120 4619 2317 4684 praster
2369 4611 2442 4665 ita
2473 4609 2698 4664 crimina
2732 4607 3017 4680 pmnitere,
3040 4614 3095 4662 et
3127 4622 3158 4660 a
3187 4605 3382 4660 futuris
3406 4605 3569 4662 absti-

1994 4719 2144 4767 nere,
2178 4705 2307 4758 dare
2337 4701 2570 4755 studium
2601 4701 2652 4754 in
2683 4699 2984 4763 laboribus,
3034 4697 3089 4752 in
3121 4696 3340 4766 vigiliis,
3364 4696 3416 4752 in
3445 4711 3572 4752 ora-

1996 4795 2249 4859 tionibus,
2283 4794 2335 4847 in
2355 4791 2596 4862 jejuniis,
2635 4793 2686 4845 in
2727 4789 3102 4861 eleemosynis,
3135 4789 3188 4843 in
3240 4789 3569 4859 indulgentia

1992 4885 2526 4955 inimicorum:quia
2573 4899 2681 4938 non
2737 4883 2964 4953 requirit
2995 4882 3134 4937 Deus
3190 4882 3342 4950 longa
3393 4883 3566 4952 spatia

1993 4977 2340 5046 pmnitentize,
2370 4977 2508 5031 sicut
2537 4991 2631 5045 per
2654 4977 2969 5045 prophetam
2998 4973 3232 5029 dicitur:
3266 4970 3397 5026 Cum
3437 4987 3565 5025 con-

1995 5081 2168 5119 versus
2190 5065 2521 5135 ingemueris,
2552 5074 2674 5116 tunc
2705 5064 2882 5118 salvus
2921 5063 3041 5116 eris.
3073 5062 3140 5116 Et
3161 5062 3356 5116 iterum
3386 5077 3398 5112 :
3429 5057 3569 5114 Con—

1994 5153 2252 5207 vertimini
2280 5153 2348 5206 ad
2372 5169 2450 5206 me
2480 5194 2493 5216 ,
2545 5163 2590 5205 ct
2624 5167 2714 5222 ego
2753 5162 2982 5206 revertar
3006 5151 3076 5204 ad
3110 5167 3217 5206 vos.
3251 5149 3307 5202 In
3334 5148 3438 5201 hoc
3465 5146 3568 5198 mi-

1997 5242 2229 5297 sericors
2259 5242 2535 5307 Dominus,
2561 5250 2615 5296 ct
2661 5257 2764 5296 non
2806 5243 2920 5296 vult
2951 5251 3178 5297 mortem
3223 5237 3523 5310 peccatoris
3548 5275 3568 5300 ι

1995 5330 2091 5384 sed
2130 5339 2189 5384 nt
2213 5339 2557 5385 convertatur
2603 5339 2658 5384 et
2701 5329 2866 5385 vivat.
2912 5331 2979 5384 Et
3029 5331 3081 5384 in
3111 5324 3401 5396 Evangelia
3447 5323 3562 5378 ait:

1997 5420 2262 5474 Caudium
2284 5420 2379 5472 erit
2395 5421 2448 5472 in
2475 5418 2598 5473 c0210
2626 5436 2782 5489 super
2809 5436 2911 5473 uno
2931 5426 3198 5488 peccatore
3215 5411 3566 5481 paenitentiam

1997 5520 2174 5578 agente
2203 5510 2364 5578 magis
2407 5525 2560 5578 quam
2586 5524 2740 5578 super
2770 5507 3051 5576 nonaginta
3101 5517 3276 5556 novem
3331 5501 3417 5570 qui
3462 5517 3566 5556 non

1999 5607 2224 5672 indigent
2287 5603 2600 5669 pwnitcmia.
2655 5601 2717 5654 Et
2749 5601 2941 5653 iterum
2975 5615 2984 5648 :
3019 5595 3134 5662 Qua
3162 5594 3243 5648 die
3290 5610 3563 5652 conversus
