3998 6182
393 174 501 233 2‘25

1406 163 1800 221 TIiEODULFl
1838 161 2397 219 AURELIANENSIS
2435 161 2651 218 EPlSC.

3553 155 3658 209 2’26

394 287 554 358 fuerit
581 292 823 357 peccator
860 296 1036 337 coram
1067 295 1173 341 me,
1212 292 1388 332 omnes
1411 276 1526 345 ejus
1554 274 1855 344 iniquitates
1889 273 1981 328 de—
2008 278 2056 337 Α
2082 274 2315 345 gemitus
2341 274 2592 329 assiduus
2625 287 2785 343 quam
2816 272 2971 342 longa
3013 279 3069 326 et
3107 263 3291 339 tepida
3319 268 3660 338 paenitentia.

394 379 530 433 lebo.
565 374 697 432 Vide
731 391 881 446 ergo,
907 373 1072 426 frater
1098 370 1209 439 mi,
1258 368 1474 438 quantis
1512 366 1839 421 testimoniis
1888 380 1976 420 re-

396 469 569 522 media
600 474 945 537 peccatorum
985 462 1234 519 didicisti,
1273 467 1329 512 et
1355 458 1498 513 scias
1529 474 1636 511 nou
1682 458 1843 511 aliter
1883 472 1976 512 ve-

395 558 538 611 niam
568 554 865 626 promereri
895 566 1053 620 posse
1083 550 1186 604 nisi
1208 563 1303 609 sex
1337 556 1449 603 toto
1476 546 1640 603 corde
1680 562 1977 603 conversus

397 648 582 702 fueris.
616 645 723 700 Fac
775 660 905 713 ergo
952 642 1047 697 tibi
1094 657 1257 695 unam
1289 642 1561 695 sarcinam
1609 656 1677 695 ex
1724 641 1977 697 omnibus

392 735 631 805 peccatis
661 733 783 797 tuis,
806 747 925 803 quae
950 747 1225 800 nunquam
1256 731 1325 784 ab
1351 732 1524 785 oculis
1565 732 1675 786 tuis
1718 732 1975 787 recedere

394 825 588 896 possit,
615 825 739 894 quia
774 823 1159 893 acccptabilior
1210 822 1322 877 Deo
1370 822 1643 893 est,jugis
1691 822 1865 877 oratio
1908 838 1973 878 ac

2268 947 2921 959 .______..__._,_.__._.__
2934 944 3221 953 ...η-.--νῇ
3348 942 3445 949 η...-

418 953 1802 966 Ε--ε--ῤ--ι--α-...α--ξ--ι--ε-ηῌ
1824 952 2262 966 “7—1::—
3030 957 3045 966 _
3084 941 3651 966 -Μ

414 966 3651 1004 W

2146 364 2296 420 Sciat
2331 375 2513 420 autem
2568 365 2824 420 sacerdos
2852 363 2993 433 quod
3021 360 3395 418 confitentium
3421 360 3664 430 singulas

2075 457 2263 526 culpas
2288 457 2613 527 investigare
2642 471 2748 510 non
2780 455 2956 510 debet.
2976 451 3203 521 Quando
3225 449 3486 521 majorem
3517 451 3667 507 inve-

2076 546 2241 606 nerit.
2268 546 2335 601 de
2365 547 2483 616 ejus
2502 560 2666 600 causa
2689 542 2975 613 judicabit.

2152 637 2229 693 De
2281 638 2476 692 ovibus
2533 636 2735 692 Christi
2784 634 3059 689 lucrandis
3095 634 3247 688 vobis
3294 632 3671 691 sacerdotibus

2080 728 2198 784 haec
2224 728 2407 783 dicere
2444 727 2750 782 studuimus
2790 725 3086 779 auxiliante
3114 723 3342 778 Domino
3362 721 3488 778 .lesn
3511 722 3670 777 Chri-

2079 831 2185 885 sto,
2211 820 2297 876 cui
2325 819 2495 891 gloria
2516 819 2571 874 in
2600 817 2795 874 sarcula
2824 817 3165 872 surculorum.

2535 950 2599 959 __.
2614 949 2657 958 ll-
2672 947 2921 957 _.____.__
2934 944 3221 953 ...η-.--νησ-

1504 1114 2541 1226 τπεουπιιιί

1564 1321 2123 1381 AURELIANENSIS
2160 1322 2470 1380 EPISCOPI

438 1502 472 1547 α
551 1499 684 1627 DE
773 1493 1148 1622 0lllllNE
1230 1492 1738 1619 BAPTlSMl
1820 1490 1957 1616 All
2039 1489 2466 1619 MAGNUM
2552 1484 3197 1629 SENONENSEM
3279 1465 3620 1636 LIBER.

464 1773 919 1832 Reverentissimo
970 1781 1133 1842 atque
1182 1769 1506 1826 charissimo
1577 1768 1733 1824 fratri
1789 1767 1983 1840 Magno
2011 1769 2059 1829 B
2087 1782 2185 1823 nes
2214 1767 2539 1839 generaliter
2576 1769 2643 1823 ad
2669 1768 3033 1840 prudentiam,
3070 1771 3356 1841 justitiam,
3400 1776 3674 1835 fortitudi-

391 1869 645 1939 cpiscOpo
668 1863 1000 1921 Theodulfus
1028 1862 1282 1918 salutem.

461 1957 793 2027 Praeceptum
820 1964 994 2021 tuum,
1037 1954 1124 2009 vir
1152 1951 1477 2008 venerabilis
1520 1949 1730 2023 Magne,
1774 1952 1981 2023 peregi,

386 2058 443 2104 et
480 2048 526 2102 si
574 2062 682 2103 non
734 2045 921 2102 solerti
946 2043 1207 2110 ellicacia,
1238 2041 1397 2113 plena
1450 2050 1630 2098 tamen
1655 2042 1980 2097 obedientia.

388 2140 700 2210 Praecepisti
740 2139 887 2194 enim
920 2137 1052 2192 mihi
1076 2177 1091 2203 ,
1134 2136 1243 2191 imo
1271 2151 1369 2206 per
1402 2145 1456 2191 te
1503 2135 1743 2191 Charitas
1783 2149 1986 2205 praece-

389 2230 493 2299 pit,
526 2237 583 2283 ut
611 2227 938 2297 quibusdam
977 2224 1366 2296 quaestionibus
1408 2223 1476 2280 de
1504 2223 1694 2280 ordine
1726 2224 1984 2295 baptismi

386 2338 421 2378 a
451 2322 670 2377 domino
704 2328 759 2375 et
803 2320 1039 2391 glorioso
1064 2319 1392 2389 imperatore
1433 2316 1628 2374 Carolo
1669 2318 1769 2374 tibi
1808 2327 1986 2375 trans-

393 2413 575 2468 missis
609 2412 851 2467 breviter
890 2419 945 2466 et
973 2412 1082 2467 cito
1109 2411 1514 2484 responderem.
1567 2411 1987 2469 Coarctantibus

386 2504 571 2575 itaque
598 2520 685 2559 me
704 2505 831 2560 hinc
859 2504 1141 2566 brevitate,
1170 2518 1279 2574 qua
1299 2504 1533 2574 cogebar
1556 2504 1707 2561 brevi
1734 2519 1986 2561 sermone

388 2612 478 2651 res
504 2610 728 2665 magnas
764 2595 1044 2666 expedire,
1095 2594 1246 2650 illinc
1289 2595 1551 2667 temporis
1579 2596 1848 2668 angustia.
1878 2611 1985 2666 qua

388 2687 498 2742 cito
526 2686 668 2755 quod
690 2683 939 2754 jusseras
969 2684 1268 2756 adimplere
1296 2684 1559 2750 volebam,
1603 2686 1812 2757 explevi
1841 2687 1986 2756 quod

384 2778 610 2846 iussisti.
662 2777 817 2844 Quod
862 2792 999 2847 opus
1032 2791 1066 2831 ο
1114 2776 1324 2831 utinam
1377 2785 1525 2833 esset
1553 2785 1663 2832 tam
1692 2774 1988 2833 efﬁcaciter

389 2868 688 2938 evplctum,
723 2883 886 2939 quam
908 2876 992 2923 est
1013 2868 1243 2923 libenter
1267 2876 1577 2939 susceptum
1605 2870 1618 2923 l
1666 2866 1987 2937 Quanquam

386 2980 518 3035 ergo
547 2963 679 3018 mihi
727 2962 964 3033 spatiose
1011 2961 1303 3027 tractandi,
1352 2969 1410 3017 et
1440 2960 1665 3016 Patrum
1707 2960 1986 3017 volumina

396 3056 735 3121 revolvendi,
767 3054 1094 3138 quibusd‘am
1127 3054 1574 3125 occupationibus
1610 3054 1987 3125 praapedienti-

2084 1874 2232 1924 nem,
2275 1860 2687 1928 temperantiam
2742 1871 2907 1931 atque
2953 1864 3319 1922 concordiam.
3374 1867 3469 1925 His
3503 1882 3558 1925 et
3589 1874 3677 1927 his

2084 1947 2352 2005 similibus
2382 1950 2544 2006 rebus
2565 1950 2655 2007 ille
2684 1952 2925 2008 virorum
2966 1956 3225 2025 optimus,
3263 1958 3374 2015 Deo
3411 1961 3512 2016 sibi
3541 1978 3673 2031 pro-

2083 2037 2248 2107 pitio,
2303 2048 2506 2097 sanctte
2540 2040 2797 2098 Ecclesia:
2844 2043 3116 2118 fastigium
3172 2051 3517 2107 accumulare
3564 2070 3674 2110 non

2083 2137 2281 2195 cessat,
2314 2137 2369 2185 et
2395 2131 2703 2188 admirabili
2740 2132 2793 2188 in
2822 2150 3004 2190 rerum
3040 2138 3531 2199 ecclesiasticarum
3558 2146 3677 2201 sive

2083 2215 2321 2276 civilium
2353 2222 2821 2280 administratione
2845 2233 3117 2296 strenuus,
3146 2239 3200 2285 et
3221 2234 3500 2303 sapientia:
3525 2235 3677 2293 fonte

2085 2311 2371 2380 redundat,
2403 2321 2459 2369 et
2486 2313 2704 2370 virtutis
2727 2316 3063 2375 exhibitione
3085 2322 3401 2396 triumphat.

2369 2496 2478 2552 Cur
2502 2498 2681 2568 infans
2707 2503 3109 2560 catechumenus
3137 2508 3375 2579 efﬁcitur.

2156 2584 2310 2653 Quod
2335 2587 2495 2642 modo
2532 2587 2767 2645 infantes
2795 2593 3169 2650 catechumeni
3195 2594 3503 2652 eﬂiciuntur
3525 2601 3673 2654 anti-

2085 2688 2223 2745 quus
2268 2690 2389 2732 mos
2428 2685 2697 2734 servatur.
2752 2680 3071 2755 Quicunque
3120 2687 3263 2742 enim
3294 2688 3362 2742 ad
3402 2691 3679 2760 apostolos

2085 2768 2373 2826 credentes
2437 2770 2749 2842 baptizandi
2810 2774 3211 2845 adveniebant,
3265 2779 3679 2838 in~truebantnr

2085 2869 2143 2919 et
2166 2863 2501 2920 docebantur
2529 2864 2600 2921 ab
2623 2867 2724 2933 eis,
2755 2875 2812 2923 et
2839 2868 3091 2926 instructi
3136 2880 3191 2927 et
3220 2874 3363 2929 docti
3391 2873 3459 2931 de
3488 2889 3677 2931 sacra-

2086 2961 2270 3009 mento
2311 2954 2657 3026 baptismatis
2681 2966 2738 3013 et
2777 2959 2845 3016 de
2875 2962 3087 3018 caneris
3115 2965 3315 3035 regulis
3345 2965 3498 3033 ﬁdei,
3531 2969 3677 3025 acci-

2084 3047 2305 3118 piebant
2333 3056 2738 3107 sacrosanctum
2765 3055 3084 3126 mysterium
3111 3057 3471 3128 baptismatis.
3512 3061 3673 3117 Unde

390 3147 513 3210 bus,
546 3145 777 3203 facultas
822 3145 969 3202 nulla
992 3127 1321 3217 ξυρρειειιει,
1360 3153 1417 3202 ει
1440 3160 1527 3201 me
1569 3144 1639 3200 ad
1677 3144 1978 3215 jussionem
2005 3127 2051 3191 ί]
2082 3139 2158 3193 ait
2177 3139 2504 3210 Apostolus:
2534 3141 2618 3197 An
2642 3143 2923 3213 ignoratis,
2970 3127 3194 3216 fratres,
3211 3151 3337 3221 quia
3376 3153 3679 3223 quicunque

387 3238 716 3309 implendam
763 3239 1006 3295 charitas
1051 3246 1397 3307 permoveret
1430 3255 1445 3292 :
1483 3237 1552 3294 de
1597 3237 1824 3309 singulis
1858 3251 1979 3309 quae

388 3329 518 3383 mihi
558 3343 852 3384 occurrere
896 3335 1194 3398 potuerunt
1238 3327 1400 3383 celeri
1453 3341 1618 3384 cursu
1653 3327 1879 3397 scripsi,
1924 3336 1982 3385 et

383 3427 581 3474 vestra:
607 3418 933 3474 fraternitati
954 3418 1082 3484 nisi,
1110 3426 1171 3473 ut
1199 3418 1245 3473 si
1274 3433 1384 3473 non
1409 3417 1699 3474 habuerint
1720 3433 1980 3489 responsa

383 3508 808 3564 emolumentum
834 3548 851 3575 ,
886 3508 1070 3564 saltim
1115 3508 1428 3568 obedientia
1474 3509 1674 3564 habeat
1719 3507 1975 3564 fructum.

384 3602 726 3668 Qutestiones
774 3600 983 3656 interea
1029 3601 1183 3665 isne,
1238 3609 1300 3655 ut
1338 3614 1440 3671 ego
1486 3607 1542 3655 te
1588 3614 1752 3655 nosse
1795 3608 1979 3655 certus

384 3705 528 3754 sum,
554 3705 587 3744 a
619 3689 784 3757 regali
816 3690 1214 3746 necessitudine
1252 3704 1361 3745 non
1398 3698 1525 3745 sunt
1550 3688 1706 3745 facta;
1744 3690 1981 3746 necessi—

387 3787 501 3833 tate
528 3777 795 3844 discendi,
832 3778 928 3835 sed
978 3778 1160 3834 studio
1198 3778 1429 3835 docendi
1466 3797 1480 3833 :
1514 3794 1617 3836 nec
1654 3786 1716 3833 ut
1752 3779 1865 3850 ipse
1895 3779 1984 3836 his

387 3870 651 3927 absolutis
691 3871 760 3926 de
800 3871 1030 3927 nescitis
1055 3872 1235 3928 valeat
1282 3872 1472 3936 imbui,
1531 3872 1628 3928 sed
1674 3881 1733 3927 ut
1771 3873 1864 3929 alii
1911 3874 1980 3929 de

386 3975 580 4015 somno
610 3960 868 4015 desidiosi
918 3962 1154 4031 torporis
1195 3962 1266 4017 ad
1311 3977 1493 4017 rerum
1524 3961 1981 4019 absolvendarum

386 4051 677 4106 utilitatem
723 4049 942 4106 valeant
966 4052 1216 4107 excitari.
1266 4053 1478 4124 Quippe
1507 4053 1594 4109 cui
1641 4052 1744 4109 hoc
1769 4069 1983 4125 semper

386 4143 655 4198 familiare
692 4151 797 4207 est,
853 4153 914 4199 ut
961 4157 1218 4200 exerceat
1265 4146 1526 4215 praesules
1551 4147 1620 4202 ad
1666 4156 1981 4204 sanctarum

300 4278 303 4283 ,
386 4232 792 4305 Scripturarum
832 4236 1267 4308 iudagationem,
1320 4248 1377 4293 et
1403 4254 1593 4294 sanam
1633 4241 1981 4312 sobriamque

384 4324 716 4393 doctrinam,
746 4342 964 4382 omnem
1009 4328 1215 4384 clerum
1246 4330 1315 4386 ad
1345 4330 1707 4403 disciplinam,
1738 4332 1982 4403 philoso-

382 4419 520 4486 phos
548 4418 635 4506 ad_
658 4435 842 4476 rerum
886 4420 1194 4477 divinarum
1218 4423 1685 4494 humanarumque
1715 4427 1979 4495 cognitio-

386 4528 540 4575 nem,
582 4514 879 4570 monachos
907 4515 977 4585 ad
1024 4514 1376 4587 religionem,
1411 4531 1600 4572 omnes
1646 4517 1977 4586 generaliter

383 4602 452 4654 ad
475 4603 845 4668 sanctitatem,
890 4605 1158 4674 primates
1194 4607 1263 4662 ad
1303 4608 1613 4672 consilium,
1658 4606 1873 4677 judices
1903 4608 1973 4663 ad

378 4689 675 4759 justitiam,
722 4696 924 4749 milites
955 4697 1025 4751 ad
1057 4712 1333 4751 armorum
1385 4698 1809 4769 experientiam,
1841 4716 1978 4771 prte-

386 4783 526 4840 latos
563 4787 631 4841 ad
660 4787 1051 4853 humilitatem,
1078 4788 1326 4845 subditos
1352 4791 1420 4844 ad
1441 4789 1827 4860 obedientiam,
1861 4808 1979 4848 om-

456 4930 482 4959 ι
508 4916 592 4994 pe
611 4918 796 4974 ordine
817 4918 1079 4994 baptismi.
1096 4922 1175 4977 Ex
1198 4930 1435 4992 quatuor
1461 4923 1622 4994 hujus
1648 4923 1771 4979 libri
1792 4940 1977 4981 exem-

381 4988 673 5060 plaribus,‘
698 5005 819 5060 qua:
848 4988 902 5045 in
936 5007 1131 5049 manus
1174 4988 1326 5048 nicas
1373 4988 1660 5056 venerunt,
1706 4996 1809 5051 tria
1848 5006 1976 5052 sunt

381 5074 503 5128 ante
529 5058 882 5135 adjlagnum
913 5064 1229 5135 episcopum
1264 5064 1488 5120 missum
1528 5065 1744 5130 docent,
1775 5067 1971 5122 Virdu-

382 5146 573 5205 nenae2
587 5131 915 5205 Divio_nense
938 5131 992 5189 et
1010 5131 1352 5199 Vaticanum,
1369 5147 1622 5205 quartum
1640 5136 1967 5192 Corbeiense

380 5215 480 5271 pro
522 5201 715 5274 Magno
734 5198 1003 5276 Joannem
1025 5207 1207 5276 habet.
1234 5198 1491 5276 mendose
1521 5214 1579 5260 ut
1609 5207 1820 5276 opinor.
1856 5206 1965 5261 Ex-

381 5280 489 5325 stat
514 5288 654 5347 sane
694 5274 834 5343 apud
872 5290 972 5347 nos
995 5275 1173 5347 Magni
1216 5275 1457 5344 ejusdem
1490 5274 1822 5332 Senonensis
1848 5277 1967 5347 epi-

378 5344 547 5416 scopi.
577 5343 655 5416 De
693 5346 943 5416 mysterio
990 5343 1338 5416 baptismatis,
1392 5348 1469 5402 sic
1512 5347 1661 5401 enim
1706 5343 1961 5416 appellat,

381 5410 561 5468 brevis
596 5410 829 5492 libellus,
856 5410 1095 5492 nondum
1121 5410 1332 5492 editus,
1349 5417 1416 5492 ad
1445 5415 1701 5492 Carolum
1729 5410 1886 5485 i'n'tp.,
1910 5416 1962 5492 in

382 5494 489 5599 Ἐκ)
510 5499 568 5536 se
593 5485 658 5538 ad
675 5484 1018 5541 scribendum
1051 5488 1198 5557 regio
1215 5484 1371 5553 jussu
1401 5486 1687 5556 impulsum
1713 5484 1962 5539 testatur:

433 5557 576 5599 XSLII.
608 5563 662 5599 et
705 5556 849 5599 inter
893 5556 1097 5599 Almnini
1130 5556 1305 5599 ﬁrmi-:1
1356 5557 1492 5599 liltm-
1534 5558 1600 5599 dt!
1645 5570 1799 5599 sacro
1835 5556 1962 5599 itmn

412 5548 576 5606 Exstat
608 5563 662 5608 ct
705 5556 849 5613 inter
887 5548 1307 5627 Alcuini‘Opéra
1356 5548 1492 5611 libet"
1534 5558 1600 5611 dc
1645 5570 1799 5611 sacro
1835 5556 1965 5612 item

2082 3230 2333 3302 baptizati
2354 3249 2535 3289 sumus
2561 3233 2616 3289 in
2642 3233 2850 3291 Christo
2878 3235 3030 3303 Iesu,
3073 3240 3128 3293 in
3168 3251 3331 3295 morte
3373 3242 3538 3312 ipsius
3583 3244 3679 3297 ba-

2080 3323 2267 3393 ptizati
2289 3340 2471 3380 sumus
2523 3324 2697 3398 (Rom.
2724 3342 2798 3392 vt,
2828 3327 2930 3399 3)?
2985 3328 3043 3384 In
3071 3331 3267 3400 quibus
3279 3333 3460 3387 verbis
3489 3344 3680 3389 osten-

2082 3413 2251 3481 ditur,
2286 3430 2395 3471 non
2423 3430 2517 3471 eos
2547 3416 2827 3488 ignorasse
2866 3421 3191 3474 sacramenti
3218 3420 3565 3493 baptismatis
3590 3439 3679 3478 ar-

2083 3516 2219 3565 cana
2265 3511 2358 3580 qui
2401 3511 2837 3582 baptizabantur.
2896 3512 3003 3570 Sed
3052 3523 3108 3569 et
3134 3515 3393 3571 Dominus
3435 3533 3543 3571 non
3592 3527 3680 3571 ut-

2081 3616 2295 3671 cunque
2331 3602 2428 3667 ait,
2465 3601 2562 3666 lte,
2593 3603 2901 3674 baptizatc;
2931 3606 3057 3675 sed,
3082 3605 3186 3670 Ite,
3215 3617 3262 3660 et
3291 3607 3468 3661 docete
3493 3624 3676 3663 omnes

2080 3700 2275 3761 gentes,
2299 3689 2621 3761 baptizantes
2665 3708 2753 3746 eos
2793 3692 3008 3765 (Matth.
3044 3710 3234 3759 xxvm,
3271 3694 3377 3765 l9).
3424 3693 3494 3750 Ut
3517 3712 3680 3752 nosse

2081 3781 2377 3851 possimus,
2412 3782 2649 3852 primum
2681 3783 2949 3839 instruere
2979 3793 3035 3839 et
3073 3785 3271 3841 docere
3305 3785 3503 3841 debere
3551 3803 3676 3842 eum

2081 3870 2174 3942 qui
2223 3870 2581 3940 baptizandus
2617 3879 2723 3938 est,
2760 3878 2817 3926 et
2859 3881 3046 3943 postea
3093 3874 3386 3942 baptizare.
3435 3874 3677 3932 Infantes

2081 3977 2210 4031 ergo
2239 3971 2295 4016 et
2324 3962 2604 4017 audientes
2634 3971 2688 4016 et
2716 3964 3095 4018 catechumeni
3122 3965 3276 4028 fiunt,
3316 3980 3422 4019 non
3461 3980 3568 4036 quo
3617 3967 3675 4022 in

2083 4054 2273 4110 eadem
2295 4062 2457 4110 actate
2485 4063 2541 4109 et
2568 4054 2761 4110 instrui
2785 4063 2841 4110 et
2885 4056 3069 4111 doceri
3096 4059 3324 4126 possint,
3357 4059 3451 4113 sed
3483 4067 3542 4113 ut
3569 4074 3673 4113 an-

2084 4147 2265 4215 tiquus
2291 4161 2409 4203 mos
2433 4154 2701 4214 servetur,
2729 4163 2836 4217 quo
2864 4149 3092 4218 apostoli
3133 4165 3226 4205 eos
3261 4166 3398 4221 quos
3426 4150 3677 4221 baptiza-

2081 4237 2191 4292 turi
2222 4244 2380 4292 erant
2425 4238 2662 4308 primum
2710 4239 2979 4297 docebant
3022 4249 3078 4297 et
3122 4242 3483 4310 instruebant,
3529 4243 3678 4300 sicut

2074 4326 2190 4397 jam
2214 4328 2416 4384 dictum
2436 4337 2539 4384 est.

2525 4511 2667 4579 Quid
2688 4514 2754 4568 sit
2780 4514 3201 4569 catechumenus.

2149 4604 2583 4662 Catechumenus
2630 4612 2810 4658 autem
2839 4605 3082 4670 audiens,
3116 4605 3230 4661 sive
3259 4605 3558 4665 instructus
3584 4609 3674 4665 in-

2079 4703 2428 4767 terpretatur.
2468 4693 2654 4750 Genus
2678 4695 2821 4750 enim
2853 4696 3147 4750 humanum
3174 4698 3326 4752 audit
3348 4708 3402 4753 et
3438 4699 3670 4755 instrui-

2080 4795 2172 4842 tur
2213 4794 2506 4856 antequam
2544 4786 2612 4842 ad
2659 4786 2986 4856 baptismum
3027 4789 3228 4841 veniat.
3274 4789 3341 4843 Et
3379 4791 3525 4860 quod
3567 4807 3673 4863 per

2075 4919 2401 4989 baptismate
2422 4916 2491 4971 ad
2537 4916 2790 4989 Carolum
2836 4916 3107 4989 eumdem,
3146 4916 3281 4974 falsa
3324 4918 3667 4989 conjectura.

2077 4986 2220 5060 quod
2250 4987 2407 5060 titulo
2432 4996 2664 5060 careret,
2709 4986 2938 5060 Alcuino
2976 4990 3262 5057 ascriptus,
3297 4986 3439 5043 cum
3471 4999 3671 5045 auctor

2077 5056 2268 5115 revera
2316 5059 2387 5112 sit
2429 5056 2735 5112 Amalarius
2760 5058 3067 5128 episcopus,
3104 5056 3562 5128 quemadmodum
3593 5079 3666 5117 ex

2076 5130 2262 5211 codice
2290 5128 2602 5211 Petaviano‘
2636 5127 3036 5211 didieinntus..Et
3075 5127 3207 5211 vero
3252 5144 3374 5211 quae
3401 5132 3504 5211 sub
3544 5131 3665 5200 ejus

2073 5201 2196 5255 libri
2228 5201 2391 5254 tinem
2425 5199 2696 5270 leguntur,
2726 5218 2744 5247 ι
2780 5198 2994 5262 Dixisti,
3025 5198 3373 5270 serenissime
3390 5198 3660 5270 Auguste,

2069 5271 2207 5326 velle
2234 5285 2332 5326 vos
2354 5270 2495 5325 scire
2509 5269 2763 5342 qualiter
2778 5285 2877 5342 nos
2904 5277 2959 5342 et
3002 5269 3175 5342 nostri
3196 5269 3519 5342 suifraganei
3563 5273 3665 5328 do-

2071 5356 2319 5396 ceremus
2363 5338 2616 5409 populum
2672 5338 2765 5393 Dei
2792 5338 2874 5409 de
2918 5338 3177 5409 baptismi
3233 5338 3599 5405 sacramento,
3634 5363 3653 5394 ο

2069 5410 2331 5478 ejusmodi
2363 5408 2508 5473 sum,
2537 5426 2655 5479 quae
2689 5409 2743 5481 in
2774 5408 3079 5481 Alcuinum,
3106 5410 3198 5479 qui
3232 5411 3520 5481 episcopus
3549 5428 3657 5466 non

2071 5482 2191 5546 fuit,
2221 5482 2416 5535 cadere
2443 5496 2547 5534 non
2585 5479 2813 5549 possint,
2837 5479 3080 5547 apprime
3106 5479 3288 5537 autem
3324 5479 3660 5538 conveniunt

2070 5552 2348 5607 Amalario
2382 5552 2634 5621 episcopo
2659 5549 2986 5605 Trevircnsi.
