3998 6182
302 274 407 329 2'25

1421 271 1620 326 LIBER
1661 272 1749 327 DE
1787 271 2045 328 OliDINE
2082 271 2421 328 BAI‘TISML

3437 279 3545 332 236

307 392 531 463 Moysen)
554 390 824 459 quondam
858 389 1118 453 audierat,
1156 388 1314 454 Audi,
1362 387 1561 452 Israel,
1605 388 1859 444 Dominus
1886 400 1934 453 Α
1962 389 2140 458 emplo
2181 406 2353 461 putum
2379 408 2489 448 sua:
2538 392 2673 449 alios
2721 394 2995 457 condiant,
3048 392 3247 449 debent
3294 395 3544 462 accipere

304 481 439 535 Deus
466 490 585 533 tuus
620 478 755 533 Deus
802 495 938 533 unus
973 488 1049 533 est
1093 478 1269 549 (Deut.
1302 493 1374 543 vt,
1407 478 1483 549 4),
1509 486 1563 531 et
1599 479 1862 548 perleges

301 578 356 624 et
378 570 663 640 prophetas
682 567 1050 623 instruebatur
1079 568 1145 622 ad
1170 568 1330 622 unius
1353 569 1465 622 veri
1498 568 1591 621 Dei
1615 567 1816 622 cultum
1842 587 1855 622 :

302 663 563 732 modoper
609 661 949 715 sacerdomm
1004 660 1363 716 ministerium
1409 668 1465 714 et
1503 659 1728 714 audiens
1748 657 1861 712 efﬁ-

300 740 438 821 citur
469 761 531 806 ut
563 751 758 807 instrui
786 751 983 815 valeat,
1014 757 1069 805 et
1094 750 1284 804 relicto
1325 750 1432 804 ritu
1459 765 1568 819 quo
1596 758 1861 805 creatum

298 842 650 907 deservicbat,
693 842 792 897 soli
821 841 1053 898 creatori
1100 841 1208 894 Deo
1252 841 1540 895 deserviat.
1595 840 1686 896 Sic
1716 843 1858 898 enim

295 933 664 987 catcchumeni
711 933 765 995 in
799 931 1075 987 Christum
1124 931 1394 996 credunt,
1434 940 1496 985 ut
1541 932 1717 987 adhuc
1763 948 1859 988 sua

293 1031 511 1091 peccata
532 1030 770 1091 portent.
796 1021 872 1075 De
889 1022 1084 1092 quibus
1111 1031 1240 1091 puto
1259 1022 1311 1075 in
1330 1021 1619 1092 Evangelio
1636 1022 1857 1087 dictum,

295 1112 394 1178 Qui
417 1112 541 1167 dum
570 1113 937 1168 crederent'nt
964 1112 1169 1178 Jesum,
1210 1113 1323 1183 ipse
1346 1110 1504 1168 Jesus
1540 1130 1643 1167 non
1671 1131 1726 1167 se
1751 1131 1863 1168 cre-

291 1202 445 1256 debat
469 1203 545 1256 eis
576 1201 757 1274 (Joan.
803 1219 865 1269 ιι,
905 1203 1019 1275 24).
1071 1203 1386 1273 Quicunque
1429 1219 1562 1275 ergo
1601 1221 1630 1257 τι
1656 1206 1863 1259 Joanne
1901 1215 1915 1289 "

290 1297 661 1361 docebantur,
705 1296 820 1351 sive
869 1297 1276 1351 instruebantur
1315 1303 1371 1349 et
1424 1295 1860 1365 baptizabantur,

288 1390 414 1458 quia
453 1389 752 1458 baptismus
774 1387 890 1456 ejus
907 1395 1127 1456 peccata
1153 1387 1335 1441 delere
1360 1402 1466 1440 non
1496 1396 1731 1457 poterat,
1774 1405 1867 1443 ca-

288 1480 732 1535 techumenorum
762 1487 943 1549 typum
965 1478 1268 1548 praetulisse
1288 1478 1545 1532 noscendi
1572 1487 1720 1532 sunt.

1029 1569 1117 1624 111.

840 1658 952 1715 Cur
980 1662 1299 1732 essu/ﬂatur.

1956 481 2133 535 salem
2159 483 2457 550 sapientiae,
2484 491 2544 537 ut
2589 483 2847 554 quidquid
2882 486 2937 540 in
2972 484 3054 540 eis
3099 483 3301 539 ﬁuxum
3337 491 3394 537 et
3421 483 3541 536 ﬁui-

1960 572 2090 625 dum
2118 580 2205 628 est
2232 610 2249 637 ,
2298 574 2452 628 verbi
2503 574 2597 629 Dei
2623 575 2735 630 sale
2761 584 3001 640 curetur,
3035 584 3091 631 et
3108 576 3261 645 juxta
3311 573 3542 643 Aposto-

1960 661 2070 717 lum
2122 679 2394 721 memores
2421 666 2533 720 siut
2565 668 2750 723 uxoris
2775 667 2892 722 Lot.
2942 666 3009 721 Et
3035 668 3174 721 sicut
3201 666 3423 720 Elisteus
3449 679 3540 719 sa-

1959 751 2026 807 lis
2079 754 2412 812 immissione
2443 759 2786 814 sterilitatem
2811 775 2964 830 aqua:
3005 759 3233 823 curavit,
3282 758 3358 814 ita
3382 756 3543 812 nimi-

1960 858 2079 897 rum
2133 859 2290 900 verus
2316 846 2542 903 Elisseus
2590 849 2848 904 Dominus
2895 859 3081 904 noster
3106 848 3262 905 Iesus
3284 848 3535 903 Christus

1957 933 2109 987 verbi
2140 935 2223 988 sui
2252 952 2446 1005 sapore
2467 938 2686 992 ﬂuidam
2714 939 2929 1010 generis
2954 940 3171 994 humani
3203 939 3539 995 sterilitatem

1959 1026 2026 1080 ad
2050 1025 2258 1080 dulcem
2296 1027 2418 1082 ﬁdei
2470 1041 2527 1083 et
2552 1030 2818 1084 bonorum
2876 1046 3100 1100 operum
3132 1045 3378 1100 saporem
3422 1045 3540 1098 per—

1960 1114 2129 1168 dttcit.
2179 1113 2345 1183 Cujus
2379 1115 2499 1170 ﬁdei
2531 1115 2764 1172 ﬁrmitas
2797 1126 2923 1173 tunc
2952 1118 3068 1186 jam
3092 1119 3240 1174 clare
3264 1118 3538 1179 elucescit,

1958 1208 2149 1261 cumis
2175 1209 2269 1277 qui
2312 1208 2558 1262 audierat
2595 1209 2765 1262 solius
2812 1209 2903 1264 Dei
2951 1209 3155 1264 cultum
3181 1225 3305 1265 esse
3357 1217 3544 1262 teneno

1962 1301 2109 1365 dum,
2135 1300 2277 1354 unde
2306 1298 2530 1353 audiens
2554 1308 2779 1353 vocatus
2806 1310 2913 1364 est,
2968 1308 3024 1353 et
3074 1300 3269 1353 instrui
3299 1307 3544 1367 coaluerat

1962 1390 2030 1445 de
2055 1406 2195 1444 vera:
2224 1391 2499 1461 religionis
2532 1390 2702 1454 cultu,
2734 1392 2875 1445 unde
2900 1391 3329 1445 catechumenos
3378 1405 3543 1443 voca-

1965 1490 2052 1535 tus
2089 1491 2194 1546 est,
2225 1489 2281 1535 et
2305 1496 2401 1549 per
2450 1482 2877 1537 exsuﬁlationcm
2916 1490 2972 1536 et
3007 1481 3464 1535 cxorcizationem
3513 1497 3543 1535 a

1964 1570 2199 1640 maligno
2228 1570 2420 1638 spiritu
2474 1580 2659 1624 erutus
2686 1580 2788 1635 est,
2821 1580 2878 1625 et
2910 1571 2964 1625 in
3013 1571 3229 1625 datione
3271 1570 3402 1624 salis
3429 1569 3542 1637 jam

1963 1659 2165 1714 habere
2226 1660 2390 1727 erepit
2449 1669 2665 1730 gustum
2734 1660 2897 1715 divini
2958 1660 3129 1724 verbi,
3196 1661 3441 1714 tradatur
3493 1660 3541 1713 ei

353 1751 412 1807 In
446 1767 674 1821 quorum
718 1752 878 1807 etiam
917 1752 1055 1807 facie
1093 1769 1124 1807 a
1153 1754 1436 1809 sacerdote
1468 1768 1568 1822 per
1606 1752 1855 1808 exsullla-
1886 1741 1929 1800 Β
1957 1749 2278 1822 symbolum,
2317 1749 2371 1804 id
2398 1759 2484 1806 est
2513 1766 2653 1805 vene
2684 1750 2809 1806 ﬁdei
2857 1750 3064 1821 integra
3113 1758 3169 1805 et
3217 1749 3536 1805 inconvulsa

278 1842 488 1897 tionem
519 1843 731 1914 signum
761 1843 939 1897 crucis
964 1842 1044 1907 ﬁt,
1070 1851 1131 1897 ut
1157 1850 1212 1897 et
1236 1840 1482 1899 diabolus
1511 1842 1757 1913 lugetur,
1799 1852 1856 1897 et

273 1933 505 1990 Christo
544 1935 631 1989 via
664 1941 1032 2004 prieparetur:
1062 1941 1125 1988 ut
1152 1932 1246 2002 qui
1285 1932 1603 1988 illecebrosa
1636 1949 1858 2004 persua-

269 2025 440 2079 sione
476 2039 574 2079 sua
624 2024 837 2092 generis
877 2023 1121 2087 humani,
1166 2024 1311 2092 quod
1351 2024 1408 2077 in
1434 2023 1732 2091 primordio
1774 2024 1858 2079 sui

268 2112 618 2183 spiraculum
646 2114 769 2168 vita:
793 2120 1094 2182 acceperat,
1129 2113 1402 2168 habitator
1431 2121 1570 2178 erat,
1609 2111 1724 2181 ejus
1750 2114 1863 2168 vir-

271 2212 397 2258 tute
417 2213 479 2259 et
506 2204 874 2259 sacratissimo
911 2203 1065 2273 signo
1098 2217 1195 2274 per
1223 2204 1584 2259 ministerium
1611 2205 1860 2261 sacerdo—

274 2304 391 2347 tum
420 2293 578 2348 exire
618 2303 862 2364 cogatur,
900 2294 991 2363 qui
1040 2300 1093 2348 et
1128 2293 1183 2347 in
1215 2293 1508 2363 discipulos
1537 2310 1663 2350 suos
1692 2295 1861 2351 insuf-

275 2384 459 2450 llasse,
487 2392 546 2440 et
572 2385 796 2455 spiritus
820 2385 1126 2441 immundos
1155 2386 1466 2457 increpasse
1488 2387 1703 2457 legitur.

1024 2476 1114 2533 IV.

827 2565 937 2621 Cur
961 2568 1311 2622 exorcizatur.

343 2658 508 2716 Unde
552 2665 609 2713 et
647 2657 991 2712 exorcizatur
1018 2657 1162 2712 idem
1211 2656 1480 2728 malignus
1505 2656 1745 2727 spiritus,
1798 2668 1858 2715 ut

275 2760 437 2806 exeat
484 2758 542 2806 et
566 2750 781 2807 recedat
808 2750 876 2804 ab
903 2750 994 2805 illo
1020 2749 1304 2820 plasmate,
1336 2751 1478 2818 quod
1499 2749 1614 2819 jam
1652 2749 1855 2806 dudum

1954 1839 2246 1904 confessio,
2291 1847 2352 1894 ut
2371 1841 2565 1897 domus
2591 1840 2777 1911 prisco
2809 1840 3112 1895 habitatore
3142 1840 3400 1895 derelicto
3433 1840 3540 1895 ﬁtlc

1955 1939 2202 1998 ornetur,
2227 1937 2279 1986 et
2315 1931 2380 1986 de
2402 1947 2509 2003 qua
2536 1934 2703 2002 spinae
2727 1930 3119 1987 incredulitatis
3168 1930 3364 1986 evulsa:
3390 1938 3538 1990 sunt.

1958 2023 2221 2094 incipiant
2244 2023 2301 2078 in
2321 2039 2386 2078 ea
2410 2038 2551 2080 verte
2597 2023 2725 2079 ﬁdei
2748 2024 3070 2079 documenta
3098 2021 3352 2093 plantari.
3384 2022 3543 2076 Prius

1957 2115 2106 2170 enim
2150 2113 2443 2169 evellenda:
2488 2121 2616 2169 sunt
2685 2110 3076 2168 incredulitatis
3123 2110 3239 2166 sive
3290 2110 3541 2165 vitiorum

1957 2209 2147 2279 spinae,
2204 2214 2258 2263 et
2286 2215 2472 2277 postea
2520 2204 2812 2277 plantanda
2854 2212 2980 2259 sunt
3034 2202 3157 2258 ﬁdei
3194 2211 3251 2258 et
3280 2201 3544 2257 bonorum

1955 2311 2178 2367 operum
2204 2297 2532 2351 rudimenta.
2582 2293 2734 2349 Unde
2760 2301 2818 2348 et
2859 2292 3120 2348 Dominus
3169 2302 3300 2345 ante
3347 2290 3544 2345 facient

1955 2385 2188 2443 ﬁliorum
2211 2384 2378 2440 Israel
2404 2392 2612 2454 septem
2631 2390 2821 2453 gentes
2852 2388 3035 2453 typum
3065 2379 3318 2434 vition
3353 2386 3540 2432 tenen-

1956 2483 2038 2532 tes
2062 2475 2341 2541 contrivit,
2388 2475 2443 2530 in
2470 2488 2704 2544 quarum
2758 2472 2879 2527 loco
2933 2470 2988 2526 iu
3025 2477 3152 2542 typo
3184 2469 3444 2524 virtutum
3470 2469 3544 2523 ls-

1956 2568 2258 2625 raelitieum
2283 2566 2540 2639 populum
2568 2564 2871 2622 collocavit.
2901 2564 2971 2619 Et
2996 2565 3065 2618 ad
3089 2560 3382 2618 Jeremiam
3417 2577 3542 2630 pro-

1953 2660 2169 2730 phetam
2206 2657 2372 2713 dicit:
2409 2655 2545 2710 Ecce
2567 2655 2812 2710 constitui
2841 2666 2890 2708 te
2933 2652 3088 2708 hodie
3109 2667 3266 2722 super
3287 2660 3460 2721 gentes
3489 2658 3538 2705 et

1952 2766 2110 2819 super
2141 2765 2322 2819 regna,
2356 2757 2410 2801 ut
2449 2745 2661 2811 evellas,
2716 2755 2765 2801 et
2796 2746 3058 2809 destruas,
3104 2753 3153 2797 et
3199 2742 3442 2812 dissipes,
3489 2752 3537 2795 et

275 2859 366 2913 per
419 2850 708 2912 peccatum
754 2841 913 2909 primi
961 2840 1195 2895 hominis
1244 2841 1572 2910 possidebat.
1626 2841 1693 2895 Et
1726 2843 1852 2909 quia
1949 2838 2242 2909 disperdas,
2274 2848 2320 2892 et
2353 2837 2604 2907 redi/ires,
2633 2847 2682 2890 et
2728 2835 2932 2906 platttes
2985 2832 3119 2906 (Jer.
3154 2850 3194 2899 t,
3234 2833 3343 2901 l0).
3377 2831 3536 2887 Prius

277 2950 375 2988 non
395 2941 512 2997 est,
537 2929 694 2999 juxta
710 2930 1041 3000 Apostolum,
1062 2932 1329 2986 conventio
1355 2930 1550 2985 Christi
1569 2933 1639 2986 ad
1661 2931 1849 2999 Belial,

277 3044 361 3081 nec
381 3026 616 3081 societas
655 3022 760 3077 luci
797 3023 865 3078 ad
896 3012 1145 3078 'teuebras
1193 3023 1244 3094 (I
1286 3023 1408 3079 Cor.
1439 3041 1516 3088 γι,
1548 3024 1660 3097 15),
1700 3041 1851 3098 egre-

277 3118 496 3173 diantur
538 3116 774 3170 tenebrae
797 3122 853 3169 et
878 3114 969 3169 lux
1009 3130 1138 3170 vera
1192 3114 1440 3171 Christus
1494 3116 1845 3187 ingrediatur.

278 3210 368 3278 Qui
411 3219 477 3265 et
515 3209 571 3264 in
604 3206 866 3263 Zacharia
907 3205 1080 3277 typice
1106 3217 1326 3276 propter
1370 3216 1589 3275 peccata
1639 3216 1845 3274 nostra,

1952 2930 2095 2985 enim
2135 2929 2275 2985 dixit
2302 2927 2656 2991 evulsionem,
2708 2934 2765 2980 et
2800 2924 3242 2988 destructionem,
3289 2930 3346 2977 et
3369 2922 3531 2975 dissi-

1951 3021 2247 3090 pationem,
2299 3026 2355 3074 et
2382 3017 2771 3089 dispersionem
2797 3055 2814 3082 ,
2851 3027 2907 3070 et
2938 3023 3126 3086 postea
3151 3012 3382 3081 subjecit
3406 3011 3539 3066 :cdi-

1954 3110 2262 3166 ﬁcationem
2290 3117 2345 3166 et
2372 3108 2783 3179 plantationem,
2815 3116 2871 3161 ct
2905 3120 3003 3177 per
3031 3105 3277 3160 eumdem
3310 3103 3543 3174 propino-

1952 3212 2061 3259 tam
2088 3205 2162 3259 ait
2194 3221 2208 3256 :
2238 3203 2386 3257 Sicut
2418 3201 2629 3273 vigilavi
2662 3216 2819 3267 super
2839 3216 2982 3264 eum,
3007 3208 3062 3251 ut
3088 3197 3349 3253 evellerem
3374 3208 3421 3251 et
3451 3196 3544 3248 de.

278 3318 387 3372 quae
421 3302 479 3356 in
504 3313 734 3368 corpore
755 3312 854 3353 suo
877 3298 1131 3368 portavit,
1162 3297 1379 3351 sordida
1403 3298 1725 3352 vestimenta
1754 3299 1852 3353 ha-
1948 3297 2162 3350 molirer
2182 3304 2230 3348 et
2259 3294 2565 3363 dissiparem
2593 3302 2641 3347 et
2673 3292 3019 3361 dispergerem
3045 3296 3093 3342 et
3126 3288 3439 3358 afﬂigereut,
3462 3287 3538 3340 sic

282 3393 460 3449 buisse
492 3391 691 3463 legitur
728 3387 912 3460 (Zaeh.
940 3404 1023 3452 ιιι,
1045 3386 1124 3459 ὖ).
1163 3388 1232 3441 Et
1258 3388 1544 3457 increpans
1569 3391 1850 3455 Satanam,

282 3482 613 3539 Hierusalem
638 3481 823 3552 elegit,
850 3487 1092 3535 sanctam
1115 3477 1366 3533 videlicet
1391 3478 1708 3542 Ecclesiam,
1735 3496 1855 3549 qua!

283 3585 353 3629 est
380 3574 540 3628 Visio
568 3573 739 3643 pacis,
766 3586 926 3640 quam
954 3570 1195 3640 quotidie
1241 3568 1391 3639 prole
1419 3585 1556 3624 nova
1582 3569 1853 3626 fecundct.

283 3666 369 3722 Cui
405 3680 511 3736 per
530 3664 850 3735 prophetam
880 3661 1078 3716 dicitur
1100 3677 1113 3713 :
1138 3658 1269 3713 Filii
1288 3660 1364 3713 tui
1383 3660 1447 3715 de
1467 3659 1620 3731 longe
1634 3662 1853 3727 uenient,

284 3768 325 3811 et
368 3757 504 3828 ﬁlia:
532 3764 639 3811 tua:
681 3754 746 3809 de
772 3753 934 3808 latere
962 3762 1173 3823 surgent
1208 3751 1343 3821 (Isa.
1372 3768 1460 3815 ιχ,
1490 3751 1570 3825 Δ).
1611 3753 1857 3809 Exoreis-

287 3866 393 3906 mus
426 3857 689 3920 praeterea
716 3856 805 3904 est
852 3862 1032 3904 sermo
1052 3847 1435 3918 inerepationis
1463 3846 1576 3902 sive
1602 3845 1851 3916 conjura-

287 3940 463 3995 tiouis.
509 3940 662 3996 Unde
703 3946 760 3994 et
815 3939 870 3993 in
904 3940 1128 3995 Actibus
1167 3939 1533 4010 apostolorum
1569 3942 1854 3996 exorcista:

287 4031 448 4089 fuisse
484 4033 770 4103 leguntur,
799 4041 854 4088 et
872 4041 1061 4088 sancta
1082 4032 1320 4089 Ecclesia
1350 4033 1492 4088 inter
1519 4033 1719 4103 gradus
1757 4049 1851 4089 ec-

287 4122 614 4178 clesiasticos
661 4122 1053 4178 exorcistarum
1098 4123 1260 4178 etiam
1287 4123 1644 4179 ministerium
1672 4124 1852 4179 habet.

290 4212 574 4269 Sciendum
602 4227 837 4282 namque
861 4221 946 4267 est
974 4211 1098 4282 quia
1127 4227 1247 4268 cum
1284 4213 1609 4269 exorcizatio
1656 4212 1737 4278 ﬁt,
1768 4214 1854 4270 ille

290 4306 466 4375 procul
516 4303 682 4361 dubio
722 4305 1065 4359 exorcizatur
1107 4307 1197 4374 qui
1226 4313 1281 4360 et
1324 4305 1652 4376 haptismati,
1682 4315 1738 4360 et
1764 4321 1854 4360 sa-

1951 3389 2175 3459 uigilabo
2197 3403 2351 3457 super
2386 3403 2494 3449 eos,
2517 3396 2573 3439 ut
2608 3384 2861 3451 wdiﬁcrm
2887 3391 2935 3437 et
2956 3380 3182 3450 planteut
3215 3381 3351 3452 (Jer.
3381 3397 3538 3443 xui,

1952 3478 2063 3550 28).
2087 3477 2155 3531 Et
2174 3476 2279 3531 hoc
2304 3475 2424 3530 ideo
2453 3474 2580 3541 quia
2622 3481 2747 3542 post
2781 3470 3243 3525 exercitationem
3276 3477 3332 3523 et
3359 3466 3541 3522 exsul-

1955 3567 2257 3631 ﬁationem,
2289 3563 2519 3635 symboli
2544 3561 2790 3631 sequitur
2819 3556 3059 3613 traditio.

2002 3770 2134 3838 Qua.-
2159 3769 2225 3824 sit
2248 3765 2608 3837 iuterpretatio
2645 3762 2882 3836 Symboli
2924 3761 3209 3818 mundum
3262 3759 3499 3816 Latinos.

2023 3860 2178 3929 Quod
2203 3856 2504 3930 symbolum
2535 3856 2722 3911 Latine
2742 3853 3026 3919 indicium,
3074 3851 3161 3908 vel
3187 3852 3423 3924 signum,
3458 3848 3541 3905 vel

1951 3952 2167 4008 collatio
2213 3952 2619 4021 interpretatur.
2674 3947 2958 4012 indicium,
3005 3949 3131 4017 quia
3170 3962 3269 4018 per
3305 3945 3358 4000 id
3387 3944 3530 4000 indi-

1953 4052 2107 4101 catur
2131 4043 2255 4098 ﬁdei
2283 4041 2599 4112 integritas;
2647 4041 2881 4109 signum,
2907 4038 3057 4110 quod
3073 4054 3140 4094 eo
3166 4039 3303 4092 bene
3330 4043 3542 4091 retento

1959 4146 2014 4193 et
2042 4136 2315 4193 intellecto
2367 4131 2632 4189 ﬁdelesab
2654 4131 2960 4186 inﬁdelibus
2981 4131 3397 4191 discernuntur;
3430 4125 3543 4180 col-

1956 4228 2106 4291 latio,
2149 4227 2280 4297 quia
2313 4225 2367 4280 in
2392 4238 2459 4279 eo
2485 4222 2712 4294 apostoli
2749 4235 2966 4276 omnem
3000 4218 3126 4273 ﬁdei
3175 4216 3541 4285 integritatem

1953 4318 2321 4376 contulerunt.
2351 4315 2508 4383 Quod
2531 4322 2713 4369 autem
2757 4325 2949 4367 omnes
2988 4309 3109 4379 pari
3156 4306 3281 4361 ﬁdei
3316 4305 3541 4359 sinceri-

288 4394 376 4451 luti
410 4395 667 4458 ﬁdelium,
695 4402 753 4449 et
777 4396 1030 4451 omnibus
1074 4396 1362 4451 virtutibus
1396 4394 1514 4465 ejus
1543 4398 1854 4452 contrarius
1881 4428 1933 4488 Ι)
1959 4420 2070 4466 tam
2099 4409 2266 4464 corde
2298 4405 2605 4461 retinebant
2629 4444 2644 4469 ,
2680 4418 2780 4458 ore
2821 4399 3055 4457 confessi
3084 4404 3231 4460 sunt,
3259 4404 3316 4451 et
3342 4394 3539 4464 singuli

291 4499 381 4543 est.
413 4489 512 4544 Illo
531 4487 679 4542 enim
707 4486 1017 4541 exorcizato
1061 4484 1174 4541 sive
1197 4486 1438 4556 expulso,
1491 4487 1658 4543 divini
1707 4487 1857 4543 verbi

292 4580 685 4636 condimentum
710 4577 1055 4633 credentibus
1082 4577 1258 4631 datur.

1054 4665 1117 4720 V.

599 4756 710 4813 Cur
731 4756 1130 4812 eatecltumentts
1157 4754 1343 4824 accipit
1372 4753 1555 4809 salem.

356 4852 424 4907 Et
444 4852 649 4907 idcirco
671 4849 729 4905 hi
751 4849 845 4920 qui
877 4847 1189 4918 baptizandi
1230 4856 1354 4902 sunt
1378 4846 1543 4901 salem
1578 4846 1633 4901 iu
1672 4862 1857 4903 sacra-

294 4952 469 4998 mento
485 4941 783 5011 accipiunt,
809 4948 870 4995 ut
897 4938 1015 5008 ejus
1043 4947 1202 5009 gustu
1227 4938 1625 4995 condimentum
1653 4938 1859 5007 sapien-

296 5033 377 5087 tia:
403 5033 728 5104 percipiant,
754 5045 928 5099 neque
957 5044 987 5083 a
1014 5043 1204 5098 sapore
1248 5027 1450 5084 Christi
1496 5029 1856 5099 decipiantur,

296 5133 345 5176 et
366 5126 476 5180 sint
510 5122 698 5181 insulsi
736 5133 792 5177 et
812 5121 963 5176 fatui.
1018 5121 1117 5187 Qui
1145 5120 1288 5175 enim
1314 5121 1390 5175 ait
1407 5120 1682 5190 discipulis
1704 5121 1817 5175 suis
1843 5138 1856 5173 :

306 5215 401 5271 l'os
421 5219 541 5272 estis
565 5215 645 5272 sal
668 5226 822 5271 terra:
861 5214 1076 5287 (Matth.
1104 5230 1153 5275 v,
1184 5214 1289 5285 l5),
1325 5214 1440 5283 ipse
1484 5214 1620 5268 dixit
1646 5231 1660 5267 :
1693 5211 1860 5267 Nemo

298 5307 497 5362 mittens
528 5323 745 5361 martum
800 5322 950 5360 suam
978 5305 1031 5358 in
1057 5314 1256 5368 aratro,
1300 5314 1348 5357 et
1388 5304 1664 5373 respiciens
1702 5313 1860 5365 retro,

300 5414 449 5468 regno
484 5399 733 5454 calorum
782 5409 934 5470 aptus
985 5414 1095 5452 esse
1140 5406 1302 5468 potest
1339 5394 1489 5467 (Luc.
1523 5412 1600 5459 IX,
1630 5394 1739 5466 62).
1795 5394 1864 5450 Ut

299 5501 472 5547 autem
501 5495 593 5564 qui
636 5494 989 5563 bapttzantur
1022 5508 1187 5563 regno
1214 5491 1475 5547 caelorum
1501 5491 1610 5560 apti
1633 5492 1762 5553 sint,
1810 5498 1866 5543 et

302 5595 367 5635 ne
391 5585 659 5650 prmterita
701 5592 922 5653 peccata
960 5592 1221 5637 iterantes
1266 5582 1557 5652 respiciant
1586 5589 1761 5644 retro,
1811 5592 1864 5637 et

302 5674 598 5733 elliciantur
620 5686 801 5732 statua
830 5676 978 5745 salis,
1010 5683 1065 5730 et
1115 5682 1454 5730 remanentes
1481 5673 1735 5729 insensati
1774 5689 1866 5728 ex-

1964 4497 2215 4570 proprias
2268 4493 2563 4550 sententias
2591 4491 2950 4553 conferentes,
2986 4485 3309 4559 symbolum,
3354 4485 3406 4541 id
3454 4492 3540 4540 est

1967 4593 2132 4647 totius
2158 4588 2281 4644 ﬁdei
2305 4586 2664 4651 collationem,
2703 4583 3008 4639 ediderunt.
3065 4581 3366 4637 Discessuri
3394 4580 3540 4635 enim

1966 4684 2036 4738 ab
2061 4681 2290 4736 invicem
2337 4690 2585 4733 normam
2638 4675 2832 4730 futurae
2875 4670 3276 4743 praedicationis
3312 4670 3366 4725 in
3396 4684 3542 4724 com-

1964 4785 2130 4828 mune
2157 4775 2486 4833 statuerunt,
2523 4781 2592 4822 ne
2624 4764 2869 4821 localiter
2911 4763 2984 4819 ab
3014 4762 3243 4818 invicem
3264 4760 3542 4816 disceden-

1966 4873 2049 4918 tes
2067 4862 2339 4917 diversum
2365 4857 2568 4929 aliquid
2593 4856 2681 4913 vel
2715 4854 2992 4910 dissonum
3031 4853 3406 4924 prtedicarent.
3438 4851 3540 4906 De-

1954 4951 2332 5009 eentissimum
2381 4961 2616 5017 namque
2632 4953 2708 5001 et
2752 4944 2882 4999 utile
2906 4954 3063 5009 erat,
3108 4950 3172 4998 ut
3196 4944 3393 5013 quibus
3418 4952 3539 4997 erat

1964 5044 2140 5099 anima
2168 5057 2273 5097 una
2300 5049 2359 5095 et
2384 5054 2480 5095 cor
2517 5053 2683 5093 unum
2722 5036 2776 5091 in
2825 5034 3077 5098 Domino,
3121 5040 3178 5088 et
3199 5047 3337 5102 quos
3365 5033 3539 5087 sancti

1965 5132 2199 5204 Spiritus
2240 5130 2449 5186 amatus
2490 5126 2800 5199 vegetabat,
2847 5125 3008 5180 unius
3047 5124 3211 5178 etiam
3246 5122 3371 5176 ﬁdei
3413 5137 3543 5175 con-

1965 5225 2131 5282 fessio
2157 5230 2464 5279 exornaret.
2512 5220 2624 5277 Nec
2647 5220 2790 5275 enim
2819 5218 3000 5273 dirimi
3028 5217 3081 5272 in
3124 5216 3300 5285 aliquo
3326 5214 3410 5268 vel
3441 5229 3536 5281 po-

1968 5320 2146 5369 terant
2172 5310 2257 5365 vel
2301 5309 2601 5374 debebant,
2652 5311 2745 5377 qui
2773 5307 2935 5362 unius
2957 5307 3080 5361 ﬁdei
3111 5304 3327 5359 vinculo
3354 5310 3539 5355 necte-

1965 5405 2178 5459 bantur.
2228 5400 2480 5469 Plerique
2519 5399 2720 5454 interea
2767 5397 2989 5453 verbum
3033 5392 3406 5449 abbreviatum
3443 5403 3542 5456 per

1964 5495 2155 5550 Isaiam
2199 5493 2536 5564 prophetam,
2560 5492 2613 5546 in
2637 5488 2894 5561 Sytnbolo
2922 5472 2977 5541 et
2996 5485 3238 5541 oratione
3265 5480 3544 5537 Dominica

1968 5587 2190 5656 intelligi
2219 5585 2423 5639 volunt.
2447 5583 2503 5637 In
2527 5584 2700 5637 altero
2722 5582 2867 5636 enim
2891 5578 3037 5641 ﬁdei,
3053 5576 3107 5627 in
3129 5573 3299 5628 altero
3318 5585 3541 5641 precum

1973 5675 2280 5729 continetur
2305 5673 2607 5742 integritas,
2633 5681 2689 5726 ut
2717 5680 2771 5726 et
2811 5670 2864 5723 in
2888 5662 3173 5722 duodecim
3198 5661 3380 5718 verbis
3407 5662 3541 5719 duo-
