3998 6182
399 138 504 196 9:27

1415 133 1800 190 THEODULFI
1843 133 1879 185 Δ
1893 131 2391 188 UREHANENSIS
2434 133 2643 189 EPISC.

3529 138 3640 193 228

395 256 570 310 decim
589 251 952 325 apostolorum
975 250 1306 312 doctrina,et
1326 249 1377 301 in
1402 257 1604 317 septem
1623 243 1971 314 petitionibus
2000 248 2045 304 Α
2077 243 2127 294 iu
2159 243 2258 295 hac
2285 251 2468 295 saneta
2519 241 2783 295 Triuitate
2832 242 2975 297 ullos
3002 244 3200 314 gradus
3239 246 3435 314 quibus
3461 248 3658 318 aliquis

395 358 556 399 omne
585 345 928 398 contineatur
961 340 1216 410 quidquid
1244 339 1309 392 ad
1360 338 1644 406 przesentis
1691 345 1746 390 et
1777 335 1970 388 futurae

396 434 519 487 vite
555 434 793 502 pertinet
817 430 1289 499 dispensationem.
1320 427 1573 494 Quamvis
1613 425 1775 479 etiam
1807 424 1970 478 totius

393 524 657 578 doctrina:
677 523 898 580 verbum
925 520 1026 574 dici
1056 519 1224 588 possit
1253 517 1641 581 abbreviatum,
1669 517 1794 586 quia
1829 515 1970 584 quod

394 615 544 684 prius
565 613 650 669 lex
673 622 727 668 et
748 613 1023 684 propheta:
1050 612 1398 666 continebant
1427 611 1478 664 in
1527 610 1808 663 latitudine
1834 624 1971 677 prae-

392 713 692 774 ceptorum,
746 703 970 758 veniens
1017 701 1274 755 Dominus
1303 700 1673 771 pronuntiavit
1717 707 1772 752 et
1812 698 1968 762 dixit,

392 797 589 866 Diliges
619 795 897 848 Dominum
927 803 1073 845 tuum
1101 808 1165 845 ea:
1195 801 1300 845 toto
1339 790 1493 844 corde
1521 800 1610 844 tuo
1631 830 1644 854 ,
1676 799 1723 842 et
1753 804 1818 841 ea:
1861 797 1969 841 tota

391 893 567 943 anima
588 900 698 952 tua,
744 896 790 940 et
819 901 884 940 ex
909 888 1028 939 totis
1052 885 1245 939 viribus
1275 885 1400 948 tuis,
1433 893 1481 936 et
1506 883 1797 953 proximum
1823 889 1968 932 tuum

389 988 637 1044 tanquam
675 975 918 1045 teipsum.
968 974 1034 1027 In
1063 975 1142 1028 Itis
1180 973 1383 1027 duobus
1435 971 1700 1025 mandatis
1730 980 1838 1023 tota
1886 968 1970 1022 lex

385 1067 572 1134 pendet
601 1074 649 1119 et
687 1065 950 1135 propheta:
1006 1064 1222 1134 (Matth.
1275 1080 1407 1124 χχιι,
1455 1063 1568 1129 57).
1616 1062 1673 1115 1η
1717 1077 1824 1130 quo
1859 1060 1969 1114 evi-

385 1156 574 1209 denter
616 1155 905 1224 prophetas
933 1165 987 1209 et
1032 1155 1202 1222 legem
1249 1155 1455 1209 duobus
1491 1154 1575 1206 his
1629 1152 1969 1207 sermonibus

385 1245 613 1299 breviat.
673 1244 800 1298 Haec
853 1245 921 1298 de
971 1243 1224 1314 Symbolo
1278 1251 1332 1298 et
1381 1244 1598 1298 nomine
1650 1243 1768 1298 eius
1823 1243 1966 1298 dicta

389 1337 521 1390 sint.

1126 1403 1232 1459 VII.

383 1494 462 1549 Dc
489 1494 816 1560 credulitate,
855 1495 1110 1567 quomodo
1134 1495 1446 1567 credendum
1477 1493 1541 1567 sit
1575 1495 1629 1567 in
1663 1493 1827 1567 Deum
1847 1491 1968 1567 _Pa~

458 1577 588 1640 trem
619 1563 1015 1640 omnipotentem
1043 1606 1056 1630 ,
1093 1574 1138 1618 et
1168 1567 1222 1618 in
1247 1565 1428 1618 Jesum
1474 1564 1736 1640 Christum
1765 1563 1965 1640 Ij'tlium
1994 1583 2040 1640 Β

450 1637 572 1705 ejus
612 1646 659 1688 et
703 1633 769 1688 in
795 1634 1047 1705 Spiritum
1089 1644 1350 1698 sanctum,
1395 1645 1634 1686 sanctam
1676 1633 1965 1705 Ecclesium

452 1703 786 1827 gatlholicam,
813 1703 861 1758 et
880 1714 1067 1758 cwtera
1091 1720 1208 1774 qua:
1228 1713 1516 1774 sequuntur
1536 1705 1591 1757 in
1610 1703 1790 1756 eodem
1818 1703 1972 1773 Sym-

493 1790 521 1827 ο
547 1793 596 1827 ο.

493 1790 596 1828 010.

451 1886 702 1942 Ceterum
732 1887 866 1943 ﬁdes
891 1903 1011 1958 qua:
1036 1888 1088 1942 in
1125 1889 1230 1944 hoe
1267 1887 1507 1960 symbolo
1536 1885 1860 1950 continetur,
1895 1888 1968 1941 ita

381 1979 450 2033 ab
475 1979 560 2033 bis
594 1979 686 2049 qui
711 1979 1017 2048 baptizandi
1045 1987 1170 2033 sunt
1193 1979 1414 2050 intelligi
1447 1979 1625 2044 debet,
1659 1987 1720 2032 ut
1743 1979 1968 2033 credant

381 2068 434 2124 in
464 2071 630 2124 Deum
662 2070 874 2127 Patrem
901 2072 1348 2142 omnipotentem,
1398 2081 1698 2127 creatorem
1727 2072 1968 2127 omnium

380 2161 673 2215 visibilium
709 2170 765 2215 et
802 2161 1171 2228 iuvisibilium,
1200 2162 1290 2230 qui
1318 2161 1466 2216 solus
1494 2162 1621 2232 quia
1658 2175 1766 2215 non
1796 2170 1880 2214 est
1900 2160 1969 2215 de

387 2251 516 2314 alio,
560 2251 682 2305 ideo
719 2252 866 2306 solus
918 2252 1219 2323 appellatur
1273 2254 1562 2323 ingenitus.
1618 2253 1684 2306 Et
1710 2251 1967 2308 inlesum

381 2343 659 2397 Christum
702 2343 899 2397 Filium
935 2344 1072 2413 ejus,
1127 2359 1226 2414 per
1246 2361 1406 2415 quem
1442 2345 1623 2401 omnia
1648 2345 1789 2400 facta
1819 2353 1966 2408 sunt,

381 2446 570 2486 verum
592 2431 761 2487 Deum
784 2433 1124 2504 unigenitum
1151 2450 1446 2505 verumque
1471 2435 1566 2490 Dei
1595 2435 1810 2502 Filium,
1861 2451 1967 2491 non

386 2521 590 2578 factum
633 2532 729 2579 aut
775 2526 1106 2596 adoptivum,
1139 2528 1232 2582 sed
1285 2529 1524 2599 genitum
1551 2537 1605 2583 ct
1633 2529 1793 2584 unius
1845 2540 1968 2584 cum

383 2612 546 2672 Patre
571 2617 911 2683 substantiae,
937 2626 1098 2688 atque
1125 2620 1199 2674 ita
1238 2635 1334 2689 per
1356 2622 1538 2675 omnia
1563 2620 1821 2689 aequalem
1851 2620 1966 2675 Deo

387 2705 557 2770 Patri,
586 2717 645 2760 ut
672 2723 772 2761 nec
811 2717 1075 2778 tempore,
1102 2725 1201 2764 nec
1222 2710 1410 2781 gradu,
1438 2722 1538 2766 nec
1561 2718 1828 2781 potestate
1848 2724 1971 2766 esse

383 2797 558 2866 possit
586 2797 832 2862 inferior,
867 2805 1190 2870 tantumque
1243 2816 1362 2855 esse
1391 2801 1538 2855 illum
1565 2801 1655 2871 qui
1695 2809 1780 2857 est
1819 2803 1970 2872 geni-

385 2896 490 2951 tus,
517 2897 752 2958 quantus
781 2899 865 2944 est
901 2889 987 2944 ille
1012 2890 1102 2960 qui
1135 2893 1338 2961 genuit.
1392 2891 1627 2946 Credant
1654 2892 1815 2948 etiam
1845 2909 1967 2948 eum

386 2989 576 3034 natum
602 2979 668 3035 de
692 2980 896 3052 Spiritu
935 2995 1126 3038 sancto
1165 2999 1235 3040 ex
1265 2983 1432 3038 Maria
1463 2999 1676 3056 semper
1710 2987 1915 3057 virgine
1949 3006 1961 3042 :

381 3069 435 3124 id
473 3079 575 3134 est,
600 3080 659 3125 ut
689 3071 893 3142 Spiritu
923 3082 1113 3128 sancto
1135 3084 1482 3145 cooperante,
1515 3092 1703 3132 verum
1727 3078 1825 3134 sibi
1851 3095 1972 3135 cor-

381 3175 482 3230 pus
502 3176 571 3214 ex
599 3162 806 3230 virgine
848 3163 992 3217 idem
1029 3163 1124 3219 Dei
1153 3163 1323 3221 Filius
1363 3170 1738 3237 assumpserit,
1791 3177 1850 3223 ut
1879 3170 1970 3239 qui

379 3261 499 3306 erat
523 3253 576 3306 in
605 3254 888 3308 divinitate
914 3253 1034 3308 Dei,
1061 3254 1240 3310 Patris
1268 3256 1307 3310 F
1315 3257 1456 3322 ilius,
1487 3259 1600 3328 ipse
1621 3257 1795 3314 factus
1823 3260 1892 3314 sit
1917 3259 1970 3314 in

380 3343 714 3399 humanitate
764 3346 999 3400 hominis
1035 3347 1228 3402 matris
1274 3347 1461 3402 Filius.
1531 3348 1767 3404 Credant
1805 3350 1969 3404 etiam

376 3450 502 3492 cum
551 3437 890 3493 descendisse
945 3437 1136 3494 ultimo
1169 3449 1412 3509 tempore
1457 3455 1558 3510 pro
1600 3441 1971 3510 redemptione

379 3528 565 3582 mundi
586 3544 616 3581 a
642 3527 824 3594 Patre,
861 3531 952 3599 qui
1003 3543 1277 3600 nunquam
1313 3531 1471 3586 desiit
1494 3547 1614 3586 esse
1640 3547 1762 3586 cum
1789 3531 1968 3597 Patre,

382 3625 438 3670 et
464 3619 740 3673 hominem
764 3633 950 3672 verum
977 3618 1202 3684 factum,
1238 3628 1298 3673 ut
1310 3621 1605 3673 humanum
1627 3635 1797 3689 genus
1810 3621 1970 3676 homo

380 3707 658 3763 liberaret.
691 3708 760 3763 Et
784 3709 901 3778 ipse
928 3710 1023 3778 qui
1047 3711 1257 3780 absque
1285 3711 1439 3766 initio
1469 3713 1826 3768 aternitatem
1847 3729 1968 3768 cum

381 3797 547 3852 Patre
571 3805 627 3851 et
648 3795 853 3868 Spiritu
892 3808 1080 3854 sancto
1106 3801 1367 3868 possidet,
1401 3801 1456 3856 in
1492 3799 1601 3856 ﬁne
1650 3804 1968 3859 saeculorum

381 3887 683 3960 perfectum
699 3897 905 3947 natura:
919 3899 1116 3945 nostrae
1139 3892 1411 3948 hominem
1431 3895 1751 3965 susceperit,
1767 3903 1823 3951 et
1837 3895 1972 3952 Ver-

381 3980 508 4034 bum
525 3996 655 4036 caro
695 3981 901 4036 factum
933 3983 1028 4048 sit,
1061 3985 1385 4040 assumendo
1420 3986 1831 4054 humanitatem,
1866 4005 1973 4044 non

379 4071 734 4141 permutando
749 4071 1104 4128 divinitatem.
1122 4073 1358 4130 Credant
1371 4075 1534 4131 etiam
1551 4092 1674 4132 eum
1689 4078 1972 4150 pertulisse

380 4165 685 4235 passionem
701 4173 756 4220 et
786 4175 1037 4231 mortem,
1076 4181 1183 4222 non
1208 4169 1262 4223 in
1288 4169 1490 4226 virtute
1516 4171 1839 4239 divinitatis,
1872 4175 1968 4230 sed

379 4256 435 4310 in
486 4255 802 4311 inﬁrmitate
851 4257 1242 4324 humanitatis,
1296 4268 1569 4316 mortuum
1611 4277 1740 4318 vera
1785 4265 1966 4320 carnis
1990 4291 2044 4351 Ι)

380 4355 577 4412 morte,
605 4350 968 4404 resurrexisse
990 4365 1118 4405 vera
1143 4352 1324 4407 carnis
1339 4356 1760 4421 resurrectione,
1791 4365 1847 4413 et
1875 4374 1964 4412 re-

378 4438 713 4492 surrectione
725 4453 820 4492 sua
842 4455 992 4509 spem
1021 4441 1178 4496 nobis
1203 4443 1620 4499 resurrectionis
1641 4448 1961 4504 contulisse:

381 4531 453 4584 ita
479 4533 740 4587 duntaxat
772 4540 831 4587 ut
857 4534 996 4589 sicut
1021 4535 1111 4591 ille
1138 4536 1296 4591 tertia
1315 4537 1402 4593 die
1424 4541 1722 4595 resurrexit
1746 4541 1900 4596 vivus
1930 4557 1962 4596 a

381 4623 628 4686 mortuis,
661 4624 735 4678 ita
759 4633 815 4678 et
847 4640 946 4679 nos
980 4625 1036 4678 in
1066 4626 1172 4682 ﬁne
1198 4628 1520 4684 saeculorum
1535 4645 1883 4701 resurgamus
1909 4633 1963 4687 in

379 4715 568 4768 eadem
582 4731 684 4783 qua
705 4730 849 4768 nunc
861 4715 1092 4770 vivimus
1111 4733 1291 4773 carne.
1315 4719 1552 4773 Credant
1586 4721 1748 4774 etiam
1761 4736 1882 4775 eum
1907 4722 1961 4777 in

381 4805 573 4857 eodem
599 4818 858 4874 corpore,
898 4806 1041 4874 quod
1080 4805 1146 4861 de
1175 4808 1383 4878 virgine
1411 4812 1724 4880 assumpsit,
1758 4821 1812 4866 et
1837 4828 1964 4883 pas-

382 4898 590 4952 sionem
617 4897 873 4951 sustinuit
897 4906 952 4953 et
979 4901 1300 4965 resurrexit,
1331 4903 1640 4959 ascendisse
1662 4905 1714 4959 in
1745 4905 1962 4972 caelum,

380 5001 433 5045 et
460 4991 512 5045 in
542 4990 728 5045 eodem
778 4997 832 5044 et
859 5004 1000 5044 nunc
1029 5005 1167 5056 esse,
1215 5000 1271 5047 et
1297 4992 1363 5046 ad
1387 4993 1647 5064 judicium
1679 5007 1963 5054 venturum

380 5097 523 5145 esse,
557 5090 611 5135 ct
657 5081 991 5138 rcsuscitatis
1017 5083 1298 5150 omnibus,
1351 5085 1482 5141 dare
1509 5086 1628 5142 aliis
1651 5104 1748 5158 pro
1773 5104 1966 5158 pecca-

383 5176 452 5229 tis
475 5173 721 5244 supplicii
749 5174 936 5228 aeterni
963 5176 1307 5242 sententiam,
1335 5177 1454 5232 aliis
1483 5193 1582 5248 pro
1603 5180 1826 5249 justitim
1852 5197 1962 5236 me-

382 5267 503 5321 ritis
543 5276 759 5320 :eterna:
786 5265 1132 5321 beatitudinis
1160 5269 1463 5336 prmmium.
1518 5268 1754 5326 Credant
1803 5282 1858 5326 et
1906 5272 1959 5326 in

383 5358 645 5429 Spiritum
693 5366 961 5422 sanctum,
1008 5359 1175 5414 Deum
1215 5375 1400 5415 verum
1435 5377 1502 5416 ex
1531 5360 1691 5416 Patre
1721 5361 1961 5430 Filioque

383 5453 781 5518 procedentem,
811 5450 1072 5521 mqualem
1102 5465 1198 5520 per
1223 5454 1400 5506 omnia
1432 5451 1577 5507 Patri
1605 5459 1659 5507 et
1683 5452 1838 5515 Filio,
1863 5467 1958 5504 vo-

388 5541 611 5607 luntate,
653 5554 935 5614 potestate,
974 5545 1297 5610 mternitate,
1341 5544 1664 5609 substantia,
1703 5559 1803 5598 nec
1844 5559 1963 5599 esse

2075 331 2297 385 inferior
2343 333 2653 402 superiorve
2683 333 2786 386 dici
2830 335 3020 402 possit.
3057 334 3297 390 Credant
3343 339 3507 393 etiam
3538 357 3658 396 san-

2073 430 2215 474 ctam
2251 421 2544 474 Ecclesiam
2579 421 2924 486 catholicam,
2953 423 3007 477 id
3035 433 3119 480 est
3138 426 3517 496 universalem,
3545 447 3657 488 non

2073 510 2126 564 in
2157 519 2396 565 sanctam
2427 510 2748 576 Ecclesium,
2805 520 2864 565 ut
2889 514 3173 570 credentes
3223 515 3276 570 in
3310 517 3653 576 Trinitatem.

2071 602 2305 656 Credant
2326 603 2563 672 ejusdem
2593 612 2792 658 sancta:
2835 603 3118 660 Trinitatis
3143 607 3360 663 domum
3388 623 3508 666 esse
3535 628 3662 668 san-

2071 701 2216 744 ctam
2263 692 2578 746 Ecclesium.
2624 693 2665 746 A
2718 693 2872 762 cujus
2909 697 3284 753 communione
3315 699 3662 759 discedentes

2071 783 2398 837 schismatici
2442 792 2496 838 et
2532 785 2770 840 haeretici
2805 795 3085 852 vocantur,
3115 796 3170 842 et
3201 798 3401 846 aeterna
3431 793 3660 849 damna-

2072 875 2216 929 tione
2235 876 2545 944 puniuntur.
2575 877 2629 930 ln
2653 877 2769 946 ejus
2794 892 2922 933 vero
2943 881 3322 936 communione
3343 898 3663 952 permanen-

2071 972 2172 1028 tes,
2204 973 2258 1018 et
2281 965 2521 1019 membra
2537 965 2735 1020 Christi
2759 981 2901 1032 esse,
2923 977 2978 1023 et
3009 969 3381 1026 remissionem
3406 985 3660 1043 peccato-

2070 1071 2188 1109 rum
2236 1057 2552 1126 percipere,
2608 1066 2664 1112 et
2711 1060 2779 1114 ad
2824 1061 2990 1114 vitam
3041 1070 3299 1118 aeternam
3359 1069 3657 1134 pertinere.

2070 1145 2205 1212 Quia
2228 1162 2356 1216 ergo
2386 1148 2615 1217 parvuli,
2651 1150 2876 1204 necdum
2907 1152 3117 1207 ratione
3148 1163 3381 1220 utentes,
3413 1157 3529 1212 haec
3556 1161 3661 1213 mi-

2068 1240 2214 1294 nime
2244 1256 2439 1310 capere
2465 1249 2710 1310 possunt,
2758 1251 2971 1311 oportet
3000 1252 3060 1297 ut
3097 1259 3221 1298 cum
3250 1247 3317 1300 ad
3349 1247 3662 1318 intelligihi-

2068 1332 2172 1386 lem
2202 1341 2417 1388 aetatem
2456 1335 2800 1402 pervenerint
2829 1336 3125 1389 doceantur
3150 1376 3165 1400 ,
3213 1345 3268 1390 et
3312 1338 3436 1392 ﬁdei
3479 1355 3663 1394 saera-

2069 1429 2285 1490 mentis,
2334 1437 2389 1482 ct
2446 1428 2802 1484 confessionis
2849 1445 2960 1484 sua:
2996 1431 3285 1500 mysteriis,
3321 1441 3379 1484 ut
3409 1448 3474 1487 ea
3503 1448 3661 1488 vera-

2066 1521 2203 1575 citer
2223 1521 2446 1575 credant
2467 1530 2520 1575 et
2549 1521 2788 1590 diligenti
2816 1537 2944 1576 cura
2987 1523 3311 1577 custodiant.
3344 1522 3658 1578 Confessio-

2074 1628 2196 1667 nem
2225 1629 2376 1667 suam
2410 1614 2567 1684 plane
2595 1614 2852 1679 diximus,
2883 1615 3009 1685 quia
3040 1616 3288 1684 quamvis
3321 1615 3399 1670 illi
3429 1614 3661 1670 necdum

2073 1707 2216 1776 loqui
2245 1708 2474 1777 possint,
2527 1722 2627 1776 pro
2667 1707 2772 1762 illis
2798 1716 2852 1761 et
2895 1706 3222 1762 conﬁtentur
3268 1716 3323 1761 et
3361 1707 3664 1777 loquuntur

2073 1799 2284 1867 quieos
2330 1799 2396 1852 de
2425 1798 2641 1853 lavacro
2669 1795 2831 1854 fontis
2869 1799 3188 1868 suscipiunt.
3239 1797 3350 1854 Nec
3387 1799 3664 1855 immerito

2071 1889 2293 1958 dignum
2330 1897 2434 1952 est,
2480 1897 2542 1942 ut
2568 1889 2660 1958 qui
2700 1889 2927 1944 aliorum
2971 1888 3212 1958 peccatis
3244 1888 3461 1944 obnoxii
3508 1898 3660 1954 sunt,

2072 1979 2297 2034 aliorum
2344 1981 2506 2035 etiam
2561 1978 2902 2035 confessione
2948 1994 3048 2050 per
3087 1980 3407 2051 mysterium
3455 1980 3662 2050 baptis-

2071 2067 2232 2122 matis
2287 2069 2666 2124 remissionem
2719 2070 3061 2142 originalium
3117 2070 3421 2141 percipiant
3463 2084 3662 2140 pecca-

2071 2169 2266 2214 torum.

2793 2231 2923 2288 Vill.

2667 2321 2744 2376 De
2772 2325 3052 2378 scrutinio.

2141 2432 2242 2500 Qui
2271 2447 2400 2488 vero
2431 2431 2572 2488 illius
2615 2443 2741 2487 sunt
2764 2434 2874 2504 jam
2901 2437 3077 2490 aetatis
3116 2443 3175 2489 ut
3224 2436 3490 2490 rationem
3537 2449 3660 2490 cre-

2071 2523 2314 2579 dulitatis
2367 2539 2478 2578 suae
2535 2525 2760 2579 reddere
2813 2525 3041 2594 possint,
3102 2526 3346 2597 diligenti
3400 2527 3656 2582 examine

2070 2616 2346 2672 scrutandi
2377 2624 2523 2680 sunt,
2551 2623 2732 2669 utrum
2755 2616 3024 2670 veraciter
3049 2617 3292 2682 credant,
3330 2633 3398 2670 an
3425 2617 3658 2686 alicujus

2073 2707 2328 2764 falsitatis
2365 2709 2418 2762 in
2447 2707 2528 2762 eis
2560 2707 2770 2762 macula
2800 2707 3007 2762 celetur
3034 2723 3050 2760 :
3083 2722 3150 2762 ne
3181 2708 3328 2772 dum,
3369 2715 3463 2761 aut
3490 2708 3656 2761 timo-

2073 2813 2130 2851 re
2156 2805 2248 2852 aut
2287 2796 2470 2851 favore
2503 2806 2840 2851 terrenarum
2884 2805 3234 2866 potestatum,
3283 2807 3378 2851 aut
3417 2797 3662 2868 acquisi-

2075 2889 2219 2944 tione
2240 2890 2594 2959 quarumdam
2618 2904 2824 2954 rerum,
2869 2889 2935 2943 ad
2966 2889 3309 2958 baptismatis
3337 2903 3655 2944 sacramen-

2074 2988 2188 3035 tum
2219 2979 2589 3048 ignorantibus
2614 2980 2874 3034 ministris
2903 2980 3153 3035 Ecclesize
3177 2980 3519 3050 perveniunt,
3545 2988 3660 3034 tra-

2073 3073 2236 3127 datur
2261 3079 2508 3126 sanctum
2530 3072 2780 3137 canibus,
2807 3079 2860 3125 et
2885 3071 3169 3125 mittantur
3186 3072 3494 3142 margarita:
3517 3071 3662 3127 inter

2072 3179 2289 3234 porcos,
2337 3171 2392 3218 et
2428 3163 2535 3232 lupi
2562 3163 2722 3218 ovina
2746 3162 2884 3233 pelle
2931 3163 3253 3217 vestiantur.
3311 3161 3466 3218 Hunc
3504 3164 3656 3218 enim

2073 3269 2280 3310 morem
2326 3253 2570 3308 Ecclesia
2620 3267 2836 3307 servare
2863 3253 3164 3318 consuevit,
3224 3260 3284 3307 ut
3317 3269 3415 3323 per
3448 3254 3660 3324 aliquot

2073 3347 2282 3402 dierum
2311 3347 2545 3416 spatium
2572 3346 2626 3400 hi
2659 3345 2751 3416 qui
2784 3347 2836 3400 in
2876 3346 3219 3402 solemnitate
3266 3346 3514 3403 Paschali
3563 3349 3661 3403 ba-

2071 3438 2309 3506 ptizandi
2353 3446 2478 3493 sunt
2510 3446 2840 3504 scrutentur,
2867 3447 2926 3493 ut
2956 3439 3238 3496 instructis
3289 3450 3346 3496 et
3374 3442 3564 3504 doctis,
3602 3451 3663 3496 ct

2071 3523 2301 3593 simplici
2349 3523 2513 3578 corde
2563 3523 2631 3578 ad
2679 3523 2836 3578 ﬁdem
2890 3541 3075 3580 veram
3111 3527 3477 3591 venientibus,
3519 3529 3647 3582 vitae

2073 3621 2415 3669 sacramenta
2438 3613 2840 3683 impertiantur.
2893 3615 3100 3680 Quibus
3150 3623 3208 3669 ut
3234 3617 3472 3685 aptiores
3502 3619 3658 3672 inve-

2073 3707 2298 3760 niantur
2360 3706 2705 3776 baptismatis
2755 3716 3131 3772 sacramento,
3194 3717 3250 3764 et
3291 3724 3478 3764 eorum
3523 3710 3662 3766 ﬁdes

2072 3796 2410 3867 probabilior
2463 3797 2554 3858 sit,
2603 3797 2849 3866 quaedam
2910 3797 3048 3853 ﬁunt
3105 3800 3480 3869 corporaliter,
3537 3818 3662 3871 qua!

2071 3889 2300 3960 spiritali
2329 3898 2488 3960 gustu
2517 3889 2803 3960 degustata
2827 3891 3115 3962 mysticum
3170 3893 3302 3962 quid
3329 3901 3386 3949 et
3411 3893 3663 3964 Spiritale

2069 3982 2306 4052 sapiant.

2850 4053 2940 4108 IX.

2291 4141 2400 4197 Cur
2419 4151 2711 4214 tanguntur
2730 4143 2794 4197 de
2826 4153 2976 4214 sputo
3001 4161 3154 4199 aures
3193 4155 3239 4198 ct
3267 4161 3439 4203 nares.

2144 4256 2462 4326 Tanguntur
2489 4256 2672 4325 itaque
2694 4255 2762 4310 de
2791 4264 2949 4325 sputo
2982 4270 3144 4310 nares
3183 4266 3238 4312 et
3260 4271 3443 4322 aures,
3485 4265 3541 4311 et
3571 4258 3657 4312 di-

2068 4348 2246 4403 citur:
2277 4346 2464 4402 Etfeta.
2493 4345 2762 4410 Nares,ut
2790 4346 3068 4402 Christum
3093 4349 3146 4402 in
3173 4349 3340 4403 odore
3355 4358 3658 4420 unguento-

2067 4455 2187 4493 rum
2212 4445 2508 4516 sequantur
2538 4449 2593 4493 et
2620 4439 2831 4493 dicant:
2854 4437 3024 4493 Trahe
3050 4456 3149 4503 me,
3174 4448 3288 4510 post
3311 4450 3360 4494 te
3379 4457 3656 4494 curramus

2068 4537 2246 4608 (Cant.
2287 4555 2327 4603 ι,
2351 4537 2430 4610 '5),
2463 4547 2517 4592 et
2539 4553 2661 4592 cum
2688 4537 2947 4608 Apostolo
2973 4537 3330 4608 proﬁteantur
3358 4537 3608 4592 dicentes
3639 4557 3651 4591 :

2067 4629 2262 4683 Christi
2303 4630 2466 4683 bonus
2503 4630 2636 4682 odor
2679 4646 2859 4682 sumus
2898 4629 3008 4682 Deo
3050 4627 3136 4699 (11
3163 4627 3286 4683 Cor.
3324 4647 3385 4693 ιι,
3435 4630 3548 4700 15),
3597 4639 3657 4685 ct

2064 4721 2214 4776 illius
2260 4722 2504 4775 membra
2547 4719 2848 4775 efﬁciantur
2875 4721 2962 4774 cui
3015 4720 3212 4775 dicitur
3252 4738 3263 4772 :
3296 4720 3364 4773 Et
3395 4720 3526 4773 odor
3566 4737 3658 4774 ee-

2066 4813 2426 4867 stimentorum
2450 4822 2659 4865 tuorum
2699 4827 2856 4881 super
2882 4811 3057 4864 omnia
3077 4820 3319 4864 aromata
3354 4810 3533 4882 (Cant.
3570 4827 3651 4875 tv,

2069 4904 2178 4977 10).
2207 4904 2376 4970 Quem
2399 4903 2617 4958 odorem
2649 4901 2776 4957 tunc
2802 4903 2939 4956 bene
2967 4901 3168 4957 habere
3189 4901 3410 4971 poterit,
3452 4901 3498 4955 si
3522 4916 3654 4956 cum

2069 4997 2255 5059 Maria,
2309 5011 2430 5066 quae
2467 4997 2856 5066 interpretatur
2900 4994 3118 5048 domina
3153 4996 3268 5048 sive
3307 4993 3652 5058 luminatrix,

2069 5089 2342 5143 alabastro
2367 5087 2649 5155 unguenti,
2707 5085 2809 5140 hoc
2846 5095 2927 5139 est
2965 5099 3134 5139 sacrae
3163 5085 3285 5138 ﬁdei
3328 5084 3566 5154 puritate
3597 5095 3655 5140 et

2066 5180 2220 5232 home
2247 5178 2576 5249 operationis
2606 5177 2886 5242 exercitio,
2920 5183 3125 5247 ungant
3146 5177 3310 5247 pedes
3334 5175 3482 5241 Iesu,
3519 5192 3654 5247 apo-

2068 5270 2326 5324 stolorum
2368 5270 2617 5326 videlicet
2657 5269 2862 5323 monita
2898 5267 3232 5336 complentes
3260 5266 3343 5320 vel
3388 5267 3654 5335 praedica-

2068 5372 2243 5415 torum
2274 5361 2660 5432 quorumlibet,
2719 5374 2818 5430 per
2854 5374 2990 5427 quos
3040 5357 3288 5412 Christus
3327 5355 3650 5421 inambulat,

2067 5464 2120 5507 ct
2150 5454 2360 5519 domus,
2405 5451 2636 5505 mundus
2675 5450 2924 5504 videlicet
2972 5449 3086 5502 sive
3143 5447 3471 5500 universitas
3522 5461 3652 5502 san-

2068 5554 2166 5597 ctae
2195 5543 2464 5608 Ecclesiae,
2522 5557 2707 5596 eorum
2735 5541 2872 5596 bona
2901 5541 3176 5611 opinione,
3217 5538 3372 5610 quasi
3407 5538 3645 5607 quodam
