3998 6182
237 280 337 341 929

231 497 408 553 odoris
433 496 673 552 suavitas
706 504 762 551 et
790 497 1003 551 diversa
1043 498 1399 570 tbymiamata
1447 499 1726 554 dlssolutis
1755 508 1811 554 et

232 588 560 644 amatoribus
608 589 961 655 conveniunt,
1017 590 1103 645 isti
1137 606 1167 645 e
1193 590 1490 656 contrario,
1535 600 1589 645 et
1634 592 1809 646 conti-

230 689 415 735 nentes
444 686 500 734 et
540 677 745 734 Christi
776 689 1051 736 amatores
1081 680 1257 735 effecti
1295 680 1435 736 illius
1466 680 1808 736 solummodo

227 769 561 825 salutiferum
589 784 804 840 semper
830 770 1226 841 amplectantur
1256 771 1499 825 odorem.
1555 768 1807 840 Tangun-

230 869 321 915 tur
367 868 419 915 et
450 875 631 926 aures,
674 869 734 914 ut
784 862 1064 916 audientes
1100 863 1263 915 verba
1316 859 1412 915 Dei
1463 869 1517 916 et
1547 859 1806 915 facientes

225 962 307 1016 ea,
333 950 537 1005 similes
574 950 999 1006 sintsecundum
1025 951 1374 1023 Evangelium
1406 952 1522 1005 viro
1552 951 1804 1021 sapienti,

224 1044 316 1113 qui
362 1043 653 1099 aedificavit
703 1043 922 1098 domum
952 1060 1104 1099 suam
1129 1060 1290 1113 supra
1323 1052 1533 1115 petram
1587 1042 1802 1113 (Matth.

221 1150 319 1200 vn,
366 1134 484 1207 24),
540 1142 594 1190 et
621 1136 851 1207 spiritali
898 1136 1085 1190 auditu
1122 1150 1337 1206 semper
1376 1135 1637 1206 spiritalia
1683 1151 1807 1190 ause

217 1228 422 1283 cnltent
457 1247 469 1281 ε
505 1238 565 1282 ut
590 1244 713 1283 eum
736 1226 908 1282 David
935 1227 1119 1282 dicere
1152 1228 1362 1297 possint
1391 1245 1403 1281 :
1432 1225 1660 1281 Audiam
1681 1226 1805 1298 quid

217 1320 466 1390 loquatur
494 1321 549 1374 in
590 1337 670 1373 me
698 1318 949 1373 Dominus
981 1319 1122 1374 Deus
1159 1318 1332 1391 (Psal.
1376 1336 1598 1387 Lxxxw,
1624 1319 1701 1391 9),
1752 1325 1808 1373 et

217 1426 339 1464 cum
373 1410 534 1476 Isaia,
587 1408 844 1465 Dominus
884 1409 1027 1465 Deus
1069 1410 1271 1480 aperuit
1307 1409 1436 1464 mihi
1462 1427 1666 1476 aurem,
1712 1427 1806 1480 ego

219 1512 413 1580 autem‘
440 1519 543 1556 non
570 1501 897 1566 contradico,
949 1509 1237 1556 retrorsum
1282 1519 1387 1556 non
1436 1502 1544 1555 abii
1588 1500 1723 1573 (Isa.
1751 1518 1803 1568 1.,

213 1590 268 1664 5)
292 1610 307 1657 ;
360 1600 423 1648 ut
447 1608 568 1662 quae
597 1592 919 1663 spiritaliter
947 1593 1205 1648 dicuntur
1234 1593 1552 1663 spiritaliter
1582 1592 1807 1647 audien—

211 1694 346 1749 tes,
412 1685 481 1740 ad
539 1684 861 1754 spiritalium
910 1700 1134 1755 operum
1185 1684 1546 1739 emolumenta
1611 1697 1804 1754 perve-

207 1776 383 1830 niant.
414 1772 550 1832 Cum
592 1777 778 1847 itaque
804 1776 1064 1831 Dominus
1093 1777 1145 1831 in
1172 1775 1462 1846 Evangelio
1491 1774 1623 1830 dicit
1651 1793 1663 1829 :
1694 1774 1799 1840 Qui
1828 1760 1873 1819 Β

122 1854 125 1863 ’
202 1868 365 1923 habet
388 1886 549 1924 aures
572 1870 824 1924 audiendi
845 1871 1029 1925 audiat
1059 1869 1276 1944 (Matth.
1309 1887 1383 1936 χι,
1418 1870 1529 1939 15),
1554 1880 1607 1924 et
1627 1869 1794 1925 Joan-

201 1977 301 2016 nes
347 1962 407 2016 in
458 1962 781 2034 Apocalypsi
818 1979 914 2018 sua
950 1983 961 2018 :
997 1964 1100 2031 Qui
1143 1963 1294 2017 habet
1336 1981 1491 2018 aures
1548 1963 1798 2017 audiendi

198 2053 401 2106 audiat
431 2052 558 2124 quid
586 2051 814 2124 Spiritus
835 2054 972 2107 dicat
1000 2053 1248 2108 Ecclesiis
1276 2053 1462 2125 (Apoc.
1489 2069 1550 2118 It,
1582 2052 1673 2123 7);
1713 2053 1802 2107 hic

196 2157 310 2198 non
344 2157 530 2217 ,aures
564 2143 834 2208 carnales,
893 2143 988 2198 sed
1030 2144 1302 2214 spiritales
1348 2153 1689 2213 (jumrtmtnr,
1744 2150 1800 2197 et

199 2248 298 2304 per
340 2231 567 2287 aurium
605 2248 801 2288 nomen
853 2233 1129 2288 interioris
1182 2234 1417 2289 hominis
1452 2235 1671 2288 auditus
1711 2233 1806 2288 dc-

204 2325 486 2396 signatur.
537 2324 594 2379 ln
635 2330 792 2381 sacro
832 2326 1032 2381 etenim
1064 2325 1281 2396 eloquio
1338 2326 1657 2397 plerumque
1707 2341 1805 2397 per

205 2417 456 2473 membra
484 2418 731 2486 corporis
760 2417 1032 2487 spiritales
1081 2419 1277 2472 anima:
1310 2418 1541 2472 virtutes
1593 2417 1802 2472 intelli-

204 2516 432 2578 guntur.
490 2506 628 2574 Quia
686 2523 817 2576 ergo
861 2508 1120 2563 divinitas
1168 2508 1441 2564 hominem
1486 2524 1800 2576 assumens,

206 2595 485 2667 quoddam
534 2612 599 2650 ex
633 2597 973 2652 connexione
1011 2599 1241 2652 duarum
1273 2598 1702 2654 substantiarum
1746 2599 1803 2653 in

218 2705 321 2744 una
354 2691 457 2745 Dei
501 2690 595 2744 lilii
633 2706 862 2761 persona
915 2690 1197 2763 collyrium
1246 2691 1396 2756 fecit,
1441 2690 1586 2746 unde
1632 2706 1803 2763 genus

210 2781 510 2837 humanum
550 2785 693 2855 quod
730 2799 935 2840 caecum
974 2800 1002 2839 a
1037 2785 1228 2856 primis
1265 2785 1585 2856 parentibus
1614 2794 1802 2840 natum

209 2883 321 2927 erat
379 2873 739 2940 illuminaret,
800 2890 907 2929 non
958 2876 1026 2930 ab
1064 2892 1123 2931 re
1172 2887 1329 2947 sputo
1368 2892 1530 2933 aures
1573 2886 1803 2948 tangun-

210 2974 292 3019 tur
330 2975 398 3020 et
428 2980 613 3031 nares,
660 2975 719 3020 ut
742 2966 831 3037 qui
877 2982 1119 3037 expuens
1154 2967 1390 3039 linguam
1427 2964 1562 3022 muti
1606 2969 1798 3039 tetige-

208 3063 301 3121 rat,
357 3063 418 3110 et
470 3066 629 3126 sputo
676 3055 846 3111 lutum
892 3056 1116 3122 fecerat,
1166 3068 1220 3112 et
1256 3057 1443 3112 oculos
1494 3058 1624 3113 caeci
1676 3058 1791 3113 nati

210 3157 518 3218 aperuerat,
578 3166 721 3206 nunc
776 3166 874 3222 per
921 3151 1277 3207 ministerium
1328 3151 1697 3218 sacerdotum,
1740 3159 1796 3207 et

213 3239 457 3295 auditum
494 3240 800 3310 spiritalem
831 3240 915 3297 his
960 3242 1052 3311 qui
1083 3242 1396 3311 baptizandi
1420 3250 1547 3298 sunt
1570 3243 1795 3309 tribuat,

213 3339 262 3382 et
310 3339 468 3385 recte
513 3330 794 3402 loquendi,
835 3332 887 3386 id
937 3340 1023 3387 est.
1071 3331 1233 3386 ﬁdem
1277 3348 1461 3386 veram
1507 3334 1798 3389 confitendi

218 3417 530 3475 facultatem
560 3422 819 3490 praebeat,
852 3429 908 3476 et
952 3436 1115 3475 nares
1144 3421 1340 3490 quibus
1366 3422 1565 3475 bonum
1595 3421 1800 3477 Christi

214 3508 434 3563 odorem
509 3509 730 3581 capiant
783 3510 1013 3581 aperiat.
1063 3508 1262 3565 Pectus
1305 3512 1450 3565 enim
1500 3511 1644 3566 illius
1708 3514 1801 3582 qui

215 3597 518 3668 baptizatur
574 3598 832 3655 refertum
884 3615 1100 3670 semper
1154 3615 1277 3656 esse
1315 3599 1496 3668 debet,
1542 3610 1598 3657 et
1633 3602 1800 3658 divini

216 3692 393 3748 odoris
429 3701 657 3749 nectare
687 3702 742 3748 et
780 3692 1011 3764 spiritali
1043 3694 1300 3750 unctione
1339 3693 1659 3749 delibutum.

986 3806 1059 3861 Χ.

219 3892 313 3950 Cur
367 3906 545 3967 pectus
566 3895 683 3952 olea
723 3898 956 4020 ungitlur,
996 3898 1074 4022 ,ξι
1111 3898 1343 3970 scapulis
1375 3899 1673 3969 signantur,
1720 3899 1798 3956 rel

880 3985 989 4022 mm
1054 3985 1136 4022 ur.

880 3985 1136 4023 tutantur.

284 4061 438 4118 Unde
465 4062 631 4115 etiam
665 4060 861 4131 bisqui
894 4062 1197 4143 baptizandi
1229 4069 1358 4117 sunt
1386 4071 1574 4133 pectus
1594 4064 1659 4119 de
1675 4064 1793 4121 oleo

221 4159 268 4202 et
285 4148 522 4221 scapulae
538 4158 853 4221 tanguntur,
872 4159 930 4205 ut
946 4150 1087 4206 illius
1106 4150 1209 4206 olei
1224 4153 1393 4207 sancti
1421 4153 1669 4208 videlicet
1689 4155 1800 4225 spi-

221 4243 350 4299 ritus
364 4245 616 4299 unctione
632 4243 801 4308 leniti,
817 4245 884 4300 de
898 4260 1004 4314 quo
1019 4244 1305 4316 Apostolus
1321 4247 1428 4301 ait:
1452 4246 1598 4303 Sicut
1619 4250 1795 4303 unctio

221 4338 325 4406 ejus
364 4337 510 4392 docet
544 4354 639 4391 nos
679 4336 744 4391 de
786 4337 1025 4392 omnibus
1084 4337 1137 4410 (I
1180 4337 1344 4393 Joan.
1393 4355 1527 4406 χχιι,
1570 4339 1645 4406 7),
1670 4351 1796 4395 ante

1356 281 1556 343 LIBER
1601 288 1689 344 DE
1723 289 1980 346 OBDINE
2019 290 2360 348 BAPTISMI.

235 405 374 463 dulci
403 410 461 460 et
494 402 646 459 suavi
670 404 837 460 odore
868 405 1158 475 repleatur.
1214 404 1278 461 Et
1319 407 1444 476 quia
1490 408 1812 478 plerumque
1840 413 1887 471 Α
1920 409 2073 473 ritus,
2119 410 2234 466 sive
2276 423 2441 480 cpera
2490 408 2709 466 luminis
2747 419 2800 465 et
2844 408 3254 479 misericordiae,
3316 420 3501 475 cordis
3574 418 3584 430 '

3395 299 3503 356 230

1913 499 2062 555 locus
2108 502 2364 556 unctione
2406 500 2679 572 utrimque
2712 503 2980 571 munitur,
3023 502 3076 559 id
3113 512 3198 559 est
3254 509 3500 563 anterior

1909 602 1963 648 et
1986 594 2276 664 posterior,
2297 602 2352 649 et
2374 594 2610 665 undique
2636 608 2787 651 mens
2813 595 3109 651 Christiani
3157 605 3214 652 et
3268 598 3496 668 pingue-

1908 685 2035 739 dine
2067 685 2242 739 sancti
2268 685 2529 755 Spiritus,
2558 693 2614 741 et
2638 686 2894 757 operibus
2920 685 3137 744 luminis
3158 697 3319 761 atque
3333 691 3495 747 mise-

1907 774 2154 829 ricordia:
2179 774 2460 831 exuberet.

2664 865 2751 922 Xl.

2344 956 2487 1023 Quid
2516 959 2585 1012 sit
2623 960 3013 1017 abrenuntiatio
3039 962 3063 1017 .’

1975 1047 2184 1116 Quibus
2222 1049 2360 1106 bene
2388 1051 2671 1113 exuberat,
2724 1053 2770 1107 si
2811 1053 3248 1111 abrenuntiando
3277 1056 3495 1112 diabolo

1905 1151 1959 1195 et
1980 1142 2236 1211 operibus
2290 1138 2429 1211 ejus,
2476 1142 2902 1198 dominationem
2950 1146 3101 1201 illius
3153 1158 3494 1218 aspernetur,

1905 1241 1960 1288 et
1994 1233 2184 1304 jugum
2230 1234 2372 1305 quod
2413 1249 2471 1288 se
2512 1234 2817 1304 premebat,
2873 1236 3023 1293 illius
3072 1237 3177 1293 olei
3239 1243 3494 1296 unctione

1906 1326 2144 1393 fatiscat,
2196 1335 2252 1382 et
2296 1328 2583 1398 impleatur
2638 1326 2767 1382 illud
2810 1329 3236 1398 propheticum:
3269 1330 3495 1404 Compuo

1906 1425 2090 1473 trescet
2113 1419 2306 1490 jngum
2342 1436 2374 1472 a
2412 1418 2545 1489 [acie
2595 1418 2695 1472 olei
2736 1417 2874 1491 (lea.
2925 1435 2982 1483 Χ,
3034 1418 3147 1490 27).
3196 1419 3489 1477 Abrenuu-

1907 1512 2043 1566 tiare
2074 1510 2274 1565 etenim
2326 1509 2451 1579 poni
2490 1510 2627 1564 solet
2670 1525 2769 1581 pro
2803 1526 2870 1564 eo
2894 1511 3039 1581 quod
3081 1520 3165 1566 est
3201 1527 3484 1582 spernere,

1907 1599 2151 1670 rejicere,
2204 1598 2604 1664 contradicere,
2658 1599 2771 1655 sive
2824 1599 2967 1655 aliud
3019 1600 3149 1671 quid
3198 1602 3343 1671 quod
3387 1601 3492 1658 hoc

1904 1694 2071 1748 verbo
2117 1692 2169 1747 in
2200 1692 2304 1747 hoc
2332 1707 2491 1747 sensu
2522 1691 2752 1761 exprimi
2803 1701 2995 1763 potest.
3053 1692 3314 1760 Quamvis
3341 1694 3487 1748 enim

1903 1784 2047 1839 illius
2084 1783 2234 1838 verbi
2268 1781 2411 1854 quod
2459 1791 2543 1838 est
2583 1782 2774 1837 nuntio
2810 1798 3000 1839 sensus
3032 1783 3085 1838 in
3114 1794 3369 1857 promptu
3394 1786 3486 1850 sit,

1901 1889 2025 1929 cum
2061 1874 2179 1929 sine
2211 1873 2590 1945 prmpositione
2619 1873 2919 1945 profertur,
2964 1884 3019 1929 et
3046 1886 3265 1948 accepta
3286 1893 3490 1948 praepo—

1904 1963 2102 2019 sitione
2143 1963 2412 2029 interdum
2438 1980 2469 2018 a
2501 1980 2598 2019 sua
2638 1962 3041 2035 significatione
3080 1981 3185 2021 non
3217 1967 3373 2039 longe
3405 1984 3491 2023 rc—

1903 2056 2081 2121 cedat,
2128 2064 2187 2110 ut
2236 2063 2317 2111 est
2370 2055 2499 2111 illud
2535 2071 2550 2111 :
2595 2056 2843 2111 Narrabo
2887 2067 2935 2111 et
2970 2058 3279 2113 renuntiabo
3305 2057 3481 2132 (Psul.

1903 2161 2013 2209 Ltv,
2067 2144 2180 2216 l8),
2226 2145 2495 2201 interdum
2532 2162 2660 2203 vero
2686 2149 2739 2201 in
2767 2148 2930 2202 alium
2963 2165 3183 2204 sensum
3224 2159 3492 2218 vvrtalur,

1906 2246 1964 2292 ut
1990 2246 2075 2293 est
2100 2237 2227 2293 illud
2260 2257 2272 2291 :
2305 2237 2397 2293 Sic
2441 2256 2563 2309 ergo
2599 2240 2766 2294 omnis
2788 2257 2853 2294 ea:
2874 2242 3012 2294 vobis
3034 2242 3123 2312 qui
3149 2259 3254 2296 non
3293 2258 3492 2297 renun-

1903 2328 2001 2381 tiat
2039 2327 2278 2383 omnibus
2307 2346 2425 2399 qum
2447 2328 2700 2400 possidet,
2743 2347 2847 2384 non
2883 2341 3048 2401 potest
3088 2348 3232 2385 meus
3248 2350 3359 2386 esse
3385 2333 3492 2387 dir

1903 2417 2105 2489 cipulus
2134 2417 2285 2491 (Luc.
2324 2435 2435 2485 xw,
2468 2420 2600 2491 5'5);
2644 2419 3029 2476 abrenuntiare
3059 2432 3238 2476 tamen
3273 2438 3491 2493 semper

1904 2507 1958 2561 in
1982 2522 2048 2562 eo
2079 2524 2242 2563 sensu
2271 2510 2397 2580 poni
2438 2508 2720 2564 consuevit
2772 2524 2934 2580 quem
2958 2511 3212 2581 superius
3232 2512 3485 2568 diximus.

1901 2598 2302 2654 Abrenuntiare
2330 2600 2529 2655 etenim
2554 2615 2612 2655 se
2637 2597 2837 2655 fatetur
2866 2598 3104 2664 Satanas,
3138 2610 3194 2654 et
3227 2603 3485 2657 erunibus

1903 2695 2159 2767 cperibus
2189 2694 2327 2765 ejus,
2357 2705 2412 2750 et
2440 2696 2691 2751 omnibus
2717 2697 2929 2768 pompis
2963 2694 3102 2763 ejus.
3130 2695 3303 2763 Quam
3331 2698 3489 2749 abre—

1902 2773 2302 2844 nuntiationem
2339 2798 2485 2845 recte
2520 2787 2790 2845 confessio
2845 2800 3046 2845 sancta:
3087 2787 3372 2844 Trinitatis
3402 2804 3488 2843 sc-

1901 2879 2105 2950 quitur,
2159 2887 2217 2933 ut
2271 2880 2358 2935 ubi
2407 2880 2702 2935 abundavit
2747 2889 3031 2952 peccatum
3075 2879 3481 2950 superabundet

1900 2970 2093 3042 gratia,
2123 2979 2177 3024 et
2207 2969 2297 3025 ubi
2340 2970 2669 3041 computruit
2687 2970 2877 3043 jugum
2911 2971 3110 3026 diaboli
3139 2987 3169 3024 a
3205 2969 3344 3026 facie
3387 2986 3489 3025 un-

1899 3059 2092 3115 ctionis
2130 3059 2364 3129 Spiritus
2404 3061 2600 3129 sancti,
2662 3061 2915 3117 adveniat
2966 3058 3111 3114 illius
3149 3057 3342 3130 jugum
3391 3060 3485 3130 qui

1898 3151 2033 3206 dixit
2061 3169 2073 3205 :
2106 3151 2302 3206 Discite
2325 3170 2358 3206 a
2388 3170 2469 3207 me
2499 3155 2624 3225 quia
2671 3154 2812 3207 mitis
2836 3168 2953 3206 sum
2975 3160 3023 3207 et
3060 3150 3274 3204 humilis
3298 3151 3479 3211 corde,

1897 3252 1944 3296 et
1973 3242 2243 3297 invenietis
2280 3245 2507 3315 requiem
2547 3244 2825 3299 animabus
2878 3243 3081 3298 vestris.
3115 3242 3313 3312 Iugum
3348 3242 3487 3295 enim

1899 3353 2070 3389 nteant
2113 3353 2272 3390 suave
2294 3347 2392 3403 est,
2436 3347 2484 3391 et
2512 3353 2642 3390 onus
2666 3352 2839 3390 meum
2877 3333 2985 3389 lere
3014 3333 3231 3405 (Matth.
3257 3349 3333 3395 XI,
3365 3331 3482 3395 29).

1902 3424 2136 3480 Satanas
2160 3427 2323 3489 enim,
2364 3426 2456 3493 qui
2483 3433 2538 3478 et
2569 3424 2816 3479 diatolus
2844 3429 3215 3490 nuncupatur,
3264 3436 3294 3473 a
3324 3419 3491 3473 fideli-

1902 3516 2002 3571 bus
2032 3516 2446 3571 abrenuntiatur
2470 3522 2531 3568 ut
2567 3515 2677 3570 Deo
2707 3512 2978 3568 Salvatori
3025 3511 3249 3565 liberius
3285 3510 3493 3565 servia-

1906 3618 2011 3676 tur,
2038 3610 2164 3681 quia
2184 3607 2341 3678 juxta
2376 3605 2617 3676 ejusdem
2644 3604 2856 3661 Domini
2888 3618 3095 3667 vocem,
3128 3600 3297 3657 Nemo
3324 3598 3490 3674 potest

1900 3705 2105 3760 duobus
2127 3703 2354 3759 dominis
2379 3702 2572 3757 servire
2588 3698 2741 3774 (Luc.
2775 3714 2890 3764 ιγι,
2926 3696 3036 3769 15).

2640 3811 2752 3868 Xll.

1898 3908 1978 3965 De
2035 3907 2491 3964 abrenuntiatione
2539 3903 2776 3969 Satana’,
2833 3912 2881 3957 et
2940 3899 3180 3958 omnibus
3234 3897 3476 3970 aperibus

1967 3981 2083 4052 ejus
2146 3987 2299 4052 atque
2357 3978 2598 4050 pompis,
2654 3973 2733 4030 vel
2784 3989 2902 4046 quin
2962 3988 3122 4045 opera
3180 3968 3378 4025 diaboli
3424 3978 3474 4023 et

1884 4064 1911 4091 ο
1966 4067 2190 4122 pompm.

1967 4144 2397 4202 Abrenuntiatur
2446 4143 2613 4198 etiam
2661 4139 2919 4213 Operibus
2964 4139 3104 4209 ejus,
3155 4136 3282 4205 quia
3324 4148 3486 4204 opera

1900 4237 2042 4295 illius
2090 4236 2367 4294 contraria
2405 4243 2533 4291 sunt
2585 4235 2841 4305 operibus
2880 4229 3217 4292 Salvatoris;
3254 4235 3311 4280 et
3358 4226 3486 4295 quia

1900 4334 1989 4388 ille
2036 4331 2203 4386 armis
2230 4330 2367 4393 suis,
2423 4327 2477 4383 id
2506 4336 2591 4383 est
2616 4326 2783 4389 vitiis,
2835 4339 3005 4395 genus
3036 4323 3333 4376 humanum
3374 4317 3483 4373 sibi

223 4437 271 4482 et
297 4439 445 4483 retro
476 4429 696 4495 muniti,
748 4429 801 4484 id
832 4436 916 4484 est
950 4408 1140 4485 contra
1176 4430 1360 4485 omnia
1392 4445 1651 4500 prospera
1680 4432 1794 4486 sive
1820 4460 1874 4519 Β
1900 4422 2151 4493 subjecit.
2192 4418 2456 4474 Dominus
2503 4417 2670 4471 armis
2725 4415 2871 4479 suis.
2939 4413 2992 4467 id
3038 4419 3128 4514 ρει
3152 4408 3483 4519 ,Ἲὶτῑυῑίὺυθν

224 4519 443 4576 adversa
470 4520 583 4576 sint
608 4521 1008 4592 circumspecti,
1049 4530 1103 4577 et
1138 4521 1441 4578 co-lestium
1481 4523 1796 4578 animalium

225 4610 518 4667 imitatione
546 4620 674 4667 ante
714 4620 770 4668 et
798 4620 948 4667 retro
974 4611 1116 4682 pleni
1147 4613 1256 4667 sint
1285 4612 1482 4678 oculis,
1510 4614 1566 4668 id
1589 4608 1695 4674 est,
1743 4614 1798 4668 iu

221 4700 551 4767 praeteritum
573 4710 630 4756 et
656 4701 901 4758 futurum
943 4703 1297 4773 respicientes
1333 4703 1523 4759 salutis
1546 4721 1657 4761 suae
1705 4723 1799 4762 cu-

223 4789 445 4845 stodiam
472 4806 583 4846 non
610 4793 880 4848 amittant.
927 4792 1188 4861 Tangitur
1228 4794 1309 4849 eis
1332 4801 1542 4864 pectus,
1590 4805 1648 4851 ut
1673 4812 1796 4851 eum

224 4876 384 4936 David
438 4883 621 4938 dicere
658 4884 871 4954 possint
901 4903 912 4939 :
944 4883 1013 4938 Et
1056 4885 1421 4941 misericordia
1456 4886 1572 4956 ejus
1606 4903 1798 4957 prtere—

228 4971 325 5027 uiat
363 4990 447 5029 me
489 4971 665 5046 (Psal.
724 4991 874 5041 LVIII,
932 4974 1043 5042 ll).
1095 4974 1417 5047 Tanguntur
1450 4976 1700 5047 scapulae,
1742 4984 1803 5031 ut

228 5078 341 5117 eum
395 5067 588 5121 eodem
621 5066 810 5122 dicant
848 5085 860 5119 :
905 5065 971 5120 Et
994 5056 1357 5122 misericordia
1379 5070 1493 5136 ejus
1514 5068 1799 5137 subsequa-

225 5165 307 5210 tur
340 5176 421 5213 me
461 5157 639 5229 (Psal.
691 5177 829 5227 ml,
881 5160 958 5233 6).
1010 5160 1069 5215 ω
1105 5168 1188 5217 est
1228 5161 1521 5225 anteriora,
1575 5169 1634 5214 ut
1664 5160 1803 5215 bene

226 5249 419 5317 velint;
466 5253 796 5323 posteriora,
842 5267 910 5307 ne
968 5250 1167 5306 frustra
1211 5251 1396 5306 velint.
1442 5251 1583 5306 Bene
1622 5260 1803 5306 autem

228 5339 358 5396 velle
386 5349 441 5398 et
462 5343 728 5415 perlicere
756 5344 824 5411 ab
844 5358 910 5398 eo
938 5342 1093 5398 nobis
1121 5340 1301 5407 datur,
1342 5358 1373 5396 a
1407 5355 1513 5411 quo
1540 5347 1625 5395 est
1648 5354 1810 5396 omne

229 5426 408 5487 datum
437 5434 730 5505 optimum,
757 5441 813 5488 et
836 5448 998 5488 omne
1025 5433 1223 5488 donum
1246 5431 1564 5502 perfectum.
1588 5429 1655 5484 Et
1673 5446 1810 5501 quo-

227 5518 369 5576 niam
395 5524 451 5579 in
490 5526 673 5581 cordis
699 5526 917 5581 nomine
938 5540 1079 5596 same
1110 5540 1264 5580 mens
1293 5524 1627 5595 designatur,
1669 5524 1809 5580 sicut

231 5619 312 5663 est
338 5612 464 5671 illud
490 5634 503 5646 ο
538 5615 607 5670 In
636 5624 744 5671 toto
762 5616 917 5670 corde
938 5633 1048 5670 meo
1072 5615 1323 5687 exquisivi
1342 5624 1391 5668 te
1419 5612 1591 5687 (Psal.
1617 5630 1804 5681 cxvttt,

240 5700 345 5773 1⁸)),
390 5719 444 5766 et
473 5709 528 5766 in
557 5709 662 5765 olei
695 5710 912 5764 nomine
940 5708 1258 5779 intelligitur
1280 5707 1463 5762 unctio
1488 5707 1659 5762 sancti
1688 5705 1809 5776 Spi-

1905 4516 2056 4571 illum
2106 4509 2414 4566 debellavit.
2458 4509 2516 4563 ln
2548 4507 2690 4562 illius
2719 4505 2865 4561 enim
2896 4502 3110 4567 militia,
3150 4501 3202 4556 id
3245 4507 3329 4555 est
3356 4515 3487 4571 pec-

1904 4605 2041 4661 catis
2065 4611 2266 4663 nostrze
2287 4598 2567 4656 servitutis
2589 4610 2939 4668 permanens,
2985 4593 3195 4663 accepit
3220 4600 3486 4646 mortem:

1905 4696 1960 4750 in
2002 4693 2159 4752 istius
2212 4689 2430 4755 militia,
2489 4689 2542 4744 id
2576 4695 2660 4743 est
2706 4684 3017 4749 virtutibus,
3068 4683 3365 4752 accipimus
3407 4682 3486 4737 vi-

1905 4795 2015 4840 tam
2080 4792 2363 4840 aeternam.
2423 4778 2641 4849 Septem
2695 4778 2881 4846 itaque
2948 4773 3272 4846 principalia
3328 4774 3485 4843 vitia,

1906 4878 2102 4949 quibus
2140 4873 2385 4931 diabolus
2412 4887 2584 4943 genus
2608 4870 2905 4926 humanum
2949 4866 3195 4932 infestat,
3256 4882 3361 4921 non
3404 4869 3486 4922 in-

1901 4983 2142 5038 congrue
2187 4980 2352 5038 opera
2406 4963 2621 5020 Satanae
2668 4962 2850 5018 dicere
2908 4975 3224 5032 possumus;
3276 4962 3483 5032 quibus

1890 5048 2253 5133 opponuntur
2289 5068 2495 5129 septem
2521 5056 2852 5129 principales
2901 5055 3151 5121 virtutes,
3211 5070 3332 5126 quae
3357 5068 3487 5124 ope-

1903 5170 1965 5210 ra
2008 5161 2133 5210 sunt
2160 5152 2347 5224 procul
2386 5152 2550 5208 dubio
2589 5149 2867 5205 salutaria.
2929 5147 3038 5204 Nec
3064 5148 3244 5202 minus
3275 5148 3485 5202 interea

1902 5246 2117 5319 pompis
2153 5243 2268 5315 ejus
2298 5242 2729 5308 abrenuntiatur,
2779 5258 2899 5312 quae
2931 5242 3119 5311 utique
3165 5255 3328 5310 opera
3362 5244 3488 5292 sunt

1909 5339 2129 5396 Satana:
2157 5356 2171 5391 :
2198 5338 2291 5393 sed
2325 5350 2392 5392 eo
2441 5335 2597 5407 quasi
2622 5334 2858 5390 discerni
2896 5334 3152 5388 videntur
3193 5347 3224 5384 a
3271 5327 3487 5384 eteteris

1908 5433 2162 5504 operibus
2206 5428 2345 5499 ejus,
2378 5429 2503 5499 Quia
2536 5428 2590 5483 in
2636 5428 2716 5483 eis
2765 5426 3040 5496 superbia,
3081 5422 3235 5490 cujus
3266 5410 3354 5471 ille
3388 5433 3489 5470 au-

1908 5534 2029 5581 ctor
2064 5531 2166 5590 est,
2223 5530 2281 5578 et
2331 5536 2451 5592 qua:
2480 5536 2605 5576 eum
2636 5517 2854 5588 deiecit,
2898 5509 3300 5586 quodammodo
3342 5506 3489 5562 desi-

1911 5625 2124 5687 gnatur.
2166 5614 2382 5685 Pompa:
2410 5612 2573 5683 igitur
2601 5609 2720 5678 ejus
2755 5616 2902 5669 sunt,
2936 5600 3198 5665 ambitio,
3233 5613 3494 5670 arrogan-

1914 5706 2008 5772 tia,
2037 5720 2171 5760 vana
2199 5704 2389 5774 gloria,
2429 5710 2483 5756 et
2527 5708 2724 5754 ctetera
2753 5692 3061 5765 huiusmodi
3090 5706 3210 5761 qtuc
3252 5692 3315 5747 dc
3346 5690 3497 5745 fonte
