3998 6182
408 230 508 289 Si”

410 430 765 488 ambitionem
817 432 931 486 sive
971 430 1311 501 jactantiam,
1379 439 1437 483 et
1486 428 1573 482 his
1594 426 1790 483 similia
1818 427 1978 481 intel-

410 518 502 590 ligi
565 520 763 576 debere
818 520 1166 591 prapheticus
1226 534 1409 573 sermo
1469 519 1805 572 demonstrat
1856 531 1979 571 cum

411 609 587 664 dicit:
629 609 720 665 Vae
768 610 857 680 qui
896 608 1123 678 opulenti
1166 609 1288 662 estis
1331 608 1384 660 in
1425 607 1579 673 Sion,
1618 616 1665 661 et
1712 607 1980 675 conﬁditis

411 702 466 756 in
519 711 691 757 monte
737 700 1015 764 Samarim,
1072 700 1365 770 aptimates,
1427 699 1600 769 capita
1644 697 1976 769 populorum,

411 790 753 859 ingredientes
787 787 1074 859 pompatice
1111 788 1323 841 domum
1348 786 1518 841 Israel
1554 786 1734 858 (Amos
1779 801 1851 849 vt,
1903 784 1980 855 i).

413 882 521 937 Sed
569 891 625 935 et
664 881 909 935 Clemens
954 880 1322 945 Prudentius,
1375 879 1763 935 disertissimus
1821 885 1983 947 atque

411 970 903 1025 Christianissimus
930 979 1112 1040 poeta,
1164 971 1217 1025 in
1255 971 1357 1025 hac
1387 969 1779 1040 signiﬁcatione
1830 984 1981 1040 pom—

411 1075 532 1129 pam
579 1059 758 1129 posuit
792 1059 847 1113 in
878 1059 1016 1114 libro
1044 1057 1492 1130 Psychomachia,
1528 1057 1621 1112 ubi
1652 1059 1726 1113 ait
1754 1076 1765 1111 :

596 1169 776 1232 fompa
799 1172 1093 1220 ostentatrix
1120 1174 1231 1221 vani
1254 1170 1525 1232 splendoris
1546 1169 1676 1219 inani

593 1229 799 1280 Exuiiur
822 1232 996 1279 nudata
1021 1232 1181 1294 peplo.

409 1336 670 1405 Quamvis
698 1351 828 1406 ergo
868 1350 1030 1389 omne
1060 1343 1338 1405 peccatum
1366 1333 1614 1403 superbia
1641 1332 1747 1387 dici
1789 1332 1983 1401 possit,

408 1429 533 1497 quia
569 1425 786 1496 quando
824 1424 948 1494 quis
994 1434 1201 1493 peccat,
1253 1424 1363 1480 Deo
1410 1424 1499 1494 qui
1549 1438 1774 1493 peccare
1808 1421 1989 1492 prohi-

407 1514 531 1568 buit
572 1515 845 1567 contraire
890 1512 1121 1576 videtur,
1173 1513 1319 1567 aliud
1349 1519 1529 1566 tamen
1561 1520 1645 1566 est
1698 1511 1983 1577 desidiose,

414 1603 560 1657 aliud
607 1603 890 1667 malitiose,
951 1603 1097 1658 aliud
1145 1604 1401 1667 scienter,
1451 1603 1596 1657 aliud
1648 1602 1981 1673 ignoranter,

1429 229 1813 287 TUI-2000.“
1851 228 1891 283 Α
1902 227 2409 285 URELIANENSIS
2445 227 2655 285 EPlSC.

308 378 311 385 ι
410 338 674 411 superbia:
720 340 1013 412 procedere
1053 341 1457 411 dignoscantur.
1503 340 1759 408 Pompam
1804 336 1974 401 enim,
2004 337 2335 404 AEcclesire
2381 339 2652 408 praecipua
2705 349 3064 399 sacramenta.
3122 350 3182 393 ut
3219 339 3271 393 in
3309 339 3481 398 altero
3520 360 3653 401 con-

3542 228 3652 299 5232

2084 428 2333 487 secretio,
2390 428 2443 481 in
2473 427 2643 482 altero
2675 427 2950 482 mundatio
2980 428 3156 482 eilem
3193 428 3527 487 tribueretur
3554 434 3658 489 Ee-

2084 517 2281 572 clesize.
2328 518 2732 589 Regeneramur
2769 534 3004 589 namque
3027 534 3091 574 ex
3129 520 3370 586 lavacro,
3423 532 3482 577 ut
3527 540 3657 580 con-

2084 621 2362 660 secramur
2381 615 2438 660 et
2474 608 2756 677 sanguine.
2825 606 2977 663 Unde
3015 617 3070 663 et
3115 610 3345 680 populus
3372 602 3521 668 mare
3549 613 3660 669 Ru-

2083 696 2237 750 brum
2264 697 2499 762 transiit,
2528 698 2653 767 quia
2680 700 2983 768 baptismus
3015 699 3217 756 Christi
3248 705 3510 773 sanguine
3529 720 3660 760 con-

2089 793 2357 838 secratur.
2391 784 2523 851 Quia
2552 801 2679 856 ergo
2725 787 3053 843 elementum
3079 805 3229 859 aqua:
3258 792 3310 845 in
3335 792 3437 848 hoc
3460 795 3662 849 mundo

2083 871 2332 928 omnibus
2366 873 2646 931 elementis
2673 877 2955 947 purgandi,
3004 878 3333 944 viviﬁcandi,
3377 885 3659 938 recreandi

2082 963 2253 1032 gratia
2300 965 2478 1034 aptius
2523 974 2626 1030 est,
2673 983 2780 1021 non
2808 967 3077 1023 immerito
3105 970 3156 1024 ei
3186 971 3438 1056 baptismi
3470 974 3653 1044 digiti-

2086 1063 2168 1109 tas
2212 1054 2513 1121 confertur,
2563 1057 2688 1126 quia
2739 1065 2795 1112 et
2834 1054 3329 1129 regenerandorum
3372 1062 3660 1118 hominum

2085 1141 2394 1208 ellicaciam,
2433 1160 2553 1199 eum
2605 1145 2832 1216 spiritus
2889 1146 2985 1201 Dei
3028 1146 3082 1201 in
3127 1148 3315 1202 mundi
3360 1150 3664 1219 primordio

2085 1248 2247 1303 super
2288 1234 2341 1288 id
2389 1234 2680 1301 ferebatur,
2715 1237 3075 1308 concipiebat,
3128 1248 3183 1293 et
3232 1240 3662 1309 purgandorum,

2085 1342 2208 1381 eum
2236 1342 2302 1381 ex
2331 1327 2499 1382 latere
2526 1328 2726 1383 Christi
2773 1327 3085 1400 proﬁueret,
3119 1329 3433 1401 dignitatem
3480 1333 3664 1403 capie-

2085 1419 2198 1473 bat.
2233 1417 2338 1474 Per
2381 1420 2486 1475 hoc
2530 1421 2732 1476 etenim
2756 1422 2969 1477 visibile
3007 1422 3333 1479 elementum
3357 1441 3445 1480 res
3474 1426 3565 1480 illa
3588 1427 3668 1480 in-

2086 1508 2314 1565 visibilis
2351 1511 2615 1581 signatur,
2655 1520 2716 1568 ut
2758 1513 2899 1570 sicut
2934 1530 3073 1586 aqua
3126 1525 3389 1587 purgatur
3423 1520 3670 1574 exterius

2089 1617 2313 1673 corpus,
2361 1603 2435 1658 ita
2481 1604 2713 1661 latenter
2756 1607 2873 1677 ejus
2932 1609 3193 1678 mysterio
3236 1622 3336 1679 per
3383 1608 3651 1680 Spiritum

413 1693 560 1748 aliud
622 1694 970 1765 negligenter,
1025 1694 1170 1750 aliud
1192 1703 1531 1765 arroganter,
1567 1710 1812 1766 peccare.
1843 1695 1988 1761 Quo-
2016 1685 2060 1745 Β
2089 1700 2335 1748 sanctum
2394 1694 2712 1764 puriﬁcetur
2741 1705 2796 1751 et
2839 1698 3072 1753 animus.
3127 1697 3381 1755 lnvoeato
3428 1715 3665 1770 namque

417 1783 549 1839 libet
585 1794 763 1839 autem
795 1784 954 1840 modo
997 1785 1119 1855 quis
1145 1794 1351 1856 peccet,
1377 1785 1423 1840 si
1446 1786 1713 1855 poenitere
1748 1792 1989 1839 contem-

415 1875 515 1939 nit,
582 1872 634 1927 in
675 1889 926 1944 magnum
974 1889 1033 1930 se
1077 1874 1341 1944 superbia:
1376 1876 1657 1930 baratrum
1687 1876 1980 1946 immergit,

412 1963 479 2019 de
512 1979 620 2035 quo
656 1979 764 2018 non
798 1964 901 2019 nisi
933 1979 1030 2035 per
1066 1964 1460 2021 confessionem
1486 1974 1835 2036 peccatorum
1866 1982 1991 2022 suo-

410 2070 549 2119 rum,
586 2062 642 2111 et
695 2055 1126 2111 emendationem
1157 2070 1390 2122 morum,
1419 2065 1476 2111 et
1519 2055 1776 2112 salutaris
1812 2056 1989 2127 poeni-

408 2144 592 2199 lentite
636 2143 1022 2199 adminiculum
1084 2145 1268 2216 egredi
1315 2152 1509 2215 potest.
1566 2145 1786 2201 Duobus
1836 2145 1983 2200 enim

409 2236 583 2292 modis
611 2237 773 2290 hono
806 2237 913 2290 Deo
943 2236 1208 2305 superbit,
1249 2252 1373 2292 cum
1420 2244 1515 2291 aut
1557 2233 1844 2307 praeceptis
1866 2237 1988 2306 ejus

410 2321 728 2378 inobediens
774 2323 977 2388 existit,
1030 2333 1086 2377 et
1114 2337 1179 2377 ea
1212 2339 1333 2393 qua:
1365 2324 1638 2393 prohibita
1666 2332 1793 2378 sunt
1839 2340 1991 2379 com-

414 2416 605 2480 mittit,
645 2424 741 2469 aut
777 2416 1066 2471 commissa
1093 2416 1358 2486 ptenitere
1384 2414 1626 2488 negligit.
1681 2416 1835 2472 Unde
1877 2416 1992 2472 sive

412 2506 475 2588 1ιίι
511 2506 602 2576 qui
652 2505 959 2575 baptizandi
992 2514 1137 2573 sunt,
1189 2507 1302 2561 sive
1333 2522 1431 2561 nos
1477 2506 1568 2576 qui
1603 2506 1853 2576 baptismi
1895 2522 1985 2561 sa—

411 2608 750 2654 cramentum
787 2597 903 2668 jam
954 2599 1315 2670 percepimus,
1374 2607 1499 2655 ante
1549 2598 1735 2655 oculos
1790 2612 1991 2668 ponere

413 2690 674 2745 debemus
699 2699 946 2760 pactum,
997 2690 1141 2760 quod
1168 2704 1290 2744 cum
1333 2688 1445 2745 Deo
1473 2690 1526 2744 in
1548 2689 1871 2761 baptismate
1909 2687 1989 2753 ﬁt,

414 2780 506 2835 ubi
535 2782 950 2837 ahrennntiatur
974 2781 1209 2847 Satanze,
1241 2789 1296 2838 et
1322 2781 1575 2853 operibus
1594 2779 1730 2850 ejus,
1762 2788 1818 2836 et
1842 2794 1994 2851 pom-

412 2873 529 2942 pis:
566 2871 720 2939 Quod
767 2880 985 2943 paetum
1036 2882 1165 2928 tunc
1237 2873 1452 2927 irritum
1517 2871 1612 2938 ﬁt,
1676 2870 1723 2926 si
1779 2880 1874 2926 aut
1934 2870 1990 2925 in

415 2964 518 3017 ﬁde
564 2965 685 3034 quis
736 2965 1101 3034 permanendo
1139 2965 1320 3031 vitiis,
1365 2972 1460 3019 aut
1507 2978 1539 3019 a
1589 2963 1694 3021 ﬁde
1737 2963 1993 3020 exhorbi-

416 3056 577 3109 tando
632 3054 896 3111 idolorum
958 3055 1210 3121 cultibus,
1258 3064 1352 3110 aut
1398 3056 1664 3111 hmresum
1711 3032 2062 3111 erroribusC

419 3145 705 3201 subdatur.

1127 3235 1264 3293 XIII.

841 3328 919 3386 De
957 3340 1286 3386 sacramento
1305 3329 1566 3403 baptismi.

484 3421 620 3490 Quia
637 3423 802 3493 igitur
821 3431 1037 3479 constat
1056 3424 1333 3494 pactiones
1355 3425 1690 3480 credentium
1706 3440 1824 3481 esse
1837 3425 1988 3490 duas,

412 3532 574 3569 unam
622 3517 675 3570 in
703 3532 809 3587 qua
841 3518 1257 3572 abrenuntiatur
1281 3518 1494 3575 diabolo
1516 3529 1571 3575 et
1608 3523 1820 3592 pompis
1853 3522 1992 3591 ejus,

413 3617 467 3662 ct
510 3609 763 3664 omnibus
793 3609 1048 3679 operibus
1077 3607 1214 3677 ejus,
1265 3609 1495 3665 alteram
1529 3628 1632 3683 qua
1675 3628 1734 3669 se
1773 3615 1995 3669 credere

413 3698 740 3752 conﬁtentur
794 3698 850 3752 in
902 3697 1121 3754 Patrem
1170 3706 1227 3754 et
1272 3700 1468 3755 Filium
1525 3711 1582 3758 et
1635 3704 1688 3757 in
1733 3704 1992 3773 Spiritum

415 3798 686 3853 sanctum,
711 3796 924 3857 oportet
963 3789 1062 3844 has
1092 3789 1421 3845 inconvulsae
1458 3792 1658 3847 mentis
1691 3792 1993 3850 intentione

417 3877 615 3943 teneri,
665 3884 721 3932 et
778 3884 840 3932 ut
896 3878 1223 3935 intemerate
1264 3881 1523 3935 custodiri
1574 3882 1805 3950 possint,
1853 3884 1994 3939 illius

417 3982 634 4038 semper
684 3966 1011 4035 adjutorium
1060 3982 1326 4038 quarrere,
1382 3969 1474 4039 qui
1509 3969 1766 4039 baptismi
1810 3986 1998 4026 sacra-

419 4066 659 4115 mentum
705 4058 771 4112 ad
814 4057 1042 4113 salutem
1101 4061 1316 4129 generis
1343 4060 1566 4115 humani
1602 4061 1850 4126 contulit,
1899 4042 1994 4117 eu;

416 4154 501 4225 jus
536 4153 851 4225 mysterium
882 4161 935 4206 et
973 4152 1026 4207 in
1053 4152 1232 4208 Veteri
1264 4153 1610 4208 Testamento
1635 4168 1730 4224 per
1759 4152 1993 4225 Moyscm

416 4245 823 4315 prmﬁguratum
852 4252 957 4309 est,
1022 4259 1144 4299 cum
1186 4243 1415 4315 populus
1442 4244 1495 4299 in
1538 4243 1678 4298 nube
1701 4243 1829 4298 etin
1859 4244 1993 4298 mari

2088 1785 2201 1841 Deo
2256 1788 2536 1843 descendit
2589 1786 2821 1858 Spiritus
2866 1799 3085 1846 sanctus
3133 1791 3198 1846 de
3233 1792 3388 1847 caelis
3434 1801 3491 1847 et
3535 1808 3668 1847 san-

2089 1875 2345 1931 ctiﬁcatis
2407 1877 2562 1948 aquis
2611 1878 2800 1935 tribuit
2840 1881 2922 1936 eis
2961 1881 3069 1937 vim
3121 1883 3477 1953 purgationis.
3536 1883 3671 1939 Inde

2088 1967 2251 2021 homo
2285 1969 2351 2021 ad
2381 1967 2671 2039 imaginem
2708 1981 2992 2040 reparatus
3030 1979 3230 2026 sancta:
3259 1970 3562 2036 Trinitatis,
3595 1972 3667 2025 ad

2089 2073 2252 2128 quam
2296 2058 2544 2114 conditus
2599 2057 2776 2113 fuerat
2824 2059 3132 2130 expellitur,
3187 2068 3245 2116 et
3294 2062 3385 2130 qui
3425 2069 3580 2117 vetus
3612 2063 3668 2117 in

2089 2163 2184 2204 eas
2209 2163 2306 2218 per
2346 2157 2625 2219 peccatum
2667 2149 2826 2220 primi
2872 2150 3107 2206 hominis
3134 2150 3453 2218 intraverat,
3493 2169 3667 2206 novus

2090 2253 2154 2293 ex
2179 2238 2257 2293 eis
2282 2253 2381 2309 per
2395 2238 2593 2293 Christi
2611 2240 2838 2309 gratiam
2861 2241 3158 2310 egreditur,
3189 2248 3245 2295 et
3266 2241 3453 2312 spiritu
3481 2243 3670 2314 gratia:

2090 2331 2145 2387 in
2182 2331 2374 2387 melius
2406 2332 2742 2398 immutatus,
2786 2332 2943 2404 longe
2987 2333 3131 2389 aliud
3163 2349 3327 2405 quam
3361 2333 3534 2389 fuerat
3554 2333 3671 2387 cili-

2089 2420 2249 2476 citur.
2293 2419 2492 2477 Foedus
2529 2421 2674 2476 enim
2716 2430 2835 2477 erat
2872 2420 3216 2477 deformitate
3266 2430 3608 2494 peccatorum
3641 2443 3653 2475 :

2089 2511 2165 2567 ibi
2206 2512 2477 2568 reducitur
2515 2513 2740 2583 pulcher
2781 2513 3117 2569 dealbatione
3157 2513 3437 2569 virtutum.
3479 2512 3667 2569 Nulla-

2092 2610 2249 2658 tenus
2293 2602 2474 2673 itaque
2526 2603 2780 2674 baptismi
2836 2606 3150 2676 mysterium
3202 2604 3386 2677 perﬁci
3448 2614 3669 2681 potest,

2091 2693 2201 2751 nisi
2234 2691 2337 2749 sub
2367 2693 2706 2751 invocatione
2737 2704 2937 2751 sancta:
2981 2696 3289 2762 Trinitatis,
3319 2698 3445 2766 quia
3481 2706 3536 2752 et
3564 2697 3675 2752 Do—

2091 2781 2272 2841 minus
2312 2783 2380 2839 ad
2412 2784 2685 2856 apostolos
2721 2785 2860 2841 dixit
2892 2803 2906 2840 :
2932 2785 3038 2852 Ite,
3064 2787 3243 2842 docete
3265 2804 3443 2858 omnes
3469 2799 3668 2859 gentes,

2092 2875 2412 2946 baptisantes
2433 2893 2519 2932 eos
2548 2876 2603 2931 in
2629 2878 2833 2933 nomine
2873 2875 3069 2943 Patris,
3096 2889 3143 2933 et
3172 2877 3326 2945 Filii,
3353 2889 3400 2934 et
3436 2879 3672 2951 Spiritus

2093 2967 2264 3020 sancti
2297 2965 2510 3037 (Matth.
2551 2983 2747 3033 xxvtn,
2794 2966 2905 3041 l9).
2948 2967 3019 3023 Et
3074 2969 3215 3025 idem
3267 2970 3527 3027 Dominus
3566 2973 3673 3027 hoc

2094 3064 2494 3112 sacramentum
2534 3056 2791 3125 ﬁrmavit,
2821 3073 2943 3114 cum
2970 3058 3024 3113 in
3076 3074 3176 3115 suo
3212 3059 3537 3132 baptismate
3570 3059 3674 3116 Pa-

2095 3155 2176 3204 ter
2204 3148 2507 3205 declaratus
2539 3151 2703 3206 estin
2740 3166 2893 3215 voce,
2929 3151 3101 3207 Filius
3139 3153 3194 3208 in
3237 3168 3486 3225 corpore,
3547 3152 3673 3226 Spi-

2095 3238 2231 3294 ritus
2266 3248 2488 3295 sanctus
2518 3240 2571 3295 in
2603 3239 2864 3296 columbae
2902 3242 3234 3299 ostensione.
3263 3241 3308 3299 Ο
3340 3242 3666 3313 praeclarum

2092 3339 2147 3385 et
2178 3331 2497 3389 admirabile
2532 3342 2951 3401 sacramentum,
2986 3335 3129 3405 quod
3175 3335 3241 3390 de
3290 3333 3414 3391 ﬁliis
3457 3337 3552 3391 ira:
3587 3335 3674 3391 fa-

2092 3421 2167 3476 cit
2190 3421 2327 3478 ﬁlios
2348 3422 2466 3489 Dei,
2494 3424 2560 3480 de
2599 3425 2875 3481 veteribus
2899 3441 3084 3487 novos,
3120 3426 3187 3481 de
3208 3425 3368 3482 fmdis
3391 3426 3670 3498 pulchros,

2093 3510 2148 3566 in
2172 3528 2279 3583 quo
2300 3522 2355 3568 et
2389 3529 2797 3586 regeneramur,
2838 3525 2893 3571 et
2932 3532 3244 3588 purgamur,
3283 3526 3338 3573 et
3361 3520 3672 3590 exemplum

2093 3607 2285 3661 mortis
2316 3605 2518 3663 Christi
2558 3608 2853 3664 imitamur.
2880 3608 3160 3677 Quomodo
3192 3625 3321 3681 ergo
3360 3611 3463 3666 hoc
3490 3626 3677 3668 exem-

2091 3697 2241 3768 plum
2280 3698 2555 3754 imitemur
2591 3700 2737 3755 dicat
2775 3701 3082 3771 Apostolus.
3133 3702 3214 3757 An
3258 3702 3533 3772 ignoratis,
3581 3701 3672 3757 in-

2093 3787 2231 3857 quit,
2260 3789 2385 3859 quia
2408 3789 2701 3861 quicunque
2722 3790 2968 3861 bapttzati
2995 3807 3178 3845 sumus
3200 3792 3254 3845 in
3281 3790 3490 3846 Christo
3509 3790 3671 3855 Iesu,

2092 3877 2149 3930 in
2187 3889 2352 3933 morte
2396 3879 2562 3950 ipsius
2609 3880 2859 3951 baptismi
2905 3882 3133 3937 suntus.’
3180 3880 3484 3954 C'onsepulti
3542 3900 3674 3954 ergo

2093 3985 2273 4023 sumus
2303 3986 2421 4023 cum
2465 3970 2558 4025 illo
2588 3988 2682 4041 per
2712 3972 3025 4043 baptismum
3055 3973 3109 4028 in
3145 3982 3436 4058 morte,.ut
3480 3989 3672 4044 quem-

2093 4061 2376 4116 admodum
2428 4063 2713 4117 resurrexit
2758 4062 2995 4120 Christus
3037 4082 3071 4119 a
3123 4065 3345 4119 mortuis
3399 4081 3494 4136 per
3559 4064 3677 4135 glo-

2096 4152 2229 4205 riant
2264 4149 2465 4219 Patris,
2494 4155 2570 4208 ita
2594 4163 2641 4209 et
2675 4171 2767 4210 nos
2804 4157 2859 4210 in
2909 4158 3137 4210 novitate
3176 4157 3295 4211 vita:
3342 4154 3675 4209 ambulemus

2097 4241 2269 4312 (Rom.
2300 4259 2374 4308 vt,
2399 4244 2476 4314 5).
2528 4245 2790 4301 Morimur
2814 4262 2944 4318 ergo
2977 4256 3221 4318 peccato,
3276 4245 3489 4318 quando
3512 4248 3679 4302 abre-

417 4337 720 4408 haptizatus
745 4344 849 4403 est,
873 4345 928 4391 et
952 4336 1004 4391 in
1029 4335 1178 4390 Novo
1208 4336 1364 4391 nobis
1398 4351 1497 4405 per
1525 4336 1875 4391 mediatorem
1900 4333 1993 4389 Dei
2020 4378 2074 4438 Β
2099 4335 2411 4391 nuntiamus
2439 4335 2654 4392 diabolo
2680 4346 2737 4392 et
2765 4338 3016 4395 omnibus
3053 4353 3174 4409 qua:
3198 4336 3316 4409 ejus
3337 4345 3493 4405 sunt;
3540 4352 3678 4393 con-

416 4439 470 4484 ct
515 4429 787 4484 hominem
831 4428 1176 4499 apertissime
1203 4428 1651 4484 demonstratum.
1698 4427 1816 4499 Ipse
1844 4426 1989 4482 enim

416 4525 513 4589 ait,
566 4523 821 4595 quoniam
871 4519 994 4576 Nisi
1031 4522 1144 4593 quis
1192 4530 1404 4576 renatus
1436 4520 1596 4591 fuerit
1639 4536 1703 4574 ex
1759 4537 1896 4591 aqua
1943 4528 1992 4573 et

418 4615 619 4684 Spiritu
657 4622 859 4680 sancto,
892 4630 997 4668 non
1037 4614 1228 4683 poterit
1262 4610 1479 4666 introire
1496 4612 1553 4664 in
1593 4624 1809 4680 regnum
1840 4608 1993 4662 ecclo-

418 4721 534 4758 rum
590 4702 773 4778 (Joan.
826 4702 911 4767 ut,
962 4701 1038 4773 5).
1082 4702 1145 4755 Et
1211 4698 1449 4755 Joannes
1503 4700 1571 4753 de
1624 4712 1690 4752 eo
1736 4696 1992 4767 aitzEgo

418 4794 622 4863 baptizo
663 4794 720 4847 in
780 4809 920 4863 aqua
963 4793 1019 4844 in
1053 4791 1402 4863 poenitentia;
1446 4788 1650 4843 medius
1701 4795 1876 4840 autem
1916 4802 1996 4840 ve-

417 4893 584 4934 strum
608 4890 731 4948 stat,
762 4897 913 4952 quem
960 4897 1046 4934 ros
1083 4879 1311 4943 nescitis,
1350 4879 1459 4948 ipse
1487 4894 1576 4931 vos
1614 4877 1898 4947 baptizabit
1938 4876 1993 4929 in

420 4972 621 5035 Spiritu
664 4982 846 5026 sancto
886 4982 932 5026 et
970 4972 1079 5042 igni
1114 4971 1329 5045 (Matth.
1355 4985 1437 5035 ιιι,
1469 4970 1526 5023 Η
1561 4986 1575 5036 ;
1625 4968 1784 5023 Joan.
1814 4968 1989 5035 1,26).

419 5062 524 5117 Per
564 5062 667 5117 hoc
714 5062 805 5133 qui
852 5062 1130 5117 nascimur
1190 5059 1412 5125 mundo,
1459 5059 1799 5113 renascimur
1840 5059 1986 5125 Deo;

418 5164 473 5207 ct
499 5154 590 5224 qui
618 5169 715 5224 per
748 5161 1026 5225 peccatum
1054 5168 1271 5209 eramus
1326 5152 1420 5207 ﬁlii
1453 5152 1569 5215 ine,
1616 5167 1713 5222 per
1757 5152 1989 5222 gratiam

418 5244 685 5300 eﬁicimur
721 5242 817 5297 lilii
868 5243 982 5299 Dei.
1016 5243 1129 5299 Ilae
1154 5244 1298 5298 enim
1327 5243 1588 5297 tinctione
1632 5252 1688 5296 et
1718 5242 1822 5297 hoc
1850 5241 1993 5296 lava-

420 5351 515 5391 cro
555 5334 794 5391 Ecclesia
838 5343 1136 5406 vegetatur.
1184 5335 1261 5390 Ex
1306 5350 1427 5390 osse
1459 5334 1779 5389 dormientis
1810 5343 1994 5404 proto—

419 5426 575 5496 plasti
634 5426 829 5481 mulier
871 5426 1131 5482 aediﬁcata
1175 5436 1280 5492 est,
1345 5443 1413 5482 ex
1471 5426 1643 5481 latere
1687 5426 1891 5482 Clu-isti
1939 5426 1992 5479 in

421 5533 581 5572 cmee
601 5519 918 5575 dormientis
943 5518 1185 5574 Ecclesia
1211 5519 1441 5573 formata
1482 5526 1584 5573 est.
1617 5516 1997 5573 Proﬁuxerunt

419 5608 566 5662 enim
610 5628 674 5665 ex
729 5611 845 5680 ejus
872 5611 1040 5667 latere
1078 5612 1298 5684 sanguis
1333 5622 1384 5666 et
1436 5628 1591 5681 aqua,
1638 5609 1743 5665 duo
1794 5619 1996 5665 sancta!

2099 4425 2390 4496 sepelimur
2430 4426 2666 4494 Christo,
2721 4444 2844 4485 cum
2911 4430 3013 4487 sub
3079 4430 3419 4486 invocatione
3467 4437 3680 4485 sanetae

2099 4516 2381 4573 Trinitatis
2433 4519 2533 4575 sub
2582 4520 2731 4576 trina
2795 4521 3087 4587 mersione,
3136 4520 3192 4576 in
3254 4519 3405 4576 fonte
3464 4519 3673 4575 lavacri

2096 4608 2250 4678 quasi
2286 4609 2338 4662 in
2369 4610 2602 4679 quodam
2641 4611 2947 4681 sepulcrum
2985 4610 3390 4676 descendimus;
3443 4624 3677 4667 consur-

2096 4704 2272 4772 gimus
2313 4698 2559 4767 Christo,
2616 4718 2739 4759 cum
2805 4704 2951 4759 exuti
3001 4703 3253 4759 omnibus
3302 4704 3561 4773 peccatis,
3603 4704 3675 4760 de

2100 4797 2246 4851 fonte
2291 4797 2440 4867 quasi
2504 4796 2569 4850 de
2622 4794 2870 4865 sepulcro
2922 4793 3253 4863 egredimur.
3329 4792 3438 4850 Sed
3491 4809 3676 4865 neque

2094 4887 2411 4957 mysterium
2453 4886 2617 4940 trium
2670 4885 2881 4939 dierum
2935 4898 3000 4939 ac
3040 4884 3303 4950 noctium,
3368 4883 3567 4955 quibus
3615 4886 3673 4941 in

2078 4976 2340 5047 .sepulcro
2372 4975 2632 5030 Dominus
2690 4973 2857 5030 fuisse
2901 4974 3115 5044 legitur,
3171 4975 3500 5045 praeteritur,
3544 4990 3675 5032 cum

2093 5068 2341 5122 invocata
2387 5073 2574 5121 saneta
2623 5064 2928 5128 Trinitate,
2978 5080 3095 5135 qua:
3144 5065 3331 5135 utique
3395 5080 3523 5120 vera
3574 5064 3676 5121 lux

2092 5165 2200 5223 est,
2231 5158 2284 5212 in
2335 5156 2535 5211 fontem
2568 5155 2965 5211 descendimus.
3010 5155 3125 5211 Lux
3167 5165 3252 5212 est
3298 5155 3444 5211 enim
3484 5154 3672 5219 Pater,

2095 5259 2152 5305 et
2197 5250 2251 5305 in
2299 5250 2501 5304 lumine
2543 5247 2682 5316 ejus,
2742 5249 2870 5317 quia
2914 5255 3000 5303 est
3050 5247 3254 5314 Filius,
3298 5248 3480 5304 lumen
3525 5247 3679 5304 vide-

2097 5354 2218 5394 mus
2253 5337 2515 5409 Spiritum
2550 5344 2820 5392 sanctum.
2847 5336 3100 5392 Facimus
3139 5345 3319 5392 autem
3360 5345 3414 5392 et
3446 5345 3680 5392 tresno-

2097 5439 2231 5493 ctes,
2269 5445 2391 5485 cum
2424 5430 2768 5484 tenebrarum
2805 5436 2860 5484 et
2884 5428 3202 5499 ignorantia:
3216 5427 3387 5498 patri,
3410 5442 3518 5482 una
3545 5442 3674 5483 eum

2097 5520 2397 5581 mendacio,
2436 5521 2579 5589 quod
2609 5535 2673 5572 ex
2720 5534 2786 5573 eo
2834 5530 3017 5573 natum
3073 5526 3177 5584 est,
3220 5525 3276 5572 et
3318 5518 3550 5573 mendax
3589 5526 3679 5572 est

2099 5613 2239 5666 sicut
2271 5620 2319 5664 et
2359 5621 2513 5681 pater
2554 5609 2691 5679 ejus,
2733 5617 2787 5663 et
2829 5623 2950 5664 cum
3005 5608 3242 5677 loquitur
3303 5605 3676 5665 mendacium.
