3998 6182
181 325 260 379 εδδ
1272 317 1476 374 LIBER
1519 317 1606 374 DE
1642 316 1903 374 ORMNE
1940 315 2275 374 BAPTISMI.

178 441 230 495 de
265 437 362 492 suis
414 436 648 505 propriis
694 434 950 504 loquitur,
1017 433 1464 489 contradicimns.
1506 432 1614 488 Sed
1667 439 1726 486 et
1752 434 1801 492 Α
1826 447 1974 485 meus
1996 433 2050 486 in
2075 432 2182 486 Deo
2201 448 2338 486 meo.
2377 430 2514 497 Quia
2553 433 2721 486 induit
2748 450 2827 487 me
2861 436 3158 489 uestimento
3193 437 3403 503 salutis,

179 529 309 583 tertio
346 526 462 580 loco
521 525 772 594 spiritum
827 524 1032 578 erroris
1075 521 1427 588 destruimus,
1482 523 1575 591 qui
1636 523 1721 577 in-
1821 530 1870 574 et
1893 522 2257 575 indumentum
2272 521 2498 592 justitia:
2525 522 2864 578 circumdedit
2887 542 2968 578 me
3006 525 3404 599 (lsa.t.xl,i0).

173 618 316 687 Spirat
354 615 872 685 pseudoprophetas,
919 621 980 667 ut
1027 613 1231 668 dicant.
1275 612 1400 667 Haec
1441 613 1573 668 dicit
1613 613 1718 666 Do-
1821 613 1914 668 llle
1940 615 2260 669 vestimenta
2289 614 2392 668 ista
2419 630 2519 669 nos
2543 616 2818 669 custodire
2845 615 3008 671 faciat
3031 618 3122 687 qui
3147 633 3210 672 ea
3238 620 3404 681 dedit,

175 710 342 769 minus,
367 722 504 776 quos
549 706 806 759 Dominus
847 720 956 759 non
993 704 1162 758 misit.
1195 703 1534 758 Destruimus
1566 703 1717 758 enim
1821 715 1881 759 ut
1919 707 1988 760 de
2020 706 2176 760 nobis
2211 706 2319 760 diei
2353 706 2525 775 possit
2549 707 2692 774 quod
2717 706 2768 760 in
2793 706 3108 778 Apocalypsi
3136 709 3400 778 scriptum

172 803 265 853 inec
287 805 337 852 et
380 795 780 859 conculcamus,
845 795 895 849 si
933 792 1232 862 consepulti
1271 808 1458 846 sumus
1505 790 1722 846 Chrile
1821 803 1906 850 est
1949 812 1962 847 :
2005 794 2201 848 Beatus
2244 795 2334 864 qui
2386 793 2562 864 uigilat
2604 804 2655 848 ct
2697 797 2924 849 custodit
2975 798 3271 851 vestimenta
3308 816 3407 851 sua

169 891 311 944 etiam
355 887 652 943 secundum
695 884 822 940 illud
861 886 1007 956 quod
1065 885 1181 955 ipse
1213 885 1344 938 dicit
1378 882 1555 936 :Ecce
1601 881 1722 936 dedi
1824 879 2008 951 (Apoc.
2043 880 2296 949 “1,15).
2347 880 2482 946 Quia
2529 896 2660 951 ergo
2703 882 2884 937 omnia
2927 883 2980 936 in
3019 883 3271 953 baptismi
3320 901 3408 937 ra-

166 979 287 1032 vobis
327 985 630 1047 potestatem
664 975 907 1029 calcandi
969 991 1130 1044 super
1171 982 1435 1043 serpentes
1491 981 1540 1025 et
1575 986 1721 1025 scor—
1827 972 1972 1027 tione
2014 971 2262 1026 redolent
2290 972 2582 1042 mysteriis,
2612 979 2668 1026 et
2696 974 3000 1028 exuberant
3035 977 3409 1038 sacramentis,

166 1072 342 1140 pioues,
397 1079 446 1123 et
467 1084 623 1138 super
661 1083 864 1120 omnem
908 1067 1150 1120 virtutem
1203 1064 1398 1117 inimici
1458 1061 1610 1134 (Luc.
1652 1079 1707 1125 x,
1825 1071 2185 1132 Opportunum
2231 1070 2353 1116 erat
2406 1068 2466 1114 ut
2512 1075 2685 1115 novus
2737 1062 2903 1118 homo
2950 1078 3088 1118 nova
3145 1065 3411 1133 acciperet

166 1161 260 1229 i9).
323 1159 451 1226 Quae
493 1157 706 1228 singula
741 1157 814 1210 ita
854 1164 980 1210 sunt
1002 1153 1276 1210 contraria
1313 1163 1515 1208 sancta:
1552 1151 1729 1206 Trini-
1827 1152 2149 1206 vestimenta
2198 1159 2255 1206 et
2302 1159 2565 1221 purgatus
2620 1151 2824 1206 veteris
2877 1168 3033 1208 noxae
3091 1155 3413 1218 colluvione,

164 1255 245 1306 tati
284 1261 342 1307 ut
388 1267 496 1306 nox
548 1251 686 1314 diei,
729 1257 791 1303 ut
838 1248 1072 1303 tenebrm
1122 1245 1251 1311 luci,
1292 1254 1352 1299 ut
1387 1244 1726 1299 mendacium
1828 1243 2177 1300 candidarum
2203 1243 2437 1299 vestium
2460 1243 2774 1298 indueretur
2801 1245 2997 1298 nitore.
3032 1245 3243 1316 Moyses
3268 1249 3412 1301 enim

167 1345 394 1398 veritati.
446 1343 591 1397 Fons
636 1356 850 1411 quoque
871 1339 1127 1409 baptismi
1154 1337 1568 1392 similitudinem
1591 1335 1732 1406 gerit
1831 1336 2009 1390 Aaron
2039 1342 2094 1388 et
2121 1333 2260 1389 filios
2284 1332 2401 1400 ejus
2425 1334 2575 1404 prius
2611 1335 2767 1402 aquis
2803 1334 2954 1399 lavit,
2983 1345 3040 1390 et
3063 1346 3189 1405 post
3235 1338 3418 1391 linteis

161 1436 384 1505 sepulcri
424 1433 648 1496 Christi,
693 1431 838 1502 quod
881 1446 1082 1486 novum
1125 1430 1295 1485 fuisse
1342 1428 1730 1499 legitur:quia
1833 1425 2006 1480 induit
2049 1423 2422 1487 vestimentis,
2471 1425 2596 1492 quia
2642 1432 2696 1478 et
2737 1432 2924 1479 noster
2970 1439 3131 1480 verus
3180 1425 3412 1497 Moyses,

159 1530 452 1599 quicunque
479 1529 534 1582 in
574 1541 638 1581 eo
682 1523 1047 1594 consepelitur
1074 1522 1294 1578 Christo
1315 1530 1371 1576 et
1405 1521 1455 1577 ei
1498 1535 1725 1576 consur-
1832 1518 1923 1586 qui
1959 1515 2215 1587 populum
2238 1516 2304 1570 de
2329 1514 2650 1586 Egyptiaca
2671 1518 2952 1582 servitute,
2991 1517 3058 1572 de
3097 1519 3418 1588 gentilitatis

153 1623 221 1691 git
256 1620 561 1675 secundum
588 1617 834 1673 eumdem
879 1614 1218 1685 Apostolum,
1251 1613 1305 1668 in
1343 1613 1584 1668 novitate
1607 1611 1733 1665 vitae
1833 1609 2090 1664 videlicet
2127 1622 2312 1663 errore
2365 1605 2592 1670 liberat,
2652 1607 2744 1675 qui
2789 1617 2871 1662 est
2925 1609 3186 1664 mediator
3225 1608 3318 1663 Dei
3361 1622 3416 1662 et

154 1709 496 1764 deambulare
532 1707 708 1761 debet.
736 1704 899 1773 Cujus
921 1703 1086 1760 fontis
1109 1712 1315 1774 septem
1353 1701 1574 1774 gradus,
1605 1710 1717 1755 tres
1834 1702 2146 1766 hominum,
2199 1699 2282 1755 sui
2330 1715 2429 1754 nos
2479 1699 2857 1754 inenarrabilis
2900 1701 3225 1754 sacramenti
3269 1702 3409 1755 unda

150 1799 198 1852 in
231 1800 500 1854 descensu
547 1805 657 1851 tres
702 1803 910 1859 noctes,
971 1802 1027 1849 et
1068 1805 1179 1848 tres
1227 1793 1282 1846 in
1329 1807 1557 1847 ascensu
1617 1799 1729 1844 tres
1759 1780 1806 1838 Β
1833 1795 2107 1866 pintificat,
2139 1801 2193 1848 et
2222 1793 2486 1847 bonorum
2523 1806 2746 1860 operum
2794 1791 3119 1846 indumentis
3161 1802 3411 1847 exornat.

148 1888 258 1942 dies
305 1885 622 1958 significare
671 1883 946 1948 videntur,
1006 1883 1072 1936 de
1113 1883 1311 1952 quibus
1368 1881 1619 1950 superius
1652 1880 1734 1934 ὀὶ·
1837 1885 2005 1953 Cujus
2049 1883 2238 1948 facies,
2270 1882 2632 1937 manifestatio
2669 1881 2922 1935 videlicet
2956 1881 3251 1934 divinitatis
3276 1880 3414 1948 ejus,

3299 325 3399 378 είς

147 1991 303 2034 ctum
347 1987 455 2033 est.
499 1977 772 2047 Septimus
806 1990 956 2036 vero,
1001 1975 1091 2043 qui
1137 1981 1193 2028 et
1230 1984 1473 2047 quartus,
1514 1971 1602 2026 ille
1655 1983 1742 2026 est

145 2072 204 2124 de
243 2085 371 2138 quo
407 2045 623 2136 quidam
650 2066 724 2118 ait
757 2063 864 2117 :Et
919 2075 1156 2134 aspectus
1192 2064 1370 2132 quarti
1409 2045 1598 2116 similis
1625 2061 1740 2131 ﬁlio

147 2159 241 2212 Dei
290 2158 468 2229 (Dan.
509 2172 596 2224 tu,
639 2155 750 2226 92).
791 2153 892 2228 Qui
936 2154 1212 2209 fornacem
1242 2155 1381 2224 ignis
1421 2153 1740 2223 exstinguit,

143 2252 228 2320 (ιυί
277 2259 375 2304 est
409 2247 835 2302 stabilimentum
861 2245 1077 2316 pedum,
1119 2245 1523 2300 fundamentum
1557 2260 1737 2313 aquae;

144 2343 194 2394 in
233 2357 382 2412 quo,
401 2337 558 2408 juxta
590 2327 929 2407 Apost‘oium,
979 2335 1246 2389 lnltabitat
1272 2337 1440 2390 omnis
1471 2334 1740 2406 plenitudo

145 2435 451 2487 divinitatis
492 2428 838 2501 corporaliter
868 2427 1092 2500 (Coloss.
1132 2443 1194 2491 ιι,
1231 2416 1306 2496 9).
1334 2426 1539 2481 idcirco
1561 2434 1740 2479 autem

144 2515 457 2594 baptismus
493 2537 602 2576 non
647 2521 897 2588 iteratur,
944 2520 1069 2590 quia
1101 2529 1156 2574 et
1188 2520 1440 2574 Christus
1471 2534 1581 2574 non
1616 2533 1733 2572 am-

145 2617 285 2682 plius
331 2629 500 2684 quam
562 2611 727 2667 semel
779 2611 1027 2666 moritur.
1081 2611 1309 2666 Peccata
1379 2612 1546 2674 enim,
1617 2625 1740 2680 qua:

146 2717 266 2776 post
309 2705 648 2775 baptismum
710 2702 1141 2766 committuntur,
1186 2701 1523 2772 pteuitentia:
1561 2699 1739 2770 lacry-

148 2799 271 2860 mis,
314 2793 700 2865 elcemosynis,
735 2802 790 2848 et
811 2794 1018 2848 cancris
1053 2794 1314 2847 bonorum
1338 2807 1562 2863 cperam
1585 2792 1740 2846 exhi-

149 2889 496 2952 bitionibus,
549 2902 659 2941 non
712 2885 1058 2956 baptismatis
1122 2885 1409 2940 iteratione
1471 2884 1736 2939 delentur.

147 2981 442 3035 Dominico
490 2979 700 3034 interea
754 2978 965 3047 corpori
1014 2977 1322 3047 sepeliendo
1382 2976 1740 3031 mundissima

148 3070 484 3126 linteamina
536 3078 593 3125 et
633 3077 872 3122 aromata
903 3068 1250 3132 adhibentur,
1287 3066 1412 3136 quia
1461 3074 1516 3121 et
1555 3067 1621 3122 is
1647 3067 1738 3136 qui

145 3163 377 3218 Christo
415 3159 741 3230 consepeliri
777 3159 1067 3224 desiderat,
1114 3159 1159 3214 si
1191 3157 1307 3227 jam
1347 3166 1479 3212 aetas
1513 3159 1742 3228 permit-

147 3257 230 3321 tit,
277 3255 543 3328 quamvis
595 3261 839 3308 mortuus
877 3253 947 3308 sit
987 3267 1082 3322 per
1131 3251 1398 3322 originale
1436 3259 1742 3321 peccatum,

147 3345 294 3412 quod
338 3343 527 3398 adhuc
567 3332 772 3412 porta't,
817 3342 976 3397 debet
1016 3349 1198 3396 tamen
1228 3343 1494 3396 bonorum
1521 3354 1746 3409 operum

149 3435 500 3491 exhibitione
533 3433 784 3504 ﬂagrare,
841 3441 897 3488 et
936 3433 1155 3487 mundis
1197 3431 1348 3486 indui
1393 3432 1654 3492 vestibus,
1683 3430 1750 3483 de

147 3529 357 3596 quibus
399 3527 668 3598 propheta
709 3526 1023 3581 sacerdotes
1075 3525 1394 3591 indui.orat
1435 3538 1557 3578 cum
1579 3522 1748 3576 dicit:

152 3617 481 3673 Sacerdotes
513 3619 590 3673 tui
622 3619 914 3673 induantur
943 3619 1213 3689 justitiam
1236 3616 1408 3691 (Psal.
1449 3633 1634 3683 cxxxr,
1670 3615 1749 3688 9).

149 3708 206 3765 Si
254 3727 404 3784 ergo
443 3719 739 3781 antequam
759 3719 1101 3777 renascatur,
1145 3718 1202 3766 et
1233 3710 1484 3782 originali
1526 3719 1751 3780 peccato

149 3813 449 3874 purgetur,
488 3813 545 3858 et
582 3801 800 3858 Christo
837 3803 1256 3872 consepeliatur,
1293 3803 1626 3858 aromatibus
1655 3802 1750 3857 de-

148 3893 242 3947 bet
284 3894 563 3963 fragrare,
627 3891 851 3948 odorem
911 3903 1192 3963 praestare,
1246 3903 1304 3949 et
1374 3893 1749 3950 mundissimis

147 3985 415 4038 vestibus
463 3983 636 4050 indui,
689 3992 892 4052 quanto
945 3985 1118 4055 magis
1177 3993 1419 4050 renatus,
1456 3991 1748 4056 purgatus,

150 4073 390 4130 Christo
431 4071 868 4139 conviviﬁcatus,
907 4073 963 4128 in
1024 4075 1261 4130 novitate
1306 4076 1430 4130 vita:
1469 4076 1753 4131 ambulans

145 4181 295 4220 nova
362 4175 618 4220 creatura
651 4164 894 4230 effectus,
922 4173 974 4220 et
997 4165 1178 4220 odoris
1216 4164 1513 4238 fragrantia
1555 4167 1754 4222 exube-

147 4269 302 4318 rare,
336 4264 404 4310 et
437 4255 795 4310 candidorum
837 4257 1282 4312 vestimentorum
1330 4258 1629 4313 clarescere
1667 4258 1757 4313 de-

144 4348 244 4402 bet
282 4348 520 4404 nitore?

901 4441 1037 4496 XIV.

567 4526 678 4583 Cur
699 4529 831 4585 albis
858 4531 1100 4586 induitur
1123 4533 1362 4586 vestibus.

223 4617 307 4674 Ut
353 4633 492 4689 ergo
533 4634 654 4685 nos,
689 4621 780 4690 qui
827 4623 1031 4676 mundo
1077 4623 1358 4688 morimur,
1393 4621 1608 4677 Christo
1634 4637 1765 4678 con-

133 4711 474 4783 surgimus,
499 4712 766 4767 bonorum
785 4728 1007 4784 operum
1035 4715 1209 4768 nitore
1238 4714 1546 4779 induamur,
1576 4725 1631 4768 et
1652 4729 1765 4769 cte-

135 4804 401 4858 lestium
428 4803 750 4873 gaudiorum
802 4819 897 4874 spe
940 4803 1343 4868 confirmemur,
1387 4804 1767 4859 decentissima

131 4897 394 4952 ratione
438 4896 688 4966 angelus,
736 4898 829 4965 qui
875 4897 992 4966 ejus
1033 4897 1487 4952 resurrectionem
1531 4896 1765 4966 nuntiat,

134 4994 198 5046 in
230 4991 407 5046 albis
438 4990 684 5045 vestibus
711 4991 906 5045 sedere
935 4991 1282 5056 describitur,
1318 4997 1374 5045 et
1401 4990 1491 5060 qui
1520 4991 1636 5060 ejus
1680 5006 1769 5045 re-
1833 5016 1844 5024 ι

130 5087 346 5142 ditum
396 5083 654 5154 apostolis
685 5083 938 5136 nuntiant
973 5084 1028 5138 in
1060 5083 1197 5137 albis
1222 5083 1462 5139 vestibus
1487 5092 1769 5153 apparent,

128 5189 195 5236 et
227 5193 362 5234 nos
410 5175 546 5231 albis
581 5184 705 5246 post
749 5175 1072 5245 baptismum
1112 5176 1386 5230 induimur
1423 5176 1682 5240 vestibus,
1715 5184 1776 5229 nt

122 5265 514 5325 munditiam
557 5274 842 5320 teneatnus
888 5265 941 5318 in
977 5279 1142 5333 opere
1179 5280 1342 5335 quam
1380 5265 1689 5334 accepimus
1719 5264 1773 5318 in

126 5356 626 5430 regeneratione,
664 5363 946 5410 servantes
979 5365 1034 5409 et
1068 5363 1311 5411 nostram
1347 5356 1775 5420 innovationem,

127 5462 195 5507 et
229 5445 504 5518 angelici
539 5447 843 5518 splendoris
872 5447 1143 5511 decorem,
1172 5457 1228 5503 et
1258 5449 1452 5503 dentur
1485 5449 1641 5504 nobis
1667 5450 1780 5503 sin-

124 5545 309 5614 gulis
384 5539 539 5594 stolae
587 5539 746 5604 albae,
798 5553 923 5610 spes
967 5539 1217 5594 videlicet
1259 5539 1682 5594 immortalitatis
1725 5549 1782 5594 et

125 5642 420 5688 :eternm
441 5627 731 5693 felicitatis,
755 5637 814 5682 ut
835 5643 960 5683 (um
989 5629 1250 5699 propheta
1277 5629 1456 5684 dicere
1478 5630 1776 5700 possimus:

124 5721 452 5780 Gaudeas
491 5719 728 5789 gaudebo
769 5720 824 5772 in
865 5718 1109 5787 Domino,
1155 5730 1202 5773 et
1248 5721 1524 5777 exsultavit
1565 5724 1780 5794 spiritus

541 5811 816 5870 PsTnoL.
864 5811 991 5870 CV.

1841 1974 2150 2029 testimonio
2176 1972 2310 2043 legis
2339 1980 2393 2026 et
2418 1972 2803 2041 prophetarum
2853 1972 2908 2024 in
2955 1979 3136 2024 monte
3165 1970 3420 2025 Ecclesia:

1843 2073 1900 2118 ut
1939 2063 2019 2118 sol
2050 2061 2391 2132 resplendet,
2420 2069 2476 2115 ct
2499 2061 2822 2115 vestimenta
2859 2059 2993 2127 ejus,
3033 2059 3084 2113 id
3123 2068 3208 2114 est
3247 2062 3421 2114 sancti

1842 2169 2050 2231 omnes,
2098 2152 2402 2208 eﬂiciuntur
2442 2153 2583 2206 sicut
2631 2151 2751 2205 lana
2801 2151 2945 2217 alba,
2993 2151 3070 2206 vel
3117 2151 3258 2206 sicut
3309 2153 3419 2205 nix.

1841 2245 1940 2302 Cui
1988 2261 2112 2301 cum
2139 2244 2462 2315 Apocalypsi
2486 2244 2687 2314 gratias
2725 2258 2975 2312 agamus,
3019 2245 3110 2314 qui
3151 2243 3276 2299 lavit
3321 2263 3416 2299 nos

1840 2357 1871 2393 a
1895 2340 2120 2409 peccatis
2145 2338 2339 2391 nostris
2364 2337 2418 2390 in
2439 2336 2694 2407 sanguine
2717 2353 2833 2401 suo,
2859 2347 2906 2390 et
2927 2338 3048 2408 fecit
3078 2354 3170 2391 nos
3205 2354 3418 2407 regnum

1839 2439 1888 2483 et
1923 2428 2218 2482 sacerdotes
2240 2427 2351 2482 Deo
2375 2425 2532 2482 Patri
2566 2444 2692 2493 suo,
2727 2430 2811 2482 cui
2844 2439 2919 2483 est
2943 2428 3111 2499 gloria
3137 2430 3192 2483 in
3222 2429 3418 2484 strcula

1841 2518 2155 2574 swculorum
2183 2517 2367 2589 (Apoc.
2398 2535 2437 2584 ι,
2479 2518 2531 2581 5,
2575 2519 2653 2590 6).
2705 2519 2817 2573 Hoc
2855 2519 3057 2574 etenim
3104 2535 3329 2590 regnum
3363 2529 3418 2574 et

1841 2607 2235 2673 sacerdotium,
2284 2616 2340 2662 et
2382 2608 2581 2663 visibili
2628 2609 2939 2664 chrismatis
2991 2621 3264 2679 unguento
3324 2625 3421 2679 per

1841 2698 2204 2754 ministerium
2245 2699 2613 2762 sacerdotum,
2641 2708 2696 2754 et
2725 2699 2979 2755 invisibili
3013 2698 3247 2771 Spiritus
3290 2715 3417 2757 san-

1841 2791 1911 2847 cti
1943 2790 2118 2862 gratia
2149 2806 2180 2845 a
2210 2790 2438 2846 Domino
2465 2789 2675 2846 linitur.

2575 2903 2689 2958 XV.

2055 2994 2166 3052 Cur
2192 3013 2343 3052 sacro
2375 2997 2655 3051 chrismate
2687 3008 2842 3068 caput
2872 2998 3201 3069 perungitur.

1914 3087 2080 3157 Cujus
2127 3089 2389 3163 unguenti
2438 3097 2840 3145 sacramentum
2888 3106 2918 3144 a
2966 3091 3146 3162 Moyse
3190 3093 3424 3161 primum

1839 3178 2064 3247 iubente
2093 3182 2320 3236 Domino
2349 3182 2404 3235 in
2437 3182 2621 3235 Exodo
2651 3181 2849 3252 legitur
2883 3184 3257 3253 compositum,
3290 3193 3344 3237 et
3375 3187 3428 3240 in

1845 3268 1996 3324 Novo
2021 3269 2370 3325 Testamento
2421 3285 2452 3323 a
2482 3271 2711 3325 Domino
2756 3275 3024 3327 veraciter
3072 3274 3426 3339 declaratum,

1847 3358 1941 3426 qui
1979 3366 2172 3412 unctus
2202 3368 2287 3412 est
2317 3374 2347 3412 a
2372 3359 2535 3411 Patre
2562 3359 2684 3413 oleo
2721 3359 2920 3413 lmtitia:
2944 3376 3056 3429 pra:
3087 3363 3431 3418 consortibus

1851 3447 2009 3510 suis;
2073 3447 2158 3499 cui
2210 3462 2316 3500 non
2364 3446 2433 3500 ad
2480 3461 2789 3501 mensuram
2840 3449 2934 3502 dat
2975 3448 3118 3502 Deus
3161 3449 3437 3518 spiritum,

1852 3537 2107 3606 quoniam
2144 3537 2196 3590 in
2236 3537 2350 3608 ipso
2387 3537 2598 3592 habitat
2634 3536 2813 3593 omnis
2843 3538 3118 3610 plenitudo
3143 3541 3449 3598 divinitatis

1851 3628 2226 3699 corporaliter.
2278 3629 2380 3700 Ipsi
2431 3628 2575 3683 enim
2602 3621 2843 3685 Ecclesia
2877 3631 3008 3686 dicit
3036 3651 3047 3685 :
3074 3630 3259 3686 Oleum
3302 3636 3436 3705 c/fu-

1851 3740 1969 3778 sum
2003 3732 2076 3777 est
2115 3738 2302 3777 nomen
2338 3732 2518 3786 tuum,
2561 3723 2678 3777 ideo
2708 3723 3112 3780 adolescentulw
3141 3725 3436 3781 dilexerunt

1853 3826 1901 3870 te
1922 3813 2099 3888 (Cant.
2130 3831 2169 3879 ι,
2189 3813 2276 3887 2);
2307 3817 2432 3886 quia
2460 3814 2730 3880 videlicet,
2759 3824 2814 3871 et
2839 3833 2867 3870 a
2894 3817 3188 3873 chrismate
3209 3820 3436 3884 Christi,

1852 3917 1909 3963 at
1955 3924 1985 3962 a
2015 3907 2233 3963 Christo
2271 3907 2704 3964 Christianorum
2758 3923 2953 3964 nomen
3015 3919 3262 3966 exortum
3327 3923 3430 3967 est.

1854 4000 1992 4054 Ante
2022 3999 2310 4054 adventum
2356 4001 2560 4054 etenim
2603 3999 2743 4069 ejus,
2774 4016 2926 4071 reges
2973 4000 3309 4056 solummodo
3336 4019 3436 4056 un-

1856 4089 2119 4158 gehantur
2171 4096 2226 4144 et
2283 4089 2625 4155 sacerdotes,
2671 4089 2762 4159 qui
2813 4091 2976 4143 etiam
3023 4089 3222 4145 Christi
3268 4105 3436 4144 voca-

1857 4180 2058 4234 bantur
2098 4195 2112 4234 :
2155 4185 2277 4248 post
2309 4178 2599 4232 adventum
2629 4193 2762 4233 vero
2808 4178 2945 4248 ejus,
2994 4194 3101 4233 non
3123 4179 3237 4247 jam
3264 4179 3437 4233 solum

1858 4282 2015 4339 reges
2041 4276 2090 4321 et
2117 4266 2450 4331 sacerdotes,
2487 4267 2582 4321 sed
2617 4267 2793 4320 omnis
2819 4268 2921 4321 hac
2955 4267 3212 4321 unctione
3257 4281 3448 4321 consc-

1792 4398 1808 4410 .
1860 4363 2048 4408 cratur
2088 4351 2352 4415 Ecclesia,
2384 4352 2508 4419 quia
2547 4360 2763 4406 constat
2800 4367 2919 4406 eam
2958 4367 3079 4406 esse
3123 4367 3349 4423 regnum
3389 4364 3446 4408 et

1790 4448 1840 4506 D
1865 4441 2249 4504 sacerdotium,
2289 4449 2346 4494 et
2384 4440 2522 4496 filios
2550 4439 2665 4509 ejus
2701 4457 2855 4512 reges
2889 4450 2943 4496 et
2978 4443 3310 4498 sacerdotes.
3342 4444 3448 4497 Ba-

1863 4533 2190 4602 ptizatorum
2237 4531 2420 4600 itaque
2449 4532 2627 4600 capita
2657 4531 2951 4586 chrismate
2990 4532 3268 4593 liniuntur,
3303 4544 3364 4588 ut
3393 4535 3448 4588 in

1867 4637 2034 4693 regno
2075 4629 2130 4677 et
2175 4621 2485 4676 sacerdotio
2510 4621 2768 4676 Ecclesia:
2801 4621 3046 4687 delibuti,
3077 4632 3130 4677 et
3155 4623 3446 4681 Christiani

1869 4711 2102 4767 nominis
2143 4711 2554 4781 prazrogativam
2604 4711 2895 4782 accipiant,
2945 4721 2999 4769 et
3048 4714 3164 4785 ejus
3205 4717 3448 4773 membra

1869 4799 1960 4870 qui
1990 4815 2085 4855 eos
2113 4799 2340 4855 redemit
2365 4809 2420 4855 et
2448 4815 2634 4856 eorum
2665 4811 2826 4872 caput
2852 4811 2956 4869 est,
2986 4803 3122 4859 eﬂici
3137 4805 3371 4863 valeant.

2596 4916 2729 4972 XVI.

2230 5001 2340 5056 Cur
2365 5005 2582 5074 mystico
2614 5005 2805 5075 tegitur
2825 5004 3100 5062 velamine.

1946 5095 2082 5162 Quia
2118 5094 2282 5166 igitur
2319 5095 2460 5150 idem
2488 5094 2820 5166 Redemptor
2857 5106 3044 5152 noster
3079 5114 3197 5165 rex,
3241 5099 3328 5156 cui
3358 5116 3456 5170 per

1877 5185 2193 5256 prophetam
2230 5185 2462 5239 dicitur:
2490 5183 2726 5256 Regnum
2765 5197 2936 5253 tuum,
2961 5188 3208 5254 Domine,
3238 5203 3454 5259 regnum

1879 5279 2110 5330 omnium
2142 5276 2476 5342 seculorum,
2511 5288 2557 5332 et
2581 5278 2870 5334 dominatio
2906 5290 3000 5335 tua
3037 5283 3093 5334 in
3131 5282 3271 5335 omni
3301 5295 3458 5348 gene-

1881 5368 2086 5422 ratione
2105 5376 2154 5421 et
2172 5370 2556 5438 generationem
2583 5368 2754 5440 (Psal.
2781 5387 2959 5436 cxmv,
2988 5370 3099 5442 l3),
3143 5369 3234 5436 qui
3270 5367 3458 5421 diabo-

1883 5455 2014 5522 lum,
2054 5465 2309 5524 mortem,
2341 5467 2398 5514 et
2429 5459 2688 5512 mundum
2721 5460 2949 5515 mirifice
2981 5454 3334 5524 triumphavit
3361 5472 3373 5506 :
3407 5464 3463 5508 et

1855 5549 2157 5613 sacerdos,
2201 5550 2288 5604 cui
2316 5564 2415 5619 per
2443 5551 2692 5605 eumdem
2741 5552 3058 5621 prophetam
3111 5546 3348 5600 dicitur:
3384 5545 3463 5600 Tu

1884 5655 1950 5690 es
1979 5638 2223 5692 sacerdos
2264 5639 2318 5692 in
2347 5648 2602 5693 wternum
2645 5638 2930 5690 secundum
2978 5633 3214 5687 ordinem
3247 5633 3468 5688 Melchi-

1887 5726 2067 5781 sedech
2093 5727 2262 5798 (Psal.
2291 5743 2402 5795 cur,
2427 5727 2504 5797 4),
2531 5726 2622 5794 qui
2652 5739 2709 5779 se
2737 5726 2845 5779 Deo
2875 5724 3022 5777 Patri
3050 5723 3103 5776 in
3133 5725 3464 5779 sacrificium

2935 5816 2973 5875 8
