3998 6182
1474 367 1861 432 TIIEODULFI
1902 360 2456 423 AURELIANENSIS
2493 359 2707 417 EPISC.
2738 404 2739 409 η

3635 350 3745 405 256

460 500 704 559 obtulit:
745 494 1183 553 decentissimum
1212 498 1295 545 est
1323 496 1385 542 ut
1421 492 1608 542 sancta
1637 479 1754 551 ejus
1780 476 2048 538 Ecclesia,
2080 473 2129 532 A
2154 470 2368 526 Domini
2402 469 2553 525 Iesu.
2612 464 2757 522 Tunc
2795 465 3127 536 imponebant
3171 470 3361 517 manus
3402 477 3559 532 super
3598 462 3747 529 illos,

468 606 594 663 quze
623 589 807 659 utique
842 600 1039 655 corpus
1068 581 1187 652 ejus
1212 588 1314 643 est,
1345 585 1400 634 et
1429 588 1656 647 regnum
1688 575 1761 629 sit
1790 579 1847 627 et
1874 583 2057 625 sacer-

473 661 713 743 dotium,
743 685 800 733 et
827 690 927 731 nos
967 675 1022 728 in
1063 688 1126 727 ea
1156 669 1459 741 regenerati
1479 708 1494 731 ,
1525 665 1616 737 qui
1652 663 1771 733 ejus
1812 661 2055 716 membra

471 790 682 839 smnus,
709 784 865 842 reges
892 768 1063 823 simus
1092 773 1147 820 et
1168 762 1515 827 sacerdotes;
1554 773 1727 829 rcges,
1766 764 1827 810 ut
1854 765 1909 810 et
1934 769 2058 810 con-

470 876 561 924 tra
599 861 868 919 diabolum
898 856 1129 912 viriliter
1160 855 1505 918 dimicemus,
1544 860 1603 905 et
1634 844 2059 905 administratio-

468 973 601 1014 neut
629 954 752 1009 vitte
781 958 980 1007 nostra:
1021 945 1327 1003 admirabili
1356 942 1760 1014 dispensatione
1786 939 2059 1009 guberne—

475 1062 635 1102 mus:
663 1051 721 1098 et
760 1040 1092 1103 sacerdotes,
1132 1046 1193 1091 ut
1232 1036 1287 1091 in
1329 1031 1529 1103 templo
1552 1032 1647 1087 Dei
1687 1037 1876 1085 sancto
1918 1026 2062 1097 quod

477 1151 666 1193 sumus
694 1149 814 1199 nos,
856 1132 1030 1187 altare
1071 1128 1195 1184 ﬁdei
1233 1126 1584 1187 aedificantes,
1615 1123 1882 1177 bonorum
1935 1133 2060 1188 ope—

474 1244 596 1286 rum
624 1228 676 1284 ei
701 1225 912 1297 hostias
940 1220 1198 1294 paciticas
1232 1215 1546 1280 oll'eramus,
1576 1222 1633 1268 et
1660 1227 1784 1269 cum
1806 1209 2063 1281 Apostolo

474 1322 719 1377 dicamus
755 1336 769 1371 :
805 1313 1121 1371 Benedictus
1168 1309 1307 1363 Deus
1337 1316 1386 1361 et
1433 1306 1596 1360 Pater
1635 1304 1848 1358 Domini
1898 1301 2063 1355 nostri

475 1412 606 1466 Iesu
639 1407 855 1472 Christi,
888 1405 978 1476 qui
1019 1397 1279 1457 benedixit
1310 1415 1402 1453 nos
1445 1398 1499 1451 in
1541 1397 1682 1451 omni
1713 1392 2066 1448 benedictione

477 1499 706 1573 spiritali
747 1499 804 1552 in
845 1493 1135 1551 calesﬁbus
1177 1493 1233 1546 in
1275 1489 1484 1545 Christo
1531 1487 1747 1559 (Ephes.
1775 1502 1815 1549 ι,
1866 1486 1942 1552 5).
1992 1485 2066 1538 De

481 1606 592 1661 quo
638 1589 798 1643 altari
842 1586 1022 1641 fumus
1066 1583 1374 1640 orationum
1405 1588 1714 1634 nostrarum
1745 1578 1793 1632 ei
1825 1575 2066 1645 quotidie

482 1678 777 1744 ascendat,
817 1676 970 1746 juxta
1005 1674 1134 1728 illud
1162 1671 1306 1741 quod
1341 1670 1419 1723 ait
1456 1668 1760 1738 propheta:
1792 1665 2068 1734 Dirigatur

480 1771 654 1827 oratio
702 1785 817 1823 mea
857 1770 992 1822 sicut
1031 1767 1300 1819 incensum
1342 1763 1397 1814 in
1430 1767 1709 1829 conspectu
1760 1766 1851 1810 tuo
1891 1755 2062 1825 (Psat.

2156 575 2203 618 et
2263 563 2584 634 accipiebant
2632 560 2888 632 Spiritum
2938 568 3200 613 sanctum.
3265 556 3514 626 Denique
3571 557 3751 611 scien-

2158 657 2283 712 dum
2331 664 2453 719 est,
2523 654 2649 722 quia
2704 652 2845 707 sicut
2905 659 3103 707 caetera
3162 648 3508 719 baptismatis
3562 664 3751 705 sacra-

2158 755 2339 802 menta
2385 759 2483 815 per
2520 744 2830 799 sacerdotes
2877 740 3166 795 visibiliter
3207 738 3381 802 fiunt,
3429 753 3530 809 per
3576 739 3751 794 Deum

2158 837 2504 893 invisibiliter
2565 841 2999 899 consecrantur,
3057 834 3131 888 ita
3207 832 3462 886 nimirum
3520 841 3575 888 et
3629 831 3754 901 Spi—

2161 930 2297 982 ritus
2343 927 2518 982 sancti
2566 926 2739 996 gratia
2786 940 2884 995 per
2936 923 3338 995 impositionem
3394 926 3655 977 manuum
3700 932 3757 978 et
3791 922 3839 962 θ

2162 1016 2521 1072 ministerium
2585 1015 2961 1084 episcoporum
3011 1012 3257 1069 fidelibus
3308 1012 3545 1067 traditur
3581 1031 3596 1071 :
3632 1028 3759 1084 pre-

2163 1108 2368 1179 sbyteri
2398 1121 2549 1172 vero,
2582 1106 2710 1161 licet
2750 1106 2859 1160 sint
2898 1104 3243 1169 sacerdotes,
3279 1103 3631 1174 pontificatus
3668 1114 3750 1159 ta-

2164 1213 2288 1253 men
2321 1198 2527 1267 apicem
2560 1212 2665 1250 non
2691 1196 2913 1250 habent.
2966 1195 3082 1252 Hoc
3114 1202 3294 1250 autem
3326 1194 3458 1250 solis
3484 1194 3759 1264 pontiﬁci-

2166 1291 2271 1345 bus
2299 1290 2505 1353 deberi,
2541 1296 2599 1342 ut
2632 1288 2715 1343 vel
2744 1288 2979 1358 signent,
3004 1288 3087 1342 vel
3124 1286 3459 1358 paracletum
3487 1286 3758 1358 Spiritum
3813 1280 3830 1297 ⁸

2174 1383 2412 1446 tradant,
2458 1396 2563 1433 non
2615 1380 2788 1435 solum
2851 1379 3184 1434 consuetudo
3242 1379 3612 1435 ecclesiastica
3664 1380 3760 1434 de-

2169 1480 2453 1531 monstrat,
2482 1482 2670 1524 verum
2709 1470 2874 1525 etiam
2917 1469 3166 1539 superior
3211 1470 3301 1524 Illa
3335 1469 3493 1523 lectio
3521 1468 3760 1523 Actuum

2170 1563 2575 1635 Apostolorum,
2610 1574 2729 1631 quae
2763 1562 2956 1616 asserit
2982 1552 3204 1615 Petrum
3249 1569 3302 1614 et
3344 1559 3608 1615 Joannem
3636 1576 3763 1616 esse

2170 1658 2446 1721 directos;
2498 1658 2598 1727 qui
2650 1654 2765 1723 jam
2811 1656 3098 1726 baptizatis
3152 1655 3433 1710 traderent
3488 1655 3760 1726 Spiritum

2172 1760 2437 1805 sanctum.
2490 1749 2625 1803 Nam
2666 1748 3029 1820 presbyteris,
3081 1748 3194 1802 sive
3242 1747 3591 1813 absentibus,
3644 1747 3762 1802 sive

484 1882 608 1929 exs,
632 1862 710 1934 2).
746 1861 933 1932 Capita
981 1859 1164 1928 itaque
1205 1869 1395 1911 eorum
1435 1853 1524 1922 qui
1573 1856 1963 1920 regenerantur
1999 1863 2064 1902 ex
2094 1831 2143 1892 Β
2169 1842 2529 1913 praesentibus
2559 1840 2848 1910 episcopis,
2882 1840 3158 1909 baptizare
3195 1848 3249 1895 et
3276 1840 3582 1910 baptizatos
3615 1839 3762 1893 chri-

479 1971 627 2027 aqua
664 1962 720 2009 et
748 1954 952 2024 Spiritu
989 1958 1178 2007 sancto
1216 1947 1445 2019 mystico
1480 1943 1751 2000 velamine
1789 1948 2065 2012 teguntur,

486 2056 545 2101 ut
572 2042 652 2102 eis
690 2059 789 2115 per
812 2044 1032 2098 Petrum
1059 2041 1272 2097 dicatur
1299 2054 1314 2094 :
1354 2034 1454 2091 Vos
1481 2036 1605 2090 estis
1631 2048 1793 2103 genus
1827 2032 2067 2095 electum,

483 2135 658 2208 regale
678 2132 1057 2196 sacerdotium,
1082 2147 1206 2203 gens
1232 2137 1438 2193 sancta,
1463 2126 1687 2199 populus
1710 2126 2070 2196 acquisitionis

480 2228 537 2299 (ι
564 2227 683 2281 Pet.
718 2241 778 2291 ιι,
806 2223 895 2293 9);
934 2231 995 2277 ιιι
1034 2223 1140 2277 hoc
1184 2220 1458 2275 velamine
1498 2225 1553 2272 et
1577 2216 1825 2272 diadema
1864 2215 2070 2285 regium

460 2325 543 2371 ,et
572 2316 929 2371 sacerdotalis
964 2313 1161 2383 capitis
1198 2312 1559 2366 velamentum
1608 2304 1943 2377 signiﬁcetur
1974 2318 1988 2357 :
2020 2312 2076 2358 et

485 2410 614 2477 quia
658 2423 758 2477 per
798 2414 962 2475 caput
1004 2420 1157 2459 mens
1197 2403 1517 2473 plerumque
1571 2400 1624 2454 in
1665 2396 1835 2453 sacro
1861 2396 2075 2466 eloquio

494 2498 667 2568 accipi
706 2495 868 2560 solet,
900 2494 1053 2562 juxta
1096 2494 1224 2548 illud
1256 2512 1270 2550 :
1318 2493 1577 2564 Respicite
1618 2502 1664 2547 et
1701 2491 1864 2546 levate
1902 2490 2074 2561 capita

486 2599 658 2644 uestra
684 2586 836 2660 (Luc.
864 2601 980 2653 ιιιιι,
1004 2586 1119 2658 28),
1149 2601 1303 2640 mens
1348 2594 1659 2640 renatorum
1705 2591 1760 2639 et
1803 2580 1965 2652 regiae
1994 2581 2077 2636 di-

487 2681 715 2752 gnitatis
759 2687 1101 2739 ornamenta,
1141 2684 1196 2731 et
1231 2674 1588 2731 sacerdotalis
1625 2673 1845 2729 verticis
1879 2670 2078 2726 habeat

493 2778 884 2843 tegumentum,
910 2777 969 2823 ut
997 2775 1050 2824 et
1078 2777 1266 2823 contra
1293 2768 1424 2821 vitia
1455 2764 1776 2821 sacerdotali
1809 2762 2076 2818 velamine

487 2862 788 2926 muniatur,
812 2867 867 2915 et
889 2860 1152 2914 virtutum
1177 2857 1407 2929 gemmis
1428 2856 1742 2928 spiritaliter
1764 2862 2075 2918 exornetur,

488 2962 547 3009 ct
578 2953 835 3008 unctione
864 2950 1201 3006 sacrosancti
1228 2950 1542 3005 chrismatis
1579 2948 1824 3002 liniatur.
1873 2944 2079 3011 Quibus

486 3045 657 3099 etiam
711 3041 1044 3113 scptiformis
1096 3041 1283 3111 gratia:
1347 3040 1567 3111 spiritus
1614 3054 1714 3108 per
1770 3036 2080 3093 chrismatis

501 3138 813 3193 unctionem
860 3135 1198 3200 conceditur,
1242 3141 1305 3187 ut
1349 3147 1457 3188 non
1499 3130 1673 3187 solum
1701 3130 1945 3199 spiritus,
1986 3128 2077 3197 qui

2172 1940 2347 1986 smate
2389 1945 2593 2001 ungere
2642 1929 2800 1994 licet,
2846 1930 2939 1985 sed
2985 1931 3132 2000 quod
3178 1930 3247 1983 ab
3305 1931 3558 2000 episcopo
3596 1929 3762 1984 fuerit

2171 2029 2552 2076 consecratum
2583 2039 2597 2075 :
2626 2034 2735 2073 non
2784 2033 2964 2075 tamen
3018 2019 3251 2074 frontem
3296 2034 3364 2074 ex
3412 2021 3603 2076 eodem
3642 2021 3841 2076 olco’

2165 2116 2413 2184 signare,
2456 2114 2598 2183 quod
2639 2114 2769 2168 solis
2804 2113 3032 2168 debetur
3064 2115 3333 2184 episcopis
3369 2128 3496 2169 cum
3540 2114 3761 2168 tradunt

2180 2203 2444 2273 Spiritum
2472 2204 2824 2275 paraclctum.
2867 2202 2969 2270 Qui
2990 2198 3235 2273 Spiritus
3261 2204 3566 2274 paraclet‘us
3596 2207 3765 2275 septi-

2176 2296 2363 2352 formis
2392 2297 2556 2351 etiam
2587 2297 2774 2367 gratiae
2803 2298 3017 2361 dicitur,
3056 2304 3279 2368 propter
3321 2299 3611 2367 septenarii
3661 2316 3762 2353 nu-

2176 2390 2310 2443 meri
2352 2389 2690 2459 mysterium,
2731 2389 2784 2443 in
2813 2402 2920 2458 quo
2963 2402 3169 2441 summa
3208 2386 3471 2456 perfectio
3509 2384 3765 2459 intelligi-

2178 2488 2282 2533 tur.
2330 2479 2421 2534 Est
2458 2479 2601 2532 enim
2637 2477 2971 2547 compos-itus
2999 2492 3065 2531 ex
3100 2486 3211 2531 toto
3238 2477 3415 2548 primo
3436 2478 3577 2548 pari,
3611 2484 3668 2531 et
3696 2494 3765 2532 ex

2178 2577 2291 2625 toto
2318 2571 2492 2641 primo
2544 2569 2737 2639 impari
2785 2586 2797 2623 :
2841 2584 2906 2624 ex
2950 2577 3063 2623 toto
3103 2569 3283 2639 primo
3319 2570 3435 2639 pari
3475 2569 3567 2639 qui
3596 2569 3763 2625 dividi

2177 2669 2374 2729 potest,
2403 2669 2458 2715 et
2488 2674 2555 2714 ex
2592 2667 2704 2714 toto
2737 2658 2914 2728 primo
2953 2658 3170 2729 impari,
3202 2658 3294 2728 qui
3326 2658 3489 2713 dividi
3529 2673 3641 2714 non
3668 2673 3765 2730 po-

2180 2759 2305 2805 test.
2355 2750 2527 2806 llabet
2566 2750 2711 2805 enim
2747 2750 2802 2804 in
2834 2751 3071 2804 ternario
3110 2749 3428 2820 mysterium
3454 2742 3762 2815 Trinitatis,

2180 2842 2235 2897 in
2273 2840 2623 2912 quaternario
2667 2839 2964 2909 Evangelii.
3011 2838 3139 2894 Sive
3174 2839 3319 2893 enim
3358 2846 3471 2894 tres
3501 2853 3599 2910 per
3634 2854 3769 2908 qua—

2182 2940 2326 2997 tuor,
2356 2932 2469 2987 sive
2494 2938 2727 3000 quatuor
2760 2944 2858 3000 per
2899 2939 3013 2985 tres
3048 2928 3496 3000 multiplicemur,
3529 2929 3597 2985 ad
3628 2930 3766 2985 duo-

2183 3024 2463 3080 denarium
2494 3035 2778 3077 numerum
2815 3022 3076 3093 surgitur,
3109 3022 3234 3091 quia
3266 3022 3587 3092 mysterium
3635 3032 3766 3077 san~

2183 3123 2284 3169 ctze
2312 3112 2619 3177 Trinitatis,
2649 3119 2704 3167 et
2728 3110 2975 3167 doctrina
3007 3110 3285 3183 Evangelii
3312 3127 3411 3182 per
3436 3126 3525 3166 xn‘
3548 3120 3769 3181 aposto-

492 3229 659 3282 uuius
686 3234 770 3281 est
797 3240 923 3281 eum
952 3224 1115 3279 Patre
1143 3189 1200 3278 el
1230 3222 1369 3278 Filio
1398 3189 1748 3285 substantiae,
1790 3219 1887 3275 sed
1916 3189 2081 3275 totius
2108 3189 2153 3253 Ο
2185 3205 2266 3260 ιοε
2308 3205 2362 3260 in
2394 3209 2626 3274 quam"
2666 3202 2852 3257 mundi
2887 3211 3087 3273 Panes:
3118 3203 3382 3285 ςπίεηιειη
3425 3202 3679 3258 Videnti“
3716 3210 3774 3256 εῑ

492 3325 697 3374 sanctae
723 3315 1011 3372 Trinitatis
1031 3313 1406 3371 habitaculum
1433 3311 1574 3367 etIici
1605 3320 1937 3366 mereantur.

1213 3445 1375 3505 XVII.

492 3564 607 3622 Cur
628 3566 695 3622 ab
726 3567 965 3639 episcopo
991 3565 1338 3639 conﬁrmatus
1366 3581 1459 3636 per
1482 3562 2083 3639 manus_'impositionem

771 3634 992 3706 accipiat
1014 3634 1335 3705 septiformis
1359 3634 1544 3704 gratia:
1563 3634 1825 3703 spiritum.

569 3770 725 3838 Quod
767 3784 898 3840 ergo
938 3768 1276 3839 presbyteris
1313 3767 1615 3837 baptizatos
1654 3766 1949 3822 chrismate
1987 3782 2088 3821 un-

496 3875 669 3931 gnere
696 3859 845 3924 licet,
873 3858 1137 3929 Spiritum
1164 3872 1296 3912 vero
1325 3865 1573 3911 sanetum
1612 3871 1710 3926 per
1746 3872 1940 3912 manus
1978 3858 2086 3912 im-

500 3951 828 4023 positionem
875 3950 1089 4005 tradere
1118 3964 1225 4004 non
1263 3948 1414 4013 licet,
1442 3948 1697 4018 antiquus
1733 3949 1836 4003 iste
1869 3962 1989 4004 mos
2019 3949 2088 4004 ab

499 4042 765 4115 apostolis
790 4041 1047 4098 Ecclesia:
1091 4048 1175 4095 est
1224 4040 1475 4095 traditus.
1509 4037 1602 4094 Sic
1638 4039 1785 4094 enim
1828 4039 2091 4094 scribitur

502 4136 561 4191 in
606 4133 836 4190 Actibus
877 4130 1296 4201 Apostolorum:
1327 4127 1555 4183 Factum
1603 4138 1679 4184 est
1722 4138 1919 4193 autem,
1966 4144 2086 4182 cum

500 4222 690 4296 Apollo
722 4232 853 4278 esset
890 4220 1167 4287 Corinthi,
1198 4229 1254 4274 ut
1284 4218 1488 4274 Paulus
1524 4218 1815 4289 peragratis
1844 4218 2085 4289 superio-

500 4318 647 4373 ribus
676 4313 914 4388 partibus
946 4314 1142 4368 veniret
1162 4311 1451 4383 Ephesum,
1476 4320 1524 4365 et
1558 4310 1811 4364 irweniret
1833 4309 2087 4380 quosdam

499 4409 820 4482 discipulos,
862 4408 1097 4478 dixitque
1145 4405 1215 4461 ad
1257 4422 1344 4461 eos
1384 4421 1404 4457 :
1446 4402 1508 4459 Si
1550 4401 1809 4473 Spiritum
1845 4408 2091 4483 sanctum

501 4502 777 4574 accepistis
809 4500 1074 4556 credentes
1096 4499 1122 4553 Ρ
1161 4498 1227 4551 At
1269 4496 1350 4551 illi
1390 4496 1637 4551 dixerunt
1671 4495 1741 4548 ad
1781 4509 1900 4549 eum
1931 4512 1949 4550 :
1985 4492 2088 4548 Sed

505 4611 668 4668 neque
688 4598 734 4650 si
749 4593 982 4667 Spiritus
1003 4602 1214 4649 mactus
1235 4601 1310 4648 est
1335 4591 1651 4646 audivimus.
1698 4588 1799 4643 Ille
1830 4604 1947 4643 vero
1980 4589 2088 4642 ait:

506 4688 576 4742 In
606 4703 710 4759 quo
748 4703 872 4759 ergo
912 4686 1166 4757 baptisati
1205 4686 1366 4740 estis?
1409 4683 1512 4750 Qui
1554 4682 1802 4736 dixerunt
1826 4679 2089 4735 :Ioannis

509 4778 837 4848 baptismate.
876 4777 1024 4832 Dixit
1060 4786 1235 4830 autem
1256 4773 1500 4829 Paulus:
1532 4770 1766 4827 Joannes
1812 4771 2090 4841 baptizavit

510 4865 766 4935 baptismo
806 4866 1120 4936 pauitentite
1156 4862 1440 4935 populum,
1488 4862 1701 4925 dicens,
1745 4862 1800 4914 in
1848 4877 1965 4915 eum
2002 4862 2093 4933 qui

509 4966 758 5011 venturus
795 4964 870 5010 est
899 4963 1014 5027 post
1048 4956 1223 5026 ipsum
1257 4953 1546 5016 crederent,
1576 4951 1674 5004 hoc
1707 4961 1783 5005 est
1813 4951 1867 5005 in
1887 4949 2093 5006 Iesum.

513 5043 614 5099 His
655 5044 874 5110 auditis,
925 5043 1180 5116 θαριὶιωὶ
1221 5051 1343 5098 sunt
1385 5042 1441 5096 in
1463 5042 1669 5096 nomine
1690 5040 1903 5096 Domini
1927 5040 2092 5109 Iesu;

509 5147 558 5191 et
586 5149 705 5190 cum
742 5136 1070 5208 imposuisset
1103 5134 1210 5191 illis
1245 5150 1433 5189 manus
1455 5129 1680 5199 Paulus,
1708 5134 1840 5188 venit
1863 5133 2093 5205 Spiritus

509 5238 724 5284 sanctus
759 5244 917 5302 super
947 5245 1052 5291 eos,
1079 5237 1128 5283 et
1152 5226 1499 5300 loquebantur
1528 5225 1720 5296 linguis
1750 5237 1799 5281 et
1820 5228 2096 5297 propheta-

512 5323 640 5378 bant
664 5317 807 5395 (Act.
830 5336 947 5386 XIX,
976 5320 1050 5393 I).
1090 5319 1222 5375 Item
1255 5319 1308 5375 in
1347 5319 1456 5374 alio
1486 5317 1604 5373 loco
1632 5336 1645 5371 :
1671 5316 1802 5373 Cum
1827 5318 2095 5373 audissent

511 5410 734 5484 apostoli
754 5408 847 5483 qui
875 5419 1023 5465 erant
1052 5407 1454 5479 Hierosolymis,
1478 5406 1603 5477 quia
1635 5406 1819 5477 recepit
1847 5404 2096 5461 Samaria

511 5501 721 5556 uerbum
744 5498 978 5566 Domini,
1009 5499 1261 5554 miserunt
1286 5497 1356 5552 ad
1378 5514 1465 5552 eos
1490 5495 1708 5551 Petrum
1731 5506 1779 5551 et
1799 5496 2097 5561 Ioannem;

512 5591 604 5659 qui
637 5606 757 5644 cunt
789 5590 1081 5656 venissent,
1123 5595 1403 5643 arcuerunt
1433 5603 1528 5658 pro
1560 5588 1686 5658 ipsis
1718 5596 1776 5640 ut
1810 5586 2100 5656 acciperent

521 5674 778 5746 Spiritum
810 5692 1068 5738 sanctum.
1098 5676 1352 5736 Nondum
1377 5678 1516 5733 enim
1552 5679 1607 5732 in
1631 5693 1944 5749 quemquam
1979 5675 2100 5730 illo-

526 5779 644 5819 rum
680 5783 908 5839 venerat,
945 5774 1036 5828 sed
1076 5772 1326 5842 baptisati
1370 5780 1573 5825 tantum
1616 5778 1765 5824 erant
1811 5770 1867 5823 in
1894 5769 2102 5824 nomine

2181 3297 2541 3361 occidentem,
2563 3295 2984 3365 septentrionem
3011 3303 3065 3349 et
3088 3278 3369 3350 meridiem
3396 3293 3640 3350 derivata
3664 3304 3766 3350 est.

2182 3388 2283 3443 Hic
2309 3388 2454 3445 enim
2492 3398 2753 3441 numerus
2788 3387 2842 3440 in
2871 3400 3029 3443 sacro
3070 3385 3285 3458 eloquio
3311 3399 3410 3456 pro
3435 3385 3773 3456 perfectione

2181 3478 2310 3549 poni
2363 3476 2664 3532 consuevit.
2692 3474 3096 3531 Consummatis
3131 3476 3273 3530 enim
3324 3476 3467 3530 Deus
3515 3476 3775 3546 operibus

2184 3567 2299 3623 suis
2334 3567 2567 3637 septimo
2600 3566 2690 3621 die
2731 3566 3019 3636 requievit,
3057 3572 3113 3620 et
3140 3564 3345 3630 Enoeh,
3378 3565 3469 3634 qui
3508 3566 3777 3636 septimus

2186 3667 2270 3715 est
2295 3659 2364 3715 ab
2389 3658 2583 3724 Adam,
2611 3671 2735 3713 cum
2762 3658 2990 3713 Domino
3019 3657 3335 3724 ambulavit,
3364 3665 3421 3713 et
3450 3657 3569 3727 ejus
3598 3669 3775 3714 trans-

2187 3749 2316 3804 latio
2361 3762 2513 3818 spem
2561 3749 2720 3805 nobis
2748 3756 2965 3805 ceterum
2994 3750 3201 3821 requiei
3228 3750 3476 3806 contulit.
3525 3750 3681 3807 Unde
3719 3758 3777 3806 et

2185 3837 2442 3894 Jubilznus
2487 3852 2683 3903 annus,
2715 3838 2770 3892 in
2809 3852 2919 3908 quo
2954 3839 3198 3909 plenari‘a
3248 3841 3464 3909 requies
3504 3841 3772 3912 signatur,

2188 3937 2391 3999 septem
2428 3927 2855 3984 hebdomadibus
2884 3929 3187 3985 conficitur.
3243 3928 3456 3999 Septies
3497 3932 3646 3986 enim
3679 3947 3781 3992 ,εθι-

2186 4034 2331 4095 ptem
2363 4022 2500 4077 liunt
2520 4021 2611 4087 i9,
2641 4022 2733 4092 qui
2772 4020 3003 4076 menade
3044 4022 3226 4077 addita
3255 4032 3458 4078 nostra:
3493 4024 3780 4079 adunatio-

2188 4116 2274 4171 nis
2303 4114 2573 4184 impletur.
2617 4113 2787 4183 Hujus
2818 4114 3029 4168 numeri
3075 4114 3465 4184 perfectionem
3510 4115 3779 4185 propheta

2188 4205 2531 4261 commendat
2560 4219 2684 4259 cum
2721 4202 2894 4259 dicit:
2939 4204 3140 4275 Septies
3186 4206 3243 4259 in
3281 4204 3366 4258 die
3405 4204 3619 4258 laudem
3664 4205 3782 4260 dixi

2190 4295 2284 4350 tibi
2327 4293 2445 4366 (Ps.
2472 4308 2660 4359 cxvm,
2689 4294 2835 4365 166).
2889 4296 3041 4360 Quod
3088 4294 3143 4349 in
3196 4294 3305 4350 alio
3360 4294 3572 4365 psalmo
3620 4297 3782 4366 quasi

2191 4398 2465 4454 exponens
2511 4386 2688 4454 aperit
2721 4399 2843 4439 eum
2883 4385 3011 4439 dicit
3040 4402 3053 4438 :
3087 4382 3302 4455 Semper
3330 4384 3447 4438 laus
3473 4384 3587 4454 ejus
3609 4386 3667 4439 in
3691 4403 3782 4440 ore

2192 4492 2304 4530 meo
2331 4474 2504 4548 (Psal.
2531 4490 2727 4538 xm",
2752 4474 2830 4545 2).
2859 4473 2993 4528 Nam
3028 4484 3083 4530 et
3106 4473 3342 4529 Joannes
3377 4475 3432 4528 in
3453 4475 3785 4545 Apocalypsi

2194 4582 2315 4631 sua,
2342 4566 2487 4635 quod
2516 4573 2723 4635 septem
2760 4566 2951 4620 scribit
2995 4564 3260 4628 ecclesiis,
3290 4564 3621 4635 generaliter
3662 4567 3782 4619 uni-

2198 4672 2370 4712 versae
2411 4655 2691 4711 catholicaa
2734 4655 2975 4711 creditur
3000 4654 3282 4724 scripsisse
3309 4652 3580 4709 Ecclesia).
3632 4654 3791 4710 [Iride

2198 4755 2254 4802 et
2281 4746 2401 4817 ipse
2438 4746 2555 4801 ait.
2588 4745 2692 4811 Qui
2734 4745 2886 4799 habet
2934 4758 3089 4799 aures
3136 4744 3387 4798 audiendi
3437 4744 3624 4798 audiat
3654 4745 3793 4815 quid

2203 4837 2432 4910 Spiritus
2474 4839 2618 4892 dicat
2656 4835 2909 4891 Ecclesiis
2950 4836 3135 4908 (Apoc.
3167 4851 3231 4901 ιι,
3257 4837 3334 4906 7).
3371 4836 3447 4890 De
3472 4838 3791 4906 septenario

2197 4930 2406 4985 interea
2443 4941 2699 4991 numero,
2738 4927 2832 4997 qui
2866 4928 2919 4980 in
2960 4926 3277 4996 quibusdam
3316 4926 3614 4994 Scriptum
3648 4925 3809 4982 locis'

2199 5020 2603 5076 universitatem
2631 5019 2748 5074 sive
2775 5016 3184 5087 perfectionem,
3219 5018 3273 5072 in
3302 5017 3625 5087 quibusdam
3654 5033 3789 5076 vero

2201 5109 2535 5181 semiformis
2561 5110 2749 5182 gratiae
2785 5108 3046 5179 Spiritum
3089 5109 3380 5180 significat,
3422 5110 3592 5164 multa
3627 5116 3685 5166 et
3732 5110 3795 5166 in

2200 5204 2385 5260 Veteri
2413 5212 2468 5258 et
2510 5203 2565 5258 in
2592 5201 2741 5258 Novo
2766 5201 3118 5256 Testamento
3160 5200 3448 5267 habentur,
3487 5186 3611 5271 qua:
3657 5210 3789 5272 per-

2200 5296 2355 5367 sequi
2400 5296 2617 5367 longum
2660 5302 2770 5349 est.
2816 5292 2971 5347 Nunc
3016 5291 3296 5348 videamus
3339 5292 3575 5362 qualiter
3616 5292 3805 5348 Isaias-

2200 5390 2466 5458 propheta
2522 5385 2765 5456 ejusdem
2793 5384 3035 5457 Spiritus
3066 5383 3405 5457 septiformis
3446 5385 3588 5440 dona
3646 5398 3789 5443 enu-

2205 5487 2396 5534 meret.
2437 5478 2571 5534 Cum
2609 5477 2755 5532 enim
2783 5475 2852 5533 de
2878 5474 3117 5541 Christo,
3151 5476 3243 5546 qui
3279 5481 3367 5531 est
3387 5474 3541 5546 virga
3566 5473 3797 5530 virtutis

2205 5569 2441 5635 Domini,
2471 5569 2843 5640 prophetaret,
2875 5567 2989 5622 ait:
3032 5565 3341 5638 Egredietur
3358 5566 3505 5638 virga
3522 5566 3590 5621 de
3613 5566 3795 5620 radice

2178 5657 2372 5725 ‘Iesse,
2406 5666 2455 5713 et
2486 5658 2585 5728 ﬂos
2616 5657 2682 5713 de
2708 5658 2887 5713 radice
2909 5656 3047 5728 ejus,
3090 5656 3355 5723 ascendet,
3410 5664 3462 5711 et
3505 5657 3801 5727 requiescet

2205 5764 2363 5819 super
2394 5763 2512 5804 eum
2543 5748 2758 5817 spiritus
2795 5748 3026 5816 Domini,
3060 5747 3276 5819 spiritus
3309 5747 3584 5806 sapientia
3619 5758 3669 5803 et
3704 5746 3791 5803 itt-
