3998 6182
349 3593 376 3609 κ

465 294 577 358 ἒδῦ

1469 288 1860 347 TIIEODULFI
1897 286 2452 344 AURELIANENSIS
2490 287 2703 344 EI’ISC.

3613 290 3720 347 2m

473 428 634 484 quem
659 409 897 466 bonitate
922 405 1376 476 creavit,justitia
1400 403 1693 467 damnavit,
1722 401 1924 472 pietate
1955 416 2041 456 re-
2067 403 2120 464 Α
2144 399 2326 473 (Ioa'n.
2348 417 2422 464 vi,
2452 402 2564 473 55).
2599 403 2694 458 Est
2719 404 2862 458 enim
2893 402 3218 459 sacriﬁcium
3263 405 3533 471 salutare,
3574 409 3722 478 quod

473 501 674 570 demit;
700 503 940 566 timoris,
973 509 1193 572 propter
1218 514 1311 554 eos
1331 497 1421 567 qui
1449 497 1641 552 timore
1667 495 1880 549 Domini
1906 493 2045 548 indi-

457 605 602 669 "gcnt
624 591 749 671 quia
788 597 993 670 parvuli
1021 602 1166 658 sunt,
1197 593 1390 662 quibus
1421 606 1516 661 per
1535 590 1862 660 Prophetam
1889 588 2057 664 dicit,

471 680 684 754 ‘Venite,
714 680 834 759 filii,
859 687 1038 741 audite
1068 702 1169 748 me,
1208 680 1447 737 timorem
1479 679 1692 736 Domini
1737 680 1929 734 docebo
1959 696 2043 734 vos

474 781 647 852 (Psal.
681 795 871 844 χχχιιι,
919 775 1030 846 12).
1073 772 1218 842 Quia
1253 785 1382 844 ergo
1409 765 1497 827 ille
1518 775 1584 827 ad
1613 771 1827 826 inﬁrma
1858 779 2044 826 nostra

472 873 802 930 descendens
824 867 1120 925 exinanivit
1148 858 1499 935 semetipsum
1531 862 1757 939 formam
1786 863 1929 917 servi
1959 878 2047 918 ac-

463 953 1031 1034 'ciplens,humiliavit
1072 958 1424 1027 semetipsum
1461 971 1632 1025 usque
1679 956 1746 1011 ad
1791 963 2041 1018 mortem,

463 1068 524 1114 “et
544 1048 834 1114 inclinavit
858 1055 1236 1125 semetipsum,
1268 1062 1327 1107 ut
1352 1068 1450 1107 nos
1477 1051 1721 1120 jacentes
1747 1050 1816 1105 ad
1840 1066 1897 1104 se
1933 1049 2043 1103 eri-

467 1161 636 1222 geret,
668 1166 775 1205 non
799 1149 1240 1204 inconvenienter
1266 1146 1487 1215 spiritus
1509 1144 1746 1209 Domini,
1775 1141 1866 1212 qui
1887 1157 2046 1211 super

466 1259 590 1296 cum
621 1242 933 1313 requiescit,
962 1257 993 1294 a
1021 1239 1282 1309 sapientia
1320 1238 1526 1308 incipit,
1551 1246 1606 1291 et
1632 1253 1728 1308 per
1776 1237 2048 1291 decentis-

467 1334 633 1388 simos
662 1332 859 1402 gradus
881 1332 948 1386 ad
978 1331 1226 1384 timorem
1257 1345 1428 1398 usque
1451 1329 1746 1383 descendit.
1776 1327 1885 1381 Nos
1914 1342 2045 1382 vero

467 1439 496 1476 a
522 1424 739 1486 timore,
791 1435 951 1491 quem
997 1420 1142 1474 foras
1190 1419 1426 1474 charitas
1456 1418 1640 1484 mittit,
1671 1417 1949 1472 venientes
1979 1418 2047 1472 ad

447 1507 723 1566 ttimorem
775 1520 983 1565 castum
1035 1509 1122 1578 qui
1153 1516 1432 1579 permanet
1453 1509 1507 1562 in
1548 1507 1804 1562 saeculum
1841 1501 2043 1573 saeculi,

444 1599 814 1672 Lpervenimus
848 1599 914 1653 ad
959 1598 1236 1668 pietatem,
1269 1605 1327 1652 ut
1360 1597 1582 1666 pietatis
1611 1597 1865 1666 operibus
1887 1612 2048 1652 exor-

470 1692 583 1746 nati
615 1691 898 1746 veniamus
933 1690 1001 1745 ad
1047 1688 1348 1752 scientiam,
1399 1703 1505 1742 non
1553 1704 1675 1757 quae
1724 1686 1892 1753 inﬂat,
1950 1687 2048 1742 sed

2147 505 2202 550 et
2228 497 2283 551 in
2320 495 2500 553 Veteri
2539 499 2887 555 Testamento
2918 499 3309 555 Melchisedech
3340 517 3431 556 rex
3464 496 3646 556 Salem
3666 495 3721 558 in

2146 594 2271 658 typo
2293 589 2536 658 corporis
2555 598 2606 644 et
2629 590 2908 661 sanguinis
2935 590 3146 646 Domini
3167 585 3378 655 obtulit,
3411 599 3464 645 et
3489 592 3543 645 in
3570 580 3723 648 Novo

2148 678 2288 732 idem
2313 679 2575 735 mediator
2602 681 2697 736 Dei
2721 690 2776 737 et
2802 682 3078 738 hominum
3100 692 3388 752 antequam
3411 674 3723 738 traderetur

2147 768 2476 838 adimplevit,
2508 786 2631 825 cum
2668 773 2939 842 accipiens
2964 789 3160 844 panem
3190 783 3243 828 et
3267 774 3512 840 calicem,
3545 785 3599 830 et
3626 777 3720 830 be-

2145 860 2400 916 nedicens
2431 863 2528 927 eis,
2557 871 2612 917 et
2642 865 2862 920 tradens
2889 865 3168 935 discipulis
3199 866 3334 931 suis,
3365 867 3481 921 lucc
3529 867 3584 920 in
3635 883 3718 922 stu

2145 956 2659 1010 commemoratione
2706 956 2823 1011 ﬁeri
2864 959 3140 1028 prcecepit.
3182 959 3295 1014 Hoc
3346 975 3476 1030 ergo
3522 970 3722 1030 mystc-

2148 1045 2285 1100 rium
2314 1047 2588 1112 sacriﬁcii,
2613 1048 2882 1104 derelictis
2909 1065 2972 1104 ac
3002 1041 3472 1106 ﬁnitis'veteribus
3502 1053 3718 1120 hostiis,

2146 1136 2385 1191 Ecclesia
2414 1137 2666 1203 celebrat,
2693 1138 2924 1195 oll‘erens
2943 1156 3137 1210 panem
3159 1151 3377 1212 propter
3405 1158 3597 1213 panem
3640 1144 3722 1198 vi-

2145 1245 2273 1282 vum
2295 1229 2385 1298 qui
2411 1231 2477 1284 de
2503 1231 2644 1286 ccnlo
2672 1231 2970 1296 descendit,
3003 1232 3187 1294 vinum
3219 1249 3315 1302 pro
3344 1249 3409 1288 eo
3429 1235 3520 1304 qui
3549 1235 3682 1288 dixit
3700 1270 3717 1298 ,

2146 1320 2260 1391 Ego
2282 1338 2397 1374 sum
2448 1323 2562 1376 vitis
2609 1339 2727 1376 vera
2757 1323 2936 1393 (Joan.
2970 1339 3059 1388 xv,
3096 1323 3181 1392 l);
3209 1333 3269 1378 ut
3313 1339 3411 1394 per
3451 1325 3721 1380 visibilem

2147 1413 2486 1467 sacerdotum
2527 1413 2873 1480 oblationem,
2904 1423 2960 1468 et
2995 1415 3318 1470 invisibilem
3342 1420 3515 1471 sancti
3547 1417 3724 1488 Spiri-

2148 1512 2236 1559 tus
2262 1504 2748 1569 consecrationem,
2803 1504 2958 1573 panis
2984 1513 3038 1560 et
3076 1505 3261 1560 vimnn
3312 1507 3367 1560 in
3395 1508 3636 1576 corporis
3666 1516 3726 1562 et

2147 1594 2425 1663 sanguinis
2470 1594 2684 1650 Domini
2734 1603 3012 1650 transeant
3062 1596 3398 1667 dignitatem.
3449 1596 3548 1651 Cui
3593 1612 3724 1652 san-

2147 1687 2295 1754 guini
2321 1687 2650 1742 admiscetur
2671 1703 2833 1756 aqua,
2875 1687 2989 1742 sive
3034 1689 3160 1758 quia
3205 1689 3271 1742 de
3311 1688 3480 1743 latere
3507 1688 3725 1744 Domini

453 1799 626 1854 quam
653 1782 891 1838 charitas
917 1773 1181 1846 aediﬁcat;
1212 1797 1242 1835 a
1275 1781 1501 1835 scientia
1532 1779 1601 1833 ad
1648 1778 2037 1843 fortitudinem,
2072 1786 2118 1844 B
2144 1794 2267 1833 cum
2292 1779 2556 1848 sanguine
2586 1777 2773 1844 ﬂuxit,
2807 1779 2920 1834 sive
2965 1779 3113 1848 quia,
3147 1787 3206 1833 ut
3235 1778 3468 1848 majores
3499 1779 3722 1852 intelligi

436 1883 520 1929 ἰιι
569 1873 808 1930 scientiae
834 1873 1028 1928 decore
1067 1872 1317 1928 exornati
1353 1869 1569 1927 fortiter
1589 1878 1774 1926 contra
1801 1871 1932 1925 vitia
1961 1870 2041 1925 di-

462 1966 723 2022 micemus
747 1984 760 2020 :
791 1958 1168 2020 a'fortitudine
1190 1964 1582 2031 ari-consilium,
1611 1973 1672 2018 ut
1696 1980 1763 2019 ea
1792 1980 1910 2033 quae
1938 1963 2042 2019 for-

447 2041 590 2111 titer
609 2056 842 2128 agimus,
865 2053 1074 2111 consilii
1092 2055 1355 2124 gravitate
1377 2055 1685 2110 muniamus
1711 2072 1724 2107 ε
1749 2062 1808 2108 ιιι
1829 2048 2040 2109 actibus

438 2149 664 2205 ‘nostris
692 2149 918 2204 oonsilio
942 2148 1353 2218 obtemperatis,
1384 2147 1682 2202 ad-arcana
1733 2147 2041 2202 intellectus

448 2239 747 2304 intrantes,
768 2240 836 2294 ad
852 2255 971 2294 eam
1002 2240 1285 2295 veniamus
1307 2240 1651 2310 sapientiam,
1678 2253 1797 2308 quze
1826 2239 2040 2292 initium

437 2317 450 2362 έ
463 2329 628 2384 habet
674 2319 927 2383 timorem
963 2328 1206 2395 Domini;
1257 2337 1316 2382 ut
1358 2330 1632 2399 sapienter
1660 2327 1842 2384 omnia
1891 2343 2042 2382 com-

439 2422 695 2492 .plentes,
735 2430 792 2476 et
837 2421 1166 2476 intellectum
1215 2422 1417 2476 bonum
1458 2420 1702 2476 faciendo
1741 2419 2035 2484 habentes,

440 2504 537 2570 #illi
561 2515 838 2584 sapientia:
866 2515 1078 2571 admitti
1105 2514 1399 2580 valeamus,
1424 2500 1522 2586 per
1545 2531 1708 2586 quam
1743 2515 1886 2570 facta
1915 2524 2042 2570 sunt

437 2606 641 2661 ‘omuia
676 2623 691 2659 :
718 2621 838 2675 qua:
861 2615 916 2660 et
939 2615 1066 2661 ante
1099 2606 1295 2662 saecula
1322 2622 1353 2660 a
1375 2605 1909 2662 Patre-ineﬂ‘abiliter
1945 2621 2040 2678 ge-

444 2695 580 2751 ~uita
608 2704 712 2763 est,
749 2704 804 2752 et
831 2696 884 2750 in
911 2695 1019 2752 ﬁne
1048 2697 1368 2752 szeculorum
1400 2713 1621 2753 carnem
1644 2705 1857 2752 "nostrae
1899 2697 2042 2753 salu-

461 2785 534 2840 tis
553 2799 718 2840 causa
743 2786 964 2858 dignata
1005 2795 1089 2844 est
1115 2789 1399 2859 accipere;
1433 2803 1845 2859 quam'carnem
1870 2788 2042 2843 ﬁdeli-

444 2871 575 2929 -bus-
592 2875 707 2930 suis
735 2874 1212 2933 edendam-tribuit
1233 2894 1368 2934 cum
1390 2879 1566 2934 dixit:
1593 2879 1712 2933 Nisi
1752 2879 2042 2934 manduca-

445 2967 637 3030 ~ueritis
664 2984 876 3024 carnem
905 2970 1006 3039 filii
1045 2973 1293 3039 hominis,
1325 2983 1373 3028 et
1411 2973 1656 3028 biberitis
1684 2975 1799 3044 ejus
1823 2978 2044 3046 sangui-

462 3073 598 3124 Item,
639 3077 746 3115 non
764 3061 1020 3117 habebitis
1047 3065 1204 3118 vitam
1232 3066 1287 3120 in
1314 3066 1454 3120 vobis
1484 3065 1664 3138 (Joan.
1699 3082 1775 3132 vt,
1804 3066 1895 3132 55,
1925 3066 2036 3138 56).

1156 3175 1340 3232 XVIII.

514 3259 640 3317 Cur
667 3279 882 3335 corpore
903 3275 951 3319 et
982 3269 1238 3338 sanguine
1270 3269 1542 3324 Dominico
1559 3279 1968 3325 consummetur.

517 3349 762 3421 ‘PIOpter
779 3353 1126 3410 -hanc’vitam
1151 3357 1552 3427 adipiscendam
1574 3368 1629 3414 et
1659 3358 2000 3431 baptizamur
2024 3399 2040 3426 ,

447 3446 515 3493 et
551 3439 670 3510 ejus
697 3451 867 3497 carne
894 3445 1188 3514 pascimur,
1218 3454 1274 3501 et
1301 3448 1420 3519 ejus
1461 3450 1722 3520 sanguine
1752 3457 2035 3520 potamur,

458 3527 584 3596 quia
607 3543 949 3602 nequaquam
978 3549 1265 3605 possumus
1291 3537 1346 3592 in
1376 3538 1493 3608 ejus
1526 3554 1722 3609 corpus
1764 3541 2000 3596 transire
2019 3581 2034 3607 ,

443 3616 564 3672 nisi
591 3619 678 3674 his
708 3625 1064 3680 sacramentis
1081 3626 1420 3683 timbuamur.
1463 3627 1554 3684 Sic
1584 3631 1871 3700 enim‘ipse
1912 3631 1990 3686 ait
2021 3649 2034 3686 :

443 3703 883 3766 'Can'urea‘uere
916 3724 989 3767 est
1016 3715 1252 3781 cibuth
1276 3718 1492 3786 sanguis
1529 3730 1675 3771 meus
1704 3735 1821 3772 vere
1847 3729 1921 3773 est
1945 3737 2040 3790 po-

461 3800 544 3848 tus
579 3794 764 3864 (loeti.
814 3815 889 3865 vt,
917 3801 1045 3871 5-5);
1070 3811 1165 3858 et:
1199 3803 1302 3868 Qui
1323 3805 1608 3860 tnanducat
1631 3824 1800 3862 meam
1827 3826 2037 3865 carnem

455 3889 512 3934 st
534 3881 662 3938 bibit
705 3898 877 3942 meum
907 3892 1240 3960 sanguinem,
1259 3892 1321 3948 in
1347 3909 1430 3947 me
1453 3905 1627 3950 manet
1659 3907 1708 3951 et
1733 3913 1826 3969 ego
1855 3899 1912 3954 in
1945 3899 2039 3955 illo

2143 1868 2348 1935 volunt,
2381 1869 2521 1924 sicut
2545 1885 2644 1940 per
2667 1870 2854 1924 vinum
2894 1869 3158 1930 Christus.
3195 1871 3268 1924 ita
3310 1879 3365 1925 et
3402 1886 3498 1940 per
3524 1887 3723 1941 aquam

2143 1961 2369 2032 popa-lus
2406 1961 2761 2032 signiﬁcatur.
2795 1961 2993 2017 Vinum
3022 1963 3166 2016 enim
3197 1970 3250 2016 et
3277 1978 3416 2033 aqua
3448 1964 3726 2033 insepara-

2142 2053 2324 2108 biliter
2370 2054 2424 2108 in
2475 2053 2644 2109 calice
2673 2053 2988 2120 miscentur,
3036 2054 3162 2123 quia
3185 2063 3241 2108 et
3270 2054 3510 2109 Ecclesia
3555 2054 3725 2124 capiti

2141 2161 2241 2201 suo
2269 2146 2486 2202 Christo
2514 2147 2946 2217 inseparabiliter
2983 2148 3170 2218 juncta
3217 2148 3472 2203 coh:erct.
3519 2131 3725 2201 Morem

2141 2252 2269 2308 ergo
2321 2239 2650 2308 accipienda:
2694 2239 3049 2295 Eucharistite
3105 2255 3136 2294 a
3187 2239 3416 2294 Domino
3467 2239 3725 2294 traditum

2140 2328 2382 2384 Ecclesia
2411 2338 2578 2394 tenet,
2630 2338 2690 2384 ut
2723 2345 2844 2385 cum
2888 2347 2955 2386 ex
3000 2347 3139 2400 aqua
3189 2339 3243 2386 et
3285 2331 3488 2401 Spiritu
3531 2340 3726 2386 sancto

2141 2420 2264 2489 quis
2291 2422 2612 2487 renascitur,
2646 2437 2874 2498 corpore
2921 2423 3134 2478 Domini
3164 2433 3437 2492 pascatur,
3487 2431 3543 2478 et
3588 2437 3724 2477 san-

2133 2513 2302 2583 guine
2326 2511 2444 2581 ejus
2474 2521 2695 2582 potetur
2724 2531 2736 2543 ·
2773 2522 2833 2568 ιιι
2868 2515 2923 2568 in
2957 2528 3188 2584 corpore
3215 2513 3419 2569 Christi
3466 2513 3724 2583 trajecto,

2139 2612 2196 2659 et
2223 2603 2311 2658 ille
2333 2604 2387 2658 in
2415 2602 2636 2659 Christo
2656 2613 2894 2671 maneat,
2917 2613 2972 2659 et
2996 2605 3242 2660 Christus
3269 2605 3320 2658 in
3352 2619 3419 2660 eo
3447 2621 3459 2657 :
3485 2612 3544 2657 ut
3565 2603 3727 2658 istius

2131 2695 2249 2750 cibi
2284 2694 2609 2751 fortitudine
2631 2696 2934 2762 roboratus,
2967 2695 3214 2766 exemplo
3242 2695 3372 2749 Eliae
3423 2695 3601 2749 veniat
3630 2709 3727 2748 us-

2141 2801 2246 2856 que
2295 2786 2370 2842 ‘ad
2415 2794 2655 2842 montem
2691 2787 2810 2852 Dei,
2869 2786 3144 2842 Christum
3199 2785 3471 2850 videlicet,
3517 2784 3608 2854 qui
3637 2791 3728 2839 est

2131 2892 2298 2933 mons
2323 2876 2514 2932 domus
2536 2877 2747 2932 Domini
2770 2887 3106 2948 praeparatus
3128 2877 3180 2931 in
3202 2876 3404 2930 vertice
3435 2875 3723 2942 montium,

2141 2978 2196 3026 et
2221 2969 2337 3039 ejus
2369 2972 2509 3027 dono
2534 2972 2604 3026 ad
2632 2971 2848 3026 aeterna:
2877 2972 3228 3026 beatitudinis
3269 2970 3495 3042 gloriam
3533 2983 3726 3039 perac-

2136 3063 2318 3128 cedat,
2354 3063 2445 3118 ubi
2471 3062 2699 3117 satietur
2723 3063 2776 3117 in
2811 3061 2971 3118 bonis
2991 3062 3318 3117 desiderium
3348 3058 3485 3129 ejus,
3514 3066 3569 3113 et
3593 3074 3725 3114 cum

2068 3135 2113 3198 (ἶ
2144 3153 2412 3224 Propheta
2451 3155 2632 3209 dicere
2653 3153 2830 3223 possit
2860 3171 2872 3207 :
2905 3153 3017 3224 Ego
3045 3162 3218 3206 autem
3241 3168 3360 3206 cum
3382 3150 3597 3220 justitia
3625 3167 3726 3219 ap~~

2126 3243 2329 3313 parebo
2370 3245 2426 3298 in
2451 3252 2729 3315 conspectu
2755 3253 2866 3309 tuo,
2893 3244 3126 3298 satiabor
3153 3260 3270 3298 cum
3299 3240 3726 3311 manifestabitur

2136 3334 2311 3404 gloria
2333 3343 2425 3388 tua
2447 3332 2622 3407 (Psal.
2653 3351 2762 3401 va,
2791 3334 2900 3407 I5).

2214 3459 2240 3488 ι
2271 3446 2433 3512 Ecce,
2461 3447 2546 3502 vir
2595 3448 2954 3514 venerabilis,
2985 3448 3129 3518 quod
3175 3446 3473 3517 prudenter
3487 3443 3724 3513 iussisti,

2143 3537 2419 3594 humiliter
2456 3539 2694 3610 implevi,
2735 3541 3032 3610 depreeans
3065 3540 3411 3596 sanctitatem
3440 3545 3721 3600 vestram,

2144 3637 2204 3683 ut
2216 3644 2340 3684 cum
2368 3630 2437 3686 de
2459 3630 2544 3684 his
2569 3631 3081 3699 interrogationibus
3105 3628 3728 3698 altiores‘responsienes

2144 3719 2484 3787 inveneritis,
2517 3721 2624 3777 illis
2646 3721 2924 3789 adhibitis,
2950 3723 3084 3778 istas
3117 3737 3224 3778 non
3261 3720 3538 3789 rejiciatis,
3566 3718 3728 3772 dum-

2146 3807 2307 3864 modo
2335 3810 2631 3880 apostolica
2657 3812 2985 3868 auctoritate
3013 3813 3194 3869 omnia
3247 3819 3374 3866 sunt
3413 3807 3724 3880 probanda,

2145 3908 2200 3955 et
2226 3916 2346 3970 quae
2366 3900 2507 3956 bona
2537 3910 2664 3957 sunt
2691 3905 2991 3960 retinenda.

533 4005 561 4035 ι
607 3993 748 4051 Ecce
797 3999 878 4053 uir
925 4003 1249 4058 venerabilis.
1289 4001 1596 4062 Clausulam
1640 4009 1780 4065 hanc
1833 4011 2036 4067 addunt
2075 4013 2176 4068 tria
2203 4013 2534 4086 exemplaria
2557 4031 2678 4086 quae
2707 4016 2860 4072 dixi:
2904 4017 2959 4072 in
2991 4017 3107 4074 solo
3131 4017 3284 4072 deest
3310 4012 3643 4072 Corbeiensi.

467 4162 3720 4202 ._____________________________.______

1571 4319 2611 4439 (canonum-‘1

1635 4529 2186 4590 AURELIANENSIS
2227 4534 2529 4594 EPISCOPI

1005 4704 1043 4744 ³
1126 4714 1350 4838 DE
1473 4714 2268 4845 SPIRITU
2363 4714 3106 4849 SANCTO

1037 4943 1318 5012 Veterum
1343 4949 1609 5013 Patrum
1639 4944 1974 5029 sententiae,
1999 4956 2174 5036 quod
2205 4977 2243 5018 a
2271 4957 2462 5020 Patre
2487 4959 2780 5041 Filioque
2805 4960 3128 5040 procedat.

636 5153 1003 5212 PREFATIO
1038 5155 1132 5211 AD
1167 5149 1503 5215 CAROLUM
1541 5157 1838 5218 MAGNUM

1003 5247 1526 5306 IMPERATOREM.

460 5338 670 5411 imperii
696 5339 887 5405 vestri,
909 5355 1001 5396 rex
1027 5340 1246 5412 inclyte,
1269 5341 1422 5412 jussa
1451 5352 1688 5410 secutus,

529 5429 723 5487 Defero
742 5428 1076 5485 Theudullus
1098 5430 1213 5486 haec
1242 5431 1561 5488 documenta
1590 5434 1784 5491 libens.

531 5563 556 5591 ι
577 5551 676 5622 De
708 5548 937 5622 Spiritu,
961 5559 1166 5622 sancto2
1213 5547 1368 5622 Hunc
1397 5565 1613 5622 quoque
1633 5549 1829 5606 librum
1853 5549 2031 5622 Caroli

457 5615 632 5688 “agni
659 5615 811 5692 jussu
837 5618 1196 5692 arTheodulfo
1239 5615 1502 5692 scriptum
1526 5615 1706 5692 'dooet
1750 5619 2026 5692 pmfatio;

453 5700 524 5740 ea
553 5689 750 5753 qua'de
772 5691 927 5748 titulo
947 5692 1133 5756 etiam,
1161 5690 1252 5761 qui
1282 5689 1338 5745 in
1352 5689 1658 5760 exemplari
1688 5689 2029 5752 nostrodcsié

2057 5167 2112 5226 D
2135 5163 2270 5231 Quis
2291 5164 2451 5220 Patre
2477 5179 2572 5220 seu
2598 5164 2738 5220 Nato
2758 5167 3055 5236 procedere
3084 5167 3319 5240 Spiritus
3345 5171 3522 5230 almus

2208 5256 2507 5323 Astruitur,
2533 5257 2668 5327 legis
2687 5259 2792 5313 hoc
2812 5259 3072 5314 reboante
3106 5262 3252 5316 tuba.

2139 5346 2254 5405 Hoc
2283 5349 2657 5420 Evangelium,
2682 5351 2785 5406 hoc
2804 5353 3004 5421 promit
3023 5353 3316 5424 Apostolus
3338 5363 3550 5424 auctor,

2212 5441 2326 5498 Hoc
2349 5443 2497 5498 canit
2519 5443 2792 5498 unanimis
2821 5459 2925 5498 vox
2945 5445 3032 5515 pia
3058 5460 3212 5501 sacra
3237 5446 3478 5502 Patrum.

2128 5555 2436 5619 derabatur,
2491 5556 2843 5626 coniecimus.
2896 5558 3082 5614 Potuit
3115 5562 3263 5616 enim
3299 5570 3356 5618 et
3400 5563 3562 5617 aliter
3585 5578 3725 5618 con—

2127 5627 2254 5702 cipi,
2283 5627 2498 5702 qualem
2545 5629 2598 5682 in
2632 5627 2803 5702 altero
2828 5629 3072 5702 ejusdem
3114 5633 3419 5702 argumenti
3445 5640 3502 5688 et
3548 5641 3720 5698 notae,

2125 5697 2218 5753 sed
2241 5697 2433 5754 incerti
2457 5698 2696 5755 auctoris
2715 5697 2941 5756 libro'ad
2966 5697 3221 5758 Carolum
3235 5702 3485 5758 eumdem
3505 5697 3722 5775 scripto
