3892 6174
265 261 372 316 265

1525 246 1615 315 DE
1655 247 1923 304 SPlRlTU
1964 247 2044 304 SA
2053 248 2254 306 NCTO.

3424 260 3547 314 are

262 376 513 430 viventem
538 366 694 442 (Gen.
719 382 782 433 ιι,
809 366 884 437 7).
921 365 1107 435 Neque
1132 362 1345 419 enimid
1358 361 1502 434 quod
1528 362 1845 431 inspiratam
1874 368 1927 429 Α
1953 362 2089 442 ratio
2116 371 2190 417 est
2243 362 2511 418 hominum
2554 361 2573 436 (
2600 363 2755 418 Prov.
2788 380 2877 429 xx,
2906 363 3029 436 27);
3068 373 3122 420 et
3160 382 3190 420 a
3222 364 3403 440 Moyse
3452 372 3532 426 in-

260 470 346 518 est
365 476 399 514 a
436 459 564 524 Deo,
589 457 773 513 anima
803 463 888 511 est
914 455 1210 511 secundum
1261 451 1587 511 labulatores
1615 448 1847 516 Iudaeos,

260 549 500 621 alioquin
524 545 796 618 quomodo
811 546 916 601 hoc
943 542 1087 615 quod
1113 559 1145 597 a
1177 558 1236 598 se
1252 541 1575 613 inspiratum
1596 549 1682 596 est
1708 539 1851 593 Deus

264 643 373 712 igni
403 648 607 695 artemo
631 636 1003 694 condemnat?
1057 634 1152 690 sed
1177 632 1456 688 viviﬁcans
1483 630 1717 701 Spiritus
1743 638 1848 697 est,

266 732 329 786 de
350 743 459 800 quo
484 727 687 783 Paulus
707 726 803 791 ait,
858 724 1089 796 Spiritus
1120 740 1240 777 vero
1289 721 1533 791 viviﬁcat.
1593 719 1659 773 Et
1688 720 1852 790 inspi-

266 824 419 882 ravit,
449 821 648 890 inquit,
687 819 830 874 Deus
876 819 934 873 in
969 819 1157 888 faciem
1199 817 1593 887 inspirationem
1614 816 1749 878 vitta,
1802 824 1850 868 et

266 914 432 984 factus
469 922 547 967 est
575 913 729 966 homo
755 911 809 964 in
838 910 1068 964 animam
1110 909 1355 963 virentem
1381 905 1467 971 (II
1495 903 1618 960 Cor.
1649 922 1729 970 ιιι,
1769 904 1847 977 6).

170 1066 177 1081 ι
263 1006 447 1075 Itaque
469 1004 712 1076 Spiritus
745 1011 970 1061 sanctus
997 1011 1054 1059 et
1080 1000 1299 1071 spiritus
1336 998 1482 1063 vitae,
1510 1013 1542 1052 a
1571 1014 1678 1068 quo
1701 998 1851 1054 exci-

261 1098 448 1154 dentes
491 1094 737 1152 nonnulli
784 1094 1028 1149 viventes
1068 1091 1269 1146 mortui
1296 1098 1444 1156 sunt,
1475 1089 1614 1144 sicut
1652 1088 1850 1143 Paulus

264 1188 499 1257 scripsit,
536 1185 678 1243 Nam
699 1202 821 1256 quia
842 1186 897 1239 in
925 1183 1129 1241 deliciis
1163 1184 1298 1253 agit,
1342 1182 1511 1237 vivens
1538 1190 1746 1236 mortua
1772 1190 1848 1235 est

262 1278 344 1349 (ll
371 1278 508 1333 Tim.
542 1294 595 1342 v,
617 1277 696 1348 6).
762 1276 1015 1344 Alioquin
1034 1275 1307 1345 quomodo
1344 1274 1507 1329 etiam
1549 1273 1850 1328 audiendus

258 1380 340 1425 est
369 1368 631 1425 Salomon
656 1370 865 1432 dicens,
890 1366 1007 1422 Lux
1026 1367 1238 1421 Domini
1267 1366 1544 1435 inspiratio
1571 1374 1648 1419 est
1679 1366 1849 1421 homi-

263 1477 406 1527 num,
430 1476 552 1530 quae
577 1468 848 1517 scrutatur
874 1458 1077 1511 interna
1102 1457 1315 1521 ventris,
1338 1455 1382 1511 si
1403 1470 1510 1510 non
1527 1455 1735 1510 animas
1758 1456 1850 1511 bo-
1885 1484 1891 1491 -

262 1555 465 1607 minam
494 1551 675 1607 lumen
691 1551 788 1605 Dei
807 1564 928 1604 esse
956 1548 1166 1603 dicitis?
1193 1547 1297 1603 nisi
1321 1546 1582 1618 Spiritum
1598 1554 1846 1601 sanctum

262 1642 439 1699 lumen
482 1642 699 1698 Domini
741 1637 1127 1702 confiteamini,
1170 1645 1226 1692 et
1278 1636 1689 1706 inspirationem
1723 1635 1844 1690 Filii

261 1749 373 1790 esse
401 1734 665 1799 credatis,
706 1733 919 1788 dicente
949 1729 1150 1800 Moyse,
1184 1729 1466 1799 Inspiravit
1490 1728 1631 1783 Deus
1662 1730 1717 1783 in
1754 1730 1840 1800 fa-

262 1826 534 1880 eiemAdte
554 1825 950 1895 inspirationem
983 1824 1132 1887 vitae;
1156 1832 1212 1876 et
1236 1820 1404 1876 Filius
1438 1820 1552 1883 Dei,
1585 1819 1698 1891 Ego
1723 1838 1840 1875 sum

264 1918 413 1972 vita!
464 1916 652 1987 (Joan.
683 1930 796 1979 xxv,
842 1913 921 1983 6.)
986 1913 1092 1968 Sed
1140 1923 1195 1969 et
1251 1910 1513 1981 sapientia
1541 1910 1842 1967 Salomonis

263 2008 607 2065 introducam
620 2005 957 2062 Salvatorem
985 2004 1277 2064 dicentem,
1298 2001 1433 2055 Ecce
1455 2002 1726 2077 proferam
1754 2020 1842 2057 vo-

263 2101 330 2153 bis
352 2116 485 2154 mea
506 2098 875 2170 inspirationis
906 2095 1282 2167 professionem
1312 2090 1496 2165 (Prov.
1531 2110 1569 2157 ι,
1600 2092 1714 2163 25).
1750 2092 1840 2148 Sic

262 2190 397 2244 enim
427 2189 487 2245 in
514 2189 827 2244 Proverbiis
848 2189 927 2243 ait
960 2207 973 2242 :
1001 2186 1276 2257 Sapientia
1307 2185 1360 2237 in
1409 2184 1550 2238 exitu
1579 2185 1741 2250 canit,
1786 2186 1841 2240 in

260 2281 439 2350 plateis
465 2298 587 2337 vero
614 2279 937 2350 fiducialiter
964 2279 1095 2350 agit,
1118 2278 1170 2332 in
1190 2277 1355 2348 portis
1382 2286 1555 2330 autem
1583 2278 1843 2345 potentior

260 2373 473 2437 assistit,
523 2372 579 2426 in
620 2372 786 2426 muris
836 2386 1041 2441 quoque
1067 2368 1295 2423 civitatis
1344 2368 1667 2436 confidenter
1711 2368 1838 2439 agit.

262 2459 469 2527 Quanto
489 2470 720 2535 tempore
744 2460 1005 2533 simplices
1032 2460 1261 2514 obtinent
1275 2458 1565 2528 justitiam,
1593 2475 1698 2515 non
1722 2474 1841 2512 eru-

262 2554 493 2619 bescant,
514 2554 872 2624 imprudentes
895 2562 1093 2619 autem,
1125 2568 1244 2607 cum
1272 2550 1374 2605 sint
1403 2548 1729 2602 contumelia:
1750 2566 1843 2604 cu-

258 2644 365 2712 pidi
387 2684 404 2709 ,
448 2644 596 2713 impii
616 2643 786 2713 eiecti
811 2642 932 2697 odio
960 2642 1257 2696 habuerunt
1281 2653 1511 2704 sensum,
1560 2648 1607 2691 et
1631 2638 1840 2695 obnoxii

259 2736 384 2805 {acti
401 2744 522 2789 sunt
547 2734 1012 2805 increpationibus.
1072 2731 1205 2786 Ecce
1236 2728 1501 2804 proferam
1541 2731 1684 2784 vobis
1712 2747 1840 2786 mete

258 2825 612 2895 inspirationis
639 2824 1041 2895 professionem,
1084 2822 1277 2878 docebo
1308 2841 1392 2879 vos
1434 2840 1604 2877 meum
1644 2837 1841 2877 semio-

259 2930 377 2973 um
403 2912 587 2984 (Prov.
620 2930 661 2978 ι,
686 2913 757 2967 20
777 2912 932 2985 seq.).
963 2911 1033 2967 Et
1063 2911 1232 2968 Isaias
1257 2912 1491 2983 Spiritus
1521 2910 1692 2967 sancti
1716 2925 1841 2980 pro-

260 3000 568 3067 missionem
599 3003 922 3072 prmdicans,
964 3003 1043 3057 sic
1090 3002 1188 3069 ait,
1238 3002 1368 3057 Hrec
1412 3002 1544 3056 dixit
1580 3000 1838 3054 Dominus

260 3093 347 3163 qui
374 3090 489 3160 fecit
511 3091 700 3146 caelum
733 3102 781 3150 et
808 3092 969 3162 aﬂixit
1000 3091 1156 3157 illud,
1181 3094 1271 3163 qui
1299 3091 1539 3146 solidavit
1563 3100 1755 3144 terram
1784 3099 1832 3143 et
1858 3074 1907 3138 C

258 3198 372 3252 qua
398 3184 451 3237 in
481 3200 544 3236 ea
567 3190 711 3246 sunt,
734 3180 825 3252 qui
845 3181 934 3234 dat
961 3183 1355 3252 inspirationem
1397 3181 1587 3253 populo
1623 3181 1713 3251 qui
1757 3190 1833 3234 est

260 3289 408 3343 super
423 3290 562 3339 eam,
578 3282 627 3327 et
656 3273 899 3342 spiritum
923 3272 1245 3328 calcantibus
1270 3273 1417 3327 illam
1450 3272 1583 3346 (Isa.
1602 3288 1729 3335 xui,
1752 3271 1830 3342 5).

262 3365 425 3424 Dicite
470 3368 598 3440 quis
637 3375 718 3423 est
751 3367 980 3438 papulus
1009 3368 1102 3439 qui
1150 3369 1348 3439 accipit
1400 3368 1828 3437 inspirationem.

263 3456 501 3527 Nunquid
537 3468 595 3514 et
618 3458 711 3514 hic
749 3459 1152 3527 inspirationem
1190 3460 1422 3514 animam
1462 3474 1583 3514 esse
1610 3457 1835 3513 dicitis?

263 3558 355 3603 aut
383 3550 579 3604 dabitis
623 3548 742 3604 sine
777 3548 955 3605 anima
989 3549 1241 3619 populum
1270 3563 1435 3618 super
1483 3557 1679 3604 terram
1706 3562 1837 3604 con-

266 3640 458 3696 stitisse
478 3642 503 3694 ?
556 3640 664 3697 Sed
694 3656 800 3696 non
830 3654 913 3696 est
952 3658 963 3693 τ
1016 3641 1430 3712 promissionem
1459 3655 1691 3711 namque
1714 3639 1834 3711 Spi-

268 3730 396 3785 ritus
418 3732 592 3786 sancti
636 3730 940 3800 pracdicans
966 3733 1250 3801 propheta,
1292 3733 1410 3787 hmc
1438 3732 1531 3786 ait.
1595 3732 1835 3802 Denique

265 3820 572 3889 completam
623 3820 1036 3889 promissionem
1063 3837 1227 3895 super
1264 3822 1449 3877 ﬁdeles
1484 3821 1575 3891 qui
1613 3822 1713 3877 sub
1743 3822 1834 3877 illo

267 3916 496 3977 tempore
522 3916 683 3963 erant
730 3908 950 3978 scripsit
983 3908 1157 3965 Lucas
1187 3929 1199 3963 :
1225 3909 1293 3963 Et
1318 3928 1435 3965 cum
1457 3910 1836 3981 complerentur

266 3996 368 4050 dies
404 3996 728 4061 Pentecostes
747 3998 1210 4069 quinquagesima,
1235 4008 1384 4053 erant
1414 4001 1614 4070 pariter
1657 4017 1834 4055 omnes

264 4089 316 4141 in
333 4105 517 4154 unum,
542 4098 593 4157 et
636 4088 807 4157 factus
828 4098 903 4142 est
940 4088 1111 4143 subito
1135 4106 1295 4143 sonus
1334 4089 1398 4143 de
1432 4087 1559 4143 caelo
1583 4099 1833 4161 tanquam

262 4181 305 4233 si
331 4182 542 4251 spiritus
597 4180 883 4239 vehemens.
914 4181 1160 4249 ferretur,
1212 4191 1260 4236 et
1302 4181 1528 4253 implevit
1552 4191 1711 4237 totam
1741 4183 1835 4237 do-
1866 4236 1867 4239 η

266 4289 397 4326 mum
418 4273 504 4326 ubi
540 4281 689 4326 erant
718 4272 972 4336 sedentes,
988 4282 1037 4325 et
1055 4274 1175 4327 visat
1197 4282 1316 4327 sunt
1345 4274 1420 4327 eis
1441 4272 1619 4327 divisa:
1642 4271 1833 4342 linguae

266 4371 503 4433 tanquam
552 4363 710 4434 ignis,
745 4373 793 4416 et
833 4363 964 4416 sedit
995 4380 1149 4434 super
1184 4380 1597 4434 unumquemque
1627 4380 1832 4429 eorum,

1952 438 2166 518 structi,
2191 453 2320 523 quia
2350 454 2621 523 inspiravit
2651 454 2906 509 Dominus
2931 456 2984 508 in
3012 455 3201 525 faciem
3221 438 3349 512 Adae
3375 461 3534 532 inspi-

1952 544 2208 599 rationem
2234 544 2371 610 vitae,
2396 552 2444 597 et
2465 542 2638 614 factus
2667 555 2742 599 est
2769 545 2923 599 homo
2950 547 3003 601 in
3030 547 3263 602 animam
3288 550 3532 606 viventem

1952 636 2104 709 (Gen.
2125 655 2186 703 ιι,
2214 639 2288 711 7).
2340 639 2635 696 Audientes
2658 656 2786 695 vero
2800 651 2854 696 et
2881 640 3217 701 Salvator-cm
3238 643 3531 712 dicentem,

1950 729 2064 799 Ego
2094 745 2211 783 sum
2236 731 2338 784 vita
2361 728 2542 802 (Joan.
2570 747 2679 797 xw,
2719 732 2796 803 6),
2827 742 2881 786 et
2911 732 3136 788 Paulum
3176 737 3531 803 scribentem,

1951 818 2060 874 Lex
2097 821 2231 874 enim
2254 822 2467 889 spiritus
2490 824 2607 876 vita:
2631 821 2809 893 (Rom.
2842 839 2959 888 vin,
2982 823 3061 893 2),
3088 834 3142 879 ct
3171 842 3410 893 rursum,
3438 831 3535 883 mi-

1949 913 2015 966 sit
2044 909 2187 966 Deus
2210 911 2467 982 Spiritum
2490 911 2619 968 Filii
2641 916 2723 968 sui
2752 916 2807 969 in
2825 917 2987 971 corda
3017 928 3193 973 nostra
3222 918 3532 977 clamantem

1949 998 2094 1072 (Gal.
2130 1016 2203 1065 tv,
2244 998 2333 1071 6);
2372 1001 2618 1056 videntes
2666 1003 2828 1057 etiam
2884 1003 3231 1075 Unigenitum
3268 1008 3535 1078 inspiran-

1952 1100 2060 1146 tem
2116 1090 2171 1145 in
2224 1089 2418 1146 faciem
2472 1091 2840 1160 apostolorum
2896 1101 2951 1147 et
2981 1095 3269 1163 dicentem,
3302 1097 3535 1169 Accipite

1952 1181 2210 1253 Spiritum
2227 1193 2465 1237 sanctum
2497 1180 2679 1253 (loan.
2705 1200 2793 1247 xx,
2812 1184 2926 1256 22),
2956 1186 3366 1257 inspirationcm
3385 1191 3530 1259 Filii,

1951 1273 2004 1326 in
2033 1272 2251 1343 propria
2281 1272 2390 1326 vita
2420 1280 2476 1326 et
2528 1273 2829 1327 substantia
2886 1285 3216 1341 manentem,
3272 1278 3532 1349 Spiritum

1950 1373 2197 1417 sanctum
2243 1379 2364 1418 esse
2390 1362 2702 1429 doceamur,
2750 1371 2806 1417 et
2850 1381 3027 1434 neque
3055 1368 3316 1436 genitum,
3359 1387 3534 1441 neque

1949 1464 2191 1508 creatum
2213 1470 2333 1508 esse
2361 1470 2391 1507 a
2420 1453 2559 1508 Filio
2594 1454 2900 1519 credamus,
2931 1465 2985 1509 et
3015 1457 3155 1524 quod
3179 1474 3283 1512 non
3309 1460 3377 1513 sit
3402 1462 3531 1516 Ver—

1948 1545 2076 1599 bum
2107 1544 2251 1609 Filii,
2312 1546 2551 1615 genitum
2594 1562 2722 1600 vero
2758 1562 2787 1599 a
2826 1546 2935 1601 Deo
2981 1557 3065 1601 est
3098 1549 3331 1604 Verbum
3376 1568 3545 1609 suum.

1949 1636 2002 1691 in
2032 1637 2249 1706 propria
2274 1638 2384 1691 vita
2428 1646 2482 1692 et
2513 1638 2817 1692 substantia
2870 1654 3193 1708 permanens
3214 1641 3384 1697 Filius
3413 1643 3531 1710 Dei,

1871 1722 1917 1782 Β
1945 1741 2067 1781 cum
2095 1727 2209 1796 ipse
2240 1727 2311 1782 sit
2340 1727 2448 1781 vita
2480 1746 2491 1780 :
2515 1736 2802 1796 propterea
2828 1743 2956 1784 vero
2981 1745 3088 1784 non
3116 1738 3199 1785 est
3233 1732 3448 1801 genitus
3465 1734 3533 1789 ab

1942 1834 2008 1874 eo
2054 1818 2310 1889 Spiritus,
2349 1820 2476 1888 quia
2525 1836 2632 1875 non
2662 1829 2745 1874 est
2799 1821 3023 1874 verbum
3077 1820 3214 1890 ejus,
3277 1821 3543 1879 Creatum.

1943 1927 2072 1965 vero
2104 1911 2284 1966 dicere
2323 1910 2583 1981 Spiritum
2635 1920 2881 1967 sanctum
2920 1912 3072 1981 nefas
3125 1922 3210 1969 est
3248 1934 3259 1969 :
3314 1932 3532 1971 verum-

1946 2008 2125 2055 tamen
2149 2001 2554 2073 inspirationem
2571 2002 2691 2056 Filii
2717 2003 2811 2058 Dei
2844 2018 2967 2057 eum
3002 2019 3123 2061 esse
3158 2007 3361 2064 sanctis
3386 2008 3533 2062 Scriv

1941 2092 2119 2161 pturis
2169 2092 2347 2147 edocti
2389 2109 2595 2148 sumus.
2645 2092 2879 2149 Fontem.
2914 2111 3045 2150 vero
3081 2095 3316 2165 Spiritus
3356 2100 3529 2153 sancti

1945 2180 2138 2236 Filium
2158 2183 2253 2236 Dei
2275 2198 2395 2238 esse
2411 2183 2663 2250 dicimus,
2682 2185 2797 2255 ipso
2822 2185 2932 2241 lilio
2956 2186 3009 2241 in
3023 2185 3258 2243 Jeremia
3282 2188 3526 2245 dicente:

1945 2270 2083 2338 Quia
2108 2274 2212 2328 duo
2246 2292 2469 2345 nequam
2500 2275 2622 2345 fecit
2645 2276 2869 2348 populus
2893 2277 3108 2342 iste,me
3140 2277 3530 2350 dereliquerunt

1941 2362 2305 2433 fontemaqua:
2330 2365 2474 2430 viva',
2512 2375 2559 2419 et
2607 2366 2900 2436 e/foderunt
2953 2367 3053 2422 sibi
3112 2367 3259 2423 lucus
3287 2370 3527 2436 detritos,

1939 2452 2029 2520 qui
2054 2468 2156 2509 non
2179 2463 2423 2523 poterant
2463 2471 2657 2526 aquam
2686 2466 2897 2528 portare
2932 2457 3067 2524 (Jer.
3107 2474 3172 2524 ιι,
3213 2458 3320 2531 15).
3375 2460 3531 2532 Aqua

1943 2559 2071 2600 vero
2093 2546 2215 2600 viva
2247 2544 2484 2616 Spiritus
2509 2557 2755 2615 sanctus,
2803 2549 2944 2604 sicut
2968 2549 3205 2606 Joannes
3235 2552 3420 2606 docuit
3443 2553 3527 2606 di-

1942 2637 2086 2692 xisse
2102 2635 2436 2695 Salvatorem
2450 2639 2517 2693 ad
2543 2638 2611 2695 Sa
2620 2641 2753 2695 mari
2762 2649 2940 2696 lanam
2966 2641 3271 2709 mulierem,
3289 2642 3347 2697 Si
3368 2645 3529 2698 scires

1940 2730 2136 2784 donum
2159 2729 2279 2795 Dei,
2317 2741 2365 2785 et
2392 2733 2509 2801 quis
2546 2742 2621 2786 est
2654 2734 2743 2803 qui
2769 2733 2893 2787 dicit
2928 2733 3140 2799 tibi,Da
3180 2735 3307 2788 mihi
3336 2734 3525 2801 bibere,

1940 2830 1997 2874 tu
2021 2821 2197 2892 utique
2216 2823 2430 2891 petisses
2459 2840 2600 2888 eum,
2647 2834 2695 2878 et
2725 2825 2949 2879 dedisset
2977 2826 3072 2878 tibi
3136 2843 3325 2897 aquam
3359 2828 3524 2881 vivam

1939 2909 2120 2983 (Joan.
2140 2928 2211 2979 tv,
2239 2912 2326 2986 10)
2355 2931 2370 2979 ;
2411 2924 2467 2968 et
2496 2931 2738 2981 rursum,
2762 2914 3071 2989 Quicunque
3087 2917 3267 2971 biberit
3294 2932 3360 2970 εί·
3389 2935 3526 2989 aqua

1936 3018 2094 3073 quam
2126 3020 2219 3074 ego
2233 3003 2369 3058 dabo
2394 3006 2463 3071 ei,
2490 3023 2590 3061 non
2614 3007 2749 3059 sitiet
2774 3008 2827 3060 in
2854 3017 3103 3061 retentum
3132 3006 3344 3078 (Ibid.).
3388 3007 3527 3061 Nam

1935 3102 1993 3151 et
2018 3095 2075 3150 in
2102 3095 2282 3150 medio
2302 3097 2487 3167 templi
2516 3096 2738 3163 clamat,
2764 3096 2822 3153 Si
2843 3099 2965 3170 quis
2981 3100 3113 3165 sitit,
3143 3100 3313 3154 veniat
3351 3100 3420 3154 ad
3446 3116 3528 3153 me

1935 3191 1985 3237 et
2006 3182 2144 3237 bibat
2160 3184 2284 3255 ;qui
2299 3185 2462 3241 credit
2476 3185 2532 3241 in
2554 3202 2658 3252 me,
2681 3186 2811 3244 sicut
2828 3188 2961 3241 dixit
2976 3186 3277 3259 Scriptura,
3303 3188 3527 3256 ﬂumina

1934 3273 2000 3330 de
2022 3283 2192 3329 ventre
2220 3275 2336 3345 ejus
2358 3277 2520 3346 ﬂuent
2545 3294 2696 3348 aqua:
2723 3279 2845 3332 viva:
2873 3277 3052 3350 (Joan.
3085 3293 3183 3345 vn,
3208 3278 3331 3350 57);
3357 3287 3413 3335 et
3437 3280 3523 3334 in-

1936 3376 2289 3436 wrpretatum
2314 3369 2514 3433 estsic,
2535 3367 2583 3421 Η
2588 3386 2648 3422 oc
2662 3378 2839 3423 autent
2852 3370 3055 3427 dicebat
3071 3356 3136 3431 de
3152 3368 3355 3441 Spiritu
3371 3387 3523 3440 quem

1933 3461 2199 3529 accepturi
2238 3469 2388 3513 erant
2415 3463 2504 3529 qui
2541 3461 2874 3517 crediderunt
2923 3461 2977 3514 in
3010 3477 3130 3515 eum
3162 3462 3373 3533 (Ibid.).
3443 3460 3520 3523 Ita

1936 3548 2101 3603 etiam
2130 3558 2187 3603 et
2210 3548 2376 3619 Isaias
2404 3550 2690 3604 Dominum
2746 3549 2947 3604 dixisse
2974 3549 3071 3616 ait,
3103 3551 3232 3621 quia
3259 3568 3352 3623 ego
3384 3552 3522 3606 dabo

1935 3640 1991 3694 in
2032 3639 2120 3693 siti
2144 3655 2336 3709 aquam
2362 3640 2443 3694 his
2464 3641 2555 3710 qui
2584 3641 2638 3693 in
2674 3640 2811 3694 sicco
2855 3641 2956 3694 iter
2973 3640 3226 3710 fecerunt,
3255 3652 3302 3695 et
3331 3658 3525 3711 ponam

1906 3729 2176 3809 .spiritum
2211 3746 2382 3784 meum
2434 3746 2590 3802 super
2615 3747 2789 3785 semen
2844 3738 3014 3795 tuum,
3046 3740 3095 3784 et
3141 3730 3522 3786 benedictiones

1937 3835 2078 3874 meas
2102 3836 2260 3889 super
2286 3819 2425 3889 ﬁlios
2454 3829 2572 3874 tuos
2615 3838 2634 3886 ,'
2672 3829 2719 3874 et
2749 3820 2983 3874 orientur
3010 3831 3261 3891 tanquam
3299 3822 3353 3875 in
3380 3839 3549 3893 aqua,

1936 3910 2137 3979 fenum,
2168 3920 2211 3965 et
2234 3909 2369 3965 velut
2399 3912 2539 3966 salix
2562 3913 2697 3967 inter
2715 3913 2893 3982 [luxus
2928 3929 3080 3983 aqua’
3103 3912 3236 3983 (Isa.
3270 3927 3417 3979 XLIV,
3440 3913 3516 3981 5).

1935 4001 2077 4071 Ergo
2099 3999 2385 4056 manifeste
2397 3999 2611 4072 Scriptu
2620 4002 2695 4056 ris
2710 4002 2913 4057 sanctis
2924 4001 3304 4071 proﬁtentibus
3320 4018 3517 4072 aquam

1935 4091 2111 4144 vivam
2125 4090 2387 4160 Spiritum
2416 4100 2798 4151 sanctumcsse
2820 4092 3216 4161 cognoscimus.
3260 4092 3527 4149 Dominus.

1936 4197 1995 4237 se
2022 4179 2226 4237 fontem
2258 4196 2379 4237 esse
2406 4182 2628 4251 spiritus
2672 4182 2809 4237 dixit
2850 4183 2951 4249 sic,
3006 4181 3093 4238 Me
3134 4182 3519 4254 dereliquerunt

1936 4272 2132 4342 fontem
2160 4289 2313 4342 aqute
2336 4274 2466 4326 viva:
2493 4270 2629 4340 (Jer.
2655 4288 2717 4337 ιι,
2750 4271 2859 4344 15).
2918 4271 3017 4326 Sic
3040 4281 3093 4327 et
3124 4272 3290 4329 David
3337 4281 3519 4326 cantat

1935 4366 1992 4419 in
2025 4365 2295 4427 tricesimo
2341 4366 2531 4434 quinto
2560 4366 2769 4434 psalmo
2805 4365 2959 4435 (vers.
2992 4364 3078 4435 10)
3105 4366 3290 4420 dicens
3319 4366 3385 4420 ad
3411 4365 3518 4421 Do-

263 4460 306 4504 et
345 4424 605 4521 ceperunt
654 4424 795 4522 loqui
837 4452 955 4506 aliis
984 4424 1197 4523 linguis,
1218 4424 1373 4522 praui
1408 4424 1635 4523 Spiritus
1674 4424 1831 4507 dabat
1858 4424 1912 4483 D
1939 4424 2160 4514 mitium,
2198 4453 2335 4520 Quia
2358 4424 2499 4529 apud
2557 4424 2606 4509 le
2654 4465 2731 4510 est
2784 4424 2904 4523 fons
2935 4424 3072 4510 vitta:
3118 4455 3285 4525 Igitur
3323 4467 3519 4526 printer

262 4544 425 4613 eloqui
452 4544 558 4597 illis
592 4543 729 4615 (Act.
764 4561 823 4609 ιι,
846 4546 930 4616 1).
994 4544 1166 4599 Simili
1199 4545 1357 4599 modo
1400 4554 1454 4599 et
1483 4561 1709 4614 magnus
1748 4544 1835 4599 ille

261 4634 374 4699 Job,
399 4636 662 4695 adversus
688 4638 892 4694 amicos
920 4653 1068 4702 suos,
1083 4654 1204 4692 cum
1230 4638 1629 4708 essentSpiritu
1645 4647 1834 4694 sancto

260 4728 472 4795 privati,
501 4738 558 4783 et
579 4731 711 4785 nihil
753 4747 938 4785 verum
968 4729 1227 4793 dicerent,
1274 4744 1447 4798 neque
1478 4730 1835 4799 opinarentur

260 4832 465 4876 seante
510 4821 675 4875 Deum
699 4820 863 4889 loqui.
920 4819 1116 4874 Aiebat
1164 4833 1295 4889 ergo
1335 4817 1454 4882 Job,
1496 4818 1683 4871 Nonne
1714 4828 1835 4873 ante

259 4909 418 4966 Deum
434 4910 756 4981 loquimini?
777 4918 830 4965 et
864 4922 1097 4977 rursum,
1132 4908 1231 4964 Cui
1252 4910 1603 4963 annuntiastis
1632 4909 1785 4963 verba
1809 4911 1851 4964 .9;

259 5004 527 5073 inspiratio
556 5018 675 5057 vero
702 5003 856 5072 cujus
893 5012 967 5058 est
998 5019 1116 5073 qua:
1148 5001 1376 5071 procedit
1405 5019 1437 5055 a
1464 5011 1511 5054 te
1536 4999 1659 5072 (Job
1682 5017 1833 5067 xxvr,

259 5089 353 5159 vl)?
404 5091 485 5145 Es
516 5091 717 5160 quibus
743 5106 881 5147 unus
905 5107 1099 5161 magna
1124 5090 1351 5159 loquens
1377 5089 1615 5154 dicebat,
1662 5086 1835 5157 Spiri-

258 5192 334 5235 tus
355 5192 431 5237 est
460 5184 550 5254 qui
592 5199 690 5254 pro
743 5182 1053 5237 mortalibus
1093 5180 1383 5245 intercedit,
1414 5181 1689 5250 inspiratio
1716 5196 1833 5234 vero

258 5275 575 5343 omnipotens
602 5284 679 5338 est
706 5290 825 5345 qua:
850 5291 930 5328 me
952 5272 1099 5327 docet
1123 5270 1245 5343 (Job
1272 5288 1438 5335 xxxii,
1466 5270 1542 5342 8).
1575 5270 1833 5342 Omnipo-

257 5372 371 5417 tens
388 5365 573 5419 statim
595 5364 768 5420 Filius
794 5364 909 5429 Dei,
930 5363 998 5418 de
1021 5377 1129 5432 quo
1148 5362 1437 5417 Zacharias
1459 5363 1555 5427 ait,
1588 5363 1834 5432 Propter-

257 5467 311 5504 ea
334 5471 407 5507 sic
433 5455 563 5510 dicit
593 5454 949 5525 Omnipotens,
979 5463 1093 5525 post
1131 5452 1353 5524 gloriam
1398 5454 1538 5507 misit
1566 5470 1646 5507 me
1678 5471 1833 5524 super

259 5554 425 5610 gentes
444 5563 563 5617 qua:
591 5564 679 5601 vos
702 5546 1021 5618 depra'data:
1042 5556 1161 5601 sunt
1187 5543 1372 5618 (Zach.
1402 5560 1461 5609 ιι,
1501 5544 1576 5616 8).
1631 5544 1829 5601 Audia-

260 5648 374 5689 mus
392 5637 559 5691 etiam
585 5635 928 5693 Salomonem
959 5638 1246 5703 dicentem,
1279 5633 1393 5688 Lux
1415 5633 1627 5688 Domini
1655 5636 1822 5706 inspi-

1939 4543 2221 4598 Dominum
2258 4544 2482 4599 ostende
2504 4544 2671 4600 alium
2701 4543 2903 4605 fontem
2932 4560 3051 4603 esse
3074 4546 3221 4612 vitaz,
3251 4547 3342 4615 qui
3377 4548 3518 4618 apud

1936 4648 2060 4693 eum
2084 4632 2172 4687 sit.
2226 4631 2341 4691 Non
2370 4635 2513 4689 enim
2541 4634 2696 4700 dixit,
2726 4634 2852 4704 quia
2886 4642 2937 4689 tu
2970 4650 3031 4691 es
3076 4634 3198 4691 fons
3225 4637 3365 4702 vitae,
3423 4640 3516 4693 sed
3569 4692 3575 4698 .

1936 4726 2061 4796 quia
2084 4725 2304 4794 apudte
2351 4736 2426 4780 est
2465 4726 2583 4794 fons
2608 4727 2766 4781 vitm:
2816 4727 2956 4795 apud
2985 4736 3036 4782 te
3080 4736 3164 4782 est
3188 4743 3339 4794 vero,
3379 4732 3519 4800 apud

1940 4817 2138 4882 Deum;
2186 4826 2349 4872 etest
2383 4817 2551 4873 Filius
2579 4818 2700 4875 fons
2744 4820 2986 4880 existens
3014 4822 3257 4892 spiritus,
3303 4822 3369 4877 de
3410 4839 3519 4895 quo

1935 4907 2220 4976 Paulusad
2250 4909 2522 4967 Romanos
2544 4911 2752 4977 scribit,
2770 4910 2998 4983 Spiritus
3028 4930 3144 4968 vero
3170 4914 3289 4970 vita:
3296 4926 3519 4987 prapter
3558 4970 3559 4973 η

1926 4999 2190 5069 justitiam
2222 4999 2399 5071 (Rom.
2428 5016 2546 5065 vui,
2583 5001 2693 5073 10).
2748 5003 2825 5057 Ita
2858 5020 2965 5058 non
2996 5005 3235 5069 alienum
3279 5007 3372 5061 sed
3394 5024 3517 5078 pro-

1934 5092 2110 5161 prium
2146 5091 2326 5147 Patris
2371 5107 2494 5148 esse
2536 5108 2657 5148 eum
2695 5095 2847 5150 dicit.
2906 5096 3042 5152 Nam
3085 5112 3208 5151 cum
3241 5096 3516 5168 professus

1934 5183 2147 5251 fuisset,
2199 5186 2324 5256 quia
2370 5186 2511 5255 apud
2559 5195 2606 5240 te
2634 5195 2707 5241 est
2732 5187 2849 5257 fons
2876 5189 3014 5254 vitte,
3048 5187 3314 5258 adjunxit,
3356 5188 3410 5241 in
3432 5185 3513 5242 Iu-

1936 5275 2073 5329 mine
2116 5284 2205 5329 tuo
2230 5276 2513 5331 videbimus
2555 5276 2732 5333 lumen
2757 5275 2930 5346 (Psal.
2960 5294 3125 5343 xxxv,
3159 5276 3285 5348 10);
3325 5275 3380 5331 id
3404 5285 3505 5337 est,

1936 5368 1991 5421 in
2021 5366 2159 5422 Filio
2186 5377 2279 5422 tuo
2306 5367 2608 5425 videbimus
2633 5370 2902 5439 spiritum.
2961 5369 3070 5425 Nec
3121 5384 3228 5422 non
3267 5368 3427 5421 etiam
3452 5367 3506 5421 in

1933 5458 2151 5512 nomine
2177 5458 2394 5512 virtutis
2418 5459 2513 5514 Dei
2541 5460 2839 5530 appellatur
2872 5459 3113 5529 spiritus,
3141 5466 3195 5512 et
3218 5458 3322 5510 vita
3352 5466 3404 5509 et
3427 5474 3505 5511 sa~

1931 5546 2133 5618 pientia
2172 5561 2292 5601 esse
2332 5555 2683 5602 monstratur.
2734 5546 3048 5602 Audivimus
3075 5545 3221 5599 enim
3258 5543 3505 5597 Salvato-

1929 5654 2043 5692 rem
2073 5635 2434 5706 inEvangelio
2449 5637 2848 5706 promittentem
2872 5634 3147 5700 discipulis
3177 5635 3288 5688 suis
3310 5634 3507 5695 missu:
