3998 6182
387 270 486 329 εΗ

1431 270 1824 330 TllEODULFl
1861 268 2415 333 AURELIANENSIS
2449 275 2661 334 EPISC.

3547 283 3657 340 248

326 356 343 368 θ
385 404 507 444 rum
541 402 600 442 se
635 402 754 442 esse
786 386 1048 459 Spiritum
1103 394 1371 452 sanctum,
1417 385 1614 455 quibus
1650 383 1801 450 dicit,
1834 383 1972 439 Ecce
1999 388 2048 449 A
2073 402 2204 445 vero
2251 390 2669 475 participatione
2711 364 2940 459 alterius
2987 393 3128 448 idem
3168 394 3394 465 spiritus
3436 383 3663 468 sapiens

383 500 477 554 ego
494 482 576 536 mi.
588 493 695 537 tant
717 482 1111 554 promissionem
1135 479 1317 534 Patris
1333 480 1434 541 mei
1452 496 1607 551 super
1620 494 1730 544 vos,
1747 494 1834 535 ros
1851 494 1969 545 vero

383 576 558 631 sedete
573 575 628 629 in
650 575 875 639 civitate,
892 573 1056 628 donec
1074 571 1369 626 induamini
1398 585 1464 625 ea:
1484 569 1591 624 alto
1608 571 1795 639 virtute
1815 567 1968 642 (Luc.

388 667 564 737 xxiv).
588 665 675 720 l9.
702 664 759 728 in
784 664 1007 725 Actibus
1019 661 1385 733 apostolorum
1412 661 1555 717 idem
1577 660 1841 716 Dominus
1869 660 1969 733 ait,

387 757 664 828 Accipictis
694 756 929 819 rirtutem
956 754 1399 831 superrenientcm
1426 768 1585 823 super
1607 768 1694 806 vos
1717 749 1971 822 Spiritum

385 857 627 902 sanctum
657 843 795 917 (Act.
823 860 864 907 ι,
892 842 968 913 8).
1001 843 1114 898 lloc
1138 856 1354 913 quoque
1385 842 1661 913 impletum
1678 856 1799 897 esse
1825 849 1974 913 post-

386 939 605 994 modum
631 934 1109 1005 comperimussuh
1121 934 1210 989 die
1232 933 1703 1004 Quinquagesimre
1721 948 1973 999 consum-

385 1036 564 1084 matae.
613 1028 722 1081 Aut
745 1040 877 1101 ergo
904 1025 1163 1080 virtutem
1186 1024 1402 1085 Domini
1432 1012 1697 1097 spiritum
1725 1032 1970 1094 sanctum

380 1133 500 1173 esse
533 1104 891 1188 proﬁtemini,
921 1123 1018 1188 aut
1052 1116 1192 1171 sicut
1222 1113 1491 1183 Sabellius
1518 1113 1779 1183 Spiritum
1807 1128 1970 1193 para-

381 1211 588 1274 clitum,
616 1224 740 1264 cum
770 1209 844 1264 sit
870 1209 1044 1262 virtus
1078 1206 1196 1273 Dei,
1221 1205 1471 1261 eumdem
1507 1204 1703 1260 Filium
1727 1204 1822 1259 Dei
1852 1220 1974 1260 esse

380 1301 673 1378 przcdicate
698 1315 714 1364 ;
745 1306 803 1353 et
829 1299 1112 1352 audientes
1140 1296 1369 1368 Paulum
1418 1296 1703 1367 dicentem,
1739 1295 1972 1367 Spiritus

381 1394 501 1447 rita:
526 1400 740 1462 propter
760 1390 1028 1460 Justitiam
1058 1386 1236 1461 (Rom.
1264 1403 1385 1452 vnt,
1411 1387 1522 1459 i0),
1551 1385 1752 1441 fontem
1774 1387 1970 1443 iterum

381 1483 606 1565 spiritus
634 1480 956 1550 instruimur
976 1492 1094 1545 esse
1122 1477 1344 1533 Filium.

385 1595 521 1671 Item
551 1593 689 1649 idem
723 1590 815 1665 (In
838 1590 1135 1713 Symbaloj)1

845 1663 994 1713 cedat
1018 1679 1050 1713 a
1128 1685 1135 1713 4

845 1663 994 1716 cedat
1018 1679 1050 1714 a
1078 1663 1241 1714 Patre
1267 1669 1315 1715 et

1201 1589 1306 1658 uod
1336 1588 1568 1711 Spiritus
1602 1598 1822 1659 sanctus,
1850 1604 1972 1660 pro-

1201 1676 1241 1711 ἐ
1267 1669 1315 1711 et
1397 1659 1509 1711 alio.

1397 1676 1509 1713 ιιιο.

2071 488 2165 535 aut
2195 487 2387 552 potens
2424 472 2641 550 dicitur,
2671 482 2797 551 quia
2825 497 2924 553 per
2947 485 3129 538 omnia
3155 472 3432 556 perfectus
3458 497 3562 554 est,
3602 499 3661 547 et

2070 572 2219 629 nullo
2248 589 2472 646 prorsus
2509 574 2765 661 indigens
2789 576 2952 647 bono.
2992 576 3127 632 Nam
3165 586 3405 648 paternae
3440 582 3661 651 virtutis

2070 675 2126 721 et
2173 666 2451 737 sapientim
2495 666 2638 739 idem
2693 665 2815 722 Filii
2857 667 3082 746 spiritus
3127 670 3391 737 creditur,
3436 680 3493 728 et
3536 673 3661 732 ideo

2073 756 2188 826 ipse
2216 765 2271 811 et
2299 756 2599 823 substantia
2630 756 2848 825 virtutis
2871 765 2927 819 et
2954 759 3219 829 sapientia
3252 761 3654 831 comprobatur.

2070 869 2364 957 Item.
2380 872 2440 957 in
2461 870 2673 957 dialogo
2685 888 2811 954 cum
2837 870 3151 957 TheodoLito
3171 870 3401 957 Syriqno
3420 874 3659 957 episcgpg

2140 930 2810 1016 habitolAuathemZuismo
2832 957 2885 996 IX
2904 982 2919 1008 ,
2941 942 3011 1016 ad
3036 930 3356 1016 Ευορτῇςῃι),
3379 930 3521 1016 quod
3543 930 3660 1015 se;

2142 1013 2277 1066 ritus
2308 1011 2522 1066 sanctus
2544 1029 2575 1066 a
2604 1011 2767 1066 Patre
2793 1013 3040 1083 procedat
3060 1023 3112 1066 et
3134 1011 3168 1067 ὰ
3189 1011 3354 1068 Filio.
3391 1011 3402 1016 ⁷
3585 1011 3603 1027 ”’
3757 1030 3760 1033 ‘

2142 1102 2486 1159 Meminimus
2526 1103 2673 1158 enim
2720 1103 2989 1159 dicentem
3035 1102 3311 1160 Christum
3355 1105 3536 1176 palam
3591 1107 3660 1164 de

2072 1192 2280 1263 Spiritu
2315 1201 2528 1260 saneto,
2571 1191 2673 1249 Ille
2712 1211 2801 1249 me
2836 1193 3150 1264 clari/icabit
3184 1192 3367 1265 (Joau.
3406 1211 3515 1260 xvi,
3545 1196 3658 1268 Η),

2071 1286 2320 1341 novimus
2348 1285 2416 1340 ad
2442 1286 2558 1341 hate
2582 1287 2757 1342 sancti
2786 1286 3022 1357 Spiritus
3057 1287 3430 1357 operationem
3466 1296 3659 1343 conte-

2073 1384 2279 1431 rentem
2305 1377 2668 1447 nequissimus
2700 1378 3115 1449 immundasque
3133 1378 3385 1434 virtutes.
3425 1376 3534 1434 Sed
3554 1394 3662 1433 non

2075 1469 2148 1524 ita
2177 1470 2407 1526 dicimus
2433 1485 2580 1536 eum,
2613 1470 2773 1526 sicuti
2805 1471 3038 1540 denique
3066 1486 3510 1542 unumquemque
3537 1487 3663 1527 san-

2072 1571 2308 1630 ctorum,
2333 1572 2589 1634 tanquam
2617 1564 2795 1619 aliena
2821 1578 2919 1633 per
2944 1562 3205 1634 Spiritum
3233 1572 3481 1619 sanctum
3502 1572 3659 1620 uten-

2074 1667 2183 1714 tem
2206 1657 2425 1712 virtute.
2471 1656 2597 1712 Fuit
2623 1657 2765 1711 enim
2793 1665 2850 1710 et
2871 1664 2958 1712 est
2980 1655 3098 1727 ejus
3120 1655 3361 1727 spiritus,
3391 1655 3552 1711 sicuti
3571 1656 3663 1711 de-

460 1768 486 1799 ι
520 1754 681 1809 Pater
708 1769 739 1809 a
770 1751 916 1808 nullo
947 1759 1031 1807 est
1055 1749 1250 1817 factus,
1291 1763 1393 1805 nec
1423 1756 1661 1817 creatus,
1695 1762 1796 1819 nec
1821 1748 1968 1821 geni-
1996 1739 2044 1799 Β
2073 1751 2237 1822 nique
2257 1758 2312 1806 et
2336 1749 2534 1815 Patris,
2559 1758 2613 1805 et
2640 1749 2745 1805 hoc
2769 1748 2927 1805 nobis
2944 1749 3083 1804 bene
3104 1748 3238 1804 satis
3259 1747 3512 1818 explanat
3528 1747 3664 1803 seri-

392 1860 496 1904 tus.
538 1846 710 1901 Filius
738 1860 768 1899 a
794 1844 956 1899 Patre
976 1842 1092 1899 solo
1111 1849 1217 1906 est,
1241 1856 1349 1896 non
1376 1840 1573 1907 factus,
1598 1854 1702 1895 nec
1730 1828 1968 1906 creatus,

386 1940 481 1997 sed
515 1938 747 2009 genitus.
790 1934 1027 2006 Spiritus
1064 1942 1287 1991 sanctus
1325 1949 1356 1987 a
1394 1932 1558 1987 Patre
1594 1939 1650 1986 et
1687 1930 1839 1988 Filio.
1863 1946 1970 1986 non

383 2032 581 2098 factus,
630 2043 733 2084 nec
783 2034 1022 2093 creatus,
1070 2039 1178 2081 nec
1222 2024 1459 2096 genitus,
1502 2023 1597 2079 sed
1648 2021 1966 2092 procedens.

385 2123 537 2189 Unus
571 2135 701 2194 ergo
728 2119 893 2175 Pater
928 2133 1037 2175 non
1075 2125 1187 2172 tres
1224 2124 1430 2186 patres,
1465 2129 1603 2171 unus
1647 2114 1817 2169 Filius
1861 2127 1969 2168 non

387 2224 497 2279 tres
527 2213 642 2279 lilii,
673 2226 811 2267 unus
841 2209 1076 2284 Spiritus
1096 2216 1317 2267 sanctus
1339 2222 1448 2263 non
1474 2205 1825 2278 tresSpiritus
1844 2219 1971 2260 san-

387 2307 482 2366 cti.
523 2305 590 2359 Et
629 2304 683 2367 in
725 2303 832 2371 hac
874 2291 1143 2356 Trinitate
1176 2299 1311 2353 nihil
1349 2298 1502 2371 prius
1545 2305 1640 2353 aut
1681 2293 1966 2365 posterius,

390 2398 525 2461 nihil
555 2393 729 2465 majus
765 2402 858 2449 aut
896 2394 1097 2459 minus,
1137 2392 1229 2447 sed
1265 2398 1391 2446 tota:
1434 2381 1548 2444 ties
1591 2401 1837 2460 personae
1880 2390 1973 2441 eo-

390 2498 607 2548 mtemm
631 2488 738 2559 sibi,
755 2495 881 2543 sunt
905 2495 961 2547 et
984 2484 1303 2558 eoaquales.
1326 2484 1406 2538 lta
1430 2493 1491 2537 ut
1517 2497 1615 2554 per
1635 2480 1838 2547 omnia,
1865 2481 1973 2537 sic-

388 2589 449 2635 ut
473 2580 588 2650 jam
630 2591 795 2649 supra
832 2576 1037 2632 dictum
1074 2583 1180 2641 est,
1211 2581 1267 2629 et
1300 2571 1538 2643 Trinitas
1563 2571 1617 2625 in
1644 2571 1873 2637 unitate,
1915 2578 1972 2626 et

388 2672 573 2728 unitas
598 2670 653 2725 in
682 2652 949 2741 Trinitate
975 2666 1281 2722 veneranda
1308 2665 1398 2721 sit.
1439 2663 1541 2746 Qui
1567 2662 1683 2718 vult
1710 2677 1841 2737 ergo
1865 2661 1971 2718 sal-

388 2779 488 2819 vus
513 2776 656 2829 esse,
693 2761 765 2815 ita
794 2760 862 2816 de
888 2759 1155 2831 Trinitate
1179 2757 1398 2815 sentiat.

395 2872 632 2945 Epistola
648 2873 718 2928 ad
739 2872 793 2945 1!
794 2872 1040 2945 estorium
1063 2871 1256 2945 (Epist.
1280 2874 1315 2945 ὅ
1335 2872 1400 2945 de
1419 2868 1971 2945 excommunicationi!)

461 2946 537 2998 sic
584 2944 711 2999 dicit
748 2939 976 3017 Cyrillus
1025 2939 1164 3014 quod
1206 2942 1439 3017 Spiritus
1484 2950 1698 2997 sanctus
1736 2956 1770 2995 η
1813 2939 1975 2993 Patre

461 3016 711 3083 procedat
740 3011 869 3068 et'F
871 3011 984 3068 ilio.

467 3105 540 3160 De
570 3103 773 3176 Spiritu
804 3118 1020 3175 quoque
1056 3119 1179 3161 cum
1217 3104 1369 3170 dicit,
1410 3103 1510 3158 Ille
1550 3120 1632 3158 me
1665 3100 1975 3172 clariﬁcabit
2001 3085 2047 3150 C

392 3198 576 3268 (Joan.
622 3213 735 3267 xvi,
787 3187 895 3271 14].
945 3185 1049 3267 hoc
1100 3197 1404 3253 rectissime
1446 3197 1764 3262 sentientes,
1804 3209 1972 3249 unum

390 3288 668 3344 Christum
695 3299 750 3360 et
781 3288 1003 3360 Filium,
1031 3303 1137 3344 non
1168 3289 1311 3343 velut
1337 3288 1561 3343 alterius
1592 3295 1837 3359 egentem
1868 3284 1977 3358 glo-

392 3382 496 3445 ria,
532 3381 855 3451 conﬂtemur
878 3381 948 3435 ab
985 3380 1191 3451 Spiritu
1228 3388 1418 3436 sancto
1455 3379 1682 3451 gloriam
1716 3392 1976 3435 consecu-

391 3481 526 3537 tum,
554 3472 680 3540 quia
705 3471 928 3541 spiritus
947 3460 1066 3540 ejus
1087 3485 1187 3526 nec
1210 3469 1459 3541 superior
1481 3468 1575 3524 illo
1591 3476 1693 3524 est.
1718 3465 1825 3522 Sed
1847 3465 1975 3537 quia

392 3564 529 3619 mira
553 3578 717 3633 opera
746 3562 951 3618 faciens
975 3562 1043 3617 ad
1078 3560 1596 3618 demonstrationem
1624 3573 1736 3614 sum
1760 3557 1976 3615 deitatis

390 3644 605 3709 virtute!
632 3654 850 3726 propria
882 3653 1107 3723 spiritus
1140 3652 1413 3716 utebatur,
1441 3650 1509 3703 ab
1537 3649 1656 3719 ipso
1683 3645 1975 3715 gloriﬁcari

391 3748 610 3809 dicitur,
644 3730 1096 3816 quemadmodum
1137 3744 1183 3798 si
1220 3744 1343 3812 quis
1381 3741 1449 3796 de
1481 3739 1793 3796 hominibus
1828 3751 1978 3793 asse-

390 3843 577 3900 reret,
600 3823 743 3904 quod
763 3834 965 3888 virtute
994 3848 1092 3889 sua
1121 3833 1211 3888 vel
1230 3830 1512 3901 disciplina
1540 3843 1977 3899 unumquemque

393 3926 673 3982 clarillcct.
710 3924 968 3992 Quamvis
993 3924 1137 3979 enim
1172 3924 1226 3978 in
1257 3938 1355 3979 sua
1380 3923 1452 3977 sit
1482 3923 1782 3978 substantia
1812 3920 1973 3976 Chri-

393 4023 530 4081 stus,
561 4023 618 4069 ct
644 4003 762 4084 ejus
792 4012 1122 4085 intelligatur
1154 4013 1209 4067 in
1239 4026 1470 4083 persona
1499 4011 1800 4082 proprietas
1819 4010 1973 4080 juxta

395 4108 451 4162 id
477 4105 620 4177 quod
652 4104 875 4176 spiritus
901 4111 1015 4172 est,
1048 4112 1102 4159 et
1131 4118 1239 4159 non
1272 4103 1440 4169 illius,
1484 4092 1724 4157 attamen
1767 4101 1977 4169 alienus

395 4217 502 4256 non
530 4209 615 4257 est
639 4186 708 4255 ab
734 4199 848 4269 illo;
876 4214 1001 4255 nam
1025 4197 1261 4271 Spiritus
1281 4196 1582 4269 appellatus
1599 4203 1684 4251 est
1703 4194 1971 4262 veritatis,

392 4304 447 4349 et
478 4293 680 4348 veritas
703 4290 949 4348 Christus
976 4278 1085 4357 est,
1103 4289 1245 4345 unde
1266 4298 1321 4345 et
1344 4290 1413 4344 ab
1441 4288 1546 4345 isto
1571 4286 1820 4342 similiter
1835 4285 1977 4341 sicut

390 4405 457 4443 ex
499 4387 613 4444 Deo
652 4385 813 4442 Patre
850 4386 1113 4457 procedit.
1165 4383 1407 4454 Denique
1434 4383 1527 4438 hic
1568 4382 1683 4453 ipse
1716 4378 1972 4450 Spiritus,

390 4477 555 4533 etiam
589 4492 687 4549 per
723 4484 1032 4532 sanctorum
1077 4489 1269 4543 manus
1307 4471 1668 4545 apostolorum
1712 4468 1972 4526 miracula

390 4553 623 4638 gloriosa
665 4568 975 4638 perliciens,
1010 4567 1180 4634 Deum
1216 4565 1540 4637 gloriﬁcavit
1585 4561 1770 4618 Jesum
1816 4560 1974 4617 Chri-

388 4669 532 4715 stum
554 4702 570 4726 ,
610 4669 896 4732 postquam
929 4644 1176 4716 ascendit
1201 4658 1258 4714 in
1297 4657 1516 4713 coelum.
1565 4653 1701 4710 Nam
1736 4651 1974 4709 creditus

389 4762 477 4807 est
514 4738 771 4807 Christus
810 4761 1004 4806 natura
1036 4751 1179 4818 Deus
1207 4751 1446 4819 existens
1477 4761 1577 4830 per
1611 4760 1767 4801 suum
1808 4742 1970 4830 spiri-

390 4850 507 4894 tum
537 4840 765 4895 virtutes
792 4839 1032 4896 eﬂlclens
1056 4858 1069 4894 :
1094 4840 1324 4911 ideoque
1347 4824 1582 4903 dicebat,
1609 4837 1674 4891 de
1696 4851 1811 4890 meo
1833 4824 1973 4888 acci-
2014 4842 2027 4851 ’

391 4933 517 5005 piet,
540 4942 589 4988 et
609 4933 940 5000 anuuntiabit
959 4933 1101 4988 vobis
1122 4933 1305 5005 (Joan.
1330 4949 1441 5000 xvi,
1463 4932 1577 5005 Ην).
1616 4930 1965 5001 Nequaquam

465 5075 493 5146 ξ
530 5060 697 5146 Pater
726 5081 763 5119 a
790 5063 958 5146 nullo_
982 5074 1059 5146 est
1097 5065 1290 5146 factus.
1345 5067 1782 5146 Verhasuntuex
1815 5039 1971 5142 Sym-

392 5132 519 5190 bolo
566 5133 873 5213 éthanasii,
905 5135 962 5213 ,εἰ
1008 5132 1187 5213 tamen
1234 5134 1644 5213 jam__tu_m_h_oc
1674 5140 1747 5213 illi
1776 5132 1967 5198 nomen

390 5212 541 5280 erat;
580 5204 800 5280 Solebat
821 5205 975 5280 enim
999 5207 1179 5280 potius
1200 5204 1454 5280 appellari
1482 5207 1644 5265 Fides
1665 5211 1968 5280 Athanasii,

392 5275 477 5329 vel
501 5274 686 5331 Sermo
720 5275 786 5329 de
800 5274 934 5345 ﬁde,
967 5274 1061 5332 aut
1088 5274 1369 5349 _Ea:p6sitio
1397 5280 1523 5349 ﬁdei
1542 5280 1837 5336 Athanasii.
1882 5274 1971 5338 In;

392 5355 576 5420 certus
599 5354 810 5420 auctor,
859 5361 1021 5420 quem
1048 5346 1302 5420 diximus,
1350 5346 1456 5405 hoc
1485 5353 1600 5420 ipso
1625 5360 1783 5407 utens
1819 5354 1970 5408 testi-

392 5419 597 5491 monio,
634 5436 654 5468 ι
684 5417 902 5491 beatus,
934 5416 1128 5491 inquit,
1178 5416 1530 5491 Athanasius:
1554 5422 1607 5474 in
1630 5422 1969 5491 expositione

391 5488 670 5567 catholica:
698 5487 844 5553 ﬁdei,
897 5502 1059 5570 quam
1089 5487 1204 5611 ipse
1223 5490 1473 5560 egregius
1499 5487 1968 5547 docutr'conscri-

391 5566 517 5611 nstt.
546 5567 603 5611 et
652 5574 814 5611 quam
855 5574 1103 5611 universa
1129 5573 1174 5611 IS
1201 5557 1489 5611 conﬁtetur
1537 5560 1806 5611 Ecclesia-
1837 5576 1962 5611 nm-

390 5557 603 5629 psit,et
652 5574 814 5629 quam
855 5557 1174 5614 universalis
1201 5557 1489 5629 conﬁtetur
1537 5560 1806 5625 Ecclesia,
1837 5576 1962 5629 pro-

391 5627 693 5699 cessionem
723 5628 958 5699 Spiritus
997 5628 1166 5699 sancti
1211 5645 1242 5682 a
1287 5627 1446 5699 Patre
1474 5638 1531 5685 et
1563 5629 1697 5695 Filio
1723 5627 1963 5687 declarat

395 5691 467 5746 iis
492 5697 711 5753 dicers:
763 5691 925 5755 'Pater
973 5717 1008 5755 a
1053 5697 1197 5755 nullo
1246 5708 1320 5754 est
1350 5691 1545 5767 factus,
1572 5691 1674 5766 ctc.
1727 5721 1746 5753 ι
1782 5702 1959 5777 Atque

2068 1839 2203 1896 hens
2226 1840 2627 1896 sacratissimus
2654 1839 2873 1905 Paulus,
2903 1837 3009 1905 Qui
3035 1848 3210 1894 autem
3243 1838 3299 1894 in
3331 1855 3491 1893 carne
3516 1847 3660 1904 sunt,

2068 1930 2275 2001 placere
2304 1930 2409 1983 Deo
2438 1946 2541 1984 non
2566 1939 2804 2000 possunt,
2829 1946 2921 1985 vos
2947 1939 3123 1984 autem
3141 1946 3244 1984 non
3264 1931 3389 1984 estis
3406 1929 3462 1984 in
3481 1945 3659 1993 carne,

2068 2021 2159 2076 sed
2192 2021 2249 2075 in
2283 2021 2493 2093 spiritu,
2525 2022 2574 2075 si
2604 2029 2780 2075 tamen
2809 2020 3026 2091 spiritus
3052 2020 3152 2075 Dei
3187 2020 3390 2075 habitat
3413 2021 3471 2075 in
3497 2020 3660 2074 vobis.

2072 2114 2139 2171 Si
2162 2116 2279 2187 quis
2307 2125 2482 2185 autem
2510 2116 2754 2188 spiritum
2785 2114 2979 2171 Christi
3007 2132 3110 2171 non
3137 2116 3323 2182 habet,
3347 2116 3431 2171 hic
3454 2132 3559 2171 non
3585 2124 3662 2171 est

2069 2205 2185 2275 ejus
2217 2204 2395 2277 (Rom.
2427 2220 2543 2273 vni,
2575 2205 2653 2278 8).
2689 2204 2943 2263 Procedit
2969 2205 3114 2261 enim
3134 2220 3200 2260 ex
3225 2204 3339 2261 Deo
3358 2203 3521 2260 Patre
3540 2203 3663 2276 Spi-

2070 2299 2207 2354 ritus
2233 2305 2450 2354 sanetus
2493 2299 2787 2354 secundum
2833 2295 3133 2353 Salvatoris
3170 2311 3378 2361 vocem,
3416 2297 3511 2353 sed
3549 2312 3660 2353 non

2070 2399 2154 2446 est
2180 2390 2388 2447 alienus
2412 2405 2442 2445 a
2475 2390 2614 2446 Filio
2637 2407 2650 2443 :
2673 2389 2856 2445 omnia
2882 2388 3028 2444 enim
3055 2388 3221 2445 habet
3244 2403 3369 2444 eum
3399 2388 3582 2454 Patre,
3605 2396 3663 2445 et

2071 2484 2175 2539 hoc
2204 2484 2318 2554 ipse
2338 2484 2522 2540 docuit
2547 2483 2734 2539 dicens
2759 2482 2827 2538 de
2851 2482 3055 2552 Spiritu
3078 2489 3287 2547 saneto,
3312 2479 3504 2536 Omnia
3521 2496 3662 2553 quat-

2071 2592 2273 2647 cunque
2307 2574 2459 2630 habet
2499 2572 2684 2641 Pater,
2718 2591 2834 2630 mea
2861 2582 3003 2628 sunt.
3044 2572 3331 2644 Propterea
3354 2571 3468 2628 diri
3494 2572 3655 2638 vobis,

2070 2669 2194 2740 quia
2219 2666 2286 2722 'de
2312 2683 2425 2722 meo
2457 2668 2697 2738 accipiet,
2718 2675 2769 2721 et
2802 2664 3133 2721 annuntiabit
3160 2664 3301 2720 vobis
3330 2664 3512 2736 (Joau.
3543 2680 3658 2731 ιη,

2075 2757 2185 2830 15).
2220 2756 2361 2828 Ergo
2387 2756 2711 2829 gloriﬁcabit
2729 2756 2946 2828 quidem
2964 2754 3151 2812 Iesum
3176 2752 3414 2826 Spiritus
3437 2764 3661 2812 sanctus

2074 2845 2423 2918 inopinabilia
2462 2854 2798 2916 operantem.
2862 2844 3249 2917 Verumtamen
3299 2845 3380 2901 sie
3434 2845 3659 2914 spiritus

2074 2941 2211 3013 ejus,
2240 2949 2295 2996 et
2328 2956 2432 2996 non
2466 2939 2641 2994 aliena
2668 2939 2873 3005 virtus,
2901 2944 2958 2994 et
2982 2952 3049 2994 eo
3085 2938 3334 3009 superior
3359 2936 3657 2994 secundum

2076 3033 2218 3115 quod
2242 3028 2560 3104 intelligitur
2586 3031 2749 3087 Deus.

2076 3144 2240 3201 Docet
2267 3143 2534 3210 Hilarius,
2562 3144 2712 3215 quod
2737 3140 3165 3215 unumrSpiritui
3196 3150 3378 3215 sancto
3418 3157 3449 3215 ᾳ
3496 3139 3661 3215 Patre

2143 3215 2421 3287 procedere
2461 3224 2511 3287 e_t
2542 3210 2766 3287 AaiFilio
2795 3210 3047 3287 accipere
3081 3213 3147 3268 sit
3180 3210 3378 3276 emitti,
3422 3211 3478 3266 in
3524 3210 3658 3265 libro

2145 3283 2324 3340 octavo
2359 3286 2424 3339 de
2461 3283 2717 3339 Trinitate
2759 3284 2882 3339 sic:

2144 3398 2279 3455 Cum
2312 3399 2503 3454 venerit
2535 3397 2819 3461 advocatus
2848 3395 2958 3462 ille,
2991 3410 3143 3468 quem
3166 3410 3258 3465 ego
3286 3395 3490 3448 mittam
3517 3392 3659 3447 vobis

2073 3509 2106 3546 a
2134 3489 2296 3545 Patre
2324 3488 2579 3562 Spiritum
2612 3489 2867 3553 veritatis,
2891 3487 2981 3559 qui
3013 3505 3047 3541 a
3076 3484 3237 3539 Patre
3261 3501 3375 3539 meo
3401 3482 3657 3555 procedit,

2072 3582 2182 3651 ipse
2212 3579 2580 3649 testiﬁcabitur
2619 3579 2685 3634 de
2715 3595 2798 3634 me
2832 3578 3014 3650 (Joan.
3051 3591 3143 3641 xv,
3182 3574 3297 3647 26).
3347 3574 3659 3630 Advocatus

2074 3671 2274 3737 veniet,
2306 3678 2362 3725 et
2389 3671 2535 3726 hunc
2563 3670 2742 3726 mittet
2770 3669 2941 3725 Filius
2968 3684 2998 3724 a
3023 3667 3208 3734 Patre,
3231 3676 3287 3723 et
3312 3666 3546 3737 Spiritus
3564 3680 3660 3721 ve-

2075 3760 2256 3817 ritatis
2281 3768 2365 3816 est
2392 3761 2483 3831 qui
2509 3776 2541 3816 a
2568 3760 2730 3816 Patre
2753 3759 3014 3830 procedit.
3054 3758 3309 3815 Excutiat
3341 3756 3538 3828 ingenii
3571 3756 3657 3812 sui

2076 3849 2292 3906 aculeos
2330 3850 2509 3906 omnis
2536 3850 2915 3913 hatreticorum
2947 3848 3151 3914 schola,
3184 3854 3239 3903 et
3266 3855 3475 3919 quaerat
3510 3860 3659 3901 nunc

2075 3940 2220 4021 quod
2244 3940 2329 3995 vel
2354 3940 2569 4004 mentiri
2594 3939 2964 4017 ignorantibus
2993 3941 3186 4010 possit,
3219 3946 3277 3994 et
3309 3937 3503 3993 doceat
3528 3936 3659 4007 quid

2076 4031 2151 4086 sit
2174 4032 2276 4087 hoc
2302 4032 2445 4111 quod
2470 4030 2641 4098 Filius
2666 4032 2833 4086 mittit
2860 4046 2893 4086 a
2919 4030 3115 4086 'Patre.
3157 4030 3259 4103 Qui
3287 4028 3476 4093 mittit,
3505 4034 3661 4097 pote-

2075 4131 2272 4181 statem
2300 4138 2451 4178 suam
2479 4123 2534 4178 in
2569 4138 2636 4184 eo
2665 4123 2808 4193 quod
2838 4122 3006 4178 mittit
3029 4121 3267 4178 ostendit
3293 4137 3307 4175 :
3335 4117 3430 4175 sed
3451 4117 3597 4188 quod
3623 4130 3655 4170 a

2075 4213 2237 4273 Patre
2263 4213 2430 4277 mittit
2447 4214 2575 4284 quid
2597 4212 2982 4285 intelligimus?
3015 4212 3207 4270 Utrum
3238 4217 3537 4281 acceptum,
3561 4215 3655 4262 aut

2074 4303 2390 4371 dimissum,
2432 4313 2526 4360 aut
2569 4305 2849 4378 genitum?
2889 4302 3024 4358 Nam
3067 4305 3261 4359 horum
3307 4314 3529 4356 necesse
3571 4305 3653 4353 est

2079 4412 2242 4452 unum
2280 4396 2483 4468 aliquid
2510 4396 2796 4469 signiticet,
2826 4397 2970 4468 quod
3003 4411 3036 4451 a
3065 4395 3224 4451 Patre
3249 4395 3517 4449 missurus
3547 4398 3654 4455 est,

2077 4496 2133 4543 et
2162 4489 2428 4544 missurus
2468 4504 2499 4544 a
2535 4489 2695 4555 Patre
2725 4496 2809 4551 est
2835 4503 2959 4550 eum
2999 4486 3259 4558 Spiritum
3288 4483 3533 4542 veritatis
3560 4481 3652 4553 qui

2075 4597 2107 4636 a
2126 4581 2287 4637 Patre
2306 4580 2569 4658 procedit.
2617 4577 2738 4634 Jam
2761 4593 2892 4635 vero
2921 4592 3026 4634 non
3047 4584 3132 4633 est
3158 4576 3421 4647 acceptio,
3446 4574 3536 4630 ubi
3563 4575 3651 4630 de~

2072 4680 2371 4728 monstrata
2399 4670 2671 4743 processio
2689 4678 2792 4727 est.
2829 4669 3088 4749 Superest
3107 4675 3168 4723 ut
3190 4667 3572 4723 conﬁrmemus
3597 4666 3652 4720 in

2072 4780 2196 4821 eum
2224 4765 2544 4833 sententiam
2580 4772 2844 4830 nostram,
2875 4770 3060 4817 utrum
3091 4761 3143 4816 in
3177 4760 3280 4815 hoc
3309 4759 3652 4816 consistentis

2071 4857 2470 4929 egressionem,
2509 4871 2578 4909 an
2614 4856 2781 4927 geniti
2823 4853 3222 4926 processlonem
3256 4851 3651 4907 existimemus.

2072 4947 2259 5018 Neque
2286 4946 2342 5015 in
2381 4948 2489 5002 hoc
2512 4946 2711 5007 mundo
2734 4960 2880 5000 nunc
2910 4943 3211 5009 calumnior
3230 4941 3466 4999 libertati
3496 4940 3655 4997 intel-

2075 5081 2218 5136 hanc
2245 5079 2479 5150 priscam
2522 5090 2578 5134 et
2602 5092 2783 5150 veram
2811 5074 2975 5150 fuisse
3012 5078 3425 5150 appellationem
3461 5084 3649 5150 osten-

2076 5095 2218 5136 nanc
2238 5095 2479 5205 ἕπεσθαι
2522 5095 2578 5134 et
2602 5095 2783 5133 veram
2811 5095 2975 5135 tuisse
3012 5095 3425 5202 appellationem
3461 5095 3649 5130 osum-

2075 5151 2211 5205 dunt
2288 5150 2437 5222 rzeci,
2482 5150 2573 5219 qui
2613 5149 2812 5222 fuero,“
2839 5150 2919 5222 vel
2957 5149 3222 5222 ὁμολογίαν
3248 5158 3339 5219 τῆς
3389 5147 3650 5222 καᾷολςκῆς

2076 5225 2303 5281 πίστεως
2323 5220 2663 5301 interpretati
2696 5229 2839 5301 sunt.
2893 5219 3069 5289 Latini
3114 5219 3648 5301 posteasymb'olum

2076 5298 2355 5352 vocarunt.
2385 5286 2545 5378 atqile
2575 5291 2715 5378 haud
2754 5291 2867 5378 scio
2891 5286 2959 5343 an
2982 5286 3222 5378 omniqm
3240 5286 3452 5378 primus
3485 5286 3649 5340 lliuc—

2074 5376 2258 5415 marus
2279 5358 2472 5415 contra
2491 5359 2925 5430 Gothescnlcum,
2956 5375 3077 5430 cap.
3107 5361 3196 5415 55.
3240 5358 3397 5414 Tanti
3416 5371 3650 5430 namque

2072 5431 2210 5501 apud
2226 5430 2409 5511 G_allos
2437 5430 2734 5511 symbolum
2767 5431 2870 5489 hoc
2894 5426 3232 5511 fuit,:ut_una
3253 5444 3374 5511 e_unt
3403 5426 3649 5511 symbolo

2069 5499 2429 5581 apostolorum
2459 5499 2731 5581 memoria:
2754 5501 3120 5581 commendari
3144 5499 3475 5581 presbyteris
3503 5512 3639 5581 ρεπε-

2067 5566 2233 5639 cipiat
2267 5570 2584 5626 lliucmarus
2613 5571 2753 5625 idem
2778 5570 2828 5640 iu
2861 5566 3369 5640 capitulisf'clericis
3393 5566 3647 5634 omnibus

2066 5642 2301 5711 synodus
2327 5639 2845 5712 Augustodunensis.
