3998 6182
252 275 347 331 illi

1506 289 1596 345 DE
1634 289 1910 348 SPlRlTU
1951 290 2238 356 SANCTO.

3389 320 3501 376 230

251 389 492 458 ligentiac,
520 397 701 445 utrum
728 404 796 450 ex
817 391 978 447 Patre
1003 407 1072 448 an
1096 409 1161 449 ex
1197 394 1333 451 Filio
1357 396 1620 468 Spiritum
1651 417 1814 470 para-
1843 407 1896 467 Α
1921 403 2056 460 Item
2097 408 2237 462 idem
2271 409 2326 463 in
2364 411 2542 466 eodem
2581 415 2714 501 libro
2735 419 2858 501 “(In
2901 425 3225 494 expositione
3266 433 3505 501 ejusdem

246 481 422 533 clilum
454 489 642 550 putent
670 497 809 538 esse.
866 482 983 542 Non
1023 487 1168 542 enim
1213 488 1265 542 in
1307 489 1517 546 incerto
1555 492 1812 559 Dominus

248 573 472 642 reliquit.
511 573 645 629 Nam
677 576 777 631 sub
811 576 999 634 iisdem
1021 579 1177 636 dictis
1206 581 1278 636 ita
1305 583 1423 639 haec
1453 584 1663 642 locutus
1695 595 1808 643 est:

245 662 420 715 Adhuc
454 663 621 717 multa
658 666 820 722 habeo
849 667 1020 724 dicere
1039 672 1200 737 vobis,
1228 674 1323 727 sed
1349 692 1451 729 non
1479 680 1692 746 potestis
1717 679 1810 734 illa

243 753 388 806 modo
416 764 645 824 portare.
678 754 809 812 Cum
835 771 1007 814 autem
1039 763 1229 816 venerit
1250 763 1338 819 ille
1366 765 1593 836 Spiritus
1620 770 1809 823 verita-

241 843 323 903 tis,
350 845 536 914 diriget
564 863 650 901 vos
675 848 729 901 in
755 851 896 903 omni
927 854 1159 908 veritate.
1208 855 1328 910 Non
1355 860 1493 912 enim
1520 859 1757 931 loquetur
1777 881 1811 917 a

239 938 656 1007 semetipso:sed
692 958 1008 1016 qua'cunque
1046 950 1274 1004 audierit
1316 951 1573 1023 loquetur,
1624 966 1673 1010 et
1719 957 1807 1026 fu-

239 1034 353 1078 tura
379 1031 713 1083 annuntiabit
734 1032 890 1086 vobis.
945 1034 1045 1090 Ille
1073 1054 1154 1092 me
1175 1041 1537 1112 honoriﬁcabit
1557 1087 1571 1112 ,
1597 1049 1721 1118 quia
1746 1049 1810 1105 de

239 1130 347 1166 meo
368 1117 602 1187 accipiet,
629 1131 676 1173 et
700 1125 1027 1179 annuntiabit
1059 1128 1220 1184 vobis.
1263 1130 1452 1188 Omnia
1487 1153 1809 1211 qua'cunque

235 1201 383 1256 liabet
409 1203 572 1260 Pater
598 1225 713 1263 mea
742 1222 882 1278 sunt,
905 1226 1175 1287 propterea
1199 1221 1330 1287 dixi,
1355 1223 1431 1278 De
1456 1201 1566 1280 meo
1593 1201 1808 1300 accipiet

231 1302 285 1350 et
312 1298 636 1352 annuntiabit
669 1301 810 1356 vobis
847 1303 1030 1375 (Joan,
1067 1324 1179 1373 xvr,
1223 1311 1328 1382 12).
1384 1312 1428 1368 A
1468 1315 1605 1372 Filio
1645 1298 1809 1390 igitur

235 1385 446 1453 accipit,
480 1389 606 1456 quia
634 1397 690 1445 et
717 1391 787 1445 ab
814 1408 880 1447 eo
911 1395 1162 1463 mittitur,
1197 1408 1253 1454 et
1285 1417 1312 1455 a
1349 1403 1513 1460 Patre
1540 1385 1803 1474 procedit.

233 1474 302 1528 Et
325 1477 612 1548 interrogo,
629 1490 812 1538 utrum
831 1485 884 1539 id
910 1487 1082 1555 ipsum
1107 1491 1178 1544 sit
1203 1507 1230 1544 a
1259 1492 1394 1550 Filio
1408 1497 1652 1567 accipere
1666 1502 1808 1569 quod

234 1583 266 1618 a
303 1566 458 1623 Patre
501 1573 813 1640 procedere.
863 1576 1015 1643 Quod
1054 1581 1100 1634 si
1142 1582 1275 1636 nihil
1312 1566 1538 1642 diﬁ‘crre
1569 1566 1808 1647 creditur

231 1658 371 1713 inter
391 1663 635 1733 accipere
659 1680 690 1718 a
715 1666 875 1733 Filio,
898 1678 954 1724 et
983 1686 1012 1725 a
1041 1672 1202 1729 Patre
1228 1681 1540 1745 procedere,
1569 1691 1718 1738 certe
1751 1685 1803 1739 id

2621 487 2790 560 ﬁdei).

1987 566 2045 622 Si
2070 571 2192 638 quis
2223 570 2489 642 Spiritum
2529 587 2776 634 sanctum
2817 584 3138 652 paraclitum
3186 589 3372 648 dicens
3418 596 3501 650 in-

1913 662 2229 717 nascibilem
2266 665 2432 721 Deum
2463 668 2627 734 dicat,
2650 673 2938 730 anathema
2968 677 3060 737 sit.
3083 679 3327 751 Adjectio
3355 700 3504 742 nunc

1911 751 2160 818 paraclili
2191 756 2522 812 anathemati
2570 761 2859 819 obnoxiam
2911 765 3042 824 facit
3075 769 3406 828 innascibilis
3444 774 3500 832 in

1911 855 2034 894 eum
2064 841 2156 896 Dei
2186 845 2646 912 praedicationem.
2695 853 3077 924 lmpiissimum
3108 862 3251 916 enim
3280 873 3382 929 est,
3415 865 3501 920 in-

1911 932 2227 990 nascibilem
2272 936 2439 992 Deum
2485 955 2608 996 eum
2659 944 2787 1010 dici,
2837 949 2930 1017 qui
2975 951 3042 1005 ad
3071 953 3495 1012 consolationem

1912 1030 2152 1078 nostram
2181 1024 2252 1079 sit
2280 1026 2481 1084 missus
2517 1045 2548 1084 a
2594 1030 2750 1087 Filio.
2797 1034 2855 1090 Si
2898 1040 3040 1108 quis,
3083 1042 3242 1098 sicuti
3271 1060 3370 1100 nos
3396 1047 3496 1102 do.-

1910 1111 2022 1166 cuit
2049 1113 2330 1180 Dominus,
2369 1133 2476 1172 non
2519 1119 2684 1176 alium
2715 1125 2860 1181 dicat
2887 1127 3217 1188 Paraclitum
3258 1151 3288 1189 a
3317 1135 3493 1204 Filio.;

1909 1202 2044 1257 dixit
2068 1205 2236 1269 enim,
2267 1207 2340 1260 Et
2361 1207 2583 1266 alterum
2607 1210 2934 1272 Paraclitum
2957 1223 3123 1277 mittet
3147 1225 3286 1280 vobis
3312 1202 3496 1294 Pater,

1908 1311 2060 1363 quem
2098 1297 2291 1366 rogabo
2319 1315 2436 1353 eum
2483 1300 2663 1372 (Joan.
2692 1321 2803 1372 xiv,
2835 1308 2945 1378 l6),
2996 1314 3286 1370 anathema
3331 1319 3422 1372 sit:
3450 1319 3498 1376 Α

1908 1384 2046 1443 Filio
2071 1386 2397 1444 Paraclitum
2426 1392 2650 1448 missum
2678 1399 3044 1466 meminimus,
3069 1413 3126 1457 et
3153 1405 3205 1459 in
3228 1408 3500 1479 principio

1908 1474 2012 1530 hoc
2041 1475 2174 1530 ﬁdes
2201 1478 2315 1546 ipsa
2346 1484 2611 1550 exposuit.
2662 1485 2768 1540 Sed
2811 1490 2938 1558 quia
2981 1474 3295 1563 frequenter
3319 1474 3492 1555 Filius

1906 1580 2005 1634 per
2036 1565 2390 1624 indiﬁerentis
2433 1582 2640 1628 natura:
2684 1577 2939 1636 virtutem
2984 1598 3148 1652 opera
3192 1602 3286 1641 sua
3330 1605 3494 1660 opera

1906 1654 2083 1710 Patris
2105 1673 2225 1713 esse
2251 1659 2408 1726 dixit,
2436 1663 2641 1729 dicens,
2669 1666 2784 1736 Ego
2810 1686 2965 1739 opera
3009 1672 3188 1731 Patris
3217 1680 3318 1733 mei
3352 1654 3493 1750 facio

230 1747 401 1815 ipsum
422 1759 582 1820 atque
606 1769 772 1808 unum
796 1771 914 1812 esse
932 1761 1329 1820 existimabitur
1348 1783 1378 1821 a
1402 1767 1536 1824 Filio
1559 1773 1805 1843 accipere
1833 1769 1879 1828 B
1909 1748 2092 1843 (λθαηο
2125 1768 2182 1817 κν
2233 1752 2346 1824 57)’
2399 1755 2664 1812 miss'm's
2691 1774 2904 1829 quoque
2950 1763 3297 1834 pamc‘imm’
3330 1747 3490 1825 svicmi

225 1839 385 1904 quod.
405 1841 475 1895 sit
509 1845 753 1914 accipere
781 1864 811 1902 a
843 1849 1021 1907 Patre.
1066 1853 1183 1924 Ipse
1220 1858 1366 1912 enim
1393 1859 1654 1918 Dominus
1677 1839 1801 1931 vait,

226 1927 488 1990 Quoniam
513 1932 578 1987 de
600 1951 712 1990 meo
739 1939 955 2008 accipiet
981 1952 1030 1995 et
1052 1947 1383 2000 annuntiabit
1407 1950 1570 2004 vobis.
1613 1927 1805 2009 Omnia

215 2035 546 2092 quiscunque
577 2025 728 2080 habet
755 2025 916 2083 Pater
947 2049 1061 2087 mea
1089 2045 1209 2088 sunt
1234 2050 1251 2087 :
1272 2047 1542 2110 propterea
1570 2041 1712 2108 dixi,
1743 2044 1808 2099 de

216 2127 346 2164 meo
361 2113 575 2183 accipiet
596 2126 643 2170 et
664 2121 993 2175 annuntiabit
1018 2123 1156 2178 vobis
1189 2125 1370 2196 (Joan.
1397 2147 1510 2197 xvi,
1541 2133 1649 2204 14).
1690 2134 1805 2192 Hoc

216 2201 366 2270 quod
396 2205 648 2274 accipiet,
679 2209 792 2264 sive
812 2220 1054 2280 potestas
1081 2223 1182 2281 est,
1210 2219 1324 2274 sive
1346 2222 1537 2287 virtus,
1566 2201 1681 2280 sive
1707 2229 1802 2283 do-

217 2294 414 2357 ctrina,
441 2295 610 2352 Filius
632 2315 663 2353 a
693 2315 753 2355 se
781 2304 1151 2375 accipiendum
1178 2323 1300 2365 esse
1321 2311 1474 2380 dixit,
1507 2327 1561 2370 et
1588 2333 1801 2375 rursum

219 2384 327 2438 hoc
379 2384 554 2454 ipsum
598 2389 868 2458 signiﬁcat
909 2395 1279 2465 accipiendum
1322 2416 1442 2457 esse
1488 2404 1554 2460 de
1594 2406 1796 2464 Patre:

217 2491 345 2530 cum
395 2478 536 2532 enim
583 2481 696 2547 ait,
733 2485 912 2539 omnia
948 2502 1280 2560 qumcunque
1310 2493 1472 2549 habet
1502 2497 1664 2554 Pater
1699 2516 1797 2555 sua

215 2581 361 2632 esse,
397 2577 450 2622 et
486 2569 686 2626 idcirco
712 2575 916 2632 dixisse
944 2593 1002 2631 se
1030 2579 1096 2633 de
1122 2596 1221 2636 suo
1255 2584 1622 2653 accipiendum
1651 2603 1793 2657 esse,

217 2659 377 2714 docet
413 2660 574 2716 etiam
607 2677 636 2716 a
671 2663 832 2720 Patre
869 2669 1199 2738 accipienda,
1231 2687 1262 2726 a
1293 2688 1351 2728 se
1381 2682 1559 2731 tamen
1597 2679 1792 2750 accipi,

217 2749 346 2817 quia
387 2752 565 2806 omnia
601 2769 721 2823 quae
752 2753 928 2812 Patris
960 2768 1106 2825 sunt,
1143 2777 1238 2816 sua
1278 2773 1424 2819 sunt.
1475 2767 1592 2822 Non
1632 2749 1796 2824 habet

216 2840 336 2894 lucc
372 2841 544 2897 unitas
589 2844 956 2902 diversitatem
985 2889 1000 2914 ,
1047 2867 1147 2906 nec
1184 2853 1360 2908 diﬁ‘ert
1405 2872 1434 2910 a
1485 2873 1591 2927 quo
1638 2874 1796 2915 acce-

213 2938 370 2999 ptum
407 2931 507 2996 sit,
547 2935 688 3002 quod
724 2937 904 2992 datum
944 2956 974 2993 a
1008 2940 1166 2998 Patre
1193 2985 1206 3008 ,
1245 2945 1427 3001 datum
1462 2949 1726 3005 referatur
1761 2968 1792 3007 a

213 3020 377 3076 Filio.
437 3023 682 3094 Nunquid
719 3036 773 3081 et
810 3030 900 3084 hic
934 3032 1226 3089 voluntatis
1265 3038 1446 3094 unitas
1479 3042 1792 3096 asseritur?

1906 1839 2219 1909 frequenter
2265 1846 2569 1914 spopondit,
2621 1847 2891 1905 interdum
2919 1867 3041 1906 eum
3084 1864 3140 1910 et
3168 1858 3492 1915 mittendum
3562 1872 3566 1876 '

1905 1931 2046 1984 dixit
2079 1947 2108 1984 a
2156 1932 2334 1994 Patre,
2369 1935 2496 1989 dum
2545 1953 2704 1992 omne
2731 1941 2875 2009 quod
2914 1951 3117 2013 ageret,
3163 1947 3250 2015 pie
3286 1948 3494 2004 referre

1905 2027 1993 2073 est
2025 2020 2214 2075 solitus
2243 2023 2311 2076 ad
2337 2022 2572 2080 Patrem.
2606 2027 2686 2082 Ex
2715 2044 2822 2098 quo
2870 2031 3109 2088 hzeretici
3145 2038 3490 2097 occasionem

1905 2107 2217 2180 frequenter
2245 2114 2528 2184 arripiunt,
2560 2125 2621 2174 ut
2658 2119 2831 2188 ipsum
2875 2137 2995 2178 esse
3022 2123 3220 2180 Filium
3249 2127 3487 2184 Paracli-

1905 2208 2017 2259 tum
2047 2202 2267 2260 dicant:
2301 2220 2423 2260 cum
2451 2207 2502 2260 in
2533 2223 2598 2263 eo
2625 2212 2766 2278 quod
2809 2212 2982 2276 alium.
3013 2214 3340 2275 Paraclitum
3367 2222 3493 2283 mit-

1904 2290 2124 2344 tendum
2169 2309 2199 2346 a
2229 2291 2391 2350 Patre
2418 2297 2490 2351 sit
2535 2309 2888 2367 precaturus,
2927 2303 3284 2366 diderentiam
3335 2312 3488 2368 missi

1900 2383 2248 2452 rogantisque
2294 2386 2580 2456 signiﬁcet.
2649 2389 2707 2445 Si
2753 2391 2874 2460 quis
2934 2392 3193 2462 Spiritum
3235 2408 3492 2458 sanctum

1897 2480 2104 2542 partem
2136 2475 2267 2530 dicit
2297 2475 2474 2532 Patris
2499 2479 2583 2533 vel
2614 2479 2757 2547 Filii,
2789 2485 3075 2545 anathema
3103 2487 3192 2542 sit.
3240 2488 3480 2550 Stultitia

1896 2563 2135 2618 haeretici
2165 2566 2362 2622 furoris
2391 2569 2504 2623 hzec
2530 2573 2707 2643 coegit
2731 2576 2934 2646 scripto
2959 2577 3183 2643 referre,
3210 2595 3315 2635 non
3337 2598 3484 2651 quat.-

1895 2655 2019 2714 stio.
2054 2655 2186 2710 Nam
2213 2674 2336 2713 cum
2379 2660 2614 2730 Spiritus
2654 2666 2828 2722 sancti
2870 2683 3066 2722 nomen
3103 2671 3302 2726 habeat
3328 2689 3482 2730 suam

1893 2742 2363 2814 signiﬁcationem,
2393 2757 2448 2803 et
2472 2749 2706 2820 Spiritus
2726 2759 3259 2826 sanctusparaclitus
3285 2763 3483 2820 habeat

1893 2836 2209 2896 Substantiaz
2252 2856 2362 2895 sua:
2403 2852 2458 2898 et
2482 2844 2715 2902 ofﬁcium
2743 2857 2800 2903 et
2832 2851 3102 2920 ordinem,
3139 2865 3195 2910 et
3228 2872 3352 2912 cum
3397 2860 3483 2914 in.

1891 2925 2237 2984 demutabilis
2268 2931 2428 2987 Pater
2455 2944 2510 2989 et
2538 2937 2706 2992 Filius
2730 2940 2928 3010 ubique
2972 2945 3318 3013 praedicetur,
3348 2965 3484 3018 quo-

1892 3020 2050 3074 modo
2075 3036 2200 3090 pars
2225 3038 2346 3078 esse
2371 3036 2464 3081 aut
2489 3027 2667 3085 Patris
2697 3041 2792 3087 aut
2826 3032 2948 3094 Filii
2989 3035 3224 3106 Spiritus
3252 3050 3478 3099 sanctus

212 3111 409 3165 omnia
452 3129 570 3181 qua,
614 3115 778 3171 habet
820 3116 978 3174 pater
1011 3119 1130 3176 Filii
1164 3133 1288 3178 sum
1311 3164 1328 3191 ’
1365 3134 1421 3181 ει
1455 3129 1636 3183 omnia
1669 3145 1790 3200 qua,
1817 3129 1862 3192 ρ
1895 3113 2210 3166 asseretur?
2244 3113 2348 3169 Sed
2394 3117 2520 3185 quia
2551 3119 2691 3174 sicut
2727 3121 2876 3177 inter.
2909 3133 3105 3186 caetera
3146 3128 3483 3186 insaniarum

213 3203 340 3256 Filii
377 3213 498 3260 sunt
529 3205 705 3263 Patris
740 3218 884 3264 sunt.
941 3212 1058 3282 Ipse
1095 3216 1240 3270 enim
1275 3217 1386 3282 ait,
1430 3218 1623 3274 Omnia
1669 3239 1785 3276 mea

211 3305 309 3348 tua
343 3305 483 3362 sunt,
518 3307 566 3350 et
603 3307 693 3352 tua
730 3317 844 3355 mea
883 3301 1062 3372 (Ioan.
1103 3321 1213 3370 xvr,
1252 3308 1362 3380 15).
1399 3309 1647 3367 Nondum
1683 3313 1784 3370 loci

212 3393 305 3439 est
339 3395 398 3440 ut
437 3387 802 3446 demonstrem
850 3409 948 3448 cur
994 3396 1069 3449 ita
1117 3397 1354 3465 dixerit,
1413 3400 1674 3466 Quoniam
1723 3405 1788 3458 de

213 3490 330 3527 meo
369 3477 602 3547 accipiet.
643 3478 832 3534 Futuri
867 3483 1010 3536 enim
1047 3487 1308 3554 temporis
1330 3489 1666 3560 signiﬁcatio
1703 3501 1790 3547 est

213 3564 305 3617 ubi
354 3575 669 3635 accepturus
715 3572 1018 3626 ostenditur
1058 3591 1071 3627 :
1121 3590 1264 3630 nunc
1307 3585 1457 3633 certe
1502 3567 1626 3636 ideo
1662 3597 1692 3636 a
1730 3597 1789 3639 se

211 3661 563 3722 accepturum
600 3657 694 3721 ait,
730 3660 983 3726 quoniam
1020 3663 1202 3717 omnia
1237 3663 1414 3719 Patris
1445 3682 1543 3722 sua
1581 3685 1783 3726 essent.

209 3740 437 3802 Disseca
478 3755 686 3801 natura:
723 3749 912 3819 hujus,
946 3752 992 3806 si
1027 3763 1212 3823 potes,
1251 3757 1510 3812 unitatem
1535 3801 1550 3825 ,
1590 3769 1644 3817 et
1683 3763 1785 3817 ali-

205 3847 376 3902 quam
413 3836 864 3897 dissimilitudinis
899 3842 1037 3898 infer
1073 3849 1466 3915 necessitatem,
1501 3866 1599 3920 per
1623 3869 1784 3922 quam

203 3925 384 3980 Filius
401 3943 505 3982 non
533 3930 604 3984 sit
629 3931 685 3992 in
706 3932 911 3987 unitate
936 3943 1160 3991 naturae.
1181 3937 1222 3991 A
1250 3939 1410 3994 Patre
1430 3943 1574 3996 enim
1596 3958 1786 4012 proce-

204 4019 287 4071 dit
311 4017 546 4088 Spiritus
573 4025 835 4089 veritatis,
873 4028 967 4081 sed
995 4044 1028 4082 a
1054 4027 1190 4085 Filio
1215 4033 1447 4087 mittitur
1466 4043 1521 4089 et
1546 4051 1576 4089 a
1601 4036 1780 4093 Patre.

203 4105 399 4162 Omnia
435 4125 553 4178 qua:
585 4110 760 4166 Patris
795 4122 938 4179 sunt,
969 4115 1093 4183 Filii
1125 4129 1270 4187 sunt,
1307 4131 1361 4186 et
1397 4125 1598 4181 idcirco
1629 4128 1785 4196 quid-

199 4200 338 4269 quid
366 4202 588 4270 accipit,
622 4218 652 4256 a
681 4203 818 4259 Filio
844 4207 1038 4277 accipit
1068 4209 1156 4265 ille
1186 4212 1477 4271 mittendus
1497 4255 1512 4280 ,
1542 4218 1664 4286 quia
1694 4217 1784 4272 Fi-

199 4291 261 4344 lii
297 4299 428 4346 sunt
457 4293 708 4348 universa
749 4311 867 4365 quae
898 4296 1074 4354 Patris
1105 4309 1248 4356 sunt.
1289 4303 1491 4360 Natura
1516 4307 1698 4378 itaque
1727 4308 1782 4362 in

194 4382 456 4437 omnibus
497 4392 646 4439 tenet
681 4401 834 4440 suam
876 4387 1084 4458 legem,
1131 4398 1188 4444 et
1231 4394 1375 4462 quod
1416 4411 1581 4450 unum
1623 4400 1782 4455 ambo

194 4481 354 4538 sunt,
390 4474 630 4544 ejusdem
673 4477 728 4530 in
772 4486 1000 4548 utroque
1029 4496 1126 4550 per
1152 4487 1552 4551 generationem
1584 4493 1781 4546 nativi-
1807 4465 1859 4524 D

191 4572 480 4636 tatemque
503 4566 800 4622 divinitatis
827 4569 1149 4654 signiﬁcatio
1169 4583 1272 4641 est,
1303 4592 1423 4632 cum
1447 4580 1500 4634 id
1521 4584 1663 4651 quod
1687 4599 1779 4638 ac-

189 4654 338 4726 cipit
365 4670 396 4708 a
422 4654 584 4715 Patre
625 4659 859 4742 Spiritus
890 4662 1136 4730 veritati,
1176 4665 1229 4721 id
1272 4667 1440 4725 Filius
1474 4671 1708 4729 dandum
1745 4689 1777 4741 a

185 4759 258 4800 se
300 4743 553 4809 fateatur.

181 4926 217 4979 1
229 4935 339 5006 tem
362 4928 498 4982 idem
518 4929 583 5006 de.
600 4931 856 5006 missione
881 4932 1106 5004 Spiritus
1124 4940 1290 4992 sancti
1315 4957 1348 4994 a
1369 4939 1533 5006 Filio,
1569 4941 1623 4996 in
1649 4942 1780 4997 libro

263 4997 625 5074 @e-synodisl
647 5019 798 5074 quem
835 4997 1040 5074 scripsit
1075 5007 1128 5060 in
1160 4997 1780 5074 Germaniam,'Galliam

316 5067 559 5153 elgicam,
571 5067 1025 5153 "Lugdunensem,
1050 5075 1460 5153 Narbonensem,
1494 5067 1783 5153 Novempo-

262 5136 542 5204 Galatiam,
571 5136 836 5207 Tolosam,
865 5153 910 5197 et
935 5136 1284 5201 Britanniam.

261 5289 556 5349 Credimus
596 5293 651 5348 in
699 5293 962 5363 Spiritum
1001 5305 1268 5363 sanctum,
1317 5299 1419 5354 hoc
1445 5312 1527 5355 est
1552 5303 1782 5372 paracli-

181 5399 340 5445 tam,
373 5399 538 5452 quem
578 5387 900 5455 promittens
931 5389 1187 5457 apostolis
1233 5392 1345 5452 suis
1393 5401 1515 5461 post
1554 5395 1782 5448 reditum

179 5471 243 5526 in
273 5472 450 5527 caelos
475 5475 648 5539 misit,
693 5476 884 5531 docere
911 5492 1004 5533 eos
1035 5494 1101 5533 ac
1143 5482 1427 5536 memorari
1457 5484 1656 5548 omnia,
1689 5501 1786 5553 per

179 5579 363 5633 quem
424 5568 839 5637 sanctiﬁcantur
893 5571 1102 5632 sincCre
1155 5573 1206 5638 in
1268 5590 1392 5640 eum.
1451 5577 1784 5636 credentium

179 5668 415 5721 animm.

1891 3213 2088 3267 genera
2112 3203 2277 3257 etiam
2326 3205 2430 3261 hoc
2461 3223 2675 3277 quoque
2719 3211 2952 3280 proferri
2993 3216 3062 3270 ab
3112 3217 3293 3288 impiis
3319 3221 3480 3288 solet,

1887 3283 2090 3344 idcirco
2119 3305 2149 3342 a
2179 3293 2378 3348 sanctis
2419 3295 2603 3350 debuit
2649 3297 2972 3368 improbari,
3013 3283 3220 3374 Siquis
3256 3283 3477 3366 Patrem

1887 3381 1942 3428 et
1971 3375 2167 3430 Filium
2189 3387 2244 3432 ct
2282 3378 2544 3448 Spiritum
2568 3395 2815 3440 sanctum
2851 3396 2963 3444 tres
2987 3390 3118 3445 dicit
3161 3393 3312 3460 deos,
3343 3411 3476 3452 ana-

1888 3467 2068 3522 thema
2100 3470 2190 3523 sit.

1885 3557 2214 3634 Ambrosius,
2262 3562 2402 3631 quod
2451 3563 2682 3634 Spiritus
2735 3579 2949 3625 sanctus
2995 3588 3098 3627 non
3134 3583 3368 3629 transeat
3411 3577 3479 3631 de

1955 3627 2070 3712 loco
2096 3629 2166 3711 ad
2195 3627 2367 3694 locum
2394 3627 2510 3687 cum
2533 3653 2564 3712 ᾳ
2593 3633 2755 3712 Patre
2779 3647 2831 3712 et
2870 3639 3014 3712 ilio
3041 3627 3378 3712 procedit,
3405 3627 3473 3699 li:

1955 3697 2046 3783 bir‘o
2065 3701 2235 3783 primo
2254 3717 2412 3783 quem
2442 3705 2648 3775 scripsit
2675 3708 2745 3761 ad
2768 3697 3079 3765 Gratianum
3107 3697 3473 3783 imperatorem

1955 3765 2107 3838 (Cap.
2141 3770 2196 3839 x)
2220 3765 2295 3824 sic
2319 3772 2467 3827 docet
2493 3790 2513 3828 .·

1956 3859 2166 3915 Etenim
2203 3863 2248 3917 si
2273 3863 2339 3917 de
2369 3863 2488 3919 loco
2522 3869 2766 3936 procedit
2805 3868 3060 3940 Spiritus,
3103 3881 3159 3928 et
3201 3873 3266 3928 ad
3294 3875 3474 3932 locum

1883 3951 2098 4017 transit,
2130 3961 2186 4007 et
2209 3953 2322 4023 ipse
2351 3954 2514 4010 Pater
2537 3958 2589 4011 in
2626 3951 2754 4014 loco
2783 3960 3074 4026 invenitur,
3116 3970 3172 4017 et
3207 3963 3394 4029 Filius,
3425 3967 3470 4021 si

1882 4040 1948 4096 de
1977 4041 2096 4098 loco
2124 4045 2238 4099 exit
2265 4059 2424 4114 quem
2447 4047 2610 4102 Pater
2636 4051 2801 4104 mittit
2832 4061 2927 4105 aut
2969 4051 3160 4119 Filius,
3186 4055 3375 4125 utique
3399 4055 3470 4110 de

1880 4137 1998 4194 loco
2027 4141 2294 4196 transiens
2319 4140 2554 4212 Spiritus
2585 4153 2747 4214 atque
2768 4148 3137 4218 progrediens,
3170 4155 3224 4202 et
3253 4147 3472 4202 Patrem

1881 4229 2020 4283 sieut
2049 4245 2245 4300 corpus
2289 4234 2584 4288 secundum
2627 4236 2820 4305 impias
2874 4221 3354 4306 interpretationes
3378 4253 3468 4293 re-

1879 4317 2122 4388 linquere
2159 4321 2373 4376 videtur
2397 4331 2452 4376 et
2480 4322 2668 4377 ﬁlium.
2700 4324 2812 4379 Hoc
2833 4326 3125 4380 secundum
3157 4340 3251 4380 eos
3277 4325 3472 4396 loquor

1883 4410 1974 4478 qui
2010 4417 2199 4478 putant
2227 4411 2371 4479 quod
2400 4412 2598 4466 habeat
2646 4411 2879 4482 Spiritus
2916 4413 3320 4468 deseensorium
3350 4431 3468 4470 mo—

1885 4505 2019 4551 tum.
2063 4496 2170 4551 Sed
2197 4513 2372 4568 neque
2410 4499 2465 4552 in
2507 4499 2625 4554 loco
2667 4501 2848 4571 aliquo
2873 4502 3036 4557 Pater
3070 4504 3471 4561 circumscribi--

1885 4595 1992 4650 tur,
2026 4587 2115 4656 qui
2155 4595 2240 4641 est
2279 4603 2441 4657 super
2466 4589 2669 4656 omnia,
2700 4606 2808 4645 non
2852 4591 3024 4647 solum
3070 4608 3345 4664 corporeae
3370 4611 3469 4650 na-

1883 4684 2037 4739 turae,
2080 4677 2175 4731 sed
2201 4678 2365 4732 etiam
2412 4679 2697 4736 invisibilis
2735 4690 3020 4737 creatum.
3071 4682 3258 4753 Neque
3295 4684 3465 4742 Filius

1883 4781 2102 4821 suorum
2161 4783 2386 4837 operum
2437 4768 2572 4825 locis
2616 4773 3056 4844 temporibusque
3107 4774 3466 4842 concluditur,

1882 4857 1971 4928 qui
1999 4873 2162 4928 super
2187 4874 2400 4914 omnem
2426 4869 2510 4916 est
2547 4872 2872 4930 creaturam,
2909 4865 3073 4921 totius
3105 4865 3284 4937 opifex
3311 4883 3465 4924 crea-

1886 4955 2038 5001 turae.
2073 4947 2259 5018 Neque
2283 4951 2509 5019 spiritus
2535 4953 2800 5018 veritatis,
2831 4963 2894 5008 ut
2921 4962 3046 5024 pote
3087 4955 3181 5010 Dei
3224 4957 3466 5027 spiritus,

1884 5038 2351 5092 circumscribitur
2393 5041 2661 5111 aliquibus
2710 5043 2905 5098 ﬁnibus
2951 5045 3340 5114 corporalibus,
3375 5048 3468 5116 qui

1885 5141 2006 5181 cum
2035 5128 2104 5182 sit
2132 5128 2500 5198 incorporeus,
2543 5147 2758 5187 omnem
2789 5133 3178 5204 intelligibilem
3209 5135 3465 5188 substan-

1884 5201 2034 5267 tiam0
2065 5223 2330 5270 creaturae
2383 5218 2730 5274 inenarrabili
2784 5201 3083 5277 divinitatis
3135 5223 3467 5292 plenitudine

1884 5309 2272 5375 supereminet,
2312 5311 2550 5378 spirandi
2593 5312 2685 5367 ubi
2725 5313 2872 5378 velit,
2914 5323 2969 5370 et
2999 5316 3294 5386 inSpiraudi
3324 5329 3462 5383 quo-

1887 5397 2046 5452 modo
2091 5399 2239 5466 velit,
2293 5401 2497 5456 habens
2543 5417 2709 5472 super
2751 5405 2931 5460 omnia
2972 5413 3315 5476 potestatem.
3349 5403 3466 5458 Non

1887 5503 2016 5556 ergo
2049 5489 2202 5556 quasi
2228 5504 2296 5543 ex
2339 5488 2457 5544 loco
2499 5490 2736 5546 mittitur
2763 5494 3007 5560 spiritus,
3056 5500 3151 5545 aut
3199 5491 3352 5558 quasi
3397 5507 3467 5547 ex

1887 5580 2005 5634 loco
2034 5581 2274 5650 procedit
2315 5583 2529 5651 quando
2556 5585 2800 5652 procedit
2835 5599 2900 5638 ex
2944 5583 3116 5646 Filio;
3173 5582 3312 5635 sicut
3354 5582 3470 5652 ipse

1892 5671 2056 5728 Filius
2076 5686 2196 5726 cum
2221 5671 2373 5737 dicit,
2402 5672 2465 5726 de
2486 5671 2647 5726 Patre
2664 5672 2890 5742 processi
2918 5682 2965 5725 et
2992 5672 3102 5725 veni
3131 5669 3312 5742 (Joan.
3340 5687 3463 5738 vui,
