3998 6182
438 289 539 345 851

1448 275 1842 336 THEODULFI
1880 273 2437 341 AUREUANENSCS
2472 273 2701 342 ΕΡΙΞΕ,⁸

3596 278 3725 333 ἓδὲπ

436 401 553 473 42),
581 413 774 456 omnes
800 398 1058 459 interﬁcit
1083 396 1363 468 opiniones
1401 408 1524 464 qua:
1550 408 1619 448 ex
1667 393 1785 447 loco
1827 391 1896 446 ad
1932 391 2017 446 1ο-
2045 408 2095 466 Α
2122 390 2256 473 Item
2282 391 2429 473 idern
2446 392 2504 473 in
2537 389 2670 473 libro
2707 392 2861 472 tertio
2890 388 3046 473 (Opp.
3074 390 3138 463 ι),
3337 390 3563 473 Spiritus
3584 411 3710 473 san-

438 509 563 548 cum
610 500 835 563 possunt
880 490 1018 546 sicut
1058 490 1113 543 in
1158 487 1428 556 aliquibus
1473 482 1845 553 corporalibus
1874 481 2020 537 testi-

438 584 598 639 utari.
651 582 913 638 Similiter
960 596 1082 640 eum
1136 587 1230 635 aut
1283 579 1429 632 intus
1478 584 1570 631 aut
1622 574 1755 642 foris
1792 574 2020 645 legimus

432 677 607 730 Deum
633 690 772 739 esse,
800 689 908 728 non
933 674 1117 742 utique
1142 670 1335 736 Deum,
1366 677 1466 731 aut
1485 670 1630 723 intra
1659 668 1874 749 aliquod
1902 683 2020 723 cor-

438 779 541 837 pus
570 764 910 827 includimus,
946 771 1039 817 aut
1061 761 1131 815 ab
1170 760 1351 830 aliquo
1389 774 1615 829 corpore
1658 772 1973 828 separamus
2002 774 2015 809 :

437 854 533 908 sed
559 852 665 907 alta
690 855 795 907 hoc
816 863 872 907 et
914 850 1260 905 inenarrabili
1309 849 1669 917 aestimatione
1704 856 2017 919 pensantes,

437 943 635 998 divina
684 950 891 997 natura;
939 941 1285 1011 intelligimus
1335 955 1618 995 arcanum.
1663 940 1903 1008 Denique
1946 940 2020 994 ita

437 1030 712 1102 Sapientia
735 1046 804 1085 ex
824 1044 922 1086 ore
949 1030 1211 1085 Altissimi
1240 1030 1508 1100 prodiisse
1544 1045 1606 1085 se
1643 1028 1797 1095 dicit,
1827 1041 1887 1085 ut
1913 1046 2019 1085 non

434 1128 588 1175 extra
638 1120 853 1175 Patrem
902 1121 994 1185 sit,
1043 1121 1139 1175 sed
1178 1121 1322 1190 apud
1357 1120 1598 1187 Patrem,
1623 1122 1749 1191 quia
1796 1120 2033 1177 Verbum,

430 1218 545 1264 erat
576 1211 717 1281 apud
769 1210 938 1266 Deum
984 1210 1171 1283 (Joan.
1203 1226 1243 1277 ι,
1271 1210 1345 1282 1).
1395 1210 1506 1266 Nec
1533 1211 1709 1266 solum
1755 1212 1897 1281 apud
1919 1212 2021 1267 Pa-

432 1308 593 1364 trem,
616 1301 712 1355 sed
732 1300 901 1354 etiam
925 1315 993 1354 ex
1019 1299 1183 1355 Patre
1213 1317 1227 1366 ;
1254 1301 1390 1356 dicit
1410 1302 1574 1366 enim,
1606 1301 1720 1372 Ego
1748 1302 1803 1363 in
1833 1301 2016 1366 Patre,

431 1402 480 1445 et
502 1391 668 1445 Pater
695 1393 753 1445 in
776 1407 857 1445 me
882 1390 1065 1463 (Joan.
1094 1407 1151 1458 ιι,
1180 1391 1293 1464 58).
1323 1392 1430 1448 Sed
1457 1408 1633 1463 neque
1676 1409 1799 1449 cum
1825 1393 1892 1447 de
1917 1392 2021 1446 Pa-

434 1492 519 1538 tre
547 1483 683 1549 exit,
724 1484 880 1552 quasi
909 1484 977 1540 de
1013 1483 1132 1540 loco
1174 1485 1397 1551 recedit,
1439 1495 1533 1541 aut
1571 1488 1723 1555 quasi
1761 1501 1957 1557 corpus
1986 1503 2019 1542 a

430 1589 662 1644 corpore
700 1583 1014 1645 separatur;
1050 1592 1224 1646 neque
1270 1577 1397 1631 dum
1426 1578 1480 1632 in
1523 1578 1685 1633 Patre
1727 1588 1835 1645 cst,
1862 1580 2031 1649 quasi.

438 1665 493 1719 in
518 1681 748 1736 corpore
772 1674 1027 1737 tanquam
1063 1683 1261 1738 corpus
1288 1669 1602 1724 includitur.
1635 1669 1869 1741 Spiritus
1887 1687 2019 1742 quo-

2191 471 2303 529 ctus
2328 479 2362 531 a
2383 460 2546 515 Patre
2562 461 2631 515 sit
2653 461 2847 528 missus
2862 459 2909 515 et
2935 459 3104 526 Filio,
3126 459 3216 515 ubi
3243 459 3421 517 missio
3440 467 3729 531 processio,

2189 530 2517 601 intelligitur.

2192 640 2456 713 Spiritum
2483 657 2697 714 quoque
2741 651 2797 698 et
2828 642 2991 697 Pater
3021 644 3170 699 misit
3211 653 3267 707 et
3306 645 3492 710 Filius.
3543 643 3715 700 Pater.

2120 734 2291 800 misit,
2324 735 2448 805 quia
2479 736 2740 805 scriptum
2769 744 2875 801 est,
2925 733 3227 793 Paraclitus
3271 748 3447 793 autem
3475 736 3565 790 ille
3586 737 3709 807 Spi-

2121 825 2273 889 ritus,
2299 841 2448 896 quem
2487 830 2649 889 mittet
2694 825 2857 878 Pater
2896 826 2950 879 in
2990 827 3196 883 nomine
3232 843 3346 885 meo
3385 826 3567 898 (Joan.
3594 842 3707 889 xrv,

2121 915 2235 985 26).
2268 914 2442 970 Filius
2462 915 2631 979 misit,
2659 916 2787 984 quia
2819 915 2972 980 dixit,
3009 913 3141 979 Cum
3164 916 3357 970 venerit
3387 926 3564 970 autem
3597 913 3710 968 Pa-

2122 1009 2362 1075 raclitus,
2389 1026 2540 1081 quem
2562 1026 2652 1079 ego
2684 1011 2886 1065 mittam
2919 1009 3058 1069 vobis
3079 1027 3114 1063 a
3143 1006 3305 1066 Patre
3331 1026 3442 1063 meo
3463 1009 3710 1076 spiritum

2122 1102 2351 1156 veritatis
2376 1101 2560 1174 (Joan.
2586 1117 2677 1165 xv,
2703 1100 2815 1172 26).
2848 1101 2907 1155 Si
2934 1115 3065 1171 ergo
3089 1116 3149 1155 se
3176 1101 3409 1157 invicem
3456 1099 3626 1155 Filius
3652 1108 3709 1155 et

2123 1193 2359 1263 Spiritus
2383 1194 2603 1261 mittunt
2629 1194 2771 1251 sicut
2791 1194 2955 1255 Pater
2995 1193 3186 1258 mittit,
3215 1209 3323 1248 non
3351 1192 3709 1261 subiectionis

2120 1284 2341 1353 injuria,
2367 1284 2462 1341 sed
2491 1285 2851 1343 communitas
2888 1284 3171 1355 potsstatis
3193 1292 3279 1340 est
3313 1282 3465 1355 (Cap.
3494 1284 3571 1354 2).
3596 1284 3709 1339 Nec

2120 1376 2292 1435 solum
2316 1376 2465 1433 misit
2492 1375 2653 1431 Pater
2678 1376 2895 1442 Filium,
2920 1376 3015 1435 Sed
3039 1377 3205 1432 etiam
3227 1377 3395 1442 dedit,
3426 1377 3567 1432 sicut
3591 1379 3733 1446 ipse.

2119 1481 2177 1527 se
2200 1465 2367 1520 Filius
2391 1465 2556 1520 dedit.
2583 1465 2805 1521 Lectum
2834 1475 2919 1520 est
2938 1466 3105 1531 enim,
3135 1466 3323 1520 Gratia
3349 1466 3488 1522 vobis
3514 1475 3562 1522 et
3599 1483 3711 1537 pax

2118 1574 2150 1611 a
2170 1557 2280 1610 Deo
2311 1554 2473 1610 Patre
2502 1569 2700 1624 nostra,
2739 1567 2788 1611 et
2813 1557 3040 1612 Domino
3085 1556 3216 1611 Iesu
3248 1557 3480 1623 Christo,
3523 1559 3614 1629 qui
3651 1576 3709 1613 se

2116 1645 2259 1699 dedit
2300 1663 2395 1716 pro
2428 1648 2651 1716 peccatis
2688 1648 2879 1701 nostris
2924 1644 3067 1718 (Gal.
3095 1663 3134 1713 ι,
3167 1648 3247 1717 ὅ).
3299 1646 3355 1702 Si
3405 1648 3729 1719 subjectum,

434 1771 542 1826 que
568 1767 810 1821 sum,
841 1736 960 1811 mm
989 1736 1233 1827 procedi,
1255 1774 1286 1812 a
1313 1758 1476 1815 patre
1500 1769 1556 1815 et
1600 1736 1757 1827 Fil’io’
1791 1736 2015 1818 non'se_
2040 1753 2089 1823 Β
2115 1736 2171 1790 in
2195 1750 2260 1790 eo
2284 1744 2477 1817 putant
2501 1737 2689 1805 fuisse,
2720 1737 2846 1806 quia
2883 1737 3084 1801 missus
3108 1746 3214 1803 est,
3235 1738 3427 1808 gratia:
3463 1753 3584 1795 esse
3610 1756 3709 1794 ne-

434 1856 659 1920 paratur
699 1864 732 1904 a
777 1849 956 1915 Patre,
1009 1867 1114 1906 non
1158 1862 1440 1922 separatur
1472 1871 1503 1909 a
1531 1854 1700 1911 .Filio.
1750 1855 2019 1923 Quemad-

436 1940 653 1995 modum
671 1941 814 1995 enim
839 1943 1078 2012 separari
1102 1951 1280 2013 potest
1307 1961 1339 2000 a
1360 1945 1522 2001 Patre
1544 1947 1636 2017 qui
1663 1948 1886 2018 spiritus
1904 1950 2029 2009 oris.

428 2033 550 2103 ejus
570 2034 695 2088 est?
722 2035 868 2102 quod
900 2035 1085 2105 utique
1109 2044 1164 2091 et
1190 2038 1510 2094 asternitatis
1541 2039 1821 2107 indicium,
1853 2048 1908 2097 et
1935 2042 2017 2097 di-

432 2120 672 2177 vinitatis
700 2123 956 2192 exprimit
983 2125 1265 2181 unitatem.
1306 2126 1403 2183 Est
1429 2143 1559 2199 ergo
1588 2137 1643 2184 et
1666 2140 1850 2185 manet
1872 2147 2016 2187 sem-

432 2225 530 2279 per
556 2212 649 2279 qui
699 2212 815 2268 oris
856 2221 942 2269 est
993 2203 1257 2284 spiritus:
1307 2217 1402 2273 sed
1430 2218 1759 2275 descendere
1802 2221 2017 2276 videtur

429 2304 620 2369 etiam,
645 2320 771 2360 cum
793 2305 944 2360 illum
988 2308 1280 2378 recipimus
1304 2318 1366 2364 ut
1395 2311 1603 2378 habitet
1637 2311 1691 2365 in
1735 2311 1915 2380 nobis,
1945 2327 2016 2368 ne

430 2406 534 2448 nos
559 2394 728 2449 simus
751 2411 781 2449 a
810 2397 980 2466 gratia
1015 2395 1131 2465 ejus
1161 2399 1342 2454 alieni.
1391 2399 1557 2455 Nobis
1581 2401 1907 2457 descendere
1929 2402 2014 2457 vi-

433 2482 611 2547 detur,
642 2498 751 2539 non
790 2485 932 2554 quod
963 2486 1054 2541 ille
1087 2488 1396 2556 descendat,
1446 2491 1540 2546 sed
1572 2491 1716 2560 quod
1762 2494 1831 2547 ad
1864 2492 2014 2549 illum

433 2572 648 2627 animus
677 2582 864 2630 noster
890 2578 1165 2633 ascendat.
1196 2578 1273 2634 De
1301 2593 1409 2648 quo
1445 2580 1657 2650 plenius
1684 2581 2013 2649 diceremus,

432 2666 536 2720 nisi
567 2667 1001 2724 meminissemus
1027 2670 1081 2724 in
1115 2669 1266 2726 libris
1305 2670 1419 2740 jam
1462 2674 1830 2744 superioribus
1869 2675 2014 2746 posi-

433 2764 547 2811 tum
573 2758 719 2837 quod
758 2767 813 2814 et
846 2758 1007 2815 Pater
1033 2762 1274 2829 dixerit,~
1294 2760 1494 2830 Venite,
1543 2764 1936 2828 descendemus,
1964 2774 2013 2819 et

432 2846 819 2917 confundantus
854 2849 1062 2920 linguas
1099 2868 1280 2906 eorum
1327 2845 1483 2924 (Gen.
1510 2868 1591 2919 xl,
1620 2851 1713 2925 7);
1759 2863 1815 2909 et
1842 2842 2013 2910 Filius

430 2934 657 3007 dixerit,
686 2935 793 3002 Qui
818 2938 990 3008 diligit
1017 2957 1113 3004 me,
1153 2958 1442 2997 sermonem
1481 2960 1653 2998 meum
1690 2944 1935 3011 servabit,
1961 2955 2011 3000 et

435 3021 601 3089 Pater
627 3025 807 3097 diliget
832 3044 973 3094 eum,
1004 3038 1054 3082 et
1082 3030 1151 3083 ad
1186 3047 1305 3085 eum
1330 3033 1609 3097 veniemus,
1648 3042 1697 3087 et
1722 3034 1864 3104 apud
1892 3050 2009 3088 eum

2121 1841 2251 1895 gare
2280 1843 2385 1880 non
2408 1835 2667 1896 possunt,
2682 1828 2810 1897 quia
2836 1828 2997 1885 datus
3030 1836 3132 1882 est.
3174 1828 3340 1884 Datus
3361 1836 3449 1884 est
3467 1836 3648 1884 autem
3675 1846 3707 1884 a

2119 1915 2298 1983 Patre,
2321 1927 2380 1972 ut
2404 1918 2570 1973 Isaias
2592 1917 2749 1985 dixit,
2773 1918 3085 1977 Pueruatus
3100 1930 3176 1977 est
3199 1921 3367 1987 nobis,
3383 1922 3527 1990 filius
3546 1922 3707 1978 datus

2118 2018 2193 2064 est
2218 2009 2364 2063 nobis
2390 2008 2526 2081 (Isa.
2551 2025 2627 2076 ιι,
2658 2008 2730 2082 6).
2760 2010 2930 2073 Datus
2961 2018 3047 2067 est
3064 2018 3270 2077 autem,
3296 2011 3470 2068 audeo
3500 2012 3706 2079 dicere,

2117 2108 2173 2157 et
2190 2114 2223 2161 a
2245 2097 2447 2169 Spiritu
2465 2099 2557 2169 qui
2577 2099 2777 2163 missus
2789 2108 2916 2156 esta
2932 2098 3309 2170 Spiritu.Cum
3322 2101 3469 2157 enim
3490 2116 3596 2156 non
3618 2101 3722 2180 de.)

2118 2192 2322 2248 ﬁnierit
2342 2207 2375 2245 a
2401 2208 2510 2263 quo
2538 2192 2699 2248 datus
2723 2192 2813 2258 sit,
2849 2194 3082 2252 ostendit
3107 2192 3294 2254 datum
3322 2193 3494 2265 gratia
3523 2193 3709 2248 Triui-

2118 2284 2265 2353 tatis.
2282 2282 2417 2339 Cum
2439 2290 2621 2339 autem
2646 2283 2761 2353 ipse
2774 2299 2833 2339 se
2848 2281 3019 2339 Filius
3037 2282 3267 2350 dederit,
3283 2284 3468 2353 utique
3488 2296 3595 2338 non
3611 2298 3711 2353 po-

2118 2378 2223 2432 tuit
2247 2376 2364 2447 ipse
2386 2376 2490 2431 sibi
2531 2376 2826 2435 secundum
2871 2376 3207 2433 divinitatem
3249 2390 3374 2432 esse
3411 2375 3713 2446 subjectus.

2118 2468 2262 2540 Ergo
2298 2482 2404 2523 non
2431 2468 2605 2538 potuit
2629 2468 2825 2524 divinae
2848 2468 3198 2537 subjectionis
3239 2482 3359 2524 esse
3385 2467 3530 2538 quod
3548 2466 3710 2522 datus

2118 2570 2220 2614 est.
2245 2560 2413 2615 Datus
2439 2567 2522 2614 est
2550 2567 2730 2614 autem
2755 2569 2811 2615 et
2837 2557 3073 2630 Spiritus
3099 2568 3338 2625 sanctus,
3358 2559 3487 2630 quia
3510 2559 3707 2614 lectum

2118 2657 2218 2714 est,
2262 2648 2475 2719 Rogabo
2510 2647 2746 2715 Patrem,
2777 2659 2824 2704 et
2846 2649 3010 2705 alium
3040 2648 3367 2705 Paraclitum
3391 2650 3535 2704 dabit
3565 2649 3709 2704 vobis

2120 2738 2299 2811 (locu.
2331 2756 2439 2805 stv,
2471 2740 2582 2810 16),
2611 2749 2667 2797 et
2691 2740 2978 2812 Apostolus
3002 2743 3096 2808 ait,
3119 2741 3450 2814 Quapropter
3479 2742 3569 2812 qui
3595 2743 3708 2796 haec

2117 2832 2333 2902 spernit,
2347 2847 2453 2887 non
2468 2832 2727 2888 hominem
2740 2832 3057 2903 spernit,sed
3077 2832 3246 2887 Deum
3267 2831 3358 2904 qui
3374 2832 3517 2886 dedit
3538 2832 3709 2902 Spiri-

2116 2933 2228 2977 tum
2263 2939 2418 2977 suum
2442 2922 2499 2977 in
2527 2922 2671 2977 nobis
2714 2923 2768 2995 (Ι
2793 2921 2971 2978 Thess.
2997 2936 3073 2989 tv,
3110 2925 3187 2994 8).
3219 2924 3383 2979 lsaias
3415 2939 3630 2993 quoque
3651 2934 3713 2979 et

2120 3011 2384 3083 Spiritum
2414 3013 2599 3068 datum
2626 3015 2882 3081 ostendit,
2909 3022 2966 3070 et
2993 3013 3206 3070 Filium.
3241 3014 3348 3078 Sic,
3383 3016 3578 3085 inquit,
3621 3016 3707 3070 di-

432 3118 759 3187 maniow
788 3119 1040 3189 facimus
1070 3120 1251 3192 (Ῑοαη,
1274 3138 1390 3187 xw,
1413 3122 1527 3191 ξε),
1563 3123 1656 3179 Sic
1677 3099 1842 3195 ίείίιιι.
1867 3125 2020 3180 venit
2045 3099 2091 3162 C
2123 3104 2194 3158 cit
2214 3103 2471 3163 Dominus
2496 3106 2588 3177 qui
2614 3105 2736 3176 fecit
2764 3105 2950 3171 calum
2975 3116 3025 3161 et
3051 3106 3168 3175 ﬁxit
3198 3106 3352 3171 illud,
3377 3108 3469 3179 qui
3505 3107 3706 3163 solida-

434 3205 691 3275 Spiritus,
721 3209 1173 3279 quemadmodum
1207 3212 1572 3279 venitPater;
1620 3215 1748 3284 quia
1778 3215 1868 3270 ubi
1909 3214 2015 3270 Pa-

433 3285 521 3352 ter
546 3308 656 3370 est,
681 3300 752 3355 ibi
780 3311 864 3357 est
893 3311 950 3357 et
977 3301 1168 3372 Filius,
1193 3312 1247 3358 et
1284 3305 1375 3359 ubi
1406 3305 1574 3361 Filius
1607 3314 1710 3372 est,
1750 3308 1822 3361 ibi
1852 3315 1933 3363 est
1964 3315 2018 3364 et

436 3388 691 3461 Spiritus.
738 3390 856 3447 Non
881 3408 1011 3464 ergo
1046 3394 1283 3451 discreto
1324 3396 1509 3450 venire
1546 3397 1894 3453 aestimandus
1933 3406 2017 3454 est

429 3483 665 3553 Spiritus
689 3492 941 3561 sanctus._
967 3485 1122 3544 Venit
1142 3496 1323 3543 autem
1353 3504 1459 3544 non
1487 3488 1552 3545 de
1578 3488 1698 3544 loco
1720 3489 1788 3544 ad
1812 3488 2011 3557 locum,

426 3572 522 3630 sed
551 3588 584 3627 ιι
626 3573 979 3644 dispositione
1006 3576 1408 3633 constitutionis
1435 3578 1503 3633 ad
1532 3578 1765 3635 salutem
1808 3582 2013 3636 redem-

426 3663 646 3736 ptionis,
699 3680 727 3718 a
766 3667 942 3736 gratia
991 3667 1371 3725 vivilicationis
1419 3669 1489 3724 ad
1532 3672 1760 3741 gratiam
1806 3674 2011 3729 sancti-

428 3750 721 3817 ﬁcationis,
751 3762 810 3806 ut
836 3755 902 3809 de
928 3756 1090 3817 terris
1115 3757 1182 3811 ad
1211 3757 1432 3822 caelum,
1460 3758 1527 3812 de
1568 3757 1765 3827 injuria
1790 3762 1858 3816 ad
1886 3762 2012 3831 eglo-

428 3845 587 3908 riam,
618 3845 685 3900 de
734 3846 955 3903 servitio
999 3847 1069 3902 ad
1115 3863 1339 3919 regnum
1394 3850 1707 3906 transferat.
1749 3852 1840 3908 Sic
1882 3870 2011 3926 ergo

425 3933 576 3988 venit
629 3931 886 4003 Spiritus,
940 3936 1392 4004 quemadm9dum
1441 3940 1590 3994 venit
1631 3940 1812 3996 Pater.
1862 3943 2010 4001 Dixit

427 4023 573 4079 enim
599 4022 789 4089 Filius,
832 4022 946 4095 Ego
987 4034 1036 4081 et
1074 4023 1236 4082 Pater
1261 4028 1543 4095 veniemus,
1588 4040 1637 4085 et
1686 4034 2010 4090 mansionem

424 4113 566 4185 apud
602 4130 724 4169 eum
755 4113 1026 4182 faciemus.
1068 4116 1321 4187 Nunquid
1351 4119 1706 4190 corporaliter
1734 4121 1898 4178 Pater
1924 4140 2011 4180 ve-

422 4203 504 4259 nit
522 4203 652 4259 ‘t‘sic
671 4217 801 4274 ergo
822 4213 878 4260 et
901 4203 1136 4275 Spiritus
1158 4207 1327 4273 venit,
1354 4208 1408 4263 in
1438 4225 1568 4279 quo,
1595 4225 1718 4267 cum
1756 4213 1924 4279 venit,
1952 4221 2009 4270 et

422 4292 603 4349 Patris
626 4302 682 4347 et
701 4292 824 4348 Filii
847 4294 1003 4364 plena
1029 4297 1314 4364 praesentia
1332 4304 1434 4362 est.
1462 4297 1597 4365 Quis
1624 4309 1806 4356 autem
1831 4311 2006 4373 potest

420 4399 450 4436 ιι
471 4383 633 4439 Patre
652 4393 707 4439 et
728 4384 864 4439 Filio
892 4384 1152 4456 Spiritum
1179 4402 1450 4458 separare,
1473 4404 1596 4445 cum
1624 4390 1707 4446 vel
1728 4392 2003 4462 appellare

420 4473 636 4529 Patrem
665 4483 719 4528 et
741 4474 934 4529 Filium
963 4475 1081 4532 sine
1115 4475 1320 4547 Spiritu
1345 4493 1453 4532 nou
1484 4482 1787 4549 queamus?
1834 4480 2004 4536 Nemo

416 4564 552 4617 enim
598 4563 724 4637 dicit
768 4562 1051 4620 Dominum
1082 4566 1285 4633 Iesum,
1334 4568 1436 4621 nisi
1471 4569 1527 4623 in
1577 4568 1780 4639 Spiritu
1823 4580 2003 4641 sancto

417 4651 445 4706 Ι
471 4651 593 4708 Cor.
642 4670 743 4719 xu,
772 4653 849 4727 5).
901 4656 1042 4728 Ergo
1076 4658 1123 4712 si
1171 4658 1442 4729 appellare
1488 4659 1774 4715 Dominum
1819 4660 2003 4716 Iesum

413 4747 533 4801 sine
560 4746 768 4817 Spiritu
805 4762 911 4803 non
952 4763 1261 4818 possumus,
1288 4750 1475 4818 utique
1499 4751 1616 4805 sine
1644 4751 1839 4819 spiritu
1866 4768 2001 4821 prm-

418 4836 603 4890 dicare
650 4851 756 4890 non
793 4852 1103 4904 possumus.
1152 4837 1209 4892 Si
1263 4846 1443 4897 autem
1482 4846 1537 4894 et
1587 4839 1764 4909 angeli
1810 4842 2001 4908 praedi-

414 4933 538 4979 cant
566 4924 852 4978 Dominum
876 4924 1087 4990 Jcsum,
1128 4942 1289 4996 quem
1324 4943 1484 4983 nemo
1519 4937 1697 4998 potest
1730 4931 1847 4985 sine
1874 4932 1994 5002 Spi-

414 5018 519 5072 ritu
544 5017 862 5088 prtedicare,
902 5021 1038 5075 etin
1084 5021 1217 5090 ipsis
1244 5038 1374 5093 ergo
1418 5025 1592 5079 sancti
1619 5024 1852 5095 Spiritus
1876 5045 1995 5083 mu-

413 5127 510 5166 nus
538 5117 814 5179 operatur.
862 5111 1216 5169 Probavimus
1250 5114 1429 5184 igitur,
1458 5132 1620 5171 uuam
1650 5119 1991 5186 praesentiam

2120 3196 2192 3253 vit
2223 3203 2419 3250 terram
2449 3206 2497 3250 et
2518 3212 2635 3267 quae
2659 3197 2715 3250 in
2740 3213 2804 3250 ea
2843 3205 2985 3262 sunt,
3012 3206 3060 3253 et
3084 3197 3176 3251 dat
3212 3196 3712 3279 populo'qu'gsuper

2119 3301 2237 3347 eam
2261 3285 2523 3355 spiritum,
2556 3294 2605 3340 et
2628 3287 2871 3357 spiritum
2891 3286 3214 3344 calcantibus
3244 3305 3358 3343 eam
3382 3289 3540 3361 (1εαὶ.
3564 3306 3701 3355 χιιι,

2119 3374 2205 3447 5);
2230 3385 2286 3432 et
2312 3374 2379 3430 ad
2403 3375 2625 3442 Filium,
2646 3377 2761 3449 Ego
2789 3378 3044 3434 Dominus
3070 3378 3212 3435 Deus
3239 3382 3329 3451 qui
3369 3383 3543 3437 vocavi
3567 3394 3617 3436 te
3645 3384 3703 3437 in

2116 3469 2382 3539 equitate,
2411 3477 2459 3523 et
2505 3470 2685 3529 tenebo
2728 3486 2942 3527 manum
2967 3481 3133 3538 tuam,
3164 3482 3213 3527 et
3242 3474 3545 3543 confortabo
3571 3488 3621 3529 te
3649 3489 3701 3532 et

2116 3557 2238 3613 dedi
2264 3568 2312 3613 te
2340 3560 2396 3613 in
2419 3567 2783 3614 testamentum
2807 3562 3008 3631 generis
3033 3563 3155 3628 mei,
3178 3564 3234 3618 in
3259 3563 3425 3619 lucem
3445 3568 3697 3635 gentium,

2115 3648 2319 3716 aperire
2344 3647 2522 3703 oculos
2556 3665 2831 3716 amcorum,
2865 3651 3080 3707 educere
3102 3652 3168 3708 de
3204 3654 3426 3709 vinculis
3452 3656 3700 3727 alligatos

2114 3735 2280 3806 (Ibid.
2305 3753 2359 3804 γ,
2390 3738 2465 3809 6).
2496 3738 2630 3795 Cum
2670 3756 2799 3811 ergo
2842 3741 3012 3799 Filius
3053 3744 3252 3802 missus
3295 3754 3350 3801 et
3391 3747 3550 3802 datus
3600 3749 3697 3814 sit,

2113 3822 2348 3894 Spiritus
2387 3841 2601 3896 quoque
2639 3828 2799 3885 datus
2822 3838 2877 3884 et
2903 3832 3101 3887 missus
3146 3833 3238 3898 sit,
3278 3835 3482 3891 habent
3506 3837 3701 3907 utique

2113 3913 2372 3969 unitatem
2398 3916 2717 3985 divinitatis,
2762 3921 2890 3995 quia
2933 3922 3135 3978 habent
3173 3926 3356 3995 operis
3405 3926 3693 3984 unitatem.

2116 4005 2267 4062 Unde
2288 4006 2452 4062 etiam
2486 4008 2684 4079 digitus
2713 4010 2809 4067 Dei
2831 4013 3132 4082 appellatus
3159 4023 3243 4072 est
3268 4015 3524 4087 Spiritus.

2108 4141 2424 4224 Item-idem
2451 4145 2506 4200 in
2535 4148 2715 4224 eodem
2739 4147 2872 4224 libro
2909 4148 3202 4224 (Cap.20),
3232 4153 3373 4223 quod
3406 4155 3601 4224 ﬂuvius
3628 4156 3698 4210 de

2178 4214 2424 4290 sede
2452 4224 2501 4269 et
2527 4219 2649 4290 agni
2678 4214 2959 4290 pr_oceden_s
2986 4214 3214 4290 Spiritus
3239 4214 3451 4277 sanctus
3479 4224 3566 4287 sit.
3601 4226 3699 4279 ubi

2177 4283 2487 4355 intelligitur
2515 4283 2629 4356 ejus
2662 4283 2695 4343 ἀ
2719 4286 2880 4343 Patre
2907 4283 3149 4361 Filioque
3182 4295 3464 4363 processio.

2176 4392 2353 4448 Habet
2377 4409 2507 4465 ergo
2557 4394 2790 4466 Spiritus
2811 4398 2955 4467 quod
3000 4399 3162 4455 habet
3195 4400 3446 4458 Christus
3473 4422 3484 4456 :
3519 4405 3694 4463 habet

2107 4484 2272 4555 igitur
2294 4487 2439 4555 quod
2472 4486 2634 4540 habet
2662 4488 2827 4553 Deus,
2866 4481 2992 4557 quia
3023 4491 3204 4545 omnia
3232 4506 3352 4561 qua:
3397 4492 3559 4550 habet
3584 4495 3691 4551 Pa-

2106 4575 2401 4665 ter,_habet
2426 4583 2484 4630 et
2510 4575 2702 4643 Filius,
2740 4577 2967 4665 ideoque
2995 4579 3168 4635 dixit:
3213 4581 3405 4636 Omnia
3446 4600 3563 4655 qua:
3589 4585 3691 4639 ha-

2105 4663 2184 4717 bet
2210 4661 2393 4730 Ptiter,
2418 4681 2535 4721 mea
2553 4676 2677 4720 sunt
2698 4661 2880 4741 (John.
2907 4683 3022 4731 τινι,
3046 4668 3156 4740 15).
3194 4668 3305 4725 Nec
3332 4671 3460 4727 illud
3482 4674 3690 4729 medio-

2101 4770 2213 4820 cre,
2243 4758 2386 4825 quod
2416 4758 2481 4811 de
2510 4750 2703 4813 thrond
2723 4759 2816 4813 Dei
2844 4761 2993 4823 exire
3014 4760 3231 4817 ﬂuvium
3254 4763 3504 4835 legimus.
3532 4766 3692 4825 Sicut

2100 4849 2245 4903 enim
2277 4849 2442 4904 babes
2475 4851 2686 4906 dicente
2712 4851 2918 4915 Joanne
2944 4857 3276 4927 evangelista
3305 4877 3317 4912 :
3352 4858 3420 4912 Et
3451 4865 3682 4917 ostendit

2095 4940 2223 4992 mihi
2256 4942 2451 5008 ﬂumen
2469 4957 2620 5011 aqua:
2649 4944 2798 5010 viva',
2828 4944 3156 5014 splendidum
3185 4958 3433 5021 tanquam
3459 4955 3687 5022 crystal-

2094 5028 2222 5095 lum,
2247 5029 2531 5099 procedens
2556 5031 2620 5085 tle
2645 5033 2765 5088 sede
2789 5033 2888 5089 Dei
2911 5046 2959 5091 et
2981 5040 3125 5109 agni,
3141 5050 3195 5106 et
3225 5040 3280 5095 in
3302 5043 3473 5097 medio
3491 5044 3685 5114 platea:

2091 5120 2224 5188 ejus,
2255 5130 2303 5173 et
2346 5138 2410 5174 ex
2450 5132 2669 5193 utraque
2696 5136 2845 5193 parte
2873 5126 3079 5196 lignum,
3102 5131 3219 5185 vitae
3248 5132 3445 5201 faciens
3472 5133 3680 5203 fructus

2091 5211 2365 5266 duodecim
2422 5231 2514 5283 per
2567 5217 2799 5286 singulos
2864 5235 3062 5276 menses
3125 5223 3412 5285 recidentes,
3445 5224 3711 5293 fructum.

1604 5380 1607 5383 _
1638 5308 1745 5365 est,
1773 5310 1833 5354 ut
1865 5318 1991 5371 pro-
2058 5319 2262 5387 Jsuum,
2296 5316 2343 5360 et
2372 5306 2517 5374 .folia
2561 5307 2691 5378 ligni
2729 5310 2799 5363 ad
2839 5311 3151 5368 medicinam
3182 5318 3412 5370 omnium
3441 5320 3676 5387 gentium

405 5392 589 5453 pterca
609 5392 738 5455 agat
757 5385 965 5455 gratias
986 5383 1155 5442 Filius
1180 5387 1328 5443 Patri
1349 5389 1852 5463 dicens:Con/iteor
1872 5394 1987 5459 tibi,
2061 5383 2277 5462 '(Apoc.
2310 5412 2448 5460 χχιι,
2489 5395 2563 5467 ί).
2596 5399 2696 5454 Hic
2740 5410 2825 5456 est
2868 5403 3056 5473 utique
3087 5404 3282 5461 lluvius
3310 5405 3378 5461 de
3420 5383 3514 5461 Dei
3547 5408 3677 5463 sede

409 5471 569 5537 Pater
604 5475 833 5532 Domine
871 5475 984 5531 creti
1015 5486 1064 5530 et
1104 5487 1281 5545 terror,
1328 5481 1420 5550 qui
1463 5481 1783 5536 abscondisti
1819 5484 1930 5537 have
1956 5501 1990 5537 a
2091 5489 2409 5554 procedens,
2438 5491 2541 5545 hoc
2578 5501 2661 5546 est
2690 5491 2923 5562 Spiritus
2949 5471 3186 5561 sanctus,
3215 5512 3373 5567 quem
3413 5497 3553 5552 bibit
3580 5500 3672 5567 qui

402 5570 722 5636 sapientibus
748 5582 795 5628 et
839 5571 1203 5641 prudentibus,
1236 5584 1284 5628 et
1331 5574 1572 5631 revelasti
1623 5575 1715 5629 illa
1755 5577 1986 5647 parvulis
2093 5576 2266 5630 credit
2295 5578 2347 5631 in
2373 5578 2670 5645 Christum,
2697 5583 2839 5637 sicut
2859 5586 2972 5654 ipse
2998 5588 3092 5651 ait,
3124 5586 3186 5641 Si
3204 5587 3318 5657 quis
3339 5588 3467 5649 sitit,
3500 5590 3674 5643 veniat

407 5661 557 5732 (ιφ.
592 5681 647 5725 ι,
673 5665 783 5720 ιιι.
2090 5670 2159 5722 ad
2183 5684 2262 5722 me
2282 5681 2326 5722 et
2352 5670 2518 5735 bibat;
2543 5674 2630 5740 qui
2653 5675 2812 5728 credit
2847 5678 2899 5730 in
2921 5696 3021 5742 me,
3051 5680 3184 5733 sicut
3208 5679 3338 5733 dixit
3368 5679 3666 5743 Scriptura.

410 5216 546 5266 esse,
597 5214 762 5254 unam
795 5201 1025 5270 gratiam
1066 5218 1186 5260 esse
1223 5203 1400 5259 Patris
1435 5214 1491 5261 et
1516 5205 1636 5261 Filii
1670 5216 1725 5262 et
1758 5190 1992 5278 Spiritus

406 5291 601 5356 sancti,
632 5306 753 5360 qua:
782 5299 891 5347 tam
932 5294 1169 5351 caelestis
1206 5305 1368 5365 atque
1409 5299 1587 5353 divina
1638 5308 1745 5365 est,
1773 5310 1833 5354 ut
1865 5318 1991 5371 pro-
