3998 6182
245 287 330 341 253
1443 282 1531 339 DE
1570 283 1843 340 SPIRITU
1884 281 2178 340 SANCTO.

3350 297 3460 351 251

241 408 420 478 [lenm
449 402 508 455 de
546 409 714 455 centre
748 399 863 467 ejus
889 398 1053 466 ﬂuent
1091 410 1240 464 aqua:
1268 394 1393 448 viva:
1416 409 1434 445 :
1463 395 1560 448 hoc
1586 403 1758 448 autem
1788 398 1838 458 Α
1863 409 2038 464 neque
2065 397 2210 451 enim
2256 396 2417 452 Pater
2469 397 2605 452 Filio
2652 399 2897 454 mittente
2944 415 3052 456 non
3089 402 3272 464 ηιξιιίι,
3333 421 3457 461 cum

240 497 406 566 dicebat
440 495 499 552 de
538 492 742 563 Spiritu
769 487 958 562 (Joan.
992 504 1088 553 vn,
1120 485 1232 557 57).
1274 485 1414 557 Ergo
1453 483 1648 540 ﬂumen
1687 494 1771 540 est

241 588 451 658 Spiritus.

238 697 370 752 Illum
392 699 512 754 sicut
536 707 586 752 et
611 715 644 751 a
672 693 836 750 Patre
860 695 1138 766 procedere
1165 693 1517 766 Hieronggnus
1551 693 1609 766 in
1635 692 1769 766 libro

294 770 472 839 Didymi
502 768 636 840 (Lib.
660 783 720 840 tt,
748 761 1057 840 sub'injt.),_
1084 781 1236 835 quem
1274 764 1337 818 de
1374 761 1560 840 'Grtgco
1588 763 1638 814 in
1668 761 1773 814 La-

293 829 428 894 tinum
448 829 731 908 transtulit,
751 836 890 908 quod
913 829 1143 906 Spiritus
1162 844 1375 908 sanctus
1398 850 1429 886 a
1454 829 1613 908 Patre
1630 847 1772 900 egre-

291 912 440 964 diatur
453 920 497 964 et
519 926 550 962 a
572 900 988 969 Filiomittatur,
1017 922 1120 958 non
1139 904 1422 958 secundum
1444 900 1768 971 angelorum,

287 982 621 1051 prophetarum
649 986 698 1051 e_t
728 975 1082 1051 apostolorum
1125 973 1512 1051 ministerium,_
1535 972 1626 1051 sed
1660 981 1714 1024 ut
1735 987 1770 1023 α

286 1042 507 1120 Sapientia
528 1042 1050 1120 Dei_Spiritum_I_)_ei
1097 1045 1233 1098 mitti
1257 1044 1424 1098 decet.
1468 1044 1542 1097 sic
1581 1042 1770 1105 docet;

288 1067 507 1120 sapientia
528 1067 606 1100 ue
655 1067 910 1118 apsntum
952 1067 1050 1100 ue:

288 1139 342 1176 ex
365 1138 452 1193 quo
473 1067 748 1186 conﬁ’citur
771 1127 820 1170 et
844 1134 876 1171 a
911 1114 1074 1170 Filio.

285 1214 398 1270 Cum
432 1225 556 1280 ergo
595 1209 832 1288 Spiritus
863 1216 1102 1273 sanctus,
1147 1207 1401 1264 similiter
1428 1215 1487 1261 ut
1534 1205 1695 1260 Pater
1715 1213 1773 1260 et

223 1305 386 1374 Filius,
421 1310 652 1358 mentem
699 1310 754 1358 et
802 1301 1115 1358 interiorem
1155 1301 1430 1356 hominem
1463 1296 1772 1352 inhabitare

223 1379 463 1457 doceatur.
494 1407 599 1448 non
631 1393 809 1448 alicam
837 1392 1101 1460 ineptum,
1127 1391 1223 1445 sed
1265 1390 1490 1459 impium
1521 1396 1610 1442 est
1646 1402 1770 1444 eum

220 1489 379 1549 dicere
398 1493 715 1554 creaturam.
766 1483 1090 1553 Disciplinas
1125 1481 1346 1552 quippe,
1395 1480 1622 1536 virtutes
1649 1479 1772 1536 dico

217 1589 267 1634 et
292 1586 435 1641 artes,
463 1585 518 1631 et
537 1576 622 1632 bis
647 1575 950 1631 contrarias
977 1573 1435 1643 perturbationes,
1460 1582 1514 1628 et
1555 1570 1773 1641 imperi-

217 1674 325 1735 tias,
357 1678 406 1726 et
425 1667 662 1732 aﬁ‘ectus,
688 1668 743 1722 in
769 1667 1054 1722 animabus
1093 1665 1344 1720 habitare
1380 1662 1637 1733 possibile
1660 1670 1768 1728 est,

1872 487 2062 542 eadem
2088 487 2366 542 voluntate
2394 487 2572 543 Patris
2595 498 2652 543 et
2680 490 2800 544 Filii
2829 489 3063 560 Spiritus
3092 493 3305 554 veniat;
3337 493 3455 548 Sal-

1875 586 2061 632 vatore
2085 593 2302 648 quoque
2325 594 2425 647 per
2455 581 2772 649 prophetam
2803 581 3072 651 loquente,
3102 582 3243 637 sicut
3283 586 3456 640 mani-

1873 666 2070 722 festum
2097 684 2218 723 esse
2244 670 2445 739 poterit
2472 670 2522 724 ei
2564 670 2655 740 qui
2705 679 2876 724 totum
2921 671 3209 744 perlegerit
3252 672 3452 742 locum,

1873 758 1941 812 Et
1971 759 2228 813 Dominus
2258 761 2397 813 misit
2429 777 2528 821 me,
2578 770 2628 814 et
2661 760 2887 830 Spiritus
2931 763 3046 831 ejus
3079 761 3213 831 (Isa.
3260 779 3451 827 xuvm,

1872 847 1982 920 16).
2011 847 2288 918 Siquidem
2311 865 2417 904 non
2446 850 2617 903 solum
2646 850 2860 914 Filium,
2891 851 2984 906 sed
3016 851 3277 922 Spiritum
3308 853 3456 907 misit

1871 937 2031 994 Deus.
2064 935 2170 991 Sed
2201 945 2255 990 et
2291 937 2568 1006 apostolus
2598 938 2855 1006 loquitur,
2894 939 3024 1004 Quae
3067 957 3203 993 nunc
3243 958 3452 995 annun-

1871 1030 2002 1082 tiata
2031 1037 2151 1083 sunt
2180 1028 2322 1083 vobis
2347 1045 2442 1098 per
2466 1045 2554 1083 eos
2578 1029 2668 1098 qui
2703 1031 3188 1101 euangelizauerunt
3212 1051 3297 1087 vos
3331 1052 3455 1088 san-

1872 1129 1952 1173 cto
1983 1115 2184 1189 Spiritu
2210 1120 2367 1173 misso
2407 1119 2471 1174 de
2510 1119 2652 1174 cazlis
2692 1120 2746 1190 (I
2779 1119 2926 1175 Petr.
2958 1139 2996 1187 ι,
3030 1124 3140 1194 12).
3183 1125 3251 1178 Et
3271 1125 3324 1178 in
3356 1124 3456 1180 Sa-

1870 1211 2090 1280 pientia,
2125 1226 2246 1282 quae
2277 1210 2589 1265 inscribitur
2612 1210 2928 1275 Panaretus,
2960 1214 3028 1268 ab
3049 1215 3135 1268 his
3159 1213 3250 1284 qui
3273 1215 3454 1269 divina

1869 1302 2197 1357 charismata
2226 1303 2500 1357 consecuti
2531 1313 2678 1368 sunt,
2710 1319 2814 1357 vox
2845 1305 3048 1373 gratias
3074 1305 3184 1359 Deo
3212 1306 3453 1360 referens

1870 1393 2198 1448 destinatur:
2223 1392 2354 1458 Qua:
2367 1404 2540 1448 autem
2563 1395 2617 1448 in
2644 1393 2782 1447 caelis
2805 1403 2925 1448 sunt
2950 1395 3066 1464 quis
3089 1396 3416 1464 investigabit
3432 1397 3457 1448 .9

1870 1486 2185 1541 voluntatem
2211 1497 2386 1540 autem
2427 1497 2578 1541 tuam
2622 1489 2738 1558 quis
2785 1490 3038 1559 cognovit,
3096 1489 3197 1542 nisi
3227 1490 3366 1560 quod
3396 1499 3453 1542 tu

1869 1579 2060 1632 dedisti
2087 1579 2427 1648 sapientiam,
2458 1589 2505 1633 et
2544 1578 2796 1649 Spiritum
2819 1591 3058 1635 sanctum
3087 1591 3237 1634 tuum
3263 1580 3454 1633 misisti

1868 1669 1933 1724 de
1961 1668 2198 1734 excelsis,
2229 1678 2277 1722 et
2306 1670 2381 1723 sic
2408 1680 2654 1725 correcta:
2674 1680 2793 1726 sunt
2813 1673 3010 1726 semita:
3037 1688 3214 1726 eorum
3254 1672 3346 1742 qui
3365 1688 3456 1725 su-

214 1778 308 1834 uun
334 1768 498 1816 tamen
523 1767 585 1813 ut
610 1757 979 1814 substantivas
1002 1753 1189 1826 [aliqui
1212 1753 1356 1818 libri,
1379 1749 1758 1821 substantias],

1868 1777 1953 1828 per
1985 1772 2179 1815 terram
2204 1771 2374 1827 erant,
2400 1772 2447 1815 et
2476 1762 2673 1832 placita
2703 1764 2797 1817 tibi
2834 1765 3003 1818 edocti
3053 1775 3174 1819 sunt
3219 1737 3453 1819 homines

212 1854 296 1912 sed
319 1859 373 1907 ut
401 1850 716 1906 accedentes
741 1866 754 1902 :
790 1854 1036 1902 creatam
1064 1862 1193 1902 vero
1222 1852 1470 1900 naturam
1515 1843 1570 1898 in
1601 1857 1762 1898 sensu

210 1945 430 2001 habitare
452 1940 782 2014 impossibile
808 1949 910 1997 est.
935 1939 1092 2007 Quod
1114 1940 1160 1995 si
1195 1954 1383 1995 verum
1425 1947 1528 2008 est,
1557 1946 1615 1994 et
1640 1937 1762 2007 Spi-

210 2041 332 2094 ritus
369 2043 601 2102 sanctus,
641 2035 847 2104 absque
892 2032 1002 2087 ulla
1048 2031 1399 2101 ambiguitate
1440 2030 1763 2094 subsistens,

207 2130 382 2185 enim:
399 2135 480 2183 est
507 2126 781 2182 habitator
804 2133 862 2181 et
883 2125 1084 2189 cordis,
1114 2123 1244 2180 nulli
1267 2123 1489 2178 duilium
1508 2131 1607 2185 est,
1633 2123 1762 2191 quin

206 2235 317 2286 cum
343 2217 493 2272 Patre
519 2226 579 2272 et
604 2215 742 2272 Filio
768 2217 918 2272 credi
943 2214 1137 2270 debeat
1165 2215 1453 2270 increatus.
1484 2212 1558 2267 Ex
1589 2213 1765 2268 utuini-

205 2313 296 2367 bus
323 2312 478 2383 igitur
498 2326 619 2383 quae
640 2309 957 2380 prtecedens
983 2323 1164 2364 sermo
1199 2306 1479 2369 disseruit.
1516 2306 1764 2360 incorru-

203 2405 387 2475 ptibilis
414 2412 464 2458 et
497 2403 860 2472 sempiternus
901 2400 1196 2457 secundum
1237 2406 1487 2454 naturam
1513 2397 1691 2452 Patris
1710 2405 1765 2454 et

203 2499 312 2554 Filii
337 2497 562 2567 Spiritus
608 2503 828 2551 sanctus
871 2495 1297 2555 demonstratae,
1346 2491 1658 2546 universam
1696 2491 1765 2545 de

201 2588 670 2658 seambiguitatem
724 2584 967 2650 abstulit,
1016 2591 1074 2639 et
1118 2581 1484 2651 suspicionem
1531 2594 1598 2632 ne
1623 2593 1764 2634 unus

200 2683 260 2735 de
278 2679 469 2735 creatis
495 2677 814 2734 substantiis
840 2676 1184 2732 existimetur
1225 2673 1272 2728 is
1296 2673 1388 2742 qui
1417 2670 1641 2742 spiritus
1667 2671 1764 2728 Dei

197 2775 277 2838 sit,
306 2787 460 2843 quem
501 2771 654 2826 exire
702 2770 768 2824 de
812 2769 973 2824 Patre
1011 2763 1315 2822 Salvatoris
1367 2763 1421 2818 in
1472 2762 1764 2833 Evangelia

196 2865 345 2920 verba
366 2863 663 2919 declarant.
686 2860 819 2916 Cum
840 2860 1049 2922 venerit,
1063 2857 1262 2928 inquit,
1278 2854 1590 2920 consolator,
1613 2871 1765 2926 quem

194 2971 275 3023 ego
300 2955 496 3008 mittam
524 2951 686 3017 vobis,
719 2948 973 3021 Spiritum
999 2948 1227 3002 veritatis
1247 2947 1336 3018 qui
1357 2945 1423 3000 de
1444 2943 1605 3000 Patre
1622 2959 1766 3014 egre-

191 3046 342 3111 ditur,
384 3045 494 3114 ipse
531 3041 883 3098 testimonium
927 3039 1070 3093 dabit
1105 3038 1168 3092 de
1201 3053 1281 3092 me
1321 3034 1503 3108 (Joan.
1531 3050 1622 3099 xv,
1647 3033 1760 3106 26).

189 3136 585 3193 Consolatorem
623 3141 805 3188 autem
854 3131 1158 3186 venientem
1208 3127 1469 3197 Spiritum
1513 3137 1760 3194 sanctum

189 3230 328 3297 dicit,
357 3230 426 3284 ab
464 3226 781 3298 operatione
823 3225 872 3278 ei
901 3237 1096 3277 nomen
1148 3222 1449 3291 imponens,
1501 3220 1626 3290 quia
1655 3235 1762 3274 non

186 3321 350 3376 solum
378 3318 695 3376 consolatur
723 3331 818 3371 eos
856 3330 993 3386 quos
1018 3328 1078 3368 se
1116 3313 1306 3384 dignos
1331 3325 1451 3367 esse
1478 3309 1760 3379 repererit,

183 3422 234 3467 et
264 3413 330 3468 ab
352 3411 507 3468 omni
543 3409 764 3464 tristitia
806 3416 862 3463 et
901 3404 1308 3476 perturbatione
1335 3402 1511 3456 reddit
1536 3401 1762 3466 alienos,

183 3517 361 3557 verum
391 3499 708 3557 incredibile
745 3496 1014 3568 quoddam
1060 3493 1314 3569 gaudium
1340 3503 1395 3547 et
1432 3490 1764 3545 hilaritatem

180 3594 253 3648 eis
279 3593 497 3656 tribuit,
529 3591 584 3645 in
608 3597 820 3643 tantum
849 3595 908 3642 ut
934 3587 1109 3657 possit
1135 3586 1274 3654 quis,
1307 3583 1416 3636 Deo
1439 3580 1644 3652 gratias
1673 3595 1762 3634 re-

177 3682 353 3738 ferens
381 3682 534 3752 quod
582 3678 678 3734 tali
719 3678 934 3750 hospite
979 3677 1173 3747 dignus
1222 3674 1509 3737 habeatur,
1561 3671 1760 3736 dicere,

179 3773 376 3828 Dedisti
413 3772 659 3826 [mitium
684 3770 740 3824 in
780 3769 936 3824 corde
960 3784 1077 3822 meo
1121 3762 1291 3837 (Psal.
1319 3779 1392 3827 tv,
1428 3762 1502 3833 7).
1549 3759 1761 3829 Sempi-

176 3875 325 3920 terna
348 3863 554 3934 quippe
579 3861 763 3916 laatitia
793 3861 849 3914 in
893 3873 1079 3914 comm
1126 3855 1288 3911 corde
1329 3863 1599 3918 versatur,
1630 3868 1764 3921 quo-

173 3975 287 4012 rum
310 3956 559 4028 Spiritus
580 3962 802 4009 sanctus
828 3951 1102 4007 habitator
1127 3955 1228 4003 est.
1254 3947 1360 4006 Iste
1381 3944 1614 4015 Spiritus
1635 3959 1764 3998 con-

168 4050 377 4104 solator
417 4064 450 4104 a
481 4046 621 4102 Filio
661 4043 920 4109 mittitur,
946 4057 1057 4096 non
1101 4039 1396 4098 secundum
1425 4034 1760 4106 angelorum,

165 4153 216 4196 et
243 4142 674 4212 prophetarum,
727 4146 784 4193 et
833 4134 1200 4206 apostolorum
1236 4129 1615 4191 ministerium,
1669 4127 1763 4182 sed

166 4242 221 4286 ut
245 4232 402 4287 mitti
429 4232 592 4287 decet
624 4245 654 4284 a
684 4226 950 4298 sapientia
993 4233 1048 4280 et
1081 4223 1316 4279 veritate
1349 4221 1600 4290 spiritum
1641 4217 1759 4285 Dei,

162 4324 470 4379 indivisam
511 4321 797 4378 habentem
841 4333 966 4374 eum
993 4315 1182 4375 eadem
1233 4311 1497 4383 sapientia
1539 4318 1592 4365 et
1621 4308 1764 4363 veri—

162 4425 272 4471 tate
299 4413 505 4486 [aliqui
526 4412 668 4478 libri,
699 4426 823 4467 cum
846 4408 1007 4463 Patre
1027 4415 1083 4462 et
1129 4403 1285 4475 Filio]
1313 4401 1702 4466 substantiam,

409 4525 551 4581 Item
578 4525 716 4579 idem
738 4525 796 4577 in
820 4523 999 4577 eodem
1025 4520 1179 4582 libro,
1217 4527 1331 4588 post
1356 4532 1544 4587 pauca.

225 4619 397 4674 Licet
429 4619 578 4673 enim
598 4631 664 4670 ex
702 4617 812 4670 Deo
835 4614 1148 4682 irequenter
1168 4623 1227 4664 se
1260 4609 1404 4662 dicat
1441 4605 1622 4660 exisse
1647 4601 1764 4655 Sal-

152 4721 339 4772 vator,
371 4708 767 4779 pmprietatem
793 4713 994 4766 tamest,
1023 4709 1097 4764 et,
1126 4709 1185 4753 ut
1213 4700 1284 4753 ita
1307 4699 1506 4759 dicam,
1536 4692 1764 4748 familia-

145 4805 417 4865 ritatem,
443 4801 519 4855 de
551 4813 656 4868 qua
686 4812 826 4867 saepe
853 4792 1226 4852 tractavimus,
1257 4805 1321 4844 ex
1366 4785 1626 4842 vocabulo
1651 4798 1766 4838 ma-

147 4893 233 4960 gis
273 4892 394 4946 sibi
423 4890 610 4944 Patris
631 4900 911 4943 omne
939 4884 1090 4947 dicit,
1126 4882 1237 4952 Ego
1269 4881 1323 4933 in
1366 4877 1547 4940 Patre,
1578 4884 1626 4929 et
1657 4872 1766 4927 Pa-

146 4994 228 5035 ter
272 4984 336 5037 in
389 4997 482 5036 me
534 4975 1002 5052 (Jun.x1v,ll),
1049 4989 1106 5029 et
1142 4973 1288 5035 alibi,
1345 4969 1454 5040 Ego
1505 4977 1551 5022 et
1604 4965 1766 5020 Pater

145 5089 323 5127 unum
349 5089 554 5128 sumus
577 5070 762 5142 (Ioan.
794 5085 850 5133 1,
876 5067 988 5136 30),
1020 5074 1075 5119 et
1097 5063 1262 5118 niulta
1293 5062 1376 5116 his
1403 5058 1624 5121 similia,
1645 5070 1766 5126 quae

142 5163 197 5216 in
249 5163 578 5236 Evangelia
624 5163 925 5216 observans
973 5158 1142 5210 lector
1180 5154 1437 5210 inveniet.
1492 5151 1598 5219 lste
1634 5163 1764 5218 ergo

140 5255 413 5322 Spiritus
455 5260 708 5316 sanctus,
755 5251 846 5321 qui
887 5250 953 5303 de
998 5248 1158 5300 Patre
1188 5245 1483 5315 egreditur,
1514 5242 1763 5309 testi/ica-

136 5347 308 5408 bitur,
375 5346 573 5416 inquit
617 5345 894 5406 Dominus,
939 5340 1002 5393 de
1031 5356 1111 5392 me
1137 5337 1320 5408 (Ioan,
1352 5351 1440 5400 xv,
1467 5334 1583 5402 ω),
1613 5333 1766 5387 testi-

135 5438 416 5492 monium
464 5435 648 5492 simile
676 5433 855 5489 ferens
883 5431 933 5486 ei
984 5429 1160 5483 Patris
1186 5425 1532 5500 testimonio,
1563 5425 1630 5478 de
1659 5437 1766 5491 quo

134 5528 235 5591 ait,
259 5529 659 5584 testimonium
684 5527 810 5580 dicit
837 5525 901 5578 de
922 5540 1000 5577 me
1014 5522 1102 5591 qui
1127 5537 1205 5573 me
1231 5519 1368 5572 misit
1402 5515 1562 5570 Pater
1582 5515 1761 5585 (Joan.

134 5629 261 5681 vm,
305 5619 438 5687 18).
475 5617 723 5672 Mittente
773 5623 951 5668 autem
999 5611 1139 5664 Filio
1194 5607 1453 5678 Spiritum
1499 5604 1764 5665 veritatis,

133 5721 310 5771 quem
343 5711 764 5767 consolatorem
792 5705 1020 5770 vocavit,
1066 5701 1222 5758 simul
1267 5699 1433 5754 mittit
1473 5707 1524 5752 ct
1572 5698 1764 5751 l’atcr:

1276 5907 1298 5934 Ρ

1862 1849 2018 1921 (Sop.
2050 1867 2127 1916 ix,
2160 1851 2268 1921 l6).
2300 1852 2365 1905 Et
2394 1851 2448 1905 in
2486 1853 2741 1920 prtesenti
2773 1853 3039 1922 siquidem
3066 1853 3314 1918 lectione,
3342 1868 3450 1907 non

1862 1941 1974 2000 sola
2003 1943 2269 2012 sapientia
2300 1943 2415 2008 Dei,
2459 1943 2510 1998 id
2545 1952 2628 1998 cst
2657 1944 2966 2014 unigenitus
2986 1943 3155 1999 Filius
3181 1945 3318 2015 ejus,
3359 1944 3453 1998 da-

1863 2047 1951 2092 tur
1975 2053 2006 2091 a
2035 2037 2214 2104 Patre,
2243 2038 2336 2093 sed
2366 2045 2421 2092 et
2457 2036 2693 2106 Spiritus
2719 2046 2942 2092 sanctus
2973 2037 3227 2090 mittitur.
3257 2035 3313 2090 lu
3338 2036 3452 2106 ipso

1862 2142 2078 2198 quoque
2103 2127 2396 2200 Evangelio
2426 2127 2542 2182 dari
2571 2127 2896 2198 prmdicatur
2926 2141 2978 2188 a,
3003 2126 3188 2192 Patre,
3215 2134 3270 2180 et
3310 2126 3452 2180 mitti

1864 2218 2098 2290 Spiritus
2122 2228 2362 2285 sanctus,
2397 2218 2676 2274 Salvatore
2706 2219 2955 2274 dicente:
3006 2217 3074 2272 Et
3118 2234 3212 2288 ego
3254 2218 3450 2288 rogabo

1864 2307 2080 2364 Patrem
2124 2327 2316 2375 meum,
2361 2320 2409 2365 et
2447 2310 2614 2364 alium
2665 2308 2998 2364 Paraclitum
3029 2309 3175 2362 dabit
3206 2309 3366 2374 vobis,
3394 2317 3450 2362 ut

1862 2404 1930 2458 sit
1953 2403 2217 2458 vobiscum
2239 2404 2291 2456 in
2316 2413 2588 2468 a'ternum,
2611 2402 2852 2472 spiritum
2875 2402 3106 2455 ueritatis
3129 2399 3311 2474 (Joan.
3338 2416 3448 2467 x1v,

1865 2494 1988 2565 16);
2023 2502 2078 2549 et
2106 2495 2340 2548 iterum:
2390 2490 2692 2546 Paraclitus
2736 2501 2911 2546 autem
2940 2491 3173 2562 Spiritus
3213 2501 3446 2557 sanctus,

1863 2603 2013 2657 quem
2054 2587 2218 2639 mittet
2264 2583 2427 2639 Pater
2454 2587 2509 2640 in
2559 2586 2767 2639 nomine
2815 2601 2952 2648 meo,
2999 2584 3090 2638 ille
3129 2601 3214 2638 vos
3245 2584 3446 2638 docebit

1865 2682 2040 2730 omnia
2074 2673 2237 2744 (Ibid.
2267 2690 2321 2740 v,
2343 2675 2454 2743 26).
2481 2673 2616 2728 Nam
2643 2675 2781 2727 ct'in
2805 2673 2890 2726 his
2918 2671 3261 2726 sermonibus
3281 2671 3445 2725 alium

1865 2766 2191 2824 Paraclitum
2220 2768 2350 2821 dare
2372 2767 2572 2821 dicitur
2609 2765 2792 2831 Pater,
2833 2780 2943 2820 non
2968 2771 3150 2818 autem
3187 2762 3351 2817 alium
3376 2764 3446 2817 ab

1864 2873 1930 2914 eo
1958 2859 2049 2929 qui
2073 2874 2105 2912 a
2131 2857 2268 2914 Filio
2297 2857 2552 2923 mittitur,
2599 2857 2893 2913 secundum
2923 2856 3072 2921 illud,
3113 2853 3244 2909 Cum
3272 2864 3444 2907 autem

1864 2951 2058 3005 venerit
2104 2949 2192 3004 ille
2235 2947 2560 3016 Paroclitus,
2605 2965 2760 3020 quem
2790 2949 2994 3002 mittam
3031 2945 3170 3001 rubis
3199 2962 3230 2998 a
3265 2943 3445 3005 Patre,

1869 3041 2126 3112 Spiritum
2162 3040 2392 3094 veritatis
2420 3039 2602 3111 (Joan.
2633 3055 2725 3104 xv,
2755 3038 2867 3108 ‘26),
2912 3051 3070 3106 quem
3101 3035 3264 3090 alium
3292 3049 3445 3104 para-

1865 3131 2052 3186 clitum
2099 3130 2418 3196 nominavit,
2460 3144 2565 3185 non
2611 3129 2767 3199 juxta
2805 3135 3012 3182 natum
3063 3124 3443 3186 dilferentiam,

1865 3221 1959 3275 sed
1971 3222 2129 3292 juxta
2149 3221 2477 3292 Operationis
2502 3219 2890 3275 diversitatem.

1936 3353 2071 3407 Item
2094 3355 2232 3407 idem
2264 3355 2316 3407 in
2347 3353 2522 3407 eodem
2560 3368 2714 3422 opere
2741 3350 2877 3421 (Lib.
2907 3349 2989 3420 ιι),
3032 3357 3144 3418 post
3169 3363 3359 3416 pauca.

1937 3465 2073 3531 Quia
2102 3479 2232 3533 ergo
2254 3462 2490 3530 Spiritus
2513 3469 2733 3516 sanctus
2761 3461 2813 3512 in
2844 3460 3061 3512 nomine
3087 3457 3208 3510 Filii
3233 3472 3264 3509 a
3285 3455 3447 3510 Patre

1867 3558 2133 3620 mittitur,
2174 3555 2382 3612 habens
2408 3551 2531 3606 Filii
2563 3550 2949 3620 proprietatem
2987 3549 3280 3603 secundum
3305 3546 3447 3615 quod

1865 3651 2007 3706 Deus
2054 3656 2158 3714 est,
2206 3660 2312 3700 non
2343 3655 2522 3700 tamen
2575 3642 2878 3706 lilietatem,
2909 3648 2971 3693 ut
3016 3639 3156 3693 filius
3204 3638 3319 3709 ejus
3353 3640 3444 3702 sit,

1865 3739 2106 3797 ostendit
2134 3751 2242 3808 qua
2279 3735 2490 3791 unitate
2517 3733 2587 3788 sit
2618 3731 2841 3801 junctus
2862 3729 2928 3783 ad
2963 3729 3192 3793 Filium;
3225 3729 3365 3782 unde
3393 3735 3449 3783 et

1862 3833 1987 3888 Filii
2017 3832 2198 3887 dictus
2223 3836 2306 3884 est
2335 3826 2580 3898 spiritus,
2611 3840 2709 3896 per
2741 3822 3087 3892 adoptionem
3113 3835 3264 3875 suam
3309 3819 3447 3873 filios

1862 3925 2069 3980 faciens
2115 3938 2208 3977 eos
2235 3920 2328 3991 qui
2372 3936 2431 3973 se
2469 3917 2710 3986 recipere
2755 3914 3076 3968 voluissent.
3121 3910 3257 3976 Quia
3308 3910 3443 3963 enim

1862 4015 2004 4080 estis,
2043 4011 2237 4082 inquit,
2280 4008 2378 4080 ﬁlii
2407 4007 2521 4073 Dei,
2571 4006 2709 4060 misit
2740 4001 2904 4058 Pater
2925 4003 3164 4073 spiritum
3196 3999 3325 4054 Filii
3361 4002 3444 4054 sui

1863 4107 1915 4160 in
1941 4105 2100 4158 corda
2136 4111 2323 4167 vestra,
2371 4101 2685 4154 clamantem
2713 4098 2846 4152 abba
2886 4095 3050 4150 Pater
3076 4093 3218 4165 (Cal.
3257 4110 3330 4156 tv,
3364 4094 3438 4161 6).

1863 4196 1966 4250 Istc
1986 4202 2165 4248 autem
2194 4192 2434 4262 Spiritus
2459 4197 2699 4252 sanctus,
2726 4188 2817 4257 qui
2840 4190 2988 4241 venit
3008 4186 3061 4239 in
3088 4184 3301 4239 nomine
3324 4183 3440 4236 Filii

1863 4287 2063 4342 missus
2094 4301 2125 4337 a
2151 4283 2312 4338 Patre
2336 4279 2750 4336 docebitaomnia
2775 4294 2868 4332 eos
2894 4277 2985 4346 qui
3014 4276 3068 4329 in
3099 4274 3201 4326 ﬁde
3233 4271 3436 4325 Christi

1864 4375 2090 4449 perfecti
2120 4383 2268 4429 sunt.
2299 4372 2491 4428 Omnia
2522 4379 2700 4425 autem
2734 4369 2822 4422 illa
2855 4381 2972 4436 quae
3013 4361 3276 4434 spiritalia
3318 4367 3443 4414 sunt

1867 4477 1921 4523 et
1948 4464 2350 4528 iutellectualia,
2381 4469 2436 4516 et
2462 4468 2520 4514 ut
2549 4459 2787 4514 breviter
2815 4457 3068 4512 universa
3097 4452 3440 4516 concludam,

1863 4556 2040 4611 omnia
2088 4553 2332 4608 veritatis
2383 4558 2439 4605 et
2491 4549 2766 4618 sapientiae
2807 4551 3165 4600 sacramenta.
3217 4541 3444 4596 Docebit

1863 4663 2014 4714 vero,
2042 4661 2146 4700 non
2171 4644 2323 4714 quasi
2349 4643 2536 4698 doctor
2563 4648 2617 4694 et
2649 4637 2906 4707 magister
2939 4633 3253 4703 disciplinae,
3279 4646 3442 4701 quam

1865 4736 2083 4794 aliunde
2123 4744 2207 4790 est
2248 4738 2615 4788 consecutus:
2647 4727 2691 4782 si
2722 4725 2937 4795 quidem
2977 4723 3080 4778 hoc
3119 4737 3306 4778 eorum
3336 4727 3439 4784 est,

1864 4829 1955 4900 qui
1985 4825 2301 4898 sapientiam
2333 4830 2390 4877 et
2420 4830 2566 4876 artes
2611 4819 2820 4886 aliquas
2858 4815 3118 4870 industria
3159 4814 3442 4882 studioque

1865 4919 2140 4974 didicere:
2168 4914 2261 4969 sed
2288 4911 2442 4983 quasi
2473 4911 2587 4981 ipse
2627 4923 2716 4963 ars
2758 4914 2920 4975 atque
2947 4905 3210 4965 doctrina,
3258 4910 3314 4956 et
3353 4917 3440 4955 sa-

1863 5011 2078 5086 pientia:
2103 5005 2455 5074 veritatisque
2479 5002 2724 5072 spiritus,
2751 4997 3093 5053 invisibiliter
3117 4995 3285 5050 menti
3309 4993 3436 5048 insi-

1864 5118 2036 5178 nuans
2063 5098 2345 5154 scientiam
2377 5095 2701 5149 divinorum.

1933 5199 2066 5272 Item
2100 5214 2238 5268 idem
2273 5213 2328 5265 in
2368 5209 2545 5264 eodem
2571 5223 2719 5279 opere
2741 5205 2879 5277 (Lib.
2911 5203 2995 5276 ιι),
3035 5177 3148 5273 post
3180 5216 3365 5271 pauca.

1934 5328 2138 5383 Deinde
2166 5321 2663 5394 interpretationem
2689 5318 2928 5374 inferens
2960 5315 3232 5386 quomodo
3266 5309 3436 5364 dixis-

1865 5430 1968 5485 set,
1999 5419 2062 5472 de
2109 5432 2220 5470 meo
2247 5414 2485 5484 accipiet,
2516 5410 2764 5483 protinus
2803 5405 3034 5474 subjecit
3061 5423 3073 5457 :
3104 5400 3294 5456 Omnia
3320 5411 3438 5464 qua:

1867 5513 2015 5565 habet
2043 5509 2204 5562 Pater
2230 5521 2345 5558 mea
2382 5512 2503 5557 sunt
2533 5518 2550 5556 :
2579 5509 2851 5572 propterea
2881 5494 3012 5556 dixi,
3042 5493 3104 5545 de
3151 5503 3264 5540 meo
3302 5485 3441 5536 arci-

1866 5603 1967 5672 piet
2004 5610 2051 5653 et
2098 5593 2429 5651 annuntiabit
2468 5593 2611 5647 vobis
2637 5589 2818 5662 (Joan.
2874 5601 2985 5648 xvr,
3036 5581 3142 5672 l5).
3173 5576 3436 5672 Quodam

1870 5665 2026 5746 modo
2062 5688 2305 5756 loquens,
2337 5683 2487 5738 Licet
2517 5697 2547 5737 a
2593 5679 2752 5734 Patre
2780 5673 3034 5745 procedat
3056 5668 3275 5740 spiritus
3307 5665 3440 5719 veri--
