3998 6182
457 316 564 372 255
1461 314 1854 370 TIIEODULFI
1891 309 2450 370 AURELIANENSIS
2488 309 2700 366 EPISC.
3617 307 3728 364 256

462 429 613 488 tatis.
642 435 698 482 et
726 427 817 482 det
837 427 979 482 Deus
1019 425 1282 494 Spiritum
1329 433 1576 479 sanctum
1611 424 1920 494 petentibus
1945 438 2024 488 se,
2056 424 2108 484 Α
2132 436 2238 475 non
2267 421 2432 487 dicat,
2467 423 2570 476 nisi
2602 423 2771 484 Deum
2795 419 3012 473 Patrem
3048 434 3171 474 esse
3198 418 3521 486 Salvatoris,
3550 431 3607 478 et
3636 423 3732 479 Fi-

464 529 645 573 tauteu
672 518 800 588 quia
823 518 1001 573 omnia
1024 532 1143 584 quae
1167 515 1328 569 habet
1344 515 1504 568 Pater
1528 527 1645 569 mea
1682 521 1831 580 sunt,
1857 523 1911 569 et
1931 515 2035 584 iste
2136 506 2265 563 lium
2297 520 2620 579 generatum.
2635 524 2754 565 esse
2780 525 2811 563 a
2834 509 3016 574 Patre,
3040 509 3142 564 hoc
3167 513 3541 567 tantummodo
3565 513 3744 569 debe._

467 612 580 679 ipse
625 608 845 678 spiritus
873 607 1049 660 Patris
1083 620 1232 659 meus
1274 613 1376 668 est,
1423 614 1478 658 et
1523 604 1588 659 de
1624 619 1746 659 meo
1783 604 2032 673 accipiet.
2136 616 2260 657 mus
2288 603 2494 658 sentire
2518 602 2662 672 quod
2685 602 2948 672 scriptum
2973 609 3078 666 est,
3105 608 3159 656 et
3183 609 3404 657 ostenso
3431 605 3577 673 quod
3609 603 3737 676 Spi-

465 701 608 754 Cave
628 705 830 760 autem,
857 711 979 750 eum
1007 695 1109 748 ista
1135 694 1407 760 dicuntur,
1439 710 1507 749 ne
1534 710 1701 765 prava
1733 695 2038 769 intelligen-
2138 696 2278 750 ritus
2305 700 2542 754 sanctus,
2558 692 2833 749 increatus
2861 692 2962 756 sit,
3004 700 3403 761 consequenter
3431 694 3736 765 intelligere

469 799 538 852 tia
578 795 776 860 labaris
807 793 860 846 in
903 792 1110 854 vitium,
1138 798 1192 843 et
1217 799 1372 860 putes
1401 804 1515 844 rem
1551 805 1670 844 esse
1715 789 1949 857 aliquam
1983 797 2040 844 et
2142 783 2284 853 quod
2322 780 2475 855 Cujus
2521 797 2642 849 non
2664 792 2749 837 est
2796 790 2980 835 creata
3014 781 3342 846 Sllelanlia.
3377 790 3528 837 recte
3579 783 3744 844 Patri.

466 883 883 955 possessionem,
915 896 1035 950 qum
1060 895 1090 933 a
1125 879 1286 933 Patre
1331 879 1595 934 habeatur
1638 895 1702 946 ac
1746 878 1902 940 Filio.
1940 876 2040 932 Ve-

469 991 610 1038 rum,
654 988 772 1044 qua:
819 973 985 1026 habet
1021 970 1184 1026 Pater
1225 968 1386 1038 juxta
1435 970 1815 1035 substantiam,
1862 967 1914 1023 id
1957 979 2042 1023 est

464 1050 844 1134 mtcrnitatem,
885 1061 1405 1126 itnmutahilitatem,
1429 1061 1908 1132 incorruptionem,
1940 1059 2040 1113 im-

464 1157 874 1222 mortalitatem,
919 1155 1216 1210 bonitatem
1255 1153 1323 1212 de
1359 1168 1417 1207 se
1455 1162 1509 1216 et
1544 1154 1598 1207 in
1643 1135 1702 1207 se
1744 1152 2041 1206 subsisten-

464 1259 594 1312 tem,
625 1248 741 1304 hzec
765 1248 952 1302 eadem
979 1247 1142 1301 habet
1167 1254 1222 1299 et
1251 1245 1420 1300 Filius
1447 1263 1458 1297 :
1485 1254 1539 1299 et
1563 1253 1622 1298 ut
1645 1245 1765 1314 plus
1786 1242 2038 1310 inferam,

461 1338 724 1407 quidquid
770 1337 940 1390 Filius
989 1337 1101 1405 ipse
1149 1334 1412 1400 subsistit,
1455 1344 1508 1389 et
1546 1350 1880 1406 qumcunque
1916 1345 2043 1390 sunt

463 1430 609 1493 Filii,
650 1430 765 1483 haec
787 1429 975 1483 eadem
1005 1427 1167 1482 habet
1196 1435 1252 1482 et
1287 1428 1466 1481 Pater.
1585 1416 1601 1488 ξ

568 1519 702 1573 Item
729 1519 866 1573 idem
903 1520 958 1573 in
996 1519 1175 1572 eodem
1206 1535 1356 1588 opere
1378 1517 1516 1588 (Lib.
1550 1533 1589 1570 tt
1621 1517 1715 1582 sub
1737 1516 1937 1587 ﬁnem).

540 1613 645 1676 Vos
677 1622 873 1676 autem,
895 1611 989 1675 alt,
1018 1610 1160 1664 haud
1185 1610 1403 1664 dubium
1432 1610 1558 1686 quin
1581 1610 1858 1680 discipulis
1881 1610 2038 1674 Chri-

2139 873 2382 942 Filioque
2427 873 2682 938 societur.
2714 871 3010 950 Hmcjuxta
3048 870 3249 941 eloquii
3293 871 3467 927 nostri
3498 887 3737 944 pauper-

2141 974 2314 1030 tatem,
2333 965 2385 1027 in
2410 963 2666 1034 praesenti
2692 963 2838 1019 dicta
2865 960 3153 1020 subiciant.

2138 1077 2481 1148 Augustinus,
2525 1077 2664 1148 quod
2707 1075 2932 1146 Spiritus
2963 1084 3174 1148 sanctus
3221 1092 3255 1128 a
3291 1073 3455 1148 Patre
3489 1075 3741 1148 Filioque

2207 1145 2478 1217 procedat,
2509 1145 2723 1217 injibro
2748 1145 2903 1216 quem
2930 1146 3136 1217 scripsit
3164 1155 3347 1217 contra
3375 1145 3739 1200 Maximinum

2209 1210 2514 1271 ha-reticum
2539 1210 2676 1285 (Lib.
2709 1210 2792 1280 ιιι,
2832 1232 2948 1285 cap.
2983 1210 3068 1279 17,
3099 1215 3156 1269 in
3187 1214 3337 1286 ﬁne),
3366 1217 3442 1270 sic
3467 1218 3540 1269 ait
3567 1229 3586 1268 :

2213 1305 2463 1376 Magnum
2489 1305 2691 1375 aliquid
2725 1319 2854 1359 sane
2889 1304 2991 1359 tibi
3013 1306 3194 1362 dicere
3227 1306 3451 1372 videris,
3487 1307 3614 1376 quia
3637 1305 3734 1361 di-

2140 1397 2242 1463 eis,
2273 1397 2444 1452 Filius
2475 1407 2594 1452 erat
2620 1397 2673 1451 in
2704 1398 2970 1468 principio
3007 1406 3297 1468 antequam
3327 1399 3529 1469 aliquid
3553 1407 3734 1465 esset,

2141 1489 2308 1544 Pater
2345 1503 2476 1544 vero
2501 1497 2628 1544 ante
2669 1489 3012 1558 principium.
3045 1488 3147 1544 Ubi
3185 1488 3362 1560 legisti
3390 1497 3452 1544 ut
3479 1489 3582 1544 hoc
3609 1503 3740 1544 cre—

2142 1579 2505 1635 deres‘bunde
2534 1580 2928 1649 prtesumpsisti
2955 1587 3016 1633 ut
3033 1581 3138 1636 hoc
3165 1581 3373 1636 diceres
3398 1581 3489 1636 ubi
3519 1596 3622 1638 nec
3634 1597 3742 1636 au-

467 1673 572 1763 sti,
599 1703 690 1772 qui
719 1670 1036 1771 sapientiam
1069 1699 1301 1770 Spiritus
1335 1670 1667 1769 suscepistis,
1699 1670 1754 1753 et
1791 1701 1956 1754 vitam
1989 1670 2044 1756 et
2070 1767 2108 1772 λ
2141 1671 2370 1772 θίίῖτίιέῗ
2424 1670 2532 1772 ulla
2582 1672 2873 1772 “ecfwf’;
2901 1672 3023 1726 ⁸³ίῖ
3063 1672 3209 1772 ἕξω,
3232 1674 3547 1772 ,θθίθηίων
3601 1683 3740 1772 {me

465 1761 678 1870 pacem,
713 1761 816 1846 non
851 1793 998 1846 estis’
1015 1793 1072 1845 in
1108 1761 1274 1846 carne
1298 1790 1474 1863 (Rom.
1505 1806 1623 1855 vm,
1656 1790 1741 1863 9),
1770 1789 1822 1845 id
1862 1800 1945 1846 est
1985 1792 2041 1846 in
2070 1767 2115 1826 Β

466 1871 648 1941 carnis
685 1883 956 1953 operibus,
983 1898 1158 1952 neque
1187 1882 1330 1937 enim
1357 1880 1474 1950 ejus
1499 1897 1663 1951 opera
1692 1883 2037 1960 perpetratis,

466 1976 727 2046 siquidem
755 1976 1003 2044 spirituum
1041 1975 1137 2030 Dei
1165 1975 1376 2030 habetis
1403 1975 1456 2036 in
1487 1973 1656 2029 vobis.
1682 1973 1830 2029 Idem
1861 1983 2039 2028 autem

464 2067 688 2136 spiritus
713 2067 808 2120 Dei
842 2073 896 2120 et
935 2065 1157 2136 spiritus
1181 2064 1382 2119 Christi
1425 2071 1527 2130 est,
1559 2064 1834 2129 adducens
1862 2072 1917 2118 et
1958 2079 2044 2119 co—

464 2155 656 2226 pulans
695 2171 817 2210 eum
851 2157 943 2226 qui
985 2169 1044 2209 se
1091 2155 1342 2209 habuerit
1368 2154 1596 2209 Domino
1629 2152 1756 2208 Jesu
1784 2153 2038 2218 Christo;

465 2235 607 2302 unde
638 2247 690 2300 in
721 2247 1070 2315 sequentibus
1099 2245 1357 2300 scribitur
1384 2263 1396 2298 :
1428 2243 1490 2299 Si
1527 2245 1643 2315 quis
1685 2253 1859 2298 autem
1887 2245 2044 2327 spiri-

465 2343 576 2386 tum
599 2331 797 2387 Christi
823 2351 927 2387 non
955 2333 1129 2398 habet,
1157 2334 1240 2388 hic
1281 2350 1382 2388 non
1422 2343 1497 2388 est
1522 2333 1636 2403 ejus
1664 2332 1874 2405 (Ibid.).
1904 2332 2044 2386 Rur-

466 2439 586 2477 sum
631 2423 684 2475 in
721 2423 972 2492 praesenti
1017 2423 1276 2477 discimus
1307 2424 1646 2487 societatem,
1675 2438 1838 2492 quam
1880 2423 2044 2479 habet

471 2513 705 2583 Spiritus
732 2521 952 2568 sanctus
977 2514 1043 2567 ad
1073 2513 1348 2568 Christum
1373 2523 1428 2569 et
1454 2516 1522 2570 ad
1553 2515 1740 2569 Deum.
1769 2515 1875 2571 Sed
1904 2523 1960 2571 et
1988 2517 2043 2571 in

467 2603 689 2672 cpistola
737 2603 881 2656 Petri
924 2602 1159 2672 Spiritus
1198 2612 1418 2658 sanctus
1443 2619 1562 2659 esse
1589 2603 1791 2660 Christi
1824 2605 2044 2678 spiritus

466 2696 870 2766 comprobatur,
909 2695 1236 2763 Scrutantes,
1269 2697 1462 2767 inquit,
1491 2706 1539 2751 et
1589 2699 1938 2772 exquirentes,
1988 2697 2044 2752 id

465 2796 550 2841 est
571 2787 846 2857 prophetae
879 2786 945 2842 de
971 2787 1165 2856 quibus
1191 2787 1241 2842 ei
1283 2786 1461 2843 fuerat
1486 2804 1666 2843 sermo
1693 2790 1961 2859 superior,
1986 2791 2043 2844 in

465 2878 605 2948 quod
635 2888 724 2930 aut
752 2877 905 2947 quale
937 2888 1137 2948 tempus
1167 2878 1498 2949 signiﬁcabat
1527 2881 1572 2933 is
1597 2881 1687 2950 qui
1717 2881 1772 2934 in
1824 2881 1899 2934 eis
1929 2890 2044 2934 erat

466 2967 681 3035 spiritus
714 2966 932 3031 Christi,
961 2967 1247 3036 testiﬁcans
1272 2969 1327 3022 in
1352 2965 1562 3023 Christo
1589 2971 1878 3039 passiones,
1909 2980 1959 3024 et
1981 2989 2043 3025 ea

464 3075 582 3129 qua:
603 3068 714 3128 post
746 3068 892 3112 erant
920 3067 1163 3112 secutura
1199 3060 1426 3124 decreta,
1458 3062 1514 3114 in
1546 3061 1732 3131 quibus
1761 3062 2042 3117 revelatum

466 3137 562 3209 est,
585 3149 708 3218 quia
735 3165 837 3202 non
857 3149 974 3214 sibi,
998 3149 1088 3203 sed
1117 3149 1262 3204 nobis
1288 3150 1655 3205 ministrabant
1676 3169 1738 3206 ea
1760 3170 1879 3223 qua:
1905 3171 2042 3209 nunc

466 3244 784 3296 unnuntiata
818 3251 940 3296 sunt
981 3242 1121 3297 vobis
1163 3259 1256 3312 per
1289 3241 1543 3311 Spiritum
1568 3253 1805 3298 sanctum
1837 3243 1889 3318 (Ι
1923 3244 2042 3300 Pet.

465 3350 505 3399 l,
538 3333 649 3403 ii).
680 3334 783 3388 Iste
813 3343 996 3389 autem
1019 3332 1254 3404 Spiritus
1282 3343 1504 3390 sanctus
1533 3335 1708 3391 dictus
1731 3345 1816 3393 est
1841 3345 1896 3392 et
1929 3339 2044 3408 spi-

464 3431 602 3487 ritus
643 3429 737 3482 Dei
787 3443 894 3482 non
925 3427 978 3481 in
1013 3428 1262 3498 prarsenti
1294 3435 1501 3482 tantum
1541 3443 1811 3496 sermone,
1853 3431 1947 3485 sed
1990 3439 2047 3485 et

462 3521 515 3573 in
540 3519 663 3574 aliis
688 3517 822 3573 locis
852 3517 1285 3587 quamplurimis,
1318 3525 1380 3572 ut
1413 3517 1489 3572 ibi
1514 3517 1629 3572 :Ea
1655 3535 1773 3588 qua:
1798 3518 1896 3574 Dei
1923 3529 2043 3574 sunt

461 3626 610 3679 nemo
637 3609 775 3663 novit
827 3607 928 3660 nisi
967 3607 1181 3676 spiritus
1222 3605 1321 3660 Dei
1351 3605 1404 3676 (I
1431 3604 1554 3660 Cor.
1591 3623 1652 3672 ιι,
1695 3605 1805 3677 il).
1839 3607 2043 3663 Deinde

461 3699 706 3767 sequitur
736 3706 859 3767 post
891 3697 1015 3762 hoc,
1040 3695 1183 3764 quod
1213 3695 1290 3748 ait
1315 3713 1330 3750 :
1365 3695 1426 3750 Si
1450 3697 1566 3766 quis
1595 3706 1768 3750 autem
1794 3695 2042 3767 spiritum

463 3785 658 3856 Christi
703 3773 805 3844 non
841 3783 1009 3846 habet,
1039 3783 1122 3840 hic
1145 3799 1249 3836 non
1287 3792 1361 3842 est
1390 3783 1504 3852 ejus
1529 3782 1706 3852 (Rom.
1735 3801 1852 3850 vm,
1881 3786 1956 3859 9),
1986 3797 2042 3843 et

462 3873 714 3938 infertur,
757 3871 803 3924 si
843 3880 1019 3924 autem
1060 3868 1299 3924 Christus
1343 3872 1397 3924 in
1425 3872 1589 3938 vobis,
1611 3881 1667 3928 et
1709 3875 2040 3933 manifestis-

463 3962 600 4027 sime
627 3960 1033 4014 demonstratur
1050 3958 1465 4028 inseparabilem
1488 3974 1608 4022 esse
1637 3961 1899 4033 Spiritum
1921 3983 2042 4021 san-

459 4058 606 4105 ctum
653 4065 684 4102 a
730 4047 966 4112 Christo,
1013 4047 1137 4116 quia
1194 4047 1500 4126 ubicunque
1541 4049 1775 4120 Spiritus
1821 4064 2040 4111 sanctus

461 4139 649 4206 fuerit,
697 4137 770 4193 ibi
814 4147 872 4193 et
904 4137 1149 4192 Christus
1176 4147 1280 4205 est,
1333 4147 1390 4194 et
1435 4141 1793 4213 undecunque
1835 4143 2038 4201 Christi

457 4234 680 4303 spiritus
719 4232 1050 4298 discesserit,
1077 4232 1200 4287 inde
1225 4233 1430 4303 pariter
1452 4234 1655 4289 recedit
1683 4244 1738 4295 et
1767 4236 2034 4294 Christus.

459 4323 521 4390 Si
549 4323 666 4394 quis
716 4323 851 4375 enim
883 4322 1128 4392 spiritum
1163 4308 1359 4377 Christi
1385 4337 1489 4378 non
1517 4323 1691 4389 habet,
1721 4325 1806 4380 hic
1837 4344 1938 4386 non
1962 4337 2038 4382 est

456 4415 572 4484 ejus
597 4428 616 4465 :
646 4413 731 4468 cui
763 4413 1052 4482 conjuncto
1075 4414 1119 4467 si
1143 4415 1264 4483 quis
1303 4415 1634 4470 contrarium
1666 4427 1926 4482 assumat,
1957 4418 2039 4472 di-
2065 4431 2072 4471 ;

2063 4459 2116 4521 D

455 4519 581 4560 cere
601 4511 778 4572 potest
803 4521 814 4556 :
842 4502 899 4556 Si
929 4501 1052 4572 quis
1072 4501 1272 4559 Christi
1299 4513 1404 4574 est,
1430 4505 1503 4559 ita
1530 4513 1591 4560 ut
1613 4507 1862 4562 Christus
1890 4509 1945 4562 in
1972 4522 2039 4572 eo

455 4593 544 4656 sit,
575 4593 630 4647 in
672 4595 774 4649 hoc
813 4596 1036 4665 spiritus
1067 4595 1160 4649 Dei
1208 4603 1311 4651 est.
1356 4594 1470 4652 Hoc
1503 4605 1684 4650 autem
1708 4595 1851 4652 idem
1881 4605 1937 4651 et
1970 4598 2038 4652 de

457 4684 568 4739 Deo
592 4684 754 4741 Patre
783 4687 1036 4746 similiter
1075 4689 1465 4760 usurpandum.
1510 4685 1568 4740 Si
1615 4686 1739 4763 quis
1784 4687 2034 4756 spiritum

457 4774 550 4838 Dei
580 4790 685 4828 non
717 4774 897 4842 habet,
923 4777 1025 4830 iste
1054 4791 1161 4830 non
1189 4786 1272 4831 est
1298 4773 1433 4843 ejus.
1465 4774 1563 4830 Cui
1586 4791 1799 4830 rursum
1819 4785 2037 4831 contra-

457 4861 596 4914 rium
625 4863 748 4931 quis
775 4873 1016 4918 assumct
1055 4865 1260 4931 dicens.
1303 4865 1360 4919 Si
1403 4865 1526 4935 quis
1570 4867 1666 4920 Dei
1695 4876 1796 4932 est,
1831 4867 1884 4922 in
1931 4868 2036 4932 hoc

453 4951 678 5031 spiritus
715 4952 809 5006 Dei
839 4962 956 5018 est;
990 4953 1130 5018 unde
1158 4955 1412 5008 scribitur
1441 4973 1453 5007 :
1487 4955 1715 5010 Nescitis
1747 4961 1871 5028 quia
1903 4969 2035 5015 tem-

452 5045 598 5116 plum
619 5045 718 5100 Dei
743 5047 888 5112 estis,
915 5059 958 5102 et
990 5048 1205 5117 spiritus
1225 5047 1325 5101 Dei
1349 5048 1549 5102 habitat
1580 5049 1635 5104 in
1661 5051 1798 5106 vobis
1823 5052 1875 5125 (Ι
1904 5053 2029 5108 Cor.

453 5152 536 5199 ιιι,
571 5135 702 5208 16)⁴ἶ
729 5137 796 5190 Ει
821 5137 874 5191 in
903 5136 1127 5204 Joannis
1161 5138 1423 5210 Epistola,
1456 5139 1510 5193 in
1551 5141 1653 5197 hoc
1687 5145 2033 5214 cognoscitur

453 5230 596 5285 Deus
626 5230 882 5286 habitans
914 5231 968 5284 in
1015 5230 1358 5300 quibusdam,
1405 5247 1529 5288 cum
1557 5235 1819 5289 manserit
1867 5236 1920 5290 in
1951 5235 2032 5292 eis

447 5322 674 5390 Spiritus
703 5337 864 5391 quem
890 5321 1036 5376 dedit
1065 5324 1165 5377 eis.
1197 5323 1276 5380 Ex
1301 5324 1496 5394 quibus
1517 5323 1768 5381 omnibus
1796 5327 2030 5382 indisso-

449 5414 664 5468 ciabiiis
699 5421 756 5468 et
793 5412 1083 5468 indiscreta
1131 5413 1416 5472 Trinitatis
1460 5415 1762 5471 substantia
1803 5418 2029 5473 demon-

453 5509 680 5558 uratur.

451 5591 478 5645 1
485 5604 586 5646 tem
607 5595 741 5650 idem
765 5599 818 5651 in
839 5597 1020 5652 eodem
1037 5613 1190 5667 opere
1212 5595 1351 5669 (Lib.
1371 5613 1431 5652 tu
1456 5599 1509 5652 in
1524 5598 1676 5670 ﬁne),
1699 5607 1813 5669 post
1833 5613 2023 5668 pauca.

522 5683 654 5738 Cum
683 5687 845 5754 igitur
873 5699 1059 5747 sancta
1094 5688 1376 5762 Scriptura
1403 5691 1634 5758 amplius
1657 5692 1723 5746 de
1763 5689 2028 5746 Trinitate

2567 1761 2962 1831 uandoquidem
2990 1762 3248 1831 quidquid
3275 1771 3401 1818 ante
3426 1775 3591 1830 esset,
3622 1765 3733 1820 hoc

2140 1860 2288 1906 esset
2311 1851 2654 1921 principium.
2685 1849 2743 1905 Si
2772 1865 2902 1922 ergo
2923 1851 3086 1906 Pater
3109 1860 3238 1906 ante
3266 1853 3592 1923 principium
3619 1862 3730 1919 est,

2140 1952 2267 1998 ante
2298 1943 2535 2011 seipsum
2570 1950 2676 2009 est,
2717 1943 2843 2013 quia
2866 1951 2922 1996 et
2963 1943 3076 2014 ipse
3105 1944 3433 2015 principium
3459 1955 3562 2000 est.
3588 1945 3735 2014 Quid

2140 2044 2224 2090 est
2253 2043 2454 2100 autem,
2485 2034 2554 2089 In
2576 2035 2965 2104 principioerat
2989 2033 3215 2093 Verbum
3240 2036 3421 2107 (Joan.
3453 2053 3493 2103 ι,
3522 2038 3595 2109 Ι),
3625 2039 3732 2094 nisi

2143 2125 2200 2180 in
2237 2126 2399 2181 Patre
2425 2133 2548 2181 erat
2583 2125 2796 2180 Filius?
2834 2131 2890 2180 et
2926 2126 3040 2196 ipse
3076 2125 3248 2181 Filius
3301 2126 3670 2199 interrogatus
3700 2144 3734 2183 ι

2142 2218 2342 2274 Judteis
2373 2219 2496 2289 quis
2539 2227 2706 2284 esset,
2754 2219 3051 2288 respondit,
3081 2219 3394 2290 principium
3425 2221 3516 2288 qui
3558 2231 3607 2275 et
3646 2221 3732 2275 lo.

2139 2327 2274 2382 quor
2313 2311 2452 2365 vobis
2485 2309 2670 2382 (Joan.
2695 2327 2814 2376 vm,
2845 2310 2960 2382 25).
3008 2310 3173 2366 Pater
3215 2327 3344 2382 ergo
3378 2312 3730 2383 principium,

2143 2417 2253 2456 non
2312 2403 2380 2456 de
2427 2402 2713 2472 principio,
2765 2402 2936 2458 Filius
2965 2403 3291 2472 principium
3332 2403 3398 2458 de
3441 2403 3746 2475 principio._

2145 2493 2252 2550 Sed
2276 2503 2570 2564 utrumque
2593 2495 2775 2561 simul,
2803 2511 2911 2550 non
2937 2496 3044 2551 duo
3069 2495 3162 2550 sed
3193 2511 3356 2551 unum
3379 2496 3729 2567 principium.

2144 2584 2300 2640 Sicut
2335 2584 2500 2640 Pater
2526 2587 2670 2641 Deus
2697 2593 2754 2640 et
2775 2585 2946 2640 Filius
2973 2585 3136 2652 Deus,
3163 2587 3324 2640 ambo
3352 2595 3534 2641 autem
3567 2587 3752 2642 simul:

2141 2691 2250 2731 non
2277 2676 2384 2730 duo
2403 2675 2500 2742 dti,
2530 2675 2626 2730 sed
2653 2691 2794 2730 unus
2822 2676 2984 2731 Deus.
3033 2675 3144 2731 Nec
3177 2675 3438 2744 Spiritum
3480 2685 3745 2732 sanctum.

2143 2764 2210 2820 de
2258 2773 2489 2834 utroque
2541 2765 2922 2835 procedentem
2965 2765 3174 2835 negabo
3216 2778 3337 2819 esse
3375 2764 3746 2835 principium.~

2145 2856 2252 2912 Sed
2279 2859 2395 2912 haec
2423 2857 2528 2912 tria
2553 2857 2715 2912 simul
2737 2858 2878 2914 sicut
2907 2872 3074 2912 unum
3097 2856 3287 2922 Deum,
3315 2856 3390 2914 ita
3418 2872 3588 2914 unum
3609 2857 3750 2923 dico;

2143 2962 2264 3004 esse
2284 2949 2635 3019 principium.

2289 3063 2423 3118 Item
2452 3063 2591 3118 idem
2619 3064 2684 3131 in_
2707 3063 2886 3118 eodem
2911 3062 3044 3118 libro
3069 3061 3207 3134 (Lib.
3249 3079 3330 3130 ιιι,
3361 3081 3476 3136 cap.
3503 3065 3582 3134 9).

2215 3153 2424 3220 Qumris
2453 3168 2483 3206 a
2532 3166 2638 3216 me,
2673 3153 2718 3207 si
2754 3153 2819 3207 de
2849 3153 3152 3208 substantia
3191 3153 3372 3209 Patris
3405 3163 3491 3209 est
3533 3153 3729 3220 Filius,

2144 3243 2210 3298 de
2235 3243 2537 3298 substantia
2561 3242 2740 3298 Patris
2770 3251 2854 3297 est
2896 3243 3061 3297 etiam
3091 3243 3327 3313 Spiritus
3357 3253 3598 3308 sanctus,
3629 3260 3732 3298 cur

2143 3349 2286 3388 unus
2317 3332 2488 3388 Filius
2517 3333 2609 3399 sit,
2641 3341 2695 3387 ct
2721 3333 2857 3388 alius
2885 3350 2993 3387 non
3015 3334 3084 3388 sit
3111 3333 3314 3389 Filius?
3332 3335 3470 3390 Ecce
3497 3351 3730 3406 respon-

2144 3424 2267 3489 deo,
2300 3424 2412 3478 sive
2442 3423 2648 3493 capias,
2689 3423 2804 3478 sive
2829 3440 2935 3479 non
2967 3424 3172 3494 capias.
3214 3426 3290 3480 De
3314 3425 3474 3480 Patre
3508 3434 3593 3482 est
3629 3425 3721 3480 Fi-

2143 3514 2271 3581 lius,
2300 3515 2364 3568 de
2393 3513 2555 3568 Patre
2579 3522 2665 3569 est
2690 3513 2923 3584 Spiritus
2951 3522 3170 3569 sanctus
3197 3529 3212 3568 :
3239 3515 3332 3569 sed
3369 3515 3458 3570 ille
3486 3517 3727 3585 genitus,

2143 3606 2244 3662 iste
2287 3607 2586 3676 procedens
2624 3624 2637 3658 :
2669 3607 2790 3662 ideo
2838 3608 2931 3661 ille
2969 3607 3137 3663 Filius
3166 3616 3252 3664 est
3289 3608 3468 3663 Patris
3493 3609 3561 3664 de
3617 3626 3728 3679 quo

2142 3697 2356 3768 genitus
2378 3705 2480 3760 est,
2512 3697 2614 3752 iste
2645 3707 2823 3752 autem
2865 3698 3102 3769 Spiritus
3130 3698 3438 3768 utriusque,
3467 3699 3728 3768 quoniam

2141 3783 2208 3838 de
2237 3793 2466 3854 utroque
2505 3785 2772 3855 procedit.
2805 3786 2912 3842 Sed
2940 3787 3060 3842 ideo
3080 3803 3205 3843 cum
3254 3789 3320 3841 de
3353 3788 3442 3843 illo
3481 3788 3727 3860 loquere-

2142 3884 2250 3942 tur,
2297 3876 2373 3930 ait
2421 3876 2486 3931 de
2521 3877 2682 3932 Patre
2713 3879 2946 3949 procedit
2980 3879 3160 3951 (Joan.
3196 3896 3288 3945 xv,
3321 3879 3435 3950 26),
3467 3881 3728 3950 quoniam

2139 3965 2304 4020 Pater
2327 3967 2694 4036 processionis
2713 3965 2831 4036 ejus
2860 3977 2944 4024 est
2972 3977 3181 4034 auctor,
3207 3970 3299 4040 qui
3335 3970 3498 4024 talem
3527 3969 3729 4024 Filium

2140 4056 2344 4128 genuit,
2369 4064 2424 4110 et
2452 4057 2720 4128 gignendo
2746 4059 2796 4112 ei
2826 4059 2973 4114 dedit
2993 4068 3054 4114 ut
3078 4061 3241 4116 etiam
3273 4063 3338 4117 de
3369 4062 3487 4132 ipso
3514 4078 3717 4132 proce-

2140 4145 2291 4198 deret
2333 4143 2569 4212 Spiritus
2611 4153 2850 4200 sanctus.
2893 4146 3028 4201 Nam
3070 4147 3174 4202 nisi
3208 4149 3525 4218 procederet
3567 4159 3624 4205 et
3659 4151 3728 4206 de

2140 4235 2280 4305 ipso,
2311 4249 2418 4288 non
2462 4235 2670 4291 diceret
2703 4237 3020 4308 discipulis:
3054 4238 3284 4310 Accipite
3319 4239 3576 4311 Spiritum
3606 4259 3728 4297 san-

2139 4337 2279 4380 ctum
2315 4324 2497 4396 (Joan.
2528 4343 2618 4392 xx,
2643 4327 2758 4398 22),
2789 4345 3019 4400 eumque
3043 4329 3360 4386 insulilando
3387 4333 3561 4398 daret,
3600 4341 3665 4388 ut
3693 4351 3725 4390 a

2143 4431 2202 4470 se
2231 4430 2446 4484 quoque
2490 4417 2784 4486 procedere
2811 4419 3148 4490 signiﬁcans,
3187 4431 3372 4491 aperte
3408 4425 3726 4481 ostenderet

2142 4510 2346 4581 ﬂando,
2376 4513 2517 4584 quod
2564 4514 2819 4583 spirando
2858 4515 3021 4571 dabat
3061 4517 3290 4573 occulte.
3319 4518 3455 4586 Quia
3496 4535 3643 4592 ergo,
3675 4522 3723 4578 si

2142 4612 2457 4660 nasceretur
2485 4620 2592 4661 non
2628 4612 2835 4660 tantum
2866 4606 2933 4661 de
2964 4606 3143 4672 Patre,
3173 4623 3272 4663 nec
3301 4617 3510 4672 tantum
3534 4612 3602 4666 de
3629 4611 3720 4668 Fi-

2140 4693 2231 4757 lio,
2269 4695 2363 4750 sed
2403 4696 2470 4751 de
2507 4697 2772 4752 ambobus
2808 4697 2994 4768 utique
3032 4708 3374 4766 nasceretur,
3403 4702 3520 4758 sine
3555 4704 3724 4760 dubio

2140 4785 2310 4841 Filius
2341 4787 2615 4841 diceretur
2636 4789 2940 4842 ~amborum
2966 4802 2982 4842 :
3005 4804 3070 4845 ac
3110 4805 3208 4859 per
3237 4789 3361 4857 hoc,
3395 4792 3521 4862 quia
3550 4792 3724 4848 Filius

2141 4877 2424 4932 amborum
2457 4878 2603 4933 nullo
2629 4879 2790 4934 modo
2811 4887 2913 4943 est,
2943 4896 3048 4936 non
3071 4883 3314 4952 oportuit
3335 4885 3482 4939 nasci
3507 4900 3630 4940 eum
3653 4887 3725 4943 do

2139 4970 2437 5025 ambobus:
2472 4972 2752 5027 amborum
2797 4980 2882 5028 est
2901 4988 3031 5045 ergo
3072 4951 3308 5044 Spiritus
3346 4985 3568 5032 sanctus
3593 4992 3726 5047 pro-s

2137 5060 2381 5114 cedendo
2424 5061 2490 5116 de
2543 5063 2827 5119 ambobus.
2878 5062 3018 5130 Quid
3054 5073 3236 5120 autem
3287 5065 3434 5121 inter
3458 5067 3614 5125 nasci
3663 5077 3721 5123 et

2136 5149 2432 5219 procedere
2461 5151 2695 5217 intersit,
2721 5153 2790 5207 de
2815 5152 2903 5207 illa
2925 5153 3384 5211 excellentissima
3408 5167 3603 5212 natura
3633 5157 3719 5212 lo-

2137 5254 2309 5308 quens
2334 5241 2607 5312 esplicare
2631 5244 2754 5313 quis
2774 5246 2991 5314 potest?
3023 5245 3140 5302 Non
3163 5263 3324 5306 omne
3349 5251 3493 5319 quod
3519 5266 3718 5320 proce-

2137 5329 2216 5384 dit
2240 5332 2500 5398 nascitur,
2530 5335 2778 5402 quamvis
2805 5349 2966 5390 omne
2984 5339 3244 5405 procedat
3269 5340 3413 5408 quod
3432 5340 3713 5395 nascitur:

2135 5419 2274 5474 sicut
2300 5436 2407 5476 non
2436 5437 2597 5478 omne
2641 5424 2786 5494 quod
2831 5425 2984 5496 bipes
3009 5436 3116 5493 est,
3140 5429 3303 5484 homo
3333 5438 3436 5496 est,
3467 5433 3723 5499 quamvis.

2133 5509 2287 5580 bipes
2311 5511 2384 5566 sit
2405 5514 2585 5570 omnis
2608 5516 2699 5585 qui
2728 5517 2890 5571 homo
2921 5527 3023 5572 est.
3056 5517 3183 5574 Haec
3212 5522 3344 5587 scio,
3377 5523 3718 5594 distinguere

2133 5609 2312 5656 autem
2346 5601 2489 5658 inter
2523 5604 2668 5660 illam
2699 5609 3102 5676 generationem
3147 5618 3207 5664 et
3243 5611 3383 5667 hanc
3411 5614 3714 5681 processio-

2133 5708 2254 5747 nem
2302 5695 2505 5759 nescio,
2555 5713 2659 5752 non
2707 5697 2888 5765 valeo,
2922 5715 3032 5756 non
3073 5700 3311 5758 sufﬁcio:
3351 5719 3413 5756 ac
3447 5719 3545 5772 per
3584 5705 3712 5765 hoc,
