3998 6182
196 303 287 360 257

1457 281 1548 347 DE
1585 290 1856 346 SP‘lRlTU
1897 290 2186 348 SANCTO.

3326 288 3431 353 afui

200 419 312 491 quia
340 427 394 470 et
417 415 519 469 'illa
545 421 602 467 et
645 419 746 466 ista
773 417 856 466 est
892 408 1201 472 ineﬂ‘abilis,
1237 407 1376 462 sicut
1404 405 1662 476 propheta
1685 404 1751 458 de
1777 402 1831 462 Α
1855 419 1996 458 unus
2032 411 2117 457 est
2149 403 2289 457 Deus
2332 403 2508 468 Ραῑεΐς
2544 404 2634 473 qui
2681 404 2828 460 ωιυε
2861 407 3223 461 essentialin
3269 411 3334 463 de
3375 426 3436 465 5°

201 507 326 562 Filio
353 505 578 574 loquens
619 501 732 554 ait:
772 497 1164 567 Generationem
1193 497 1307 567 ejus
1335 496 1450 567 quis
1493 493 1755 548 enarrabit

202 598 326 671 (Isa.
349 612 464 660 mu,
498 593 593 665 8)?
623 585 696 646 ita
736 592 801 647 de
827 591 1032 660 Spiritu
1081 595 1267 642 sancto
1298 584 1592 640 've'rissime
1628 584 1762 638 dici-

204 697 302 752 tur,
331 685 725 756 processionem
749 679 864 750 ejus
885 681 1006 751 quis
1032 678 1344 734 enarrabit?
1367 676 1510 731 Satis
1540 675 1610 730 sit
1631 690 1761 746 ergo

202 777 366 842 nobis,
404 776 529 844 quia
561 788 668 829 non
699 781 782 828 est
827 788 857 826 a
903 786 962 826 se
989 771 1105 841 ipso
1134 769 1324 832 Filius,
1353 768 1446 822 sed
1483 767 1551 821 ab
1578 765 1668 819 illo
1694 764 1762 819 de

201 883 301 936 quo
333 873 488 918 natus
516 873 600 919 est
629 883 640 916 :
674 879 782 917 non
829 872 911 917 est
940 877 970 915 a
999 876 1057 916 se
1107 860 1224 930 ipso
1255 858 1492 928 Spiritus
1519 867 1760 920 sanctus,

200 957 291 1010 sed
319 956 384 1009 ab
414 955 500 1008 illo
528 955 592 1007 de
621 969 728 1023 quo
757 953 1020 1023 procedit,
1053 960 1107 1006 et
1131 951 1260 1021 quia
1297 951 1362 1005 de
1389 957 1618 1017 utroque
1642 962 1766 1016 pro-

200 1043 355 1110 cedit,
385 1045 523 1098 sicut
542 1043 656 1111 jam
691 1043 1050 1106 ostendimus,
1091 1042 1234 1096 unde
1258 1048 1312 1095 et
1338 1040 1558 1110 Spiritus
1588 1038 1764 1093 Patris

199 1131 368 1190 dictus
405 1142 507 1197 est,
558 1135 649 1188 ubi
688 1133 920 1203 legitur:
954 1132 1012 1187 Si
1050 1142 1223 1186 autem
1267 1131 1481 1200 spiritus
1528 1129 1642 1199 ejus
1675 1128 1764 1199 qui

197 1210 458 1280 suscitavit
487 1224 752 1279 Christum
787 1241 820 1277 a
849 1224 1070 1277 mortuis
1095 1223 1294 1276 habitat
1323 1222 1378 1275 in
1424 1221 1560 1274 vobis
1589 1219 1765 1290 (Rom.

196 1331 316 1380 vni,
354 1315 463 1384 ll).
511 1314 815 1382 Etspiritus
855 1313 995 1377 Filii,
1025 1313 1115 1366 ubi
1161 1312 1387 1382 legitur:
1443 1309 1547 1376 Qui
1591 1323 1765 1363 autem

197 1405 431 1475 spiritum
479 1403 675 1458 Christi
726 1421 830 1459 non
869 1404 1036 1467 habet,
1066 1405 1149 1458 hic
1179 1421 1282 1458 non
1326 1413 1400 1457 est
1429 1403 1543 1472 ejus
1585 1401 1757 1473 (Rom.

200 1511 316 1560 vin,
354 1493 429 1564 9).
475 1493 590 1548 Non
625 1495 768 1549 enim
819 1494 925 1548 duo
976 1501 1102 1548 sunt
1141 1493 1373 1562 Spiritus
1418 1492 1613 1556 sancti,
1653 1502 1770 1547 tan-

199 1603 358 1656 quam
387 1587 578 1658 singuli
605 1585 962 1657 singulorum,
993 1601 1132 1640 unus
1166 1584 1343 1639 Patris
1377 1589 1432 1639 et
1459 1584 1597 1638 alter
1623 1582 1765 1646 Filii,

197 1679 295 1732 sed
327 1695 464 1733 unus
497 1679 675 1748 potius
713 1677 890 1732 Patris
923 1684 977 1732 et
1012 1677 1154 1742 Filii,
1181 1677 1247 1731 de
1269 1691 1374 1745 quo
1412 1691 1520 1730 uno
1561 1674 1768 1744 Spiritu

194 1771 452 1840 scriptum
499 1778 620 1826 est:
661 1769 868 1823 Etenim
913 1768 967 1823 in
1001 1769 1186 1840 spiritu
1226 1784 1330 1821 uno
1376 1784 1470 1821 nos
1518 1742 1692 1821 omnes
1716 1767 1772 1820 in
1799 1742 1847 1801 Β

192 1877 356 1914 unum
378 1877 564 1930 corpus
590 1861 839 1932 baptizati
866 1877 1070 1926 sumus,
1091 1861 1196 1914 sive
1213 1859 1410 1923 Judazi,
1441 1861 1545 1913 sive
1576 1857 1770 1924 θηρσὶ,

189 1953 299 2006 sive
325 1952 476 2016 servi,
519 1944 623 2006 sive
655 1951 828 2015 liberi,
863 1961 911 2006 et
938 1968 1112 2005 omnes
1158 1967 1320 2003 unum
1360 1951 1601 2019 spiritum
1626 1960 1774 2020 pota-

189 2041 364 2093 vimus
392 2040 442 2108 (Ι
472 2039 595 2093 Cor.
619 2056 719 2106 xu,
751 2041 874 2111 i5);
901 2049 956 2094 et
980 2041 1086 2094 alio
1112 2040 1230 2094 loco
1255 2058 1267 2093 :
1295 2038 1467 2094 Unum
1492 2057 1699 2109 corpus,
1725 2048 1774 2094 et

187 2147 333 2186 unus
357 2131 574 2200 spiritus
593 2125 813 2207 (Ephes.
846 2146 920 2196 ιγ,
951 2130 1028 2202 4).
1058 2129 1198 2196 Quid
1219 2145 1347 2200 ergo
1374 2130 1488 2184 haec
1514 2129 1772 2194 Trinitas,

189 2227 301 2282 nisi
349 2226 514 2281 unius
563 2224 911 2294 ejusdemque
953 2223 1268 2279 substantiae
1300 2224 1414 2277 est?
1440 2222 1770 2292 quandoqui-

189 2320 317 2373 dem
355 2331 463 2371 non
485 2316 552 2370 de
589 2316 769 2385 aliqua
806 2316 1056 2383 materia,
1085 2316 1168 2370 vel
1192 2317 1256 2370 de
1283 2315 1450 2369 nihilo
1473 2322 1557 2370 est
1583 2313 1772 2380 Filius,

192 2406 295 2462 sed
320 2407 386 2461 de
423 2421 531 2475 quo
569 2413 654 2460 est
694 2405 942 2475 genitus:
976 2405 1212 2473 itemque
1257 2401 1492 2473 Spiritus
1532 2409 1770 2466 sanctus,

193 2511 304 2549 non
328 2494 394 2549 de
434 2493 611 2563 aliqua
646 2493 896 2559 materia,
928 2492 1013 2547 vel
1052 2492 1119 2547 de
1167 2491 1335 2547 nihilo
1349 2491 1480 2561 ,sed
1518 2491 1644 2547 inde
1689 2499 1773 2546 est

193 2588 336 2642 unde
363 2583 624 2657 procedit.

300 2678 433 2732 Item
468 2675 604 2731 idem
639 2675 694 2730 in
733 2675 865 2730 libro
895 2676 958 2730 de
981 2675 1355 2730 Incarnatione
1385 2673 1592 2728 Domini
1613 2687 1662 2728 ιι.

270 2772 529 2843 Spiritum
564 2788 779 2843 quoque
807 2780 1076 2837 sanctum,
1106 2786 1212 2826 non
1251 2771 1568 2840 ingenitum,
1597 2785 1772 2840 neque

197 2865 462 2936 genitum,
508 2864 605 2920 sed
648 2880 715 2919 ex
761 2863 925 2919 Patre
976 2863 1220 2935 Filioque
1269 2863 1666 2933 procedentem,
1704 2877 1771 2917 eo

198 2957 339 3026 quod
382 2956 556 3010 Patris
579 2963 635 3010 et
666 2955 790 3010 Filii
817 2957 888 3011 sit
913 2955 1154 3026 spiritus,
1187 2963 1244 3009 et
1280 2955 1394 3025 ipse
1420 2954 1771 3008 consubstan-

198 3046 340 3101 tialis
367 3055 422 3101 et
452 3055 751 3101 coaeternus
777 3047 1069 3110 ambobus;
1095 3060 1194 3100 nec
1219 3045 1380 3099 alium
1410 3043 1573 3098 fuisse
1599 3044 1769 3114 Spiri-

202 3148 309 3192 tum
344 3145 594 3192 sanctum
618 3151 780 3206 quem
810 3136 1086 3191 insuﬂlans
1133 3135 1299 3196 dedit,
1327 3142 1382 3189 et
1411 3134 1573 3188 alium
1606 3148 1768 3203 quem

198 3237 318 3296 post
362 3227 738 3282 ascensionem
784 3244 936 3282 suam
974 3227 1140 3281 misit.
1175 3225 1325 3281 Unus
1363 3227 1506 3280 enim
1547 3225 1772 3295 spiritus

203 3315 294 3373 Dei
338 3315 562 3388 spiritus
600 3314 778 3372 Patris
813 3325 868 3372 et
895 3317 1018 3371 Filii
1067 3315 1300 3386 Spiritus
1344 3324 1586 3379 sanctus,
1631 3315 1771 3369 idem

201 3408 339 3463 Deus
363 3408 454 3479 qui
481 3416 740 3477 operatur
759 3407 939 3462 omnia
967 3407 1020 3460 in
1051 3406 1319 3467 omnibus,
1351 3406 1422 3459 ita
1447 3413 1506 3458 ut
1530 3405 1773 3474 perfecta

201 3499 452 3554 credatur
475 3498 715 3552 Trinitas
739 3505 961 3568 propter
987 3495 1371 3567 proprietatem
1394 3509 1772 3565 personarum,

201 3597 253 3643 et
277 3605 418 3644 unus
452 3589 596 3643 Deus
622 3595 846 3657 propter
889 3584 1307 3655 inseparabilem
1350 3582 1692 3638 Trinitatem.

200 3696 331 3773 Item
361 3698 525 3764 idem,
563 3697 620 3752 in
662 3697 794 3751 libro
825 3696 911 3768 [S.
951 3692 1242 3818 Fulgentii]
1271 3693 1609 3766 expositionis
1649 3693 1777 3762 ﬁdei

689 3767 758 3818 ad
786 3765 1003 3818 Petrum
1043 3766 1180 3818 (can.
1249 3765 1287 3818 i.

284 3771 286 3773 ’
689 3767 758 3820 ad
786 3765 1003 3821 Petrum
1043 3766 1180 3836 (cap.
1213 3765 1287 3836 i).

268 3859 426 3917 Sicut
448 3875 578 3933 ergo
603 3875 704 3916 nec
732 3859 902 3914 Filius
929 3859 1197 3928 posterior
1228 3868 1322 3914 aut
1350 3859 1528 3912 minor
1564 3866 1649 3913 est
1675 3857 1778 3911 Pa-

200 3960 304 4017 tre,
332 3968 433 4008 nec
462 3951 695 4022 Spiritus
716 3959 933 4006 sanctus
960 3951 1230 4020 posterior
1261 3958 1355 4004 aut
1379 3951 1556 4004 minor
1578 3957 1661 4004 est
1688 3949 1779 4002 Fi-

200 4039 307 4108 lio;
346 4049 608 4097 internum
639 4041 834 4111 quippe
881 4049 936 4095 et
976 4041 1094 4094 sine
1133 4040 1286 4095 initio
1325 4049 1411 4095 est
1434 4040 1576 4109 quod
1614 4039 1777 4094 Filius

201 4137 263 4192 de
295 4133 480 4191 Patris
521 4143 716 4190 natura
741 4143 901 4189 natus
926 4133 1156 4199 exstitit,
1181 4141 1238 4188 et
1277 4141 1539 4188 artemum
1570 4148 1634 4187 ac
1661 4133 1778 4186 sine

201 4228 354 4284 initio
381 4237 466 4284 est
499 4228 642 4298 quod
671 4226 907 4298 Spiritus
934 4234 1155 4282 sanctus
1179 4225 1244 4281 de
1269 4234 1462 4280 natura
1487 4224 1664 4279 Patris
1685 4223 1776 4277 Fi-

202 4317 366 4389 liique
400 4318 664 4388 procedit.
692 4317 772 4372 Ob
801 4317 905 4372 hoc
947 4330 1076 4387 ergo
1105 4324 1218 4372 tres
1247 4332 1410 4371 unum
1436 4325 1581 4371 recte
1605 4316 1780 4371 credi-

1863 491 1980 560 ipso
2013 509 2180 546 unum
2209 492 2404 546 Filium
2437 494 2640 563 genuit.
2667 503 2722 547 et
2741 510 2878 548 unus
2904 494 3091 561 Filius,
3117 497 3205 565 qui
3233 498 3300 550 de
3326 515 3438 553 uno

1861 581 2025 636 Patre
2064 582 2212 636 solus
2241 592 2325 636 est
2350 582 2713 637 essentialiter
2755 584 2988 653 genitus,
3013 594 3065 638 et
3103 601 3241 639 unus
3269 585 3440 656 Spiri-

1864 681 1952 726 tus
1980 681 2222 738 sanctus,
2252 674 2344 742 qui
2371 673 2519 728 solus
2544 674 2908 729 essentialiter
2927 676 2992 730 de
3017 675 3176 730 Patre
3198 676 3441 746 Filioque

1860 763 2146 833 procedit:
2189 764 2291 816 hoc
2331 773 2512 817 autem
2553 772 2728 818 totum
2761 780 2866 818 una
2895 779 3123 834 persona
3170 783 3276 821 non
3303 784 3430 837 pos-

1862 857 1965 914 set,
2005 850 2058 904 id
2084 859 2167 904 est
2203 859 2258 904 et
2288 852 2509 921 gignere
2541 868 2618 917 se,
2666 862 2722 908 et
2759 856 2908 909 nasci
2948 855 3013 910 de
3054 872 3136 921 se,
3167 865 3222 911 et
3254 871 3442 927 proce-

1865 939 1992 994 dere
2036 938 2102 992 de
2159 955 2238 994 se.
2292 939 2426 1006 Quia
2476 941 2639 1011 igitur
2682 943 2827 998 aliud
2870 953 2952 1000 est
2997 948 3248 1016 genuisse
3281 964 3440 1016 quam

1864 1036 2049 1082 natum
2074 1043 2216 1092 esse,
2257 1029 2512 1098 aliudque
2544 1039 2629 1083 est
2660 1033 2956 1100 procedere
2977 1051 3138 1104 quam
3171 1038 3442 1107 genuisse,

1864 1118 1948 1173 vel
1984 1127 2168 1172 natum
2205 1133 2345 1182 esse,
2391 1119 2739 1175 manifestum
2786 1131 2872 1176 est
2898 1126 3152 1193 quoniam
3194 1127 3330 1181 alius
3363 1136 3445 1182 est

1865 1211 2042 1277 Pater,
2071 1213 2210 1269 alius
2240 1212 2428 1281 Filius,
2467 1214 2607 1270 alius
2643 1214 2880 1286 Spiritus
2911 1227 3152 1272 sanctus.

1867 1342 2000 1396 Item
2052 1344 2189 1398 idem
2248 1345 2490 1400 similiter
2545 1349 2599 1421 in
2658 1347 2835 1421 eodem
2893 1365 3047 1419 opere
3098 1349 3251 1421 (cap.
3302 1351 3338 1404 Ξ
3391 1352 3448 1404 in

2507 1418 2730 1487 princip.

1942 1523 2126 1594 Neque
2154 1527 2298 1580 enim
2346 1527 2400 1581 in
2429 1528 2549 1598 illa_
2567 1529 2831 1584 Triuitate
2859 1532 3137 1601 proprium
3163 1541 3307 1587 esset
3355 1548 3446 1587 so-

1869 1614 1974 1669 lius
2001 1613 2199 1681 Patris,
2224 1617 2368 1686 quod
2415 1633 2521 1672 non
2551 1627 2635 1672 est
2662 1628 2819 1674 natus
2847 1621 2981 1690 ipse,
3014 1622 3109 1677 sed
3138 1639 3306 1677 unum
3351 1623 3444 1676 Fi-

1875 1706 2005 1760 lium
2031 1707 2217 1777 genuit
2244 1722 2258 1760 :
2287 1722 2463 1776 neque
2490 1709 2767 1777 pr0prium
2797 1711 2962 1766 solius
2995 1711 3138 1777 Filii,
3163 1714 3305 1781 quod
3337 1729 3444 1768 non

1875 1797 2059 1868 genuit
2093 1799 2228 1868 ipse,
2253 1799 2350 1853 sed
2393 1799 2540 1854 solus
2562 1799 2629 1853 de
2664 1799 2840 1855 Patris
2866 1803 3100 1855 essentia
3136 1813 3292 1857 natus
3320 1813 3402 1858 est
3433 1823 3445 1855 :

1875 1901 2050 1956 neque
2071 1888 2350 1957 proprium
2386 1887 2620 1958 Spiritus
2644 1888 2844 1951 sancti,
2871 1890 3017 1958 quod
3050 1906 3146 1944 nec
3185 1899 3338 1945 natus
3367 1901 3454 1946 est

1877 1974 2012 2046 ipse,
2035 1991 2136 2032 nec
2171 1979 2374 2048 genuit,
2401 1979 2495 2033 sed
2526 1979 2672 2033 solus
2701 1980 2766 2034 de
2790 1979 2954 2035 Patre
2976 1979 3218 2049 Filioque
3247 1981 3450 2036 incom-

1876 2066 2121 2120 mutabili
2161 2067 2466 2123 aeternitate
2488 2067 2517 2108 δ
2539 2069 2803 2138 procedit.

2094 2197 2227 2253 Item
2258 2200 2395 2254 idem
2435 2201 2491 2255 in
2542 2193 2720 2257 eodem
2751 2219 2903 2274 opere
2941 2204 3079 2276 (cap.
3126 2206 3231 2278 il).

1945 2308 2283 2366 Firmissime
2319 2320 2463 2377 tene,
2492 2321 2547 2368 et
2589 2314 2893 2371 nullatenus
2924 2316 3155 2382 dubites,
3204 2319 3454 2374 eumdem

1875 2397 2134 2469 Spiritum
2165 2411 2435 2467 sanetum,
2475 2405 2564 2473 qui
2605 2404 2783 2460 Patris
2811 2414 2865 2461 et
2899 2406 3021 2461 Filii
3051 2424 3188 2462 unus
3229 2409 3451 2478 spiritus

1871 2500 1955 2546 est
1977 2490 2043 2546 de
2067 2490 2230 2547 Patre
2264 2502 2320 2548 et
2364 2493 2498 2548 Filio
2523 2497 2836 2564 procedere.
2878 2498 3020 2552 Dicit
3044 2499 3191 2552 enim
3231 2499 3439 2555 Filius:

1872 2578 2003 2634 Cum
2045 2585 2238 2637 venerit
2271 2585 2487 2654 spiritus
2526 2588 2778 2652 veritatis,
2802 2589 2894 2658 qui
2939 2607 2972 2642 a
3015 2591 3176 2644 Patre
3214 2593 3446 2660 procedit

1873 2671 2055 2742 (Joau.
2081 2689 2169 2737 xv,
2200 2673 2290 2744 26)
2318 2694 2331 2728 :
2363 2676 2453 2730 ubi
2482 2691 2638 2731 suum
2671 2693 2791 2734 esse
2821 2681 3069 2748 spiritum
3092 2681 3294 2744 docuit,
3320 2684 3446 2753 quia

1873 2764 1986 2834 ipse
2014 2773 2100 2820 est
2126 2767 2346 2822 veritas.
2374 2768 2450 2822 De
2482 2768 2594 2822 tilio
2623 2785 2837 2839 quoque
2868 2773 3164 2839 procedere
3193 2771 3454 2842 Spiritum

1873 2866 2148 2921 sanctum,
2182 2860 2496 2928 prophetica
2523 2868 2682 2930 atque
2705 2863 2999 2931 apostolica
3030 2865 3184 2920 nobis
3211 2866 3454 2921 doctrina

1871 2948 2238 3004 commendat.
2291 2949 2458 3005 Isaias
2504 2952 2648 3007 enim
2698 2954 2830 3009 dicit
2875 2954 2942 3009 de
3008 2955 3118 3010 tilio
3148 2973 3161 3010 :
3191 2954 3457 3010 Percutict

1871 3048 2068 3092 terram
2092 3040 2236 3110 virga
2265 3041 2372 3095 oris
2401 3042 2506 3108 sui,
2534 3053 2584 3096 et
2619 3044 2808 3112 spiritu
2835 3043 3095 3100 labiorum
3133 3063 3350 3101 suorum
3376 3049 3459 3101 in-

1871 3129 2089 3196 terﬁciet
2109 3129 2327 3199 impium
2355 3130 2490 3201 (Isa.
2516 3148 2591 3197 xi,
2621 3133 2698 3202 4),
2728 3134 2795 3188 de
2820 3149 2928 3203 quo
2947 3143 3003 3188 et
3023 3135 3311 3204 Apostolus
3333 3137 3409 3190 ait
3434 3154 3448 3188 :

1875 3217 2041 3284 Quem
2097 3221 2373 3290 inter/Sciet
2432 3223 2691 3280 Dominus
2741 3225 2898 3282 Iesus
2949 3229 3136 3298 spiritu
3203 3229 3312 3282 oris
3373 3228 3456 3281 sui

1875 3307 1960 3380 (II
2010 3310 2187 3365 Thess.
2226 3328 2289 3377 ιι,
2336 3311 2413 3383 8).
2454 3314 2624 3380 Quem
2669 3317 2833 3372 etiam
2881 3319 2997 3387 ipse
3041 3319 3234 3372 unicus
3284 3317 3452 3389 [Edd.

1876 3402 2015 3456 add.~
2048 3403 2166 3474 Dei]
2225 3404 2394 3459 Filius
2439 3408 2689 3474 spiritum
2728 3408 2840 3462 oris
2883 3409 2967 3462 sui
3011 3423 3132 3462 esse
3181 3408 3454 3477 signiﬁcat

1880 3489 2070 3562 [Edd.,
2111 3493 2468 3565 signiﬁcans],
2518 3503 2640 3565 post
2685 3497 3138 3550 resurrectionem
3178 3510 3330 3550 suam
3375 3497 3457 3550 in-

1879 3581 2103 3662 sulllans
2137 3581 2193 3636 in
2242 3581 2537 3653 discipulos
2577 3599 2724 3648 suos,
2766 3585 3019 3654 Accipite,
3066 3584 3160 3648 ait,
3196 3581 3454 3654 Spiritum

1877 3684 2116 3728 sanctum
2150 3674 2330 3738 (Joan.
2378 3691 2473 3741 xx,
2503 3675 2615 3746 2‘2).
2664 3676 2739 3732 De
2774 3692 2870 3732 ore
2909 3691 3038 3732 vero
3073 3677 3285 3731 Domini
3323 3676 3450 3732 Jesu

1877 3772 1954 3826 ait
1979 3770 2212 3826 Joannes
2242 3773 2295 3826 in
2317 3771 2656 3842 Apocalypsi,
2682 3771 2804 3840 quia
2828 3770 3038 3840 gladius
3060 3771 3303 3841 utrinque
3327 3787 3456 3824 acu-

1877 3875 1959 3919 tus
2001 3865 2186 3936 (Apoc.
2218 3881 2257 3930 ι,
2297 3865 2405 3936 16).
2444 3863 2559 3935 lpse
2588 3879 2718 3918 vero
2766 3863 2990 3933 spiritus
3019 3863 3130 3917 oris
3159 3865 3296 3931 ejus,
3343 3863 3459 3933 ipse

1877 3965 1962 4011 est
1997 3956 2208 4028 gladius
2245 3956 2336 4026 qui
2380 3957 2446 4011 de
2473 3971 2568 4011 ore
2603 3953 2718 4024 ejus
2745 3954 2989 4023 procedit
3016 3952 3213 4026 [Edit.,
3245 3954 3456 4026 gladius

1876 4063 2103 4124 utraque
2131 4060 2285 4124 parte
2315 4060 2506 4107 acutus
2530 4049 2877 4122 procedebat]

1885 4185 2012 4240 Item
2041 4186 2198 4248 idem,
2237 4185 2290 4238 in
2315 4185 2686 4252 disceptatione
2727 4181 2873 4250 (H8,
2901 4184 3036 4236 inter
3064 4182 3310 4252 epistolas
3341 4182 3458 4235 Au-

1947 4256 2176 4326 gustini)
2205 4271 2363 4324 quam
2395 4253 2576 4307 habuit
2615 4261 2796 4326 c_ontra
2835 4252 3188 4326 Pascentium
3216 4255 3456 4326 comitem

1950 4319 2290 4393 hrianorunz,
2333 4331 2584 4393 prasente
2622 4319 2903 4375 Laurentio
2925 4321 3107 4390 judice
3134 4319 3198 4374 ab
3228 4321 3458 4389 utrisque

200 4423 318 4464 mus
351 4417 409 4463 et
429 4408 660 4463 dicimus
691 4409 879 4474 Deum,
921 4407 1049 4478 quia
1078 4421 1185 4461 una
1215 4421 1444 4477 prorsus
1478 4407 1774 4471 :cternitas,
1802 4424 1856 4485 D
1951 4393 2186 4464 Ρανῑίδιιδ
2210 4391 2388 4445 ειεείο·

200 4514 301 4554 una
346 4499 705 4564 immensitas,
743 4507 799 4553 et
828 4514 934 4553 una
979 4496 1298 4553 naturaliter
1328 4504 1411 4552 est
1450 4496 1614 4550 trium
1647 4511 1773 4566 per-

200 4604 460 4645 sonarum
492 4589 771 4645 divinitas.
813 4589 1117 4644 Teneamus
1163 4589 1329 4658 igitur
1355 4587 1571 4642 Patrem
1607 4596 1661 4642 et
1688 4586 1778 4641 Fi-

199 4675 348 4744 lium,
389 4688 447 4735 et
493 4678 755 4750 Spiritum
797 4687 1043 4735 sanctum
1085 4693 1253 4733 unum
1289 4693 1414 4733 esse
1460 4679 1780 4732 naturaliter

199 4771 368 4829 Deum
395 4791 409 4828 :
441 4789 620 4844 neque
667 4783 846 4830 tamen
877 4775 1053 4845 ipsum
1083 4773 1300 4829 Patrem
1340 4788 1462 4829 esse
1489 4775 1580 4843 qui
1608 4773 1778 4829 Filius

197 4873 297 4930 est,
325 4880 506 4935 neque
534 4865 731 4920 Filium
781 4865 955 4934 ipsum
993 4879 1113 4920 esse
1135 4866 1224 4935 qui
1253 4861 1416 4919 Pater
1456 4873 1559 4930 est,
1604 4879 1778 4933 neque

199 4955 465 5024 Spiritum
511 4963 757 5011 sanctum
786 4955 961 5025 ipsum
995 4969 1114 5010 esse
1151 4955 1242 5024 qui
1281 4954 1441 5010 Pater
1467 4962 1562 5009 aut
1605 4953 1776 5009 Filius

196 5057 281 5104 est
306 5067 321 5103 :
346 5066 455 5106 una
485 5051 632 5106 enim
662 5057 746 5105 est
794 5049 971 5105 Patris
1000 5057 1056 5105 et
1093 5049 1213 5105 Filii
1241 5058 1295 5106 et
1324 5049 1559 5121 Spiritus
1599 5051 1775 5106 sancti

197 5141 461 5206 essentia,
498 5156 663 5211 quam
699 5139 873 5195 Graeci
901 5143 1074 5198 οὐσίαν
1103 5149 1317 5196 vocant.

203 5247 227 5305 1
231 5261 335 5304 tem
361 5253 503 5306 idem
526 5253 582 5305 in
605 5251 784 5305 eodem
810 5266 982 5320 opere,
1006 5259 1121 5320 post
1141 5267 1312 5320 pauca
1337 5249 1476 5318 (cap.
1497 5250 1519 5302 1
1547 5251 1602 5303 in
1624 5250 1771 5322 ﬁne).

264 5341 324 5396 In
350 5342 444 5396 illa
480 5343 646 5411 igitur
673 5350 860 5397 sancta
903 5339 1185 5403 Trinitate,
1213 5341 1356 5409 quod
1396 5340 1517 5394 ideo
1546 5357 1577 5395 a
1621 5342 1775 5396 nobis

199 5431 466 5500 repetitur
488 5431 666 5497 toties,
695 5439 756 5484 ut
793 5439 975 5486 vestro
1014 5431 1164 5486 cordi
1212 5431 1456 5485 tenacius
1501 5431 1772 5503 inligatur,

270 5575 297 5604 ι
317 5563 378 5619 in
407 5565 723 5635 Appendice
745 5565 811 5620 ad
839 5573 968 5635 tom.
995 5566 1063 5620 1V
1092 5563 1150 5620 S.
1187 5563 1470 5635 Augustini
1495 5573 1621 5635 sunt
1648 5564 1772 5620 libri

198 5631 306 5705 duo
345 5637 414 5690 de
455 5631 831 5705 lnearnatione
872 5633 1066 5699 Verbi;
1098 5643 1156 5690 at
1191 5635 1248 5690 in
1276 5631 1357 5690 'iis
1388 5649 1496 5690 non
1522 5634 1774 5705 leguntur

198 5699 316 5759 lucc
339 5720 461 5776 qum
483 5721 514 5760 ει
543 5703 842 5760 Theodulfo
866 5705 1118 5760 citantur.

1949 4525 2088 4579 Ecce
2109 4521 2238 4592 quid
2264 4531 2349 4576 est
2380 4521 2636 4592 ὁμούσιον,
2665 4519 2808 4588 quod
2837 4519 3197 4588 exprobratur
3238 4517 3457 4585 injuste.

1879 4610 2169 4672 Non'euim
2207 4612 2430 4668 verbum
2463 4610 2661 4675 solum,
2695 4611 2788 4665 sed
2816 4617 2870 4664 et
2898 4624 2985 4665 res
3028 4611 3081 4664 in
3123 4609 3293 4665 verbo
3328 4619 3412 4665 est
3441 4629 3452 4664 :

1878 4724 1979 4764 nec
2001 4706 2146 4762 solus
2172 4717 2351 4760 sermo
2377 4718 2577 4758 sonans
2609 4702 2849 4766 auribus,
2884 4701 2979 4756 sed
3005 4701 3309 4758 substantia
3350 4719 3456 4758 una

1878 4810 1962 4858 est
1991 4800 2086 4855 Dei
2127 4796 2396 4853 credenda
2418 4796 2471 4849 in
2498 4794 2786 4849 mentibus.
2807 4793 2864 4848 Si
2893 4793 3040 4848 enim
3065 4794 3120 4848 in
3147 4795 3456 4851 hominibus

1878 4892 2222 4948 credentibus
2249 4890 2302 4944 in
2334 4904 2392 4944 se
2417 4895 2561 4944 totus
2589 4886 2730 4941 Deus
2753 4886 3054 4942 credendus
3083 4895 3166 4942 est
3189 4887 3454 4953 habitare,

1877 4984 2145 5052 quomodo
2164 4981 2359 5036 Filium
2385 4988 2554 5035 totum
2579 4978 2632 5032 in
2655 4993 2714 5033 se
2735 4977 2916 5041 Pater,
2941 4987 3035 5032 aut
3055 4977 3223 5034 Filius
3236 4979 3453 5035 Patrem

1877 5091 1984 5131 non
2015 5075 2268 5129 credatur
2293 5071 2575 5142 excipere?
2608 5085 2672 5124 ac
2707 5084 2807 5138 per
2839 5070 2945 5123 hoc
2967 5068 3081 5138 ipse
3109 5068 3162 5122 in
3189 5067 3374 5135 Patre,
3399 5077 3456 5123 et

1877 5165 2039 5220 Pater
2066 5165 2121 5218 in
2148 5179 2214 5218 eo
2247 5169 2447 5224 manet,
2471 5169 2528 5215 et
2549 5176 2617 5215 ex
2641 5159 2803 5216 Patre
2824 5159 2905 5214 vel
2933 5159 3066 5214 Filio
3095 5158 3264 5231 [Editi
3288 5159 3448 5227 Aug.,

1877 5257 2038 5312 Patre
2072 5270 2141 5310 ex
2168 5253 2328 5324 Filio]
2369 5261 2587 5308 sanctus
2621 5251 2922 5308 credendus
2954 5258 3040 5306 est
3079 5250 3312 5320 Spiritus
3346 5263 3454 5303 non

1875 5347 2051 5403 solum
2090 5344 2438 5414 processisse,
2465 5344 2560 5399 sed
2591 5358 2807 5414 semper
2841 5342 2911 5398 ad
2943 5341 3249 5414 peragenda
3286 5352 3453 5411 opera

1877 5438 2159 5493 Trinitatis
2183 5436 2404 5492 omnino
2437 5433 2751 5506 procedere.

1917 5571 1975 5653 ,ι’
2000 5570 2141 5626 Editi
2194 5569 2464 5641 Fulgentii
2511 5568 2790 5633 omittunt,
2833 5559 3250 5620 incommutabili
3296 5570 3451 5617 atter-

1876 5651 2056 5696 nitate.
