3998 6182
486 306 592 364 259

1504 302 1889 361 THEODULFI
1924 302 2485 359 AURELIANENSIS
2523 305 2735 361 EPISC.

3639 313 3739 370 εὖ(

482 419 620 476 Item
668 422 833 484 idem,
884 414 1020 494 quod
1044 416 1293 494 Spiritus
1325 424 1543 493 sanctus
1586 416 1640 468 in
1680 414 1843 494 Patre
1880 424 1929 469 et
1968 413 2062 468 Fi-
2089 417 2139 474 Α
2166 413 2315 474 dere,
2339 430 2444 469 non
2470 415 2587 471 ideo
2616 418 2877 473 minorem
2907 416 3067 475 Patre
3091 414 3305 487 Fiimm,
3333 423 3460 492 quia
3488 422 3574 479 ille
3601 428 3759 494 misit,

552 490 626 567 lio
672 491 768 552 sit,
816 486 916 567 sic;
1108 486 1557 567 'innlibrjo‘quem
1605 487 1817 567 scripsit
1875 494 2061 567 contra

557 556 835 682 seponas,
882 557 1129 615 Iudicas.
1186 554 1547 618 Haniclutos,
1584 554 1959 635 ‘Subellianos,
2012 565 2060 610 et

559 672 569 681 .
607 644 805 682 nanos.

556 719 799 775 Diximus
845 718 911 773 de
961 705 1123 771 Patre
1168 702 1224 771 et
1274 714 1413 770 Filio
1462 717 1606 785 quod
1649 716 1957 785 potuimus,
2007 727 2062 771 et

488 820 748 883 quantum
796 808 1091 880 potuimus,
1134 808 1182 863 si
1223 816 1406 865 tamen
1455 809 1661 878 aliquid
1685 809 1846 880 digne
1889 809 2065 880 potui-

483 912 635 954 mus:
667 900 731 954 de
760 898 966 968 Spiritu
992 907 1183 954 sancto
1210 901 1497 964 tacuimus,
1526 900 1619 956 sed
1648 917 1753 955 non
1779 918 1900 956 eum
1932 917 2064 971 prae-

481 990 760 1045 terivimus
806 988 998 1061 [Edd.,
1036 989 1449 1062 separavimus].
1497 988 1769 1061 Quidquid
1812 993 1957 1047 enim
1997 993 2063 1051 de

479 1077 638 1134 Patre
678 1091 733 1133 et
758 1078 899 1134 Filio
934 1080 1189 1145 diximus,
1216 1081 1383 1136 etiam
1418 1081 1484 1136 de
1514 1080 1723 1150 Spiritu
1749 1091 1937 1138 sancto
1984 1083 2064 1138 di-

478 1170 676 1223 ximus.
702 1170 799 1224 Est
823 1170 969 1225 enim
1003 1171 1057 1225 in
1086 1171 1195 1226 iliis
1222 1180 1278 1225 et
1303 1172 1423 1226 cum
1458 1172 1563 1227 illis
1590 1174 1815 1242 aequalis
1842 1190 1981 1229 unus
2007 1184 2064 1231 et

479 1274 642 1313 verus
669 1260 833 1323 Deus,
862 1275 969 1313 non
994 1260 1170 1315 minor
1194 1270 1286 1315 aut
1316 1263 1509 1316 tertius
1530 1262 1691 1317 Deus.
1719 1262 1859 1329 Quid
1886 1265 2062 1319 adhuc

485 1347 669 1419 [.‘u'atva
712 1350 839 1403 edit.
886 1351 1048 1421 Aug.,
1077 1352 1242 1423 aliud)
1272 1353 1444 1408 dicam
1489 1352 1725 1424 fatigatis
1773 1355 2062 1425 fatigatus?

478 1439 580 1505 Qui
611 1439 876 1509 Spiritum
902 1451 1151 1497 sanctum
1182 1458 1213 1496 a
1243 1442 1403 1498 Patre
1430 1450 1485 1499 et
1512 1444 1647 1499 Filio
1674 1448 1982 1502 aeternitate
2006 1457 2061 1504 et

476 1532 781 1587 substantia
807 1533 893 1587 vel
925 1536 1306 1591 communione
1344 1544 1579 1605 separat,
1623 1553 1857 1611 eumque
1900 1552 2063 1613 negat

475 1622 738 1693 Spiritum
766 1639 887 1679 esse
924 1624 1098 1680 Patris
1121 1630 1175 1680 et
1217 1626 1358 1692 Filii,
1395 1628 1590 1698 plenus
1628 1638 1711 1685 est
1744 1631 1935 1701 spiritu
1968 1634 2062 1688 im-

474 1713 699 1777 mundo,
723 1729 926 1769 vacuus
949 1722 1034 1769 est
1058 1714 1262 1784 Spiritu
1293 1725 1501 1771 sancto.
1526 1717 1649 1772 Ideo
1683 1720 1827 1774 enim
1862 1722 2061 1778 dicitur
2091 1754 2135 1811 Β

474 1799 615 1854 Deus
641 1802 871 1856 citat-itas
911 1802 965 1874 (1
985 1802 1148 1857 Joan.
1175 1819 1249 1868 tv,
1277 1802 1356 1871 8),
1386 1804 1512 1874 quia
1546 1808 1793 1876 partibus
1834 1824 1941 1864 non
1980 1812 2061 1866 tli—

472 1891 610 1944 vidit
632 1892 915 1956 unitatem,
942 1894 1038 1948 sed
1066 1892 1412 1948 ineﬂ’abiliter
1433 1897 1683 1967 coagulat
1712 1886 2056 1955 Trinitatem.

471 1980 589 2050 Ipsa
614 1988 699 2035 est
722 1982 866 2036 enim
904 1979 1144 2037 Trinitas
1170 1998 1313 2047 unus
1342 1986 1502 2049 Deus,
1536 1986 1700 2040 turris
1727 1984 2060 2045 fortitudinis

469 2084 498 2124 a
542 2069 682 2126 facie
711 2064 949 2138 inimici,
984 2073 1076 2141 qui
1111 2073 1168 2128 in
1192 2088 1251 2128 se
1281 2075 1564 2130 credentes
1604 2076 1842 2132 custodit
1876 2079 1927 2133 in
1960 2082 2061 2135 sai-

468 2160 593 2214 cula
615 2147 960 2217 seculorum.

468 2272 604 2327 Item
626 2275 788 2349 idem,
811 2276 1203 2349 qugdLSpir-itus
1223 2289 1436 2335 sanctus
1460 2291 1508 2335 et
1538 2281 1716 2336 Patris
1739 2284 1811 2336 sit
1832 2278 1880 2336 et
1906 2282 2055 2349 Filii,

535 2353 583 2397 et
621 2343 770 2397 Patri
795 2343 843 2421 et
869 2343 1026 2421 ilio
1043 2349 1348 2421 corequalis,
1377 2351 1862 2421 consubstantialis,
1896 2364 1945 2407 et
1972 2343 2061 2410 co;

538 2422 787 2493 ceterum,
815 2415 880 2493 in_
903 2415 1037 2493 libro
1081 2415 1252 2487 primo
1284 2417 1436 2490 (Cap.
1460 2418 1517 2491 4)
1547 2420 1611 2474 de
1657 2415 1914 2477 Trinitate
1941 2440 2060 2493 quia

542 2480 682 2536 Deus
711 2494 804 2548 est,
835 2485 912 2538 sic
938 2480 1110 2540 docet.

540 2570 747 2628 Omnes
771 2589 909 2644 quos
936 2575 1115 2646 legere
1142 2580 1313 2648 potui,
1343 2580 1438 2650 qui
1464 2589 1592 2636 ante
1611 2594 1699 2637 me
1724 2584 2060 2654 scripserunt

469 2664 535 2721 de
566 2664 857 2733 Trinitate,
888 2683 1010 2737 qua:
1039 2668 1183 2726 Deos
1209 2680 1315 2737 est,
1337 2673 1642 2729 divinorum
1678 2673 1938 2731 librorum
1966 2692 2059 2732 ve-

467 2762 646 2809 terum
675 2765 732 2811 et
770 2773 1037 2814 novorum
1079 2761 1333 2818 catholici
1364 2770 1708 2831 tractatores,
1738 2767 1844 2823 hoc
1880 2767 2058 2823 inten-

467 2850 665 2905 derunt
690 2853 993 2908 secundum
1022 2853 1336 2926 Scripturas
1367 2859 1581 2925 docere,
1617 2860 1763 2931 quod
1791 2859 1974 2927 Pater,
1998 2870 2056 2918 et

465 2937 655 3005 Filius,
689 2950 744 2997 et
791 2941 1028 3012 Spiritus
1069 2949 1291 3002 sanctus
1343 2948 1502 3003 unius
1540 2948 1895 3022 ejusdemque
1930 2952 2057 3007 sub-

464 3030 680 3084 stantia;
727 3030 1081 3103 inseparabili
1128 3037 1438 3107 aequalitate
1481 3038 1721 3095 divinam
1779 3041 2056 3097 insinuent

2164 504 2253 560 hic
2285 505 2486 561 missus
2510 515 2615 572 est,
2643 523 2745 563 nec
2776 509 2896 564 ideo
2928 511 3193 566 minurem
3220 521 3451 583 utroque
3483 514 3741 585 Spiritum

2162 607 2431 663 sanetum,
2460 597 2586 667 quia
2624 605 2680 652 et
2713 602 2781 655 ab
2811 600 2903 656 illo
2929 610 2984 656 et
3027 603 3096 657 ab
3134 603 3225 659 illo
3254 606 3453 661 missus
3490 608 3543 661 in
3572 606 3738 663 Evanc

2163 684 2304 754 gelio
2342 685 2560 756 legitur,
2603 689 2939 757 suscepimus
2989 691 3091 746 hoc
3133 708 3398 761 qurerere,
3443 711 3571 751 cum
3620 698 3741 753 illuc

2164 773 2360 828 missus
2392 776 2465 829 sit
2512 777 2680 831 Filius
2709 779 2799 833 ubi
2847 788 2992 844 erat,
3038 783 3164 850 quia
3209 783 3262 837 in
3297 784 3443 841 hunc
3480 789 3740 845 mundum

2162 863 2327 927 venit,
2352 872 2407 918 et
2428 865 2481 918 in
2509 867 2614 921 hoc
2640 869 2840 924 mundo
2861 880 2998 936 erat,
3026 886 3147 926 cum
3171 871 3296 928 illuc
3317 876 3480 930 etiam
3505 876 3743 949 Spiritus

2164 962 2383 1010 sanctus
2410 957 2502 1012 ubi
2531 966 2586 1012 et
2628 958 2743 1028 ipse
2784 971 2934 1027 erat,
2975 964 3232 1032 quoniam
3273 967 3491 1036 spiritus
3530 969 3745 1026 Domini

2165 1041 2372 1111 replevit
2400 1045 2574 1100 orbem
2602 1057 2881 1115 terrarum,
2911 1063 2958 1105 et
2998 1053 3096 1107 hoc
3124 1053 3262 1125 quod
3304 1058 3527 1112 continet
3566 1060 3744 1115 oimtia

2162 1134 2433 1189 scientiam
2457 1136 2609 1191 habet
2634 1140 2774 1193 vocis
2797 1139 2948 1212 (Sap.
2974 1156 3014 1207 t,
3038 1142 3111 1216 7).

2164 1244 2470 1327 [terit-iidem
2520 1261 2693 1319 aperte
2721 1253 2893 1327 e_docet
2933 1256 3339 1327 quodpSpirittts
3368 1272 3668 1327 sant-tuset
3709 1280 3743 1315 a

2236 1315 2377 1401 filio
2406 1320 2537 1372 sicut
2553 1315 2632 1401 ἐι,
2644 1339 2682 1401 tt
2721 1321 2881 1401 Patre
2910 1315 3174 1396 procedat,
3215 1329 3268 1382 in
3306 1326 3539 1398 ejusdem
3573 1322 3745 1401 operis

2234 1385 2367 1440 libro
2395 1401 2584 1458 quarto
2614 1391 2766 1462 (Cap.
2792 1393 2906 1465 20).

2234 1492 2395 1557 Pater
2435 1519 2558 1558 cum
2593 1519 2659 1559 ex
2710 1513 2951 1577 tempore
2993 1526 3023 1564 a
3054 1524 3325 1583 quoquam
3376 1503 3743 1585 cognoscitur,

2164 1607 2273 1647 non
2305 1593 2502 1648 dicitur
2527 1597 2724 1651 missus
2750 1615 2762 1650 :
2799 1612 2905 1652 non
2929 1600 3076 1655 enim
3101 1603 3266 1658 habet
3299 1603 3366 1658 de
3391 1619 3498 1674 quo
3527 1605 3618 1668 sit,
3646 1616 3743 1660 aut

2163 1700 2229 1740 ex
2273 1702 2380 1756 quo
2423 1688 2700 1756 procedat.
2744 1690 3020 1761 Sapientia
3068 1695 3265 1765 quippe
3309 1696 3441 1751 dicit
3475 1680 3490 1751 ἐ
3529 1696 3641 1769 Ego
3679 1699 3746 1753 ea:

2165 1792 2253 1830 ore
2282 1776 2537 1831 Altissimi
2579 1781 2751 1850 prodii
2782 1780 2981 1853 (Eccli.
3019 1800 3167 1849 xxxv,
3199 1785 3287 1858 5),
3330 1776 3386 1841 et
3425 1788 3497 1860 de
3535 1788 3744 1859 Spiritu

2162 1877 2351 1923 sancto
2381 1870 2595 1935 dicitur,
2620 1889 2651 1925 a
2677 1871 2837 1927 Patre
2857 1877 3085 1944 procedit
3114 1875 3294 1950 (Joan.
3324 1894 3414 1944 xv,
3435 1876 3548 1949 26),
3576 1863 3746 1936 Pater

2160 1971 2290 2011 vero
2314 1972 2344 2011 a
2376 1958 2541 2014 nullo.
2572 1960 2726 2015 Sicut
2755 1976 2884 2032 ergo
2913 1962 3075 2019 Pater
3102 1967 3305 2037 genuit,
3334 1967 3504 2024 Filius
3528 1973 3746 2041 genitus

2160 2054 2272 2113 est,
2316 2049 2388 2102 ita
2433 2049 2594 2106 Pater
2628 2051 2792 2117 misit,
2828 2052 2999 2110 Filius
3038 2056 3235 2113 missus
3276 2065 3378 2113 est.
3409 2058 3516 2115 Sed
3546 2076 3743 2130 quem-

2161 2140 2447 2196 admodum
2477 2143 2568 2213 qui
2614 2143 2799 2214 genuit
2835 2155 2889 2200 ct
2916 2146 3007 2216 qui
3053 2148 3267 2218 genitus
3291 2154 3393 2214 est,
3434 2151 3507 2216 ita
3554 2158 3608 2207 et
3646 2153 3746 2221 qui

2158 2231 2309 2284 misit
2351 2239 2405 2286 et
2434 2230 2525 2302 qui
2562 2234 2761 2290 missus
2791 2243 2904 2300 cst,
2942 2252 3109 2292 unum
3138 2248 3284 2304 sunt,
3316 2241 3439 2310 quia
3480 2228 3645 2297 Pater
3687 2240 3749 2298 et

2159 2319 2327 2375 Filius
2370 2332 2536 2376 unum
2565 2332 2726 2378 sunt:
2758 2321 2831 2379 ita
2860 2326 3024 2381 etiam
3067 2328 3301 2398 Spiritus
3326 2326 3547 2386 sanctus
3570 2347 3747 2389 unum

2159 2420 2284 2465 eum
2311 2410 2393 2468 eis
2433 2422 2551 2478 est,
2580 2416 2705 2484 quia
2738 2414 2851 2470 htec
2883 2418 2985 2471 tria
3019 2432 3184 2473 unum
3221 2428 3367 2475 sunt.
3408 2420 3562 2477 Sicut
3588 2422 3742 2477 enim

2160 2513 2347 2560 natum
2379 2520 2500 2561 esse
2533 2516 2621 2562 est
2656 2505 2814 2574 Fiiio,
2842 2522 2872 2564 a
2899 2508 3060 2565 Patre
3085 2527 3237 2576 esse,
3273 2512 3347 2569 ita
3375 2513 3514 2568 m‘itti
3540 2510 3623 2569 est
3651 2509 3720 2569 Fi
3746 2551 3752 2557 -

2160 2595 2252 2662 lio,
2278 2600 2526 2669 cognosci
2553 2603 2696 2669 quod
2724 2601 2791 2655 ab
2819 2600 2910 2656 illo
2933 2602 3042 2657 sit:
3070 2611 3125 2658 et
3163 2604 3303 2660 sicut
3351 2602 3577 2675 Spiritui
3618 2621 3752 2661 sanc

2161 2694 2249 2743 cto
2289 2688 2491 2743 donum
2537 2689 2633 2745 Dei
2680 2704 2831 2757 esse,
2871 2701 2957 2747 est
3000 2710 3031 2748 a
3077 2691 3241 2750 Patre
3282 2696 3617 2765 procedere,
3664 2697 3750 2752 ita

2158 2777 2324 2843 mitti,
2354 2786 2439 2834 est
2466 2779 2718 2852 cognosci
2748 2781 2890 2852 quod
2925 2780 2995 2839 ab
3018 2782 3109 2838 iiio
3142 2785 3420 2854 procedat.
3464 2784 3573 2841 Nec
3612 2799 3755 2857 posp

2159 2881 2349 2925 sumus
2370 2871 2551 2927 dicere
2581 2873 2726 2943 quod
2769 2871 3002 2944 Spiritus
3029 2883 3251 2931 sanctus
3288 2884 3345 2931 et
3389 2889 3419 2930 a
3459 2868 3599 2931 Filio
3631 2892 3752 2933 non

2157 2960 2447 3029 procedat;
2482 2977 2658 3031 neque
2684 2964 2828 3017 enim
2870 2962 3074 3020 frustra
3104 2965 3245 3021 idem
3282 2964 3520 3036 Spiritus
3553 2975 3610 3022 et
3636 2964 3753 3022 Pa-

2159 3053 2261 3107 tris
2283 3061 2339 3107 et
2369 3052 2491 3109 Filii
2520 3055 2741 3125 spiritus
2769 3055 2986 3111 dicitur.
3018 3054 3130 3113 Nec
3159 3057 3314 3112 video
3339 3056 3468 3127 quid
3499 3055 3643 3113 aliud
3678 3060 3756 3114 si-

466 3118 755 3185 unitatem,
785 3121 1015 3194 ideoque
1040 3134 1149 3180 nan
1189 3127 1300 3181 sint
1330 3135 1443 3183 tres
1468 3128 1564 3196 dii,
1605 3131 1701 3186 sed
1725 3147 1862 3187 unus
1888 3134 2049 3200 Deus,

2165 3144 2417 3215 gniﬁcare
2443 3110 2695 3213 volderit,
2725 3160 2849 3202 cum
2878 3144 3099 3202 sufﬂans
3121 3148 3173 3202 in
3216 3140 3409 3202 faciem
3447 3147 3753 3219 discipulo-

462 3213 715 3280 quamvis
746 3213 909 3271 Pater
934 3216 1133 3273 Filium
1173 3221 1455 3291 genuerit,
1480 3230 1537 3275 et
1581 3222 1709 3278 ideo
1746 3222 2051 3280 Fiiius‘non

462 3302 540 3357 sit
563 3303 657 3373 qui
703 3304 866 3363 Pater
899 3315 1003 3375 est,
1043 3308 1323 3380 Fiiinsque
1362 3326 1392 3366 a
1438 3308 1605 3368 Patre
1633 3314 1705 3369 sit
1731 3315 1971 3386 genitus,
1998 3326 2055 3373 et

463 3392 592 3449 ideo
624 3393 789 3451 Pater
818 3412 927 3454 non
957 3399 1031 3454 sit
1067 3400 1161 3471 qui
1202 3400 1375 3457 Filius
1400 3411 1511 3468 est,
1557 3402 1792 3474 Spiritus
1830 3414 2053 3462 sanctos

462 3497 563 3539 nec
592 3482 757 3542 Pater
782 3486 855 3542 sit
878 3503 983 3545 nec
1027 3489 1218 3555 Filius,
1243 3492 1341 3547 sed
1384 3500 1593 3548 tantum
1623 3493 1802 3550 Patris
1829 3506 1886 3551 et
1928 3495 2048 3552 Fit-ii

462 3572 722 3644 Spiritus,
752 3576 902 3635 Patri
944 3587 1003 3635 et
1027 3579 1167 3637 Filio
1191 3582 1353 3637 etiam
1390 3583 1506 3653 ipse
1551 3584 1861 3655 coaequans,
1890 3594 1947 3653 et
1981 3588 2050 3643 ad

462 3662 746 3721 Trinitatis
770 3668 1052 3737 pertinens
1076 3670 1367 3735 unitatem.

461 3771 598 3829 Item
628 3776 769 3851 idem
789 3779 844 3831 in
1070 3778 1201 3851 libro
1230 3778 1383 3851 (Cap.
1409 3778 1490 3851 8),
1508 3782 1649 3851 quod
1676 3780 1907 3851 Spiritus
1934 3795 2053 3840 san-'-

532 3853 646 3922 ctus
676 3846 1104 3922 inseparabiliter
1135 3846 1340 3922 Patris:
1354 3859 1401 3902 et
1444 3846 1604 3922 Filji,
1649 3846 1945 3922 quodcum
1974 3856 2051 3909 ita

534 3913 854 3995 sittmagate
876 3916 1152 3995 dementia:
1171 3927 1247 3972 est
1272 3917 1421 3972 illum
1444 3937 1476 3973 a
1502 3913 1733 3975 Patre'et
1761 3920 1905 3978 Filio
1929 3942 2053 3995 pro-

539 3983 723 4037 cedere
752 4001 856 4038 non
880 3985 1138 4056 profiteri.

536 4074 780 4146 Denique
827 4085 1050 4148 propter
1100 4079 1270 4149 ipsam
1323 4081 1840 4151 inseparabilitatem
1901 4072 2049 4140 suiii-

462 4166 673 4221 cienter
717 4166 1007 4236 aliquando
1056 4170 1386 4236 nominatur,
1426 4171 1509 4227 vel
1548 4173 1711 4228 Pater
1752 4174 1918 4242 solus,
1965 4176 2051 4231 vel

457 4256 628 4312 Filius
657 4258 804 4313 solus
826 4257 1218 4329 adimpletums
1241 4277 1339 4317 nos
1362 4261 1545 4317 laetitia
1574 4278 1699 4318 cum
1716 4264 1870 4319 vultu
1915 4266 2048 4333 suo;

458 4365 559 4404 nec
588 4349 714 4405 inde
746 4358 1032 4419 separatur
1060 4353 1345 4421 utriusque
1382 4352 1638 4425 Spiritus,
1665 4357 1719 4412 id
1747 4342 1833 4412 est
1862 4355 2041 4412 Patris

455 4448 515 4495 et
542 4440 663 4496 Filii
692 4442 935 4511 spiritus.
962 4441 1063 4509 Qui
1098 4442 1333 4513 Spiritus
1362 4455 1586 4501 sanctus
1607 4446 1827 4517 proprie
1850 4447 2052 4502 dicitur

453 4533 668 4603 spiritus
700 4534 954 4598 veritatis,
988 4548 1141 4605 quem
1171 4535 1257 4588 hic
1293 4535 1519 4590 mundus
1548 4536 1781 4607 accipere
1813 4553 1915 4591 non
1951 4554 2044 4608 po-

452 4631 551 4676 test
578 4618 760 4694 (loca.
795 4637 908 4689 xw,
936 4622 1043 4695 i7).
1072 4621 1188 4679 Hoc
1225 4630 1311 4679 est
1348 4626 1494 4680 enim
1524 4625 1743 4696 plenum
1788 4628 2042 4696 gaudium

452 4720 725 4778 nostrum,
759 4725 871 4782 quo
907 4712 1141 4783 amplius
1180 4728 1288 4768 non
1329 4716 1435 4779 est,
1466 4713 1571 4769 frui
1609 4714 1878 4769 Tn‘nitate
1906 4716 2040 4779 Deo,

453 4799 524 4853 ad
565 4799 720 4868 cujus
765 4801 1057 4870 imaginem
1108 4801 1233 4856 facti
1279 4817 1486 4859 sumus.
1520 4803 1762 4873 Propter
1801 4804 1903 4858 hoc
1946 4804 2045 4859 ali-

454 4890 673 4959 quando
722 4890 799 4944 ita
852 4890 1094 4960 loquitor
1141 4893 1211 4947 de
1256 4891 1461 4961 Spiritu
1506 4902 1731 4959 sancto,
1784 4902 2041 4964 tanquam

455 4981 605 5037 solus
646 4982 761 5052 ipse
811 4981 1045 5038 sutilem
1089 4983 1158 5039 ad
1206 4985 1597 5039 beatitudinem
1654 4995 1897 5041 nostram
1940 5004 1954 5040 :
1990 4992 2048 5041 et

457 5072 579 5130 ideo
626 5074 773 5129 solus
817 5073 1044 5141 sumeit,
1080 5077 1322 5145 separari
1360 5090 1389 5130 a
1428 5076 1594 5131 Patre
1640 5083 1697 5133 et
1740 5075 1881 5132 Filio
1935 5092 2043 5159 non

456 5174 667 5238 potest;
691 5166 835 5222 sicut
845 5167 1004 5222 Pater
1030 5167 1177 5224 solus
1201 5167 1420 5236 suﬂicit,
1443 5170 1573 5240 quia
1590 5171 1833 5240 separari
1852 5186 1882 5225 s
1903 5170 2049 5225 Fiiio

454 5271 512 5319 et
550 5262 756 5335 Spiritu
801 5270 992 5318 sancto
1020 5276 1128 5318 non
1152 5270 1371 5333 potest:
1399 5271 1454 5320 et
1487 5263 1655 5320 Filius
1684 5264 1809 5321 ideo
1846 5262 2044 5320 suiﬁcit

454 5357 620 5422 solus,
655 5356 789 5427 quia
825 5355 1065 5425 separari
1101 5370 1130 5409 a
1172 5354 1332 5410 Patre
1360 5362 1416 5412 et
1459 5354 1669 5427 Spiritu
1705 5368 1896 5412 sancto
1931 5371 2041 5412 non

455 5457 654 5519 potest.

454 5555 592 5613 Item
620 5558 758 5614 idem
783 5560 841 5614 in
871 5558 1006 5614 libro
1034 5558 1188 5629 tertio
1212 5556 1303 5629 Qu
1335 5556 1629 5628 protentio),
1652 5558 1793 5629 quod
1817 5556 2043 5628 Spiritus

722 5639 937 5684 sanctus
963 5646 996 5683 a
1027 5626 1190 5683 Patre
1215 5626 1457 5700 Filioque
1483 5626 1675 5683 minus
1694 5630 1782 5683 sit.

528 5719 665 5776 Cum
692 5722 837 5795 enim
871 5723 939 5780 ad
970 5722 1026 5780 id
1050 5728 1269 5778 ventum
1299 5729 1466 5792 esset,
1490 5729 1553 5776 ut
1577 5721 1838 5778 vellemus
1861 5727 2042 5776 osten-

2073 4489 2128 4550 D

2157 3240 2279 3293 rum
2307 3242 2422 3294 ait:
2453 3241 2683 3311 Accipite
2727 3238 2980 3311 Spiritum
3016 3249 3253 3294 sanctum
3292 3239 3471 3313 (Joau.
3501 3250 3595 3305 XX,
3622 3239 3752 3314 22).

2155 3330 2344 3402 Neque
2385 3331 2531 3399 enim
2571 3332 2730 3387 ﬂatus
2763 3332 2852 3388 iile
2882 3346 3195 3404 corporeus,
3240 3344 3365 3388 cum
3410 3339 3573 3389 densa
3621 3346 3756 3393 cor-

2153 3426 2414 3496 poraliter
2445 3426 2697 3497 tangendi
2738 3426 3035 3497 prooedens
3057 3438 3125 3481 ex
3153 3438 3400 3498 corpore,
3431 3426 3750 3511 substantia

2155 3515 2392 3585 Spiritus
2419 3517 2593 3571 sancti
2630 3516 2750 3582 fuit,
2770 3516 2869 3572 sed
2895 3516 3284 3573 demonstratio
3314 3522 3411 3586 per
3439 3530 3752 3587 congruam

2082 3654 2091 3657 ι
2154 3607 2627 3678 signiﬁcationem,
2662 3622 2769 3663 non
2812 3617 3020 3663 tantum
3050 3624 3081 3663 a
3113 3606 3297 3674 Patre,
3335 3607 3429 3663 sed
3458 3614 3514 3664 et
3539 3622 3569 3661 a
3597 3606 3749 3664 Filio

2151 3698 2448 3768 procedere
2476 3696 2738 3767 Spiritum
2778 3708 3048 3754 sanctum.
3092 3699 3225 3769 Quis
3261 3699 3411 3754 enim
3446 3699 3753 3757 dementis-

2153 3790 2325 3845 ‘simus
2352 3790 2571 3857 dixerit,
2600 3790 2762 3845 alium
2793 3789 2961 3848 fuisse
2983 3790 3243 3862 Spiritum
3276 3799 3546 3858 sanctum,
3572 3806 3751 3862 quem

2153 3878 2373 3936 sufﬂans
2398 3880 2564 3947 dedit,
2587 3887 2639 3936 et
2659 3881 2824 3935 alium
2847 3896 3007 3952 quem
3034 3888 3155 3952 post
3180 3881 3550 3936 ascensionem
3575 3895 3749 3936 suam

2152 3970 2334 4025 misit?
2356 3969 2509 4026 Unus
2539 3970 2683 4026 enim
2710 3972 2931 4041 spiritus
2964 3979 3069 4038 est,
3109 3971 3330 4044 spiritus
3355 3970 3474 4037 Dei,
3510 3971 3750 4042 spiritus

2151 4049 2331 4116 Patris
2358 4067 2415 4116 et
2438 4060 2582 4122 Filii,
2612 4060 2847 4131 Spiritus
2875 4071 3117 4130 sanctus,
3144 4062 3238 4134 qui
3266 4071 3526 4134 operatur
3548 4066 3746 4120 omnia

2153 4150 2208 4205 in
2234 4152 2509 4207 omnibus.

2154 4261 2291 4352 Item
2332 4264 2473 4352 idem
2490 4266 2756 4352 nipﬂlil'i‘ro
2790 4278 2935 4350 sexto
2981 4268 3136 4352 (Cap.
3161 4270 3282 4342 10),
3326 4270 3467 4352 quod
3505 4262 3749 4352 Spiritus

2225 4344 2438 4413 sanctus
2480 4334 2612 4390 Filii
2654 4334 2931 4413 Patrisque
2969 4334 3199 4394 suauitas
3229 4334 3426 4413 {unde
3461 4334 3554 4412 qui
3587 4353 3751 4413 negat

2223 4420 2343 4458 eum
2361 4405 2439 4482 _ab
2466 4416 2686 4482 utroqtte
2707 4405 3000 4482 praecidere,
3033 4424 3349 4482 consequens
3383 4405 3545 4465 est'ut
3587 4405 3746 4482 ηεῇρι

2223 4476 2533 4533 suavitatem
2556 4475 2780 4532 a'Patre
2800 4488 2849 4532 et
2872 4477 3018 4533 Filio
3046 4475 3344 4551 procedere.

2218 4580 2311 4640 illa
2336 4600 2468 4657 ergo
2486 4587 2727 4654 dilectio,
2752 4588 3060 4657 delectatio,
3079 4590 3309 4648 felicitas
3324 4592 3409 4648 rei
3432 4592 3741 4661 beatitudo;

2149 4678 2226 4733 ita
2249 4679 2295 4735 si
2326 4686 2505 4735 tamen
2533 4680 2710 4751 aliqua
2740 4682 2976 4738 humana
3006 4690 3138 4739 voce
3165 4685 3327 4755 digne
3355 4685 3576 4752 dicitur,
3602 4698 3745 4741 usus

2148 4771 2219 4826 sb
2250 4772 2342 4827 illo
2382 4775 2681 4845 appeiiatus
2721 4784 2806 4832 est
2846 4778 3106 4843 breviter,
3139 4787 3195 4835 et
3228 4787 3312 4835 est
3357 4780 3412 4834 in
3464 4778 3742 4835 Trinitate

2149 4858 2385 4930 Spiritus
2404 4873 2643 4933 sanctus,
2668 4880 2777 4923 non
2804 4869 3036 4939 genitus,
3063 4870 3158 4926 sed
3179 4871 3438 4941 genitoris
3460 4869 3743 4943 genitique

2148 4955 2413 5021 suavitas,
2438 4956 2645 5027 ingenti
2668 4958 2920 5030 largitate
2946 4966 3108 5030 atque
3132 4960 3380 5018 ubertate
3403 4962 3745 5033 perfundens

2147 5058 2338 5100 omnes
2363 5053 2649 5104 creaturas
2667 5062 2775 5119 pro
2788 5057 2950 5120 captu
2979 5058 3189 5117 earnm,
3218 5058 3278 5105 ut
3299 5051 3545 5107 ordinem
3571 5064 3738 5105 suum

2147 5144 2387 5205 teneant,
2414 5147 2471 5192 et
2498 5139 2634 5196 locis
2663 5142 2777 5196 suis
2808 5144 3174 5211 acarticscant.
3205 5143 3330 5198 Haec
3360 5143 3525 5215 igitur
3547 5141 3738 5198 omnia

2145 5243 2267 5297 qua:
2293 5238 2412 5284 arte
2435 5230 2617 5286 divina
2644 5230 2789 5287 facta
2814 5241 2965 5298 sum,
2990 5243 3048 5289 et
3069 5235 3332 5289 enim
3362 5232 3653 5305 glandem
3678 5234 3742 5289 in
3822 5228 3834 5239 ’

2145 5334 2204 5375 se
2224 5322 2536 5387 ostendunt,
2559 5331 2614 5377 et
2634 5324 2897 5393 speciem,
2921 5334 2980 5380 et
3000 5327 3265 5382 ordinati.
3291 5324 3560 5397 Quidquid
3581 5322 3740 5381 enim

2147 5409 2341 5472 harum
2365 5421 2471 5479 est,
2494 5422 2554 5468 et
2577 5427 2744 5468 unum
2770 5415 2975 5486 slipid
2999 5426 3102 5472 est.

2148 5521 2283 5578 Item
2306 5526 2440 5601 idem
2472 5526 2527 5579 in
2551 5526 2683 5580 libro
2709 5526 2912 5601 decipe
2931 5529 3114 5601 quinto
3134 5527 3291 5599 (Cap;
3310 5528 3423 5599 Π),
3447 5526 3587 5601 (μοι
3611 5526 3735 5596 spi.

2339 5596 2474 5648 ritus
2501 5605 2714 5652 sanctus
2739 5615 2773 5651 a
2804 5588 2967 5652 Patre
2994 5588 3246 5669 Filioipte'
3263 5588 3532 5670 procedat.

2216 5711 2411 5768 Nescio
2439 5727 2536 5766 cur
2560 5728 2665 5771 non
2702 5714 2842 5770 sicut
2879 5713 3143 5783 sapientia
3170 5722 3225 5769 et
3246 5713 3412 5769 Pater
3447 5712 3633 5769 dicitur
3672 5718 3742 5765 et
