3998 6182
250 320 342 385 εει

1522 330 1610 386 DE
1654 328 1927 387 SPlRl'l'U
1964 329 2253 388 SANCTO.

3401 342 3507 400 ἓῧῖ

249 441 430 507 Filius,
452 448 509 495 et
530 439 767 511 Spiritus
793 449 1033 508 sanctus,
1058 449 1114 495 et
1139 440 1301 495 simul
1326 442 1518 496 omnes
1545 456 1657 495 non
1689 450 1816 506 tres,
1848 447 1899 505 Α
1924 456 2029 511 qua
2053 439 2166 511 jam
2190 442 2368 515 parta]
2396 451 2489 498 sc‘u
2525 446 2701 515 genita
2729 446 2971 502 voluntas
3000 446 3087 503 illa
3117 450 3413 521 perﬁcitur,
3440 472 3507 511 eo

246 533 333 589 sed
358 546 465 586 una
503 532 800 602 sapientia:
836 533 909 587 ita
935 541 989 587 et
1033 532 1272 587 eharitas
1298 538 1352 587 et
1396 531 1561 587 Pater
1604 529 1818 587 dicatur

245 632 295 678 et
329 621 496 678 Filius
521 631 578 677 et
623 621 857 693 Spiritus
900 631 1139 690 sanctus,
1178 632 1234 679 et
1271 621 1429 678 simul
1471 636 1662 677 omnes
1710 638 1814 677 una

246 716 493 771 charitas.
526 713 618 769 Sic
643 715 787 769 enim
817 723 872 769 et
894 714 1056 771 Pater
1081 717 1244 781 Deus,
1272 723 1328 770 et
1356 712 1528 770 Filius
1559 714 1724 779 Deus,
1761 722 1817 769 et

243 806 473 877 Spiritus
500 814 721 862 sanctus
768 804 930 870 Deus,
969 812 1025 861 et
1053 805 1213 861 simul
1257 820 1446 860 omnes
1479 820 1620 859 unus
1649 804 1810 860 Deus.

243 899 303 953 Et
333 907 513 954 tamen
554 912 665 953 non
702 898 902 953 frustra
932 898 985 952 in
1014 898 1116 952 hac
1154 896 1420 952 Trinitate
1464 912 1572 951 non
1616 896 1814 951 dicitur

242 991 469 1049 Verbum
501 990 593 1044 Dei
623 988 725 1044 nisi
753 988 943 1055 Filius,
969 1001 1070 1044 nec
1094 988 1295 1043 donum
1322 986 1419 1041 Dei
1442 986 1544 1041 nisi
1578 985 1814 1057 Spiritus

238 1092 475 1145 sanctus,
506 1095 607 1135 nec
637 1080 703 1135 de
733 1093 839 1148 quo
867 1079 1104 1150 genitum
1129 1087 1209 1134 est
1235 1077 1493 1144 Verbum,
1526 1087 1583 1132 et
1614 1077 1681 1131 de
1707 1090 1813 1146 quo

233 1172 477 1241 procedit
521 1170 894 1242 principaliter
940 1169 1175 1240 Spiritus
1224 1178 1466 1236 sanctus,
1516 1170 1618 1225 nisi
1669 1170 1812 1225 Deus

234 1264 413 1319 Pater.
446 1263 572 1320 Ideo
618 1272 797 1319 autem
834 1263 1032 1329 addidi,
1064 1262 1450 1333 principaliter,
1492 1264 1617 1333 quia
1654 1270 1707 1317 et
1746 1264 1813 1319 de

234 1356 367 1411 Filio
402 1354 635 1424 Spiritus
664 1363 885 1411 sanctus
914 1355 1208 1425 procedere
1246 1356 1517 1427 reperitur
1542 1371 1556 1409 :
1588 1356 1679 1409 sed
1710 1356 1813 1409 hoc

232 1464 444 1519 quoque
490 1449 567 1503 illi
593 1446 755 1502 Pater
778 1448 946 1513 dedit,
977 1464 1084 1502 non
1127 1448 1242 1519 jam
1273 1448 1549 1512 existenti,
1594 1456 1650 1503 et
1680 1464 1813 1501 non-

232 1540 357 1593 dum
399 1540 640 1605 habenti,
683 1542 778 1595 sed
822 1540 1085 1612 quidquid
1131 1540 1410 1610 unigenito
1441 1540 1616 1594 Verbo
1643 1539 1811 1602 dedit,

227 1633 493 1703 gignendo
532 1633 697 1689 dedit.
733 1634 824 1689 Sic
871 1638 999 1704 ergo
1040 1646 1163 1687 eum
1192 1634 1404 1704 genuit,
1438 1642 1494 1686 ut
1538 1631 1703 1685 etiam
1746 1632 1812 1685 de

229 1721 318 1775 illo
344 1723 544 1777 donum
574 1738 857 1780 commune
884 1724 1222 1795 procederet,
1248 1733 1303 1779 et
1326 1723 1561 1794 Spiritus
1590 1732 1810 1778 sanctus

1923 534 2029 589 line
2062 536 2431 607 requiescens,
2464 547 2522 592 ut
2550 538 2640 608 qui
2681 538 2855 594 fuerat
2887 543 3153 613 appetitus
3190 547 3505 615 quaerentis,

1919 625 1989 679 sit
2015 640 2171 681 amor
2199 626 2465 683 l'ruentis:
2493 630 2585 699 qui
2608 629 2720 697 jam
2747 631 2812 685 de
2842 641 3093 704 utroque,
3120 634 3172 689 id
3198 645 3301 702 est,
3332 638 3400 692 de
3426 638 3507 708 gi-

1917 723 2116 784 gnente
2151 726 2353 782 mente,
2381 724 2435 773 et
2459 719 2526 773 de
2558 722 2736 787 genita
2762 722 2999 790 notione,
3036 733 3286 795 tanquam
3313 727 3379 781 de
3408 744 3505 797 pa-

1917 812 2071 858 rente
2115 820 2180 859 ac
2210 807 2361 875 prole
2403 812 2681 877 procedat.
2727 810 2841 865 Non
2888 822 3113 881 possunt
3140 830 3363 885 prorsus
3396 817 3500 873 ista

1916 889 1988 944 ibi
2017 894 2210 962 quaeri,
2237 896 2328 949 ubi
2357 896 2492 950 nihil
2524 913 2589 951 ex
2622 907 2864 972 tempore
2895 903 3197 971 inchoatur,
3222 914 3282 959 ut
3312 922 3494 963 conse-

1914 983 2100 1050 quenti
2128 984 2444 1052 perﬁciatur
2472 986 2525 1041 in
2554 995 2816 1059 tempore.
2844 993 3182 1065 Quapropter
3208 997 3299 1067 qui
3325 1008 3504 1068 potest

1915 1071 2212 1142 intelligere
2240 1075 2357 1129 sine
2383 1084 2626 1148 tempore
2650 1084 3055 1149 generationem
3082 1085 3203 1142 Filii
3226 1088 3292 1143 de
3319 1088 3500 1153 Patre,

1914 1160 2179 1233 intelligat
2202 1163 2320 1221 sine
2343 1172 2588 1235 tempore
2616 1174 3024 1236 processionem
3070 1175 3305 1247 Spiritus
3330 1183 3500 1235 sancti

1913 1250 1979 1305 de
2004 1260 2234 1323 utroque
2261 1274 2273 1308 :
2306 1264 2359 1311 et
2385 1259 2475 1327 qui
2512 1267 2693 1328 potest
2727 1262 3030 1336 intelligere
3066 1271 3118 1322 in
3155 1286 3221 1326 eo
3251 1274 3394 1342 quod
3422 1276 3498 1328 ait

1912 1341 2120 1400 Filius:
2151 1345 2298 1401 Sicut
2323 1350 2471 1405 habet
2504 1348 2667 1406 Pater
2702 1356 2861 1410 vitam
2894 1360 2948 1412 in
2987 1341 3286 1433 semetipso,
3316 1368 3391 1420 sic
3414 1368 3501 1422 de«

1914 1436 1989 1489 dit
2022 1436 2161 1490 Filio
2186 1441 2340 1493 vitam
2362 1442 2549 1497 habere
2576 1445 2631 1498 in
2659 1449 2933 1519 semetipso
2959 1449 3142 1522 (Joan.
3170 1469 3223 1518 v,
3250 1455 3365 1525 26),
3394 1474 3501 1511 non

1913 1525 2030 1579 sine
2057 1527 2166 1580 vita
2204 1529 2459 1585 existenti
2483 1530 2595 1600 jam
2624 1534 2761 1591 Filio
2804 1540 2968 1595 vitam
3006 1542 3223 1599 Patrem
3257 1547 3492 1613 dedisse,

1915 1615 2007 1668 sed
2050 1616 2123 1670 ita
2170 1633 2292 1673 eum
2335 1622 2452 1676 sine
2504 1632 2744 1695 tempore
2773 1631 3043 1699 genuisse,
3085 1644 3144 1688 ut
3171 1636 3306 1702 vita,
3336 1654 3499 1707 quam

1914 1703 2075 1760 Pater
2099 1706 2235 1762 Filio
2275 1711 2543 1782 gignendo
2570 1714 2737 1782 dedit,
2769 1729 3037 1778 comtarna
3068 1727 3140 1782 sit
3166 1728 3292 1782 vita:
3317 1703 3498 1785 Patris

218 1814 448 1883 'spiritus
476 1824 619 1870 esset
648 1793 948 1871 amborum.
995 1815 1113 1871 Non
1154 1826 1238 1871 est
1285 1793 1447 1886 igitur
1493 1815 1803 1884 accipienda
1837 1793 1883 1851 Β
1911 1797 2210 1893 (ἰυί-άέςῖᾲητ
2246 1803 2533 1874 “uellit-fat,
2565 1808 2706 1863 είειιι
2732 1811 2895 1868 habet
2932 1813 3092 1871 Ρίιιθΐ
3121 1820 3173 1873 in
3204 1824 3496 1893 εθηιοιῖυδο

221 1911 591 1972 transeunter,
651 1907 746 1961 sed
798 1907 1082 1978 diligenter
1117 1906 1371 1961 intuenda
1428 1907 1806 1976 inseparabilis

217 1993 511 2053 Trinitatis
538 1999 640 2053 ista
670 2000 967 2055 distinctio.

483 2085 617 2140 Item
642 2088 778 2141 idem
805 2089 858 2142 in
884 2090 1061 2144 eodem
1092 2090 1225 2145 libra
1252 2091 1404 2165 (Cap.
1430 2092 1543 2166 26).

278 2177 497 2233 Deinde
527 2178 586 2232 in
620 2177 709 2233 illa
735 2194 944 2234 summa
973 2181 1237 2237 Trinitatc
1263 2198 1382 2252 quae
1410 2183 1551 2238 Deus
1577 2193 1678 2245 est,
1728 2184 1807 2238 in-

213 2265 443 2323 tervalla
492 2276 795 2338 temporum
836 2270 982 2326 nulla
1027 2279 1175 2339 sunt,
1212 2288 1311 2342 per
1341 2288 1460 2343 quae
1503 2274 1675 2344 possit
1713 2291 1805 2329 os-

213 2356 363 2410 tendi
391 2362 484 2409 aut
511 2355 704 2410 saltem
729 2359 954 2426 requiri,
979 2365 1160 2413 utrum
1187 2361 1339 2430 prius
1364 2362 1430 2416 de
1457 2359 1617 2417 Patre
1646 2370 1804 2416 natus

212 2444 282 2498 sit
311 2444 503 2511 Filius,
532 2454 587 2499 et
616 2454 801 2515 postea
829 2449 895 2502 de
923 2450 1187 2505 ambobus
1209 2452 1536 2521 processerit
1567 2450 1803 2523 Spiritus

213 2544 467 2601 sanctus,
515 2537 771 2606 quoniam
822 2537 1101 2610 Scriptura
1148 2551 1334 2597 sancta
1388 2542 1636 2614 spiritum
1677 2561 1799 2600 eum

214 2624 348 2679 dicit
378 2626 682 2681 amborum.
724 2628 843 2697 lpse
869 2638 952 2685 est
984 2631 1129 2685 enim
1158 2631 1228 2686 de
1254 2646 1362 2701 quo
1398 2634 1529 2689 dicit
1572 2635 1802 2707 Aposto-

212 2714 335 2770 lus:
369 2715 629 2781 Quoniam
675 2730 847 2773 autem
885 2721 1007 2775 estis
1041 2720 1162 2790 ﬁlii,
1193 2723 1335 2777 misit
1366 2722 1507 2779 Deus
1554 2727 1800 2796 spiritum

214 2803 346 2859 Filii
371 2806 453 2860 sui
485 2807 539 2861 in
564 2808 727 2862 corda
752 2819 931 2865 nostra
962 2809 1104 2883 (Gal.
1135 2827 1209 2879 ιν,
1235 2813 1321 2885 6);
1353 2823 1407 2869 et
1452 2815 1565 2887 ipse
1609 2826 1692 2873 est
1733 2818 1800 2873 de

212 2911 319 2965 quo
368 2898 499 2952 dicit
536 2897 679 2953 idem
711 2899 878 2956 Filius
910 2914 925 2955 :
967 2900 1090 2958 Non
1129 2906 1268 2959 enim
1301 2922 1387 2961 vos
1435 2908 1557 2962 estis
1597 2909 1687 2981 qui
1727 2909 1798 2964 lo-

212 2987 460 3055 quimini,
494 2989 585 3043 sed
614 2990 828 3061 spiritus
859 2990 1036 3048 Patris
1068 2996 1226 3049 vestri
1259 2997 1348 3067 qui
1373 2995 1605 3069 loquitur
1630 3001 1685 3054 in
1714 3017 1801 3054 vo-

213 3076 286 3130 bis
327 3075 547 3149 (Matth.
573 3094 643 3144 x,
668 3078 791 3151 20);
834 3089 891 3137 et
933 3083 1117 3139 multis
1160 3084 1280 3140 aliis
1328 3085 1638 3143 divmorum
1686 3089 1800 3145 elo-

211 3169 465 3237 quiorum
493 3170 812 3227 testimoniis
835 3174 1215 3245 comprobatur
1241 3177 1419 3233 Patris
1441 3187 1497 3232 et
1523 3177 1641 3235 Filii
1673 3166 1796 3238 esse

213 3266 498 3335 spiritum,
534 3266 627 3336 qui
656 3266 873 3339 proprie
920 3269 1120 3325 dicitur
1161 3272 1215 3326 in
1247 3270 1514 3329 Trinitate
1563 3273 1798 3345 Spiritus

214 3366 454 3413 sanctus.
509 3357 587 3414 De
620 3373 730 3430 quo
760 3359 892 3415 item
922 3360 1054 3416 dicit
1097 3361 1212 3432 ipse
1254 3362 1461 3418 Filius:
1501 3363 1666 3430 Quem
1700 3382 1796 3436 ego

215 3450 359 3505 mitto
386 3449 527 3505 vobis
570 3469 602 3506 a
625 3450 787 3507 Patre
820 3451 1003 3524 (Joan.
1026 3469 1117 3519 xv,
1149 3453 1274 3525 26);
1315 3467 1371 3511 et
1404 3457 1461 3511 in
1506 3456 1612 3512 alio
1650 3458 1796 3524 loco,

215 3557 363 3610 quem
400 3543 567 3597 mittet
606 3539 770 3596 Pater
806 3543 861 3597 in
905 3543 1114 3598 nomine
1152 3560 1267 3598 meo
1305 3544 1501 3616 (Joan.
1527 3563 1637 3612 xw,
1679 3548 1792 3620 26).

218 3632 290 3688 De
314 3640 546 3705 utroque
579 3641 763 3690 autem
804 3634 1100 3706 procedere
1140 3637 1219 3693 sic
1248 3638 1491 3702 docetur,
1525 3641 1647 3710 quia
1682 3642 1795 3711 ipse

217 3719 380 3777 Filius
419 3723 531 3777 ait:
563 3723 628 3777 de
658 3722 820 3778 Patre
844 3726 1111 3795 procedit;
1155 3734 1210 3781 et
1240 3743 1362 3782 cum
1406 3732 1797 3787 resurrexisset

217 3826 246 3867 a
274 3815 523 3881 mortuis,
554 3822 608 3870 et
636 3815 977 3886 apparuisset
1024 3818 1301 3889 discipulis
1332 3820 1465 3884 suis,
1503 3819 1796 3877 insulilavit

214 3912 271 3958 et
296 3904 371 3960 ait
394 3924 408 3959 :
441 3904 675 3977 Accipite
699 3906 955 3977 Spiritum
983 3919 1219 3963 sanctum
1244 3910 1423 3983 (Joan.
1448 3928 1538 3979 xx,
1567 3912 1657 3982 2?.)
1676 3954 1690 3978 ,
1735 3923 1796 3969 ut

215 4010 335 4054 eum
369 4000 537 4055 etiam
562 4001 630 4057 de
668 4016 728 4057 se
755 4003 1050 4073 procedere
1081 4004 1391 4071 ostenderet
1424 4024 1437 4059 :
1467 4013 1523 4060 et
1564 4006 1680 4076 ipse
1712 4014 1796 4062 cst

214 4090 371 4146 virtus
395 4108 515 4163 quae
553 4092 618 4147 de
650 4092 741 4148 illo
769 4095 964 4161 exibat,
992 4096 1131 4150 sicut
1164 4095 1359 4168 legitur
1385 4098 1440 4151 in
1480 4098 1792 4168 Evangelia,

213 4190 263 4235 et
306 4184 528 4239 sanabat
571 4201 747 4242 omnes
801 4184 953 4258 (Luc.
990 4202 1076 4253 γι,
1120 4187 1230 4258 19).
1274 4189 1414 4257 Quid
1454 4206 1584 4246 vero
1631 4190 1796 4246 fuerit

215 4289 408 4341 causae,
439 4284 500 4331 ut
536 4284 661 4347 post
710 4278 1166 4334 resurrectionem
1210 4295 1363 4335 suam
1390 4321 1405 4344 ,
1446 4291 1503 4335 et
1540 4282 1595 4335 in
1646 4289 1791 4336 terra

212 4365 359 4434 prius
406 4366 595 4436 daret,
639 4375 694 4424 et
736 4369 804 4425 de
838 4368 979 4425 coelo
1014 4381 1200 4439 postea
1244 4371 1488 4426 mitteret
1529 4370 1795 4440 Spiritum

1910 1899 1971 1941 ut
1992 1890 2057 1944 de
2087 1891 2178 1946 illo
2206 1897 2464 1961 procedat
2492 1897 2727 1969 Spiritus
2755 1914 2993 1971 sanctus,
3017 1909 3095 1964 sic
3123 1912 3331 1968 dedisse
3357 1890 3493 1970 Filio

1910 1985 1971 2030 ut
2000 1977 2067 2031 de
2094 1977 2183 2033 illo
2216 1986 2472 2051 procedat
2501 1988 2640 2043 idem
2672 1989 2910 2063 Spiritus
2936 2008 3173 2063 sanctus,
3205 2010 3262 2056 ct
3288 2013 3498 2061 utrum-

1915 2079 2018 2135 que
2045 2069 2163 2161 sine
2207 2080 2466 2143 tempore,
2509 2088 2671 2151 atque
2718 2085 2790 2137 ita
2830 2086 3032 2145 dictum
3066 2089 3326 2161 Spiritum
3363 2113 3487 2152 san-

1908 2167 2056 2213 ctum
2083 2160 2149 2215 de
2178 2161 2339 2219 Patre
2360 2171 2674 2237 procedere,
2707 2182 2768 2228 ut
2793 2160 3124 2249 intelligatur
3150 2186 3292 2253 quod
3320 2187 3486 2244 etiam

1903 2251 2150 2317 procedit
2185 2251 2253 2308 de
2296 2255 2435 2313 Filio
2480 2260 2545 2314 de
2590 2262 2749 2318 Patre
2788 2280 2910 2323 esse
2948 2278 3003 2324 et
3047 2251 3202 2329 Filio.
3243 2275 3301 2331 Si
3341 2280 3489 2334 enim

1906 2341 2165 2411 quidquid
2209 2345 2371 2403 habet
2401 2351 2467 2405 de
2498 2348 2656 2409 Patre
2693 2355 2855 2412 habet
2894 2359 3082 2429 Filius,
3114 2365 3179 2420 de
3206 2365 3367 2423 Patre
3394 2370 3492 2424 ba-

1906 2431 1996 2485 bet
2035 2436 2221 2506 utique
2250 2449 2309 2493 ut
2341 2442 2406 2497 de
2438 2442 2529 2498 illo
2563 2450 2823 2515 procedat
2850 2449 3084 2521 Spiritus
3110 2468 3350 2516 sanctus.
3382 2462 3489 2519 Sed

1905 2522 2048 2579 nulla
2078 2525 2151 2581 ibi
2184 2537 2428 2601 tempora
2461 2537 2787 2607 cogitantur,
2819 2558 2941 2612 quae
2982 2546 3186 2603 habent
3217 2553 3370 2620 prius
3396 2565 3491 2610 aut

1903 2618 2191 2683 posterius,
2218 2623 2344 2691 quia
2365 2626 2588 2683 omnino
2613 2629 2685 2684 ibi
2711 2633 2855 2687 nulla
2885 2646 3028 2691 sunt.
3056 2618 3336 2706 Quomodo
3361 2660 3495 2716 ergo

1904 2719 2009 2758 non
2054 2707 2441 2770 absurdissime
2485 2716 2653 2775 Filius
2694 2723 2971 2780 diceretur
3012 2731 3324 2800 amborum,
3366 2707 3490 2791 cu'm

1903 2796 2042 2897 sicut
2079 2799 2216 2898 Pilio
2259 2816 2481 2874 pra-stat
2511 2815 2818 2898 essentiam
2852 2818 2968 2874 sine
3012 2821 3169 2879 initio
3200 2796 3484 2898 temporis,

1902 2886 2019 2941 sine
2044 2888 2149 2943 ulla
2178 2886 2537 2953 mutabilitate
2572 2909 2778 2958 natum
2799 2904 2866 2961 de
2895 2902 3054 2965 Patre
3083 2886 3379 2983 generatio,
3412 2886 3487 2974 ita

1904 2975 2126 3047 Spiritui
2172 2994 2360 3039 sancto
2403 2998 2621 3057 praestet
2662 2996 2956 3052 essentiam
3005 2975 3122 3056 sine
3171 3003 3281 3060 ullo
3332 2975 3491 3062 initio

1904 3075 2177 3143 temporis,
2213 3078 2331 3134 sine
2362 3078 2468 3135 ulla
2498 3085 2859 3144 mutabilitate
2902 3100 3112 3150 natura:
3153 3092 3219 3152 de
3262 3106 3494 3170 utroque

1900 3165 2194 3229 processio.
2221 3167 2345 3224 ideo
2367 3173 2513 3227 enim
2535 3190 2656 3231 cum
2682 3176 2946 3250 Spiritum
2972 3194 3219 3242 sanctum
3249 3165 3493 3260 genitum

1900 3266 2006 3308 non
2032 3257 2297 3325 dicamus,
2326 3263 2508 3321 dicere
2532 3275 2714 3325 tamen
2740 3288 2847 3330 non
2877 3278 3138 3334 audemus
3167 3257 3487 3352 ingenitum.

1898 3345 2051 3438 nein
2082 3348 2186 3403 hoc
2206 3354 2471 3409 vocabulo
2496 3357 2582 3411 vel
2609 3360 2744 3416 duos
2774 3372 2958 3431 patres
2988 3367 3042 3421 in
3072 3368 3164 3423 illa
3192 3345 3487 3438 Trinitate,

1899 3433 1985 3530 vel
2022 3436 2157 3491 duos
2188 3441 2282 3506 qui
2312 3457 2420 3495 non
2457 3455 2582 3499 sunt
2628 3448 2694 3503 de
2719 3450 2825 3505 alio
2855 3455 3126 3524 quispiam
3165 3433 3489 3530 suspicetur.

1898 3522 2064 3624 Pater
2082 3527 2249 3624 enim
2291 3531 2439 3587 solus
2465 3550 2574 3590 non
2606 3546 2691 3592 est
2721 3541 2786 3594 de
2816 3542 2945 3609 alio,
2975 3522 3097 3602 ideo
3122 3522 3276 3607 solus
3309 3554 3493 3624 appel.

1898 3613 2041 3669 latur
2082 3616 2384 3688 ingenitus,
2423 3640 2529 3679 non
2571 3627 2788 3696 quidem
2830 3633 2886 3689 in
2928 3633 3252 3709 Scripturis,
3430 3647 3487 3701 in

1897 3709 2286 3766 consuetudine
2333 3712 2747 3787 disputantium,
2792 3732 2847 3778 et
2888 3726 2955 3782 de
2996 3743 3056 3783 re
3090 3737 3240 3787 tanta
3281 3750 3488 3794 sermo-

1896 3808 2019 3850 nem
2064 3796 2278 3867 qualem
2325 3802 2597 3862 valuerint
2636 3810 3046 3879 proferentium.
3090 3819 3259 3878 Filius
3307 3837 3488 3884 autem

1895 3887 1963 3942 de
2009 3888 2172 3946 Patre
2219 3900 2381 3951 natus
2424 3907 2532 3963 est,
2567 3909 2619 3956 et
2668 3900 2905 3973 Spiritus
2947 3923 3169 3970 sanctus
3209 3908 3276 3970 de
3320 3915 3482 3976 Patre

1893 3979 2283 4079 principaliter,
2326 3997 2381 4043 et
2427 3988 2544 4059 ipso
2585 3991 2702 4049 sine
2741 3994 2851 4052 ullo
2894 3998 3179 4059 intervallo
3224 4012 3485 4079 temporis

1892 4067 2072 4135 dante,
2118 4079 2479 4133 communiter
2515 4081 2582 4136 de
2623 4091 2852 4155 utroque
2892 4093 3156 4157 procedit.
3204 4067 3491 4153 Dieeietur

1894 4172 2072 4220 autem
2119 4166 2262 4225 illius
2308 4170 2487 4227 Patris
2531 4182 2588 4228 et
2627 4172 2779 4242 Filii,
2812 4179 2890 4244 si,
2936 4184 3079 4251 quod
3117 4185 3377 4243 abhorret
3418 4191 3490 4245 ab

1893 4256 2134 4310 omnium
2172 4274 2429 4315 sanorum
2472 4266 2740 4330 sensibus,
2784 4283 2909 4323 eum
2938 4273 3100 4326 ambo
3138 4275 3483 4342 genuissent.

1895 4340 2010 4398 Non
2053 4346 2219 4415 igitur
2246 4351 2314 4405 ab
2342 4360 2573 4421 utroque
2607 4364 2690 4409 est
2732 4357 2968 4425 genitus,
3001 4361 3096 4415 sed
3134 4340 3379 4430 procedit
3408 4368 3481 4423 ab

215 4466 479 4525 smmum,
511 4460 616 4514 hoc
657 4475 756 4531 ego
792 4461 1064 4525 existimo,
1092 4461 1217 4530 quia
1249 4476 1348 4533 per
1386 4462 1561 4532 ipsum
1593 4463 1790 4518 donum
1820 4484 1873 4542 Β
1896 4446 2127 4542 utroque
2163 4441 2442 4542 amborum
2475 4445 2715 4542 spiritus.
2752 4449 2950 4542 Verum
2992 4452 3116 4520 quia
3160 4455 3213 4509 in
3260 4457 3347 4512 illa
3389 4474 3484 4516 ρο..

218 4548 316 4604 Dei
340 4548 661 4607 diffunditur
692 4552 934 4607 charitas
958 4552 1014 4607 in
1038 4553 1291 4608 cordibus
1325 4555 1547 4616 nostris,
1581 4569 1685 4623 qua
1714 4556 1796 4609 di-

212 4638 431 4709 iigimus
449 4640 619 4697 Deum
644 4648 699 4698 et
726 4642 1055 4713 proximum,
1085 4641 1379 4698 secundum
1402 4644 1509 4701 duo
1536 4645 1625 4700 illa
1661 4661 1797 4715 pra:-

215 4739 390 4799 eepta,
428 4731 483 4787 in
529 4733 725 4803 quibus
766 4740 878 4788 tota
906 4732 992 4789 lex
1036 4733 1235 4804 pendet
1262 4742 1318 4790 et
1357 4735 1654 4806 prophetae.
1685 4736 1796 4792 Hoc

214 4821 527 4892 signiﬁcans
563 4824 826 4900 Dominus
870 4824 1031 4881 Iesus
1058 4827 1144 4882 bis
1174 4827 1323 4882 dedit
1369 4827 1633 4899 Spiritum
1675 4846 1797 4885 san-

214 4921 378 4977 etum,
410 4913 580 4971 semel
608 4916 662 4972 in
702 4924 848 4972 terra
891 4925 1104 4988 propter
1141 4919 1484 4976 dilectionem
1530 4924 1794 4991 proximi,

213 5013 274 5059 et
298 5004 491 5063 iterum
521 5008 588 5065 de
610 5008 747 5064 casio
776 5019 996 5081 propter
1020 5010 1363 5067 dilectionem
1390 5013 1487 5069 Dei

289 5097 423 5165 Item
447 5101 585 5155 idem
610 5102 666 5155 in
683 5101 862 5156 eodem
888 5102 1020 5158 libro
1043 5102 1194 5175 (Cap.
1219 5092 1361 5177 eod.)
1391 5117 1505 5176 post
1532 5124 1722 5178 pauca.

288 5186 537 5260 Nunquid
561 5205 692 5262 ergo
720 5206 1008 5260 possumus
1044 5208 1289 5262 quaerere
1316 5203 1496 5249 utrum
1521 5194 1636 5264 jam
1673 5212 1798 5265 pro-

214 5289 458 5335 cesserat
483 5279 552 5336 de
578 5281 740 5338 Patre
767 5279 1002 5353 Spiritus
1025 5292 1263 5349 sanctus,
1289 5285 1503 5355 quando
1535 5295 1694 5343 natus
1716 5297 1799 5342 est

216 5367 404 5439 Filius,
439 5388 509 5427 an
541 5374 781 5429 nondum
812 5383 1171 5444 processerat,
1201 5384 1258 5431 et
1282 5376 1373 5431 illo
1402 5385 1530 5432 nato
1559 5377 1625 5433 de
1654 5387 1804 5435 utro-

214 5473 324 5529 que
361 5463 650 5533 processit,
678 5463 770 5519 ubi
799 5464 943 5519 nulla
969 5472 1097 5520 sunt
1124 5472 1369 5537 tempora
1395 5481 1410 5521 :
1447 5467 1588 5522 sicut
1627 5471 1804 5538 potui-

214 5563 340 5607 mus
383 5567 646 5622 quaerere,
683 5555 775 5609 ubi
814 5555 1118 5615 invenimus
1162 5568 1428 5630 tempora,
1467 5563 1798 5622 voluntatem

213 5641 367 5710 prius
389 5644 453 5699 de
474 5644 707 5701 humana
736 5655 913 5703 mente
942 5651 1256 5719 procedere,
1280 5661 1340 5707 ut
1363 5663 1637 5724 qumratur
1660 5657 1801 5725 quod

214 5729 499 5790 inventum
535 5734 716 5804 proles
757 5746 983 5793 vocetur
1021 5741 1188 5810 :quia
1233 5743 1346 5812 jam
1394 5753 1546 5815 parta
1599 5744 1800 5817 [Edd.,

1898 4538 2122 4597 mterna,
2154 4539 2208 4586 et
2235 4533 2450 4603 mquali,
2475 4543 2531 4590 et
2562 4537 2908 4606 incorporali,
2936 4552 2990 4596 et
3022 4544 3363 4605 inell'abiliter
3385 4551 3491 4607 im-

1901 4621 2147 4677 mutabili
2194 4631 2357 4693 atque
2404 4626 2753 4697 inseparabili
2800 4631 3073 4690 Trinitate
3113 4636 3487 4699 difﬁcillimum

1900 4723 1982 4770 est
2007 4716 2408 4785 generationem
2435 4733 2464 4772 a
2496 4720 2844 4788 processione
2879 4724 3229 4798 distinguere,
3256 4732 3490 4791 sulliciat

1900 4807 2119 4862 interim
2158 4808 2238 4863 eis
2283 4809 2387 4879 qui
2404 4812 2624 4866 extendi
2662 4829 2767 4868 non
2816 4815 2999 4871 valent
3044 4819 3099 4874 in
3140 4824 3390 4893 amplius,
3432 4829 3491 4886 id
3528 4874 3535 4879 .

1901 4900 2043 4969 quod
2073 4899 2137 4957 de
2171 4900 2275 4956 hac
2302 4915 2362 4956 re
2405 4902 2458 4957 in
2506 4918 2756 4961 sermone
2783 4908 3013 4977 quodam
3054 4911 3382 4981 proferendo
3416 4920 3490 4974 ad

1904 5006 2060 5046 aures
2088 4992 2269 5063 populi
2296 4991 2591 5050 Christiani
2621 4996 2876 5064 diximus,
2902 5000 3212 5074 dictumque
3240 5011 3485 5066 conscrin
3525 5006 3545 5029 ’

1902 5083 2129 5151 psimus.
2167 5084 2313 5139 lnter
2355 5095 2551 5141 caztera
2580 5088 2756 5154 enim,
2789 5105 2909 5146 eum
2945 5107 3043 5162 per
3081 5094 3486 5169 Scripturarum

1902 5188 2179 5229 sacrarum
2225 5177 2530 5232 testimonia
2579 5179 2881 5237 docuissem
2922 5183 2989 5239 de
3018 5194 3247 5257 utroque
3290 5205 3479 5261 procc—

1903 5264 2031 5320 dere
2083 5263 2341 5337 Spiritum
2380 5277 2626 5325 sanctum
2670 5288 2685 5328 :
2725 5270 2783 5328 Si
2834 5288 2984 5347 ergo,
3032 5278 3288 5348 inquam,
3325 5290 3379 5335 et
3415 5282 3486 5335 de

1902 5356 2064 5414 Patre
2091 5360 2238 5415 etde
2272 5358 2408 5417 Filio
2441 5363 2685 5432 procedit
2719 5362 2954 5436 Spiritus
2983 5378 3226 5435 sanctus,
3263 5384 3363 5424 cur
3389 5370 3483 5425 Fi«

1900 5447 2004 5504 lius
2036 5449 2172 5503 dixit
2203 5450 2268 5504 de
2296 5449 2451 5505 Patre
2478 5454 2710 5523 procedit
2746 5455 2926 5526 (Joan.
2954 5474 3041 5523 xv,
3075 5458 3204 5530 96)?
3232 5458 3343 5513 Cur
3382 5475 3486 5529 pu-

1901 5545 2009 5606 tas,
2052 5540 2156 5596 nisi
2195 5542 2648 5614 quemadmodum
2710 5546 2849 5601 solet
2902 5546 2971 5599 ad
3015 5562 3139 5601 eum
3187 5545 3390 5604 referre
3421 5561 3484 5611 et

1901 5630 2044 5698 quod
2084 5631 2253 5701 ipsius
2292 5641 2394 5700 est,
2425 5634 2491 5688 de
2519 5649 2627 5704 quo
2661 5643 2715 5691 et
2748 5636 2863 5705 ipse
2902 5643 3004 5690 est.
3036 5636 3187 5692 Unde
3230 5638 3362 5696 illud
3393 5650 3486 5702 est

1902 5722 2044 5790 quod
2077 5723 2191 5776 ait:
2222 5721 2342 5777 Mea
2364 5723 2604 5778 doctrina
2627 5740 2730 5778 non
2752 5734 2825 5799 φτ
2862 5740 3001 5793 mea,
3022 5725 3115 5782 sed
3137 5729 3248 5800 eius
3275 5731 3367 5803 qui
3400 5748 3484 5788 ma
