3998 6182
402 279 507 341 263

1411 273 1802 332 TllEODULFl
1841 271 2397 333 AURELIANENSIS
2433 275 2666 334 EPISC..

3559 282 3664 340 264

402 398 544 452 misit
577 393 760 463 (Joan.
787 409 860 448 vn
879 433 896 459 ,
935 385 1046 461 46).
1078 391 1135 445 Si
1182 390 1344 472 igitur
1383 388 1472 443 hic
1507 387 1823 458 intelligitur
1861 385 1978 456 ejus
2003 388 2058 450 Α
2084 395 2270 456 tatem,
2300 389 2450 446 Sicut
2481 391 2650 445 vocati
2679 389 2826 457 estis,
2863 389 3060 457 inquit,
3091 391 3147 445 in
3171 406 3280 444 una
3308 407 3400 471 spe
3439 395 3657 446 vacatio-

405 481 675 548 doctrina,
718 497 878 552 quam
917 490 1094 535 tamen
1124 479 1261 533 dixit
1303 494 1410 532 non
1433 492 1606 542 suam,
1649 479 1744 532 sed
1777 476 1974 543 Patris,

405 582 612 644 quanto
651 573 823 644 magis
861 571 970 624 illic
1004 569 1378 638 intelligendus
1411 576 1496 622 est
1523 575 1576 622 et
1613 569 1678 622 de
1709 569 1826 636 ipso
1855 584 1981 637 pro-

406 665 599 719 cedere
629 663 859 734 Spiritus
889 669 1129 724 sanctus,
1163 659 1254 714 ubi
1280 659 1358 714 sic
1391 660 1496 724 ait,
1525 659 1588 712 de
1611 651 1770 712 Patre
1802 676 1982 728 proce-

405 755 506 818 ότι,
535 764 593 808 ut
615 770 720 808 non
743 753 947 806 diceret
973 751 1040 805 de
1061 765 1148 805 me
1169 766 1277 804 non
1311 751 1590 820 procedit?
1609 744 1654 804 Α
1673 767 1781 820 quo
1801 760 1979 806 autem

407 846 572 900 habet
603 845 771 899 Filius
803 851 864 897 ut
898 843 968 897 sit
1002 843 1164 908 Deus,
1191 851 1276 897 est
1302 844 1446 897 enim
1473 843 1542 898 de
1575 839 1685 898 Deo
1717 843 1878 909 Deus,
1913 844 1981 898 ab

406 923 500 988 illo
544 933 705 988 habet
728 932 912 1002 utique
941 939 1003 986 ut
1034 931 1100 986 de
1134 932 1227 987 illo
1267 934 1432 987 etiam
1461 935 1720 1002 procedat
1748 933 1982 1002 Spiritus

407 1034 662 1081 sanctus:
706 1038 769 1078 ac
796 1039 892 1094 per
935 1025 1040 1080 hoc
1082 1024 1320 1095 Spiritus
1364 1036 1605 1091 sanctus,
1635 1035 1695 1080 ut
1719 1027 1883 1081 etiam
1918 1027 1984 1082 de

407 1105 542 1171 Filio
557 1115 817 1186 procedat
849 1115 992 1170 sicut
1015 1116 1260 1185 procedit
1286 1117 1351 1170 de
1377 1117 1555 1180 Patre,
1583 1117 1650 1171 ab
1680 1117 1794 1186 ipso
1822 1118 1986 1172 habet

404 1207 586 1263 Pati‘e.
619 1207 721 1262 llic
745 1215 1020 1275 utcunque
1061 1207 1228 1262 etiam
1265 1207 1397 1260 illud
1435 1208 1775 1278 intelligitur,
1807 1223 1983 1278 quan-

406 1304 518 1352 tum
548 1313 579 1351 a
608 1287 812 1351 talibus
844 1295 1032 1364 quales
1074 1311 1173 1349 nos
1191 1311 1378 1350 sumus
1409 1296 1631 1366 intelligi
1659 1305 1856 1366 potest,
1887 1312 1985 1352 cur

403 1395 514 1442 non
557 1387 772 1442 dicatur
799 1393 959 1440 natus
983 1401 1125 1450 esse,
1169 1387 1261 1440 sed
1294 1387 1472 1455 potius
1513 1389 1824 1454 procedere.
1861 1389 1983 1458 Spi-

406 1477 547 1531 ritus
589 1481 830 1539 sanetus,
869 1476 1124 1544 quoniam
1161 1476 1206 1530 si
1249 1484 1302 1529 et
1337 1475 1453 1545 ipse
1496 1476 1662 1531 Filius
1692 1479 1980 1545 diceretur,

408 1567 692 1620 ambarum
735 1566 923 1636 utique
962 1560 1108 1621 ﬁlius
1147 1567 1436 1632 diceretur,
1476 1569 1619 1637 quod
1663 1569 1986 1626 absurdissi-

407 1670 557 1710 mum
581 1663 683 1710 est.
714 1654 881 1710 Filius
907 1657 1102 1726 quippe
1137 1656 1314 1711 nullus
1341 1665 1423 1712 est
1455 1657 1707 1722 duorum,
1750 1660 1853 1714 nisi
1891 1675 1986 1729 pa-

409 1746 512 1801 tris
548 1755 603 1802 et
628 1747 860 1803 matris:
895 1747 1037 1802 absit
1079 1756 1260 1803 autem
1287 1755 1347 1801 ut
1377 1748 1518 1802 inter
1560 1749 1727 1802 Deum
1775 1758 1988 1819 patrem

410 1843 467 1889 et
505 1835 672 1890 Deum
718 1836 884 1890 lilium
927 1837 1034 1892 tale
1081 1833 1286 1906 aliquid
1320 1839 1676 1908 suspicemur,
1720 1840 1846 1908 quia
1887 1855 1990 1896 nec

412 1926 551 1981 ﬁlius
574 1928 848 1982 hemiuum
876 1927 1037 1982 simul
1065 1936 1121 1982 et
1142 1943 1208 1983 ex
1235 1937 1388 1997 patre
1417 1937 1471 1983 et
1499 1937 1674 1984 matre
1702 1930 1946 1998 procedit
1971 1948 1986 1984 :

410 2016 506 2071 sed
528 2031 650 2070 cum
680 2017 735 2070 in
766 2026 994 2073 matrem
1017 2020 1258 2088 procedit
1286 2035 1352 2074 ex
1380 2027 1553 2088 patre,
1582 2035 1688 2074 non
1720 2029 1845 2074 tunc
1869 2036 1992 2089 pro-

411 2109 555 2164 cedit
576 2122 644 2164 ex
688 2116 881 2174 matre,
922 2119 978 2165 et
1013 2121 1138 2166 ‘cum
1173 2112 1227 2165 in
1257 2112 1396 2166 hanc
1435 2111 1607 2166 lucem
1647 2113 1887 2181 procedit
1921 2127 1992 2168 ex

409 2208 604 2266 matre,
633 2212 739 2256 non
767 2211 894 2257 tunc
923 2203 1168 2272 procedit
1205 2217 1274 2257 ex
1312 2201 1493 2256 Patre.
1539 2201 1774 2271 Spiritus
1806 2211 1992 2256 autem

407 2299 628 2346 sanctus
662 2304 768 2346 non
791 2292 856 2346 de
882 2292 1044 2348 Patre
1075 2293 1318 2363 procedit
1343 2293 1396 2346 in
1424 2282 1641 2356 Filium,
1671 2299 1726 2344 et
1754 2291 1820 2346 de
1856 2292 1992 2345 Filio

409 2384 657 2453 procedit
691 2385 758 2438 ad
783 2384 1225 2438 sanetilicandam
1253 2393 1578 2445 creaturam,
1617 2383 1712 2437 sed
1735 2369 1895 2436 simul
1924 2383 1994 2436 de

419 2480 648 2542 utroque
683 2472 950 2542 procedit,
979 2472 1224 2541 quamvis
1260 2472 1364 2526 hoc
1398 2470 1559 2525 Pater
1591 2471 1729 2526 Filio
1758 2472 1989 2538 dederit,

412 2572 472 2618 ut
496 2563 950 2634 quemadmodum
971 2563 1036 2618 de
1062 2575 1140 2629 se,
1164 2562 1239 2617 ita
1265 2563 1332 2617 de
1360 2562 1450 2617 illo
1478 2577 1694 2632 quoque
1712 2564 1990 2633 procedat.

413 2655 598 2726 Neque
633 2657 777 2712 enim
803 2667 1091 2726 possumus
1116 2656 1299 2713 dicere
1326 2658 1470 2726 quod
1498 2671 1603 2712 non
1631 2656 1700 2711 sit
1728 2656 1838 2709 vita
1869 2653 1994 2724 Spi-

411 2746 548 2801 ritus
577 2755 817 2814 sanctus,
850 2757 973 2802 cum
1005 2749 1118 2802 vita
1146 2747 1326 2814 Pater,
1355 2749 1468 2803 vita
1499 2748 1570 2804 sit
1605 2755 1660 2802 et
1687 2746 1859 2802 Filius
1886 2765 1898 2801 :
1925 2761 1992 2801 ac

411 2854 510 2908 per
541 2841 642 2895 hoc
669 2841 809 2894 sicut
843 2839 1003 2894 Pater
1031 2845 1155 2896 cum
1183 2842 1381 2896 habeat
1405 2841 1570 2895 vitam
1594 2830 1650 2894 in
1677 2840 1989 2909 semetipso,

413 2930 561 2984 dedit
592 2938 647 2985 et
677 2929 813 2986 Filio
840 2932 1004 2986 vitam
1031 2933 1229 2987 habere
1260 2933 1315 2986 in
1343 2932 1653 3001 semetipso,
1688 2931 1768 2986 sic
1806 2930 1856 2984 ei
1897 2930 1994 2986 de-

410 3019 491 3074 dit
515 3019 679 3074 vitam
705 3021 995 3090 procedere
1016 3021 1082 3076 de
1107 3021 1216 3087 illo,
1241 3023 1381 3076 sicut
1409 3031 1463 3076 et
1484 3022 1731 3092 procedit
1759 3022 1825 3076 de
1849 3022 1986 3089 ipso.

415 3109 544 3164 llzec
577 3110 644 3165 de
673 3110 764 3165 illo
791 3125 1040 3167 sermone
1074 3112 1131 3165 in
1178 3113 1324 3168 hunc
1356 3112 1554 3168 librum
1584 3111 1866 3177 transtuli,
1895 3111 1993 3166 sed

412 3199 664 3256 ﬁdelibus
692 3216 800 3255 non
830 3200 1139 3258 inﬁdelibus
1162 3202 1410 3273 loquens.
1449 3203 1649 3257 Verum
1681 3202 1728 3257 si
1755 3203 1824 3256 ad
1851 3202 1994 3255 hanc

412 3292 698 3363 imaginem
744 3293 1138 3361 contuendam,
1181 3303 1236 3350 et
1287 3293 1352 3350 ad
1389 3293 1620 3348 videnda
1679 3294 1782 3347 ista
1830 3307 1992 3361 quam

412 3397 540 3436 vera
577 3381 706 3448 sint,
745 3393 865 3458 qua:
911 3383 966 3437 in
999 3393 1189 3438 eorum
1226 3391 1408 3439 mente
1451 3390 1598 3449 sunt,
1637 3397 1739 3436 nec
1777 3381 1881 3435 tria
1911 3380 1995 3435 sic

410 3481 557 3538 sunt,
589 3479 648 3526 ut
686 3479 796 3528 tres
825 3488 1070 3544 persona:
1103 3475 1234 3540 sint,
1277 3474 1373 3530 sed
1409 3467 1588 3529 Omnia
1616 3472 1721 3527 tria
1757 3471 1993 3528 hominis

411 3572 556 3630 sunt,
584 3579 704 3634 quae
730 3580 834 3619 una
861 3577 1093 3635 persona
1129 3574 1234 3633 est,
1269 3566 1451 3620 minus
1485 3565 1663 3620 idonei
1697 3572 1862 3618 sunt:
1896 3578 1997 3618 cur

413 3671 519 3709 non
552 3655 620 3709 de
644 3655 733 3708 illa
757 3671 966 3710 summa
995 3652 1278 3720 Trinitate,
1305 3672 1425 3727 quae
1460 3657 1602 3710 Deus
1631 3663 1734 3720 est,
1764 3655 1994 3710 credunt

409 3745 590 3815 potius
633 3743 774 3813 quod
803 3745 857 3798 in
897 3745 1068 3798 sacris
1111 3745 1308 3799 litteris
1360 3747 1658 3810 invenitur,
1697 3760 1859 3814 quam
1899 3761 1996 3816 po-

408 3845 568 3891 scunt
599 3834 1012 3906 liquidissimam
1066 3835 1224 3890 reddi
1269 3836 1373 3890 sibi
1424 3837 1723 3902 rationem,
1771 3853 1890 3906 quae
1926 3840 1994 3894 ab

411 3929 648 3982 humana
673 3936 853 3980 mente
893 3928 1047 3982 tarda
1094 3927 1300 3982 scilicet
1329 3924 1652 4000 inﬁrmaque
1690 3945 1800 3985 non
1837 3933 1991 4002 capi-

313 4021 322 4024 ’
413 4018 537 4072 tur?
569 4017 636 4072 Et
662 4026 808 4071 certe
840 4031 962 4070 eum
994 4017 1314 4074 inconcusse
1344 4016 1672 4073 crediderint
1695 4013 1993 4089 Scripturis

411 4110 617 4166 sanctis
659 4116 914 4178 tanquam
940 4109 1305 4164 veracissimis
1347 4108 1597 4176 testibus,
1630 4119 1792 4182 agant
1833 4127 1996 4166 oran-

355 4244 362 4248 -
410 4206 501 4271 do,
526 4213 581 4261 et
612 4203 920 4275 quaerendo,
955 4212 1009 4259 et
1047 4204 1186 4258 bene
1222 4204 1472 4268 vivendo,
1500 4211 1560 4258 ut
1585 4204 1909 4274 intelligant,
1941 4205 1995 4259 id

408 4307 513 4364 est,
541 4307 600 4352 ut
641 4303 902 4368 quantum
929 4295 1098 4351 videri
1127 4304 1326 4366 potest,
1356 4296 1606 4368 videatur
1635 4304 1817 4352 mente
1849 4295 1995 4366 quod

418 4397 632 4446 tenetur
667 4386 790 4442 ilde.

483 4499 611 4555 Item
644 4499 800 4565 idem,
831 4497 886 4552 in
907 4497 1125 4580 homilia
1147 4498 1587 4640 Super)Joannem
1618 4497 1819 4569 (Tract.
1851 4498 1921 4555 99

1071 4583 1126 4622 tn
1185 4584 1306 4621 oan.
1339 4607 1351 4619 .

1071 4583 1126 4622 tn
1147 4583 1351 4622 Joan.).

481 4659 579 4715 Hic
609 4659 804 4729 aliquis
837 4657 1066 4715 forsntau
1110 4666 1340 4727 quaerat,
1369 4667 1553 4711 utrum
1575 4665 1632 4712 et
1652 4673 1683 4710 a
1715 4657 1851 4712 Filio
1871 4673 1998 4728 pro-

409 4751 569 4806 cedat
597 4751 833 4820 Spiritus
879 4758 1122 4806 sanctus.
1147 4749 1317 4804 Filius
1347 4749 1492 4803 enim
1527 4748 1693 4803 solius
1713 4749 1882 4818 patris
1914 4757 1999 4804 est

411 4842 575 4906 ﬁlius,
601 4849 656 4896 et
687 4841 849 4896 Pater
871 4841 1038 4895 solius
1067 4839 1164 4893 lilii
1193 4848 1278 4895 est
1314 4850 1469 4909 pater
1498 4838 1791 4908 :'Spiritus
1813 4848 1995 4895 autem

410 4939 631 4988 sanctus
662 4946 769 4985 non
798 4938 881 4985 est
904 4932 1064 4985 unius
1084 4945 1273 4984 eorum
1303 4929 1546 4999 spiritus,
1572 4929 1666 4984 sed
1688 4932 1990 4986 amborum.

411 5019 591 5076 Habes
611 5019 785 5090 ipsum
807 5020 1094 5075 Dominum
1112 5019 1414 5074 dicentem:
1445 5018 1569 5073 Non
1591 5022 1728 5075 enim
1758 5039 1845 5076 vos
1873 5025 1994 5078 estis

407 5111 498 5184 qui
525 5109 817 5181 loquimini,
849 5109 941 5165 sed
975 5108 1192 5180 spiritus
1239 5110 1407 5181 patris
1442 5111 1599 5162 vestri
1627 5111 1717 5180 qui
1766 5111 1996 5182 loquitur

406 5204 464 5258 in
487 5201 630 5256 vobis
662 5197 877 5272 (Matth.
906 5199 1174 5270 xix,.20);
1207 5200 1374 5256 habes
1402 5209 1458 5255 et
1481 5200 1816 5271 Apostolum,
1847 5203 1992 5258 Misit

409 5291 573 5356 Deus,
596 5290 793 5360 inquit,
816 5290 1058 5360 spiritum
1103 5289 1234 5344 Filii
1283 5292 1369 5344 sui
1395 5290 1707 5345 clamantem
1754 5293 1806 5346 in
1830 5294 1993 5349 corda

405 5393 587 5438 nostra
612 5380 757 5455 (Gal.
783 5397 855 5448 tv,
885 5381 960 5454 6).
990 5381 1241 5453 Nunquid
1263 5381 1370 5436 duo
1401 5377 1529 5438 Sunt
1551 5423 1565 5446 ,
1609 5382 1746 5438 alius
1789 5384 1988 5446 Patris,

406 5472 545 5528 alius
567 5472 725 5530 Filii?
748 5472 924 5540 Absit,
956 5471 1129 5527 Unum
1158 5474 1302 5529 enim
1325 5491 1512 5545 corpus
1547 5474 1642 5541 ait,
1675 5491 1796 5530 cum
1827 5475 1992 5544 signi-

407 5560 595 5616 ﬁcaret
627 5565 948 5628 Ecclesiam,
973 5578 1207 5632 moxque
1247 5565 1474 5631 addidit,
1503 5573 1554 5618 et
1597 5581 1732 5618 unus
1772 5565 1990 5634 spiritus

409 5646 626 5719 (Ephes.
657 5672 730 5722 iv,
756 5655 848 5727 4);
880 5666 937 5712 et
964 5655 1087 5710 vide
1114 5657 1384 5726 quomodo
1410 5656 1521 5713 illic
1547 5655 1772 5726 impleat
1805 5655 1988 5711 Trini-

2081 479 2165 533 nis
2200 489 2406 545 vestrae,
2443 497 2578 535 unus
2617 480 2894 536 Dominus.
2928 479 3028 534 llic
3071 480 3256 549 utique
3281 469 3556 535 Christum
3583 481 3669 534 in-

2080 569 2247 640 telligi
2274 570 2462 636 voluit,
2488 580 2658 626 restat
2703 579 2764 626 ut
2803 571 2968 626 etiam
3014 571 3230 626 Patrem
3266 571 3528 626 nominet.
3569 572 3670 627 Se-

2081 660 2264 729 quitur
2283 676 2415 732 ergo
2441 679 2454 716 :
2483 648 2601 716 Una
2624 662 2771 730 ﬁdes,
2789 679 2952 716 unum
2976 662 3259 732 baptisma,
3289 679 3424 717 unus
3447 663 3589 718 Deus
3615 675 3666 718 et

2080 761 2231 820 pater
2262 754 2516 816 omnium,
2537 753 2627 823 qui
2654 769 2813 822 super
2839 768 3018 806 omnes
3041 793 3056 817 ,
3085 761 3132 805 et
3167 769 3266 822 per
3303 770 3503 817 omnes,
3533 765 3582 807 et
3608 755 3666 807 iu

2082 841 2343 896 omnibus.
2377 841 2510 897 Cum
2539 857 2665 913 ergo
2699 829 2842 898 sicut
2874 860 3014 898 unus
3049 843 3211 898 Pater
3232 852 3288 898 et
3321 860 3459 899 unus
3484 844 3668 899 Domi-

2083 947 2208 997 nus,
2255 933 2308 986 id
2333 942 2417 988 est
2451 933 2641 999 Filius,
2670 935 2743 988 ita
2764 935 2917 1012 sitet
2957 950 3095 1012 unus
3116 935 3370 1006 Spiritus,
3426 938 3672 1006 profecto

2083 1023 2364 1076 amborum
2392 1033 2476 1077 est
2503 1041 2515 1076 :
2549 1009 2981 1092 quandoquidem
3013 1009 3142 1078 dicit
3181 1024 3294 1093 ipse
3312 1023 3558 1080 Christus
3580 1025 3672 1081 Je-

2084 1126 2176 1167 sus
2196 1114 2409 1182 spiritus
2448 1109 2628 1167 Patris
2656 1115 2808 1168 vestri
2843 1115 2933 1185 qui
2959 1114 3192 1185 laquitur
3225 1116 3280 1168 in
3318 1116 3479 1183 vobis,
3503 1125 3558 1171 et
3585 1119 3670 1171 di—

2083 1201 2157 1256 cit
2181 1201 2469 1270 Apostolus
2509 1220 2521 1254 :
2562 1199 2708 1256 Misit
2735 1203 2876 1257 Deus
2907 1205 3148 1274 spiritum
3193 1206 3327 1261 Filii
3360 1210 3442 1263 sui
3468 1211 3522 1264 in
3551 1228 3672 1264 cor-

2083 1285 2153 1344 da
2182 1301 2359 1345 nostra
2389 1291 2602 1364 (Matth.
2628 1310 2684 1357 x,
2707 1294 2809 1360 20;
2863 1293 2982 1348 Gal.
3014 1311 3087 1362 tv,
3113 1297 3188 1366 6).
3237 1298 3416 1354 Habes
3462 1309 3517 1354 et
3558 1303 3672 1355 alio

2084 1374 2204 1437 loco
2230 1382 2479 1436 eumdem
2514 1382 2832 1452 Apostolum
2866 1384 3135 1439 dicentem
3179 1405 3191 1440 :
3225 1386 3288 1442 Si
3309 1398 3483 1442 autem
3506 1391 3672 1460 spiri-

2086 1485 2168 1528 tus
2199 1464 2310 1544 ej'us
2344 1463 2433 1545 qui
2473 1475 2745 1528 suscitavit
2777 1474 2960 1529 Jesum
3010 1493 3075 1530 ea:
3115 1479 3356 1552 mortuis,
3386 1475 3584 1532 habitat
3613 1468 3672 1533 in

2086 1562 2245 1618 vobis.
2280 1551 2458 1634 (Rom.
2493 1580 2608 1627 vui,
2639 1563 2745 1634 ll).
2773 1564 2869 1619 Hic
2895 1565 3081 1635 utiqtie
3102 1567 3351 1635 spiritum
3383 1553 3556 1624 Patris
3581 1571 3668 1623 in-

2089 1653 2255 1724 telligi
2280 1642 2466 1719 voluit,
2507 1655 2572 1708 de
2591 1661 2696 1722 quo
2727 1665 2906 1709 tamen
2937 1650 3043 1710 alio
3080 1643 3199 1711 loco
3221 1643 3349 1712 dicit
3375 1675 3390 1712 :
3420 1657 3673 1730 Quisquis

2090 1755 2265 1800 autem
2295 1734 2534 1821 spiritum
2578 1743 2772 1800 Christi
2803 1763 2906 1800 non
2945 1740 3117 1813 habet,
3157 1738 3242 1802 hic
3285 1755 3391 1804 non
3433 1749 3508 1804 est
3553 1753 3677 1820 ejus

2092 1831 2264 1910 (Rom.
2294 1854 2416 1905 vm,
2440 1839 2516 1910 9).
2547 1839 2615 1893 Et
2641 1840 2808 1894 multa
2835 1839 2939 1894 alia
2970 1849 3095 1896 sunt
3112 1831 3444 1909 testimonia,
3472 1844 3675 1914 quibus

2089 1922 2194 1984 hoc
2209 1929 2490 1984 evidenter
2509 1927 2830 1996 ostenditur,
2859 1940 2914 1985 et
2935 1928 3113 1986 Patris
3142 1939 3198 1987 et
3211 1915 3332 1986 Filii
3357 1933 3528 2002 ipsum
3543 1947 3670 1986 esse

2095 2020 2365 2090 spiritum,
2397 2019 2489 2088 qui
2543 2019 2598 2073 in
2637 2019 2902 2074 Trinitate
2931 2021 3130 2076 dicitur
3158 2016 3394 2091 Spiritus
3425 2031 3670 2076 sanctus.

2091 2110 2208 2165 Nec
2227 2111 2295 2166 ob
2316 2109 2459 2164 aliud
2476 2111 2727 2165 existimo
2744 2112 2916 2181 ipsum
2939 2112 3119 2166 vocari
3140 2113 3369 2184 pr0prie,
3379 2111 3665 2183 Spiritum,

2093 2208 2214 2258 eum
2239 2204 2402 2258 etiam
2424 2205 2468 2258 si
2496 2204 2562 2259 de
2588 2205 2811 2275 singulis
2831 2205 3247 2275 interrogemur,
3271 2222 3376 2262 non
3401 2208 3676 2276 possimus

2093 2294 2198 2348 nisi
2226 2295 2281 2350 et
2318 2291 2535 2349 Patrem
2576 2303 2631 2350 et
2674 2295 2870 2348 Filium
2904 2283 3151 2364 spiritum
3182 2297 3383 2362 dicere,
3413 2297 3675 2366 quoniam

2092 2385 2312 2454 Spiritus
2334 2392 2418 2439 est
2450 2386 2612 2452 Deus,
2655 2373 2708 2440 id
2737 2395 2843 2451 est,
2874 2402 2978 2441 non
3005 2402 3202 2457 corpus
3253 2395 3337 2442 est
3383 2388 3542 2452 Deus,
3575 2388 3676 2442 sed

2093 2477 2314 2546 spiritus
2338 2466 2520 2549 (Joan.
2571 2495 2641 2542 iv,
2681 2479 2794 2551 24).
2823 2479 2977 2546 Quod
3011 2496 3142 2552 ergo
3192 2483 3552 2536 communiter
3577 2498 3676 2536 vo-

2093 2576 2286 2623 cantur
2308 2577 2364 2622 et
2397 2557 2611 2640 singuli,
2644 2571 2746 2624 hoc
2783 2571 3000 2640 proprie
3029 2557 3211 2625 vocari
3253 2558 3491 2640 oportuit
3520 2587 3672 2636 eum,

2093 2655 2184 2726 qui
2220 2671 2326 2710 non
2354 2665 2436 2710 est
2475 2657 2634 2711 unius
2658 2673 2865 2724 eorum,
2899 2657 2993 2712 sed
3049 2646 3103 2712 in
3166 2673 3273 2728 quo
3311 2660 3678 2713 communitas

2094 2754 2316 2817 apparet
2372 2748 2673 2803 amborum.
2732 2747 2842 2803 Cur
2902 2764 3032 2820 ergo
3081 2765 3191 2804 non
3255 2750 3472 2804 credam
3527 2753 3678 2820 quod

2093 2838 2258 2892 etiam
2289 2838 2354 2894 de
2383 2829 2520 2894 Filio
2570 2838 2828 2909 procedat
2865 2839 3099 2910 Spiritus
3123 2849 3363 2906 sanctus,
3395 2856 3518 2895 cum
3543 2841 3674 2896 Filii

2094 2933 2308 2999 quoque
2345 2922 2460 3000 ipse
2488 2929 2558 2984 sit
2579 2921 2841 2998 spiritus?
2864 2919 2920 2984 Si
2953 2918 3098 2985 enim
3129 2947 3235 2986 non
3265 2932 3333 2987 ab
3378 2947 3444 2986 eo
3481 2948 3676 3002 proce-

2019 3054 2064 3117 Ο
2096 3011 2268 3083 deret,
2302 3033 2410 3072 non
2447 3020 2570 3088 post
2596 3019 3046 3074 resurrectionem
3086 3035 3145 3075 se
3176 3029 3566 3091 reprtesentans
3593 3023 3678 3078 di-
3773 3040 3776 3043 ·

2095 3108 2315 3178 scipulis
2357 3108 2468 3164 suis
2518 3109 2844 3164 insulilasset
2898 3111 3082 3165 dicens
3111 3127 3125 3164 :
3155 3112 3386 3181 Accipite
3415 3107 3673 3182 Spiritum

2093 3207 2332 3252 sanctum
2363 3195 2546 3270 (Joan.
2572 3213 2662 3261 xx,
2682 3197 2793 3269 ἓξ).
2825 3196 2963 3265 Quid
2990 3199 3131 3253 enim
3167 3199 3311 3254 aliud
3350 3200 3681 3271 significavit

2095 3286 2184 3342 illa
2211 3287 2529 3352 insuillatio,
2571 3288 2673 3343 nisi
2712 3289 2855 3359 quod
2885 3291 3139 3359 procedat
3178 3289 3415 3360 Spiritus
3452 3300 3676 3346 sanctus

2094 3387 2148 3432 et
2173 3378 2239 3432 de
2269 3377 2416 3447 ipso?
2441 3377 2520 3432 Ad
2549 3379 2649 3432 hoc
2676 3379 2910 3448 pertinet
2955 3379 3120 3433 etiam
3165 3368 3292 3457 illud
3321 3372 3465 3449 quod
3504 3380 3581 3433 ait
3605 3381 3678 3434 de

2095 3467 2352 3533 muliere,
2394 3483 2514 3538 quce
2563 3468 2765 3523 ﬂuxum
2810 3470 3088 3540 sanguinis
3127 3464 3433 3540 patiebatur
3475 3490 3488 3526 :
3530 3470 3677 3525 Teti-

2093 3560 2168 3629 git
2201 3573 2282 3613 me
2303 3559 2513 3629 aliquis,
2545 3576 2636 3629 ego
2665 3560 2803 3613 enim
2839 3551 2977 3615 sensi
3023 3561 3266 3615 virtutem
3314 3558 3378 3616 de
3403 3579 3484 3617 me
3508 3564 3680 3616 exisse

2095 3648 2247 3720 (Luc.
2275 3658 2390 3712 vm,
2424 3648 2513 3718 46)
2562 3647 2698 3703 Nam
2724 3650 2942 3704 Virtutis
2969 3651 3185 3705 nomine
3224 3652 3480 3720 appellari
3509 3653 3677 3706 etiam

2096 3739 2359 3809 Spiritum
2387 3744 2651 3802 sanctum,
2678 3747 2732 3794 et
2753 3754 2819 3795 eo
2858 3740 2976 3795 loco
3003 3742 3207 3796 clarum
3236 3750 3340 3808 est,
3365 3743 3456 3798 ubi
3489 3742 3674 3813 Ange-

2094 3830 2178 3885 lus
2205 3831 2403 3884 dicenti
2429 3829 2631 3894 Mariae,
2667 3828 2940 3894 Quomodo
2962 3831 3051 3900 [iet
3073 3832 3215 3886 istud
3237 3833 3484 3903 quoniam
3505 3833 3677 3885 virum

2096 3939 2199 3977 non
2237 3923 2530 3993 cognosco?
2558 3923 2837 3992 respondit
2869 3917 3147 3994 {Spiritus
3192 3935 3405 3978 sanctus
3431 3939 3678 3993 superve-

2096 4014 2198 4068 niet
2223 4015 2279 4068 in
2302 4023 2371 4080 te,
2403 4023 2451 4068 et
2478 4014 2639 4068 virtus
2674 4013 2930 4068 Altissimi
2979 4014 3303 4068 obumbrabit
3327 4014 3420 4067 tibi
3450 4012 3600 4085 (Luc.
3629 4029 3675 4076 ι,

2095 4105 2186 4176 54)
2223 4125 2234 4160 :
2263 4115 2317 4162 et
2346 4107 2459 4175 ipse
2480 4106 2739 4161 Dominus
2762 4106 3083 4176 promittens
3105 4121 3229 4162 eum
3252 4105 3527 4176 discipulis
3551 4105 3628 4158 ait
3657 4123 3671 4158 :

2109 4195 2207 4252 Vos
2244 4205 2418 4250 autem
2444 4196 2613 4250 sedete
2637 4197 2692 4248 in
2723 4196 2948 4262 civitate,
2987 4195 3161 4266 quoad
3188 4212 3350 4266 usque
3373 4191 3676 4248 induamini

2098 4289 2283 4343 virtute
2306 4303 2371 4342 ex
2400 4285 2508 4339 alto
2540 4285 2691 4357 (Luc.
2721 4301 2871 4351 xxxv,
2897 4285 3010 4356 49);
3030 4293 3084 4341 et
3124 4285 3339 4350 iterum,
3375 4282 3674 4354 Accipietis,

2015 4377 2305 4450 Dinquit,
2339 4377 2580 4429 virtutem
2632 4372 2862 4444 Spiritus
2912 4375 3080 4428 sancti
3123 4371 3565 4444 supervenientem
3616 4370 3677 4425 in

2098 4487 2208 4537 vos,
2237 4479 2284 4524 et
2309 4467 2454 4522 eritis
2479 4461 2606 4520 mihi
2632 4475 2785 4520 testes
2813 4465 2951 4537 (Act.
2978 4482 3020 4532 ι,
3050 4467 3129 4535 8).

2096 4598 2233 4654 Item
2256 4596 2414 4660 idem,
2437 4595 2492 4648 in
2515 4594 2647 4648 libro
2669 4594 2733 4647 de
2755 4591 2976 4648 Civitate
2996 4592 3098 4662 Dei
3118 4592 3318 4647 decimo
3341 4592 3491 4662 tertio
3515 4589 3672 4662 (Cap.

2166 4667 2283 4736 24),
2307 4658 2446 4736 quod
2479 4663 2708 4736 Spiritus
2736 4673 2948 4736 sanctus
2985 4661 3162 4736 Patris
3205 4664 3272 4736 sit
3303 4672 3351 4716 et
3377 4658 3672 4736 Unigeniti,

2166 4748 2214 4791 et
2238 4729 2380 4789 unus
2423 4729 2696 4788 amborum
2723 4749 2742 4787 :
2766 4733 2905 4803 quod
2951 4745 3068 4803 cum
3091 4731 3168 4785 ita
3197 4733 3287 4796 sit,
3328 4745 3431 4785 non
3469 4729 3544 4784 est
3573 4729 3677 4783 du-

2168 4808 2309 4862 bium
2334 4803 2484 4858 illum
2515 4803 2579 4857 ab
2609 4801 2826 4873 utroque
2847 4801 3147 4871 procedere.

2167 4939 2507 5008 Quapmpter
2529 4937 2583 4990 in
2611 4951 2676 4992 eo
2695 4936 2840 5006 quod
2866 4935 3125 4991 Dominus
3161 4931 3309 5000 fecit,
3341 4935 3558 5004 quando
3585 4930 3674 4990 in-

2095 5024 2328 5084 sumavit
2341 5026 2524 5080 dicens
2557 5042 2571 5078 :
2604 5022 3093 5095 AccipiteSpiritum
3112 5029 3350 5076 sanctum
3371 5019 3550 5093 (Joan.
3578 5037 3672 5087 xx,

2093 5118 2206 5190 22),
2250 5116 2506 5171 nimirum
2558 5115 2662 5169 hoc
2717 5113 2940 5182 intelligi
2997 5109 3204 5178 voluit,
3253 5112 3396 5182 quod
3440 5109 3677 5182 Spiritus

2093 5215 2316 5264 sanctus
2341 5220 2448 5260 non
2477 5213 2683 5259 tantum
2709 5204 2779 5257 sit
2807 5203 3004 5267 Patris,
3041 5217 3230 5256 verum
3280 5201 3441 5256 etiam
3477 5199 3680 5271 Unige-

2093 5299 2194 5353 niti
2217 5297 2385 5366 ipsius
2415 5294 2655 5365 spiritus.
2689 5294 2835 5348 Idem
2882 5294 2996 5363 ipse
3031 5293 3231 5362 quippe
3259 5291 3482 5360 spiritus
3507 5299 3592 5345 est
3617 5299 3678 5346 et

2091 5387 2270 5441 Patris
2301 5394 2358 5440 et
2383 5385 2530 5450 Filii,
2561 5399 2811 5453 cumquo
2835 5392 2921 5438 est
2949 5381 3188 5437 Trinitas
3225 5379 3389 5434 Pater
3413 5387 3468 5433 et
3500 5377 3679 5435 Filius

2091 5485 2148 5533 et
2169 5477 2404 5546 Spiritus
2437 5485 2680 5541 sanctus,
2707 5491 2818 5530 non
2863 5482 3128 5537 creatura,
3160 5472 3258 5527 sed
3294 5479 3526 5526 creator.
3563 5468 3672 5523 Ne-

2091 5583 2198 5639 que
2223 5568 2369 5623 enim
2409 5566 2568 5622 ﬂatus
2593 5567 2682 5623 ille
2703 5580 3027 5635 corporeus,
3057 5565 3125 5618 de
3153 5562 3334 5617 carnis
3359 5576 3455 5616 ore
3480 5574 3670 5631 prooe-

2091 5657 2245 5723 dens,
2277 5657 2575 5713 substantia
2613 5665 2731 5711 erat
2770 5655 3008 5726 Spiritus
3049 5654 3222 5709 sancti
3263 5661 3426 5721 atque
3452 5661 3669 5720 natura,
