3998 6182
279 260 373 316 265

1527 257 1618 312 DE
1658 255 1924 312 SPlRlTU
1966 253 2253 311 SANCTO.

276 375 361 429 sed
382 369 570 444 potius
598 368 916 440 signiﬁcatio
937 409 951 434 ,
975 382 1083 438 qua
1121 367 1568 436 intelligere-mus,
1599 378 1659 423 ut
1697 368 1826 430 dixi,
1861 371 1910 429 Α
1935 365 1990 421 1η
2024 368 2113 422 illa
2138 367 2285 422 enim
2311 375 2528 430 natura,
2558 365 2648 420 ubi
2679 372 2762 420 est
2785 380 2992 420 summa
3025 374 3078 420 et
3108 382 3231 422 vera
3259 369 3520 439 simplici-

275 463 526 534 Spiritum
559 469 806 515 sanctum
843 459 988 514 Patri
1027 473 1148 514 esse
1182 458 1424 527 Filioque
1467 472 1829 521 communem,

273 548 389 618 quia
414 559 525 602 non
551 552 678 600 sunt
699 547 780 599 eis
820 542 1050 614 singulis
1085 543 1299 612 singuli,
1333 542 1428 596 sed
1470 557 1610 596 unus
1650 544 1836 597 ambo-

273 653 384 693 rum
414 646 517 692 est.

277 749 578 818 Fulgentius
595 789 629 818 ,ί
648 748 786 818 quod
811 747 954 802 solus
995 744 1154 818 Pater
1180 748 1412 818 genuerit
1443 744 1662 818 iliunt,
1691 745 1836 798 solus

336 809 388 889 ξ’
386 809 510 874 ilius
533 836 574 889 ε
599 809 758 889 Patre
782 818 984 889 genitus
1009 817 1074 869 sit
1095 857 1111 889 ,_
1148 809 1289 889 solus
1319 815 1545 889 Spiritus
1571 825 1783 868 sanctus
1802 833 1838 889 ᾳ

337 887 498 971 Putre
526 885 767 1008 Filioque
784 885 1056 968 procedat,
1092 886 1147 965 in
1170 885 1315 968 libro
1351 885 1501 938 tertio
1526 899 1677 954 quem
1709 885 1840 937 scri—

337 968 434 1008 Imt
454 967 638 1008 castra
712 957 958 1008 abtatttttlt
979 971 1053 1008 sic
1077 955 1224 1008 dicat.

334 960 434 1028 psit
454 967 638 1011 castra
663 955 958 1010 Fabianum
979 957 1053 1009 sic
1077 955 1224 1008 dicit.

338 1070 618 1126 Veraciter
657 1069 854 1140 quippe
895 1067 1212 1139 proﬁtemur
1269 1066 1440 1121 solum
1490 1065 1707 1120 Patrem
1749 1079 1840 1136 ge-

266 1164 466 1227 nuisse,
492 1162 667 1216 solum
689 1160 883 1214 Filium
911 1161 978 1215 de
1000 1160 1164 1214 Patre
1192 1168 1378 1212 natum
1410 1171 1553 1222 esse,
1573 1157 1840 1211 veraciter

268 1253 426 1307 etiam
467 1251 696 1306 dicimus
741 1249 913 1305 solum
967 1247 1229 1318 Spiritum
1283 1258 1532 1302 sanctum
1577 1246 1644 1302 de
1680 1247 1842 1301 Patre

264 1341 505 1410 Filioque
524 1337 833 1409 procedere.

335 1452 468 1508 Item
493 1452 630 1505 idem
669 1451 723 1504 in
762 1449 893 1504 libro
937 1451 1123 1572 guinto
1161 1458 1344 1502 contra
1380 1447 1619 1501 eumdem
1661 1445 1771 1501 Fa-

969 1535 1171 1572 ianum.

1939 465 2044 522 tas,
2090 457 2146 511 in
2189 470 2254 510 eo
2281 455 2450 510 Filius
2496 455 2641 510 videt
2687 455 2828 524 quod
2878 455 3038 510 Pater
3081 457 3230 523 facit,
3281 457 3519 529 Spiritus

1938 554 2157 602 sanctus
2201 546 2353 601 audit
2407 545 2549 614 quod
2584 559 2707 600 cum
2758 545 2918 600 Patre
2968 547 3132 602 Fdius
3181 550 3313 606 dicit
3345 570 3358 604 :
3390 555 3518 622 quia

1940 638 2318 692 communione
2351 635 2613 690 naturalis
2651 636 2921 700 essentize,
2953 647 3010 691 et
3049 637 3219 694 Filius
3267 641 3334 696 de
3361 641 3526 696 Patre

1943 737 2101 782 natus
2126 729 2356 791 exstitit,
2379 735 2434 780 et
2485 726 2714 796 Spiritus
2735 735 2954 781 sanctus
2994 727 3062 781 de
3097 728 3256 784 Patre
3278 727 3524 802 Filioque

1940 818 2202 888 procedit.
2230 818 2343 872 lloc
2375 818 2538 887 igitur
2564 826 2649 872 est
2674 816 2900 887 Spiritui
2931 828 3116 873 sancto
3151 821 3354 883 audire,
3377 824 3522 892 quod

1939 915 2025 960 est
2050 907 2115 962 de
2140 916 2336 961 natura
2378 905 2559 960 Patris
2603 905 2833 976 Filiique
2859 909 3173 978 procedere,
3195 920 3251 965 et
3296 913 3398 967 hoc
3435 920 3523 967 est

1941 999 2109 1068 loqui,
2137 999 2282 1068 quod
2312 1004 2396 1053 est
2433 1013 2530 1068 per
2557 998 2785 1067 gratiam
2823 1000 3024 1054 nostris
3057 1002 3311 1056 cordibus
3337 1003 3524 1058 iuell‘a-

1939 1089 2122 1146 biiiter
2150 1089 2423 1142 intimare.

2330 1178 2462 1232 Item
2491 1177 2627 1232 idem
2664 1178 2719 1230 in
2761 1177 2941 1231 eodem
2970 1178 3124 1232 libro.

2012 1271 2079 1326 Et
2105 1286 2208 1324 non
2239 1270 2376 1339 rapit
2423 1285 2512 1323 cas
2561 1269 2836 1338 quisquam
2888 1267 2953 1319 de
2983 1285 3144 1322 manu
3175 1287 3310 1324 mea.
3367 1269 3528 1324 Pater

1941 1380 2086 1418 meus
2111 1362 2248 1434 quod
2283 1361 2424 1414 dedit
2450 1360 2577 1414 mihi
2606 1359 2778 1429 majus
2805 1367 2880 1412 est
2906 1360 3166 1423 omnibus,
3190 1371 3238 1414 et
3267 1377 3415 1415 nemo
3436 1379 3532 1432 po—

1943 1463 2040 1508 test
2062 1469 2242 1522 rapere
2268 1451 2332 1505 de
2359 1468 2518 1505 manu
2565 1449 2742 1504 Patris
2777 1451 2898 1505 mei.
2939 1449 3052 1520 Ego
3085 1460 3133 1504 et
3166 1449 3331 1505 Pater
3364 1469 3529 1506 unum

1941 1560 2124 1598 sumus
2151 1541 2334 1613 (Joan.
2359 1557 2418 1606 x,
2441 1541 2554 1610 ‘38).
2588 1539 2712 1595 Haec
2741 1547 2825 1595 est
2866 1554 2996 1611 ergo
3041 1555 3165 1602 vox,
3201 1555 3364 1608 quam
3401 1556 3532 1594 oves

330 1630 472 1686 Ecce
495 1609 680 1701 egoin
705 1636 966 1698 quantum
997 1627 1166 1697 potui,
1194 1626 1320 1680 licet
1350 1625 1607 1690 breviter,
1633 1625 1840 1681 reddidi
1944 1633 2062 1704 eius
2083 1605 2339 1695 audiunt;
2367 1645 2495 1700 quae
2517 1605 2741 1686 scilicet
2769 1631 2823 1684 in
2856 1605 3081 1700 ecquod
3109 1605 3270 1686 nemo
3299 1633 3440 1702 rapit
3463 1632 3530 1686 de

259 1695 662 1790 rationem'qua
680 1695 845 1773 unum
871 1695 1041 1770 Deum
1068 1716 1309 1771 dicamus
1330 1716 1546 1770 Patrem
1572 1724 1627 1770 et
1646 1715 1840 1771 Filium
1869 1695 1916 1755 Β
1947 1695 2110 1778 manu
2138 1723 2283 1787 Filii,
2304 1695 2479 1791 neqiie
2506 1721 2572 1775 de
2607 1735 2770 1774 uianu
2818 1695 3019 1784 Patris,
3063 1736 3227 1774 unam
3272 1695 3529 1775 virtutem

255 1822 312 1866 et
333 1813 594 1883 Spiritum
625 1818 895 1875 sanctum,
923 1817 978 1864 et
1003 1810 1058 1863 in
1093 1810 1208 1878 ipsa
1239 1809 1334 1862 Dei
1373 1809 1605 1878 imagine
1632 1808 1841 1864 ostendi
1880 1880 1885 1884 _

253 1903 530 1972 quoddam
558 1899 754 1954 divina:
776 1897 1067 1969 agnitionis
1088 1898 1368 1960 indicium,
1405 1898 1458 1951 in
1483 1913 1588 1966 qua
1625 1896 1843 1966 quidem

252 1993 518 2060 imagine,
541 1992 825 2056 memoria,
849 1989 1232 2060 intelligentia,
1251 1995 1306 2042 et
1327 1988 1602 2052 voluntas,
1617 2005 1723 2043 non
1749 1990 1846 2043 lia-

248 2085 395 2138 bent
423 2082 665 2151 singulas
701 2081 1059 2150 propriasque
1109 2095 1388 2150 personas.
1431 2080 1615 2151 imago
1649 2081 1847 2150 quippe

247 2181 343 2227 est
382 2173 510 2238 ista,
547 2187 656 2226 non
686 2180 812 2226 nata
841 2171 935 2226 sed
965 2170 1127 2234 facta,
1152 2186 1256 2224 non
1289 2171 1470 2241 genita
1503 2171 1596 2225 sed
1619 2179 1802 2228 creata
1830 2191 1842 2223 ε

249 2263 322 2317 ad
357 2263 463 2317 hoc
503 2263 713 2332 utique,
737 2269 797 2315 ut
820 2261 963 2315 sicut
983 2261 1035 2315 in
1060 2260 1162 2314 ista
1188 2275 1290 2314 una
1322 2260 1553 2330 imagine
1575 2261 1848 2315 invenitur

249 2353 502 2424 quaedam
534 2353 791 2407 discretio
819 2351 1228 2414 vocabulorum,
1253 2350 1334 2405 sic
1355 2351 1409 2404 in
1445 2350 1535 2404 illa
1573 2365 1681 2404 una
1706 2349 1846 2406 divi—

248 2444 428 2498 nitate
455 2441 715 2496 discretio
744 2452 1101 2510 personarum
1137 2448 1512 2512 cognoscatur,
1543 2449 1599 2495 et
1627 2450 1847 2495 natura-

249 2531 321 2584 lis
344 2530 526 2584 unitas
555 2529 810 2584 ostendat
837 2541 1004 2582 unum
1042 2528 1211 2583 Betim
1241 2543 1362 2582 esse
1408 2529 1648 2594 Patrem,
1679 2537 1734 2583 et
1757 2528 1848 2583 Fi-

249 2622 408 2686 lium,
438 2628 495 2676 et
538 2618 798 2690 Spiritum
829 2628 1076 2674 sanctum
1114 2633 1128 2672 :
1157 2633 1511 2688 personarum
1541 2635 1671 2674 vero
1716 2636 1844 2690 pro-

249 2714 460 2784 prietas
487 2715 824 2769 demonstret
847 2713 1012 2767 alium
1034 2727 1153 2767 esse
1174 2711 1407 2776 Patrem,
1439 2711 1600 2767 alium
1622 2711 1842 2777 Filium,

252 2804 421 2857 alium
457 2801 716 2871 Spiritum
738 2810 1018 2868 sanctum;
1045 2801 1210 2856 alium
1252 2808 1431 2855 autem
1462 2798 1700 2863 Patrem,
1735 2817 1843 2855 non

249 2907 317 2948 eo
345 2892 492 2962 quod
517 2893 659 2946 Deus
685 2899 792 2958 est,
827 2891 924 2946 sed
963 2905 1029 2947 eo
1082 2891 1226 2961 quod
1252 2891 1417 2964 Pater
1441 2897 1558 2956 est;
1584 2898 1639 2944 et
1678 2889 1843 2946 alium

1945 1814 2067 1868 Filii
2097 1821 2152 1865 et
2178 1812 2359 1866 Patris
2397 1810 2722 1879 intelligunt,
2768 1817 2826 1863 et
2867 1809 3148 1864 audientes
3195 1811 3263 1864 ab
3291 1825 3357 1865 co
3402 1811 3532 1878 quia

1947 1907 2062 1974 ipse
2086 1912 2142 1958 et
2166 1902 2329 1956 Pater
2363 1916 2526 1956 unum
2564 1909 2710 1964 sunt,
2743 1900 3010 1956 unitatem
3040 1915 3225 1954 veram
3268 1900 3320 1954 in
3365 1899 3528 1954 Patre

1947 2002 2003 2048 et
2030 1992 2170 2050 Filio
2205 1991 2456 2046 essentia:
2503 1989 2765 2044 naturalis
2812 1997 3130 2059 agnoscunt.
3161 1988 3286 2043 Haec
3305 1996 3388 2044 est
3421 1996 3525 2042 vos

1947 2083 2090 2148 Filii,
2116 2083 2232 2138 haec
2261 2090 2344 2136 est
2364 2081 2563 2136 locutio
2587 2079 2828 2149 Spiritus
2857 2080 3052 2142 sancti,
3075 2079 3200 2148 quia
3233 2079 3298 2132 de
3330 2089 3526 2133 natura

1947 2175 2124 2231 Patris
2148 2183 2306 2230 natus
2335 2180 2420 2229 est
2465 2172 2658 2236 Filius,
2685 2179 2740 2226 et
2764 2171 2960 2225 exinde
3007 2170 3252 2240 procedit
3296 2170 3533 2241 Spiritus

1947 2277 2168 2324 sanctus
2214 2286 2225 2320 :
2272 2268 2375 2321 hoc
2411 2265 2576 2319 etiam
2613 2280 2644 2318 a
2671 2264 2830 2319 Patre
2882 2272 2938 2317 et
2973 2262 3111 2318 Filio
3147 2261 3378 2332 Spiritus
3407 2277 3532 2316 san-

1943 2367 2069 2413 ctus
2098 2358 2271 2423 audit,
2302 2357 2430 2428 quia
2455 2357 2522 2411 de
2551 2356 2712 2411 Patre
2733 2363 2788 2409 et
2822 2355 2962 2409 Filio
2987 2354 3292 2410 communis
3335 2353 3535 2408 divini-

1947 2451 2074 2506 tatis
2103 2450 2409 2519 :equalitate
2435 2449 2696 2518 procedit.
2726 2447 2842 2502 Non
2869 2462 2999 2516 ergo
3027 2447 3266 2517 Spiritus
3304 2455 3526 2503 sanctus

1946 2541 2186 2610 loquitur
2207 2554 2238 2593 a
2265 2554 2325 2594 se
2364 2539 2506 2608 ipso,
2537 2539 2664 2608 quia
2690 2552 2794 2591 non
2828 2552 2858 2590 a
2883 2551 2940 2590 se
2979 2537 3120 2606 ipso,
3157 2536 3255 2592 sed
3279 2537 3344 2590 de
3370 2535 3532 2590 Patre

1945 2640 2002 2688 et
2023 2630 2160 2685 Filio
2191 2628 2355 2684 habet
2377 2627 2675 2683 naturalem
2718 2626 3069 2690 locutionem,
3101 2625 3244 2682 unde
3277 2625 3534 2684 naturali-

1946 2731 2029 2776 ter
2052 2720 2354 2792 procedens
2381 2717 2544 2772 habet
2575 2717 2801 2788 originis
2826 2716 3131 2770 veritatem.
3163 2714 3250 2770 Ad
3296 2716 3398 2770 hoc
3421 2716 3532 2768 uti-

1943 2829 2049 2885 que
2077 2813 2316 2884 pertinet
2352 2809 2498 2881 quod
2523 2810 2599 2864 ait
2630 2827 2644 2862 :
2675 2807 2777 2862 Ille
2823 2824 2904 2862 me
2940 2805 3280 2874 clariﬁcabit,
3302 2806 3426 2876 quia
3462 2806 3528 2858 de

1942 2922 2058 2959 meo
2086 2903 2303 2974 accipiet
2346 2911 2396 2956 et
2435 2899 2770 2956 annuntiabit
2799 2899 2941 2951 vobis
2975 2913 2993 2951 :
3035 2896 3210 2950 omnia
3236 2912 3352 2966 qum
3379 2895 3535 2950 liabet

248 2984 610 3092 Filiumlmn
635 2999 702 3038 θο
740 2984 890 3092 quo:
931 2993 1016 3089 f9}
1053 2981 1214 3046 Deus,
1239 2981 1330 3036 Sed
1362 2995 1429 3035 θο
1478 2980 1622 3051 quo“
1673 2979 1843 3092 Fin“:
1869 3031 1913 3092 Ο
1946 2996 2108 3051 Pater
2129 3013 2250 3049 mea
2281 3004 2400 3049 sunt
2420 3009 2439 3046 :
2466 3001 2740 3064 propterea
2763 2989 2872 3043 dixi
2912 2990 3037 3061 quia
3057 2987 3122 3040 de
3161 3002 3278 3040 utea
3311 2986 3532 3055 accipiet

251 3084 342 3131 εει
381 3095 393 3128 ε
429 3076 594 3130 alium
618 3089 831 3146 quoque
857 3075 1120 3147 Spirile
1163 3083 1444 3130 “meum:
1478 3089 1585 3129 “0"
1612 3089 1678 3129 θο
1698 3073 1842 3145 (illod
1870 3073 1913 3092 υ
1946 3089 2127 3161 (Icari.
2159 3103 2276 3152 xvi,
2304 3085 2414 3157 li).
2442 3084 2615 3152 Quam
2643 3085 2783 3138 bene
2817 3081 3105 3136 veritatem
3135 3076 3396 3134 doctrinae
3421 3089 3533 3130 sum

251 3167 405 3224 Deus
434 3177 540 3234 est,
563 3170 656 3224 sed
689 3181 754 3224 eo
776 3169 918 3239 quod
947 3177 1001 3223 et
1024 3168 1200 3222 Patris
1239 3175 1306 3240 et
1338 3166 1458 3221 Filii
1488 3167 1712 3236 spiritus
1731 3174 1840 3240 est.

253 3258 436 3314 Alium
463 3272 593 3328 ergo
633 3257 846 3312 Patrem
879 3258 1004 3328 quia
1059 3258 1261 3328 genuit,
1296 3257 1460 3312 alium
1497 3255 1697 3311 Filium
1720 3257 1844 3325 quia

255 3349 325 3403 de
347 3347 508 3403 Patre
528 3357 688 3402 natus
718 3358 819 3412 est,
850 3359 905 3403 et
935 3349 1100 3403 alium
1131 3349 1392 3417 Spiritum
1422 3357 1689 3412 sanctum,
1719 3348 1846 3418 quia

257 3439 328 3493 de
360 3439 522 3496 Patre
541 3439 786 3508 Filioque
813 3440 1061 3510 procedit
1088 3457 1102 3492 :
1136 3455 1244 3494 non
1278 3445 1457 3492 tamen
1484 3438 1647 3492 alium
1679 3437 1847 3492 Deum

257 3525 500 3591 Patrem,
532 3537 588 3583 et
609 3529 772 3584 alium
791 3529 960 3584 Deum
986 3528 1275 3592 Filium,et
1300 3527 1466 3580 alium
1487 3527 1654 3580 Deum
1680 3524 1850 3595 Spiri-

257 3628 377 3674 tum
407 3630 678 3684 sanctum,
703 3621 798 3675 sed
822 3635 990 3673 unum
1019 3619 1186 3673 Deum
1216 3617 1433 3672 Patrem
1479 3625 1535 3671 et
1572 3615 1770 3671 Filium
1795 3625 1852 3671 et

260 3707 528 3778 Spiritum
549 3719 814 3764 sanctum.
849 3708 966 3763 Non
993 3709 1138 3763 enim
1165 3707 1446 3763 confundit
1470 3709 1649 3762 unitas
1669 3707 1850 3762 Triui-

261 3807 456 3864 tatcm,
487 3815 588 3853 nec
626 3799 864 3854 Trinitas
911 3805 1126 3868 separat
1173 3798 1440 3853 unitatem
1475 3815 1486 3850 :
1521 3797 1646 3868 quia
1703 3798 1848 3867 quod

263 3891 317 3944 in
363 3905 718 3961 personarum
758 3890 1090 3960 proprietate
1130 3888 1476 3951 discernitur,
1535 3889 1638 3942 hoc
1679 3902 1846 3940 unum

263 3985 583 4040 naturaliter
630 3983 877 4039 essentia:
932 3981 1092 4036 unius
1145 3980 1527 4034 communione
1574 3986 1849 4033 monstra-

262 4085 364 4132 tur.

419 4169 557 4225 Item
585 4178 724 4223 idem
751 4167 806 4221 in
833 4167 963 4221 libro
988 4167 1204 4236 septimo
1239 4165 1474 4234 ejusdem
1500 4165 1689 4234 operis.

333 4261 452 4317 Non
477 4261 616 4317 enim
643 4259 882 4330 loquetur
909 4276 941 4314 a
963 4258 1256 4328 semetipso,
1286 4256 1377 4310 sed
1409 4271 1729 4327 quacunque
1747 4271 1848 4308 au-

262 4351 369 4406 diet
393 4351 654 4415 loquetur,
681 4361 729 4404 et
755 4366 872 4420 qua
902 4357 1118 4403 ventura
1170 4357 1293 4401 sunt
1323 4347 1654 4402 aununtiabit
1685 4347 1844 4401 vobis.
1874 4389 1928 4449 Β

263 4444 367 4499 Ille
393 4462 474 4499 me
504 4443 836 4513 clarificabit,
860 4443 984 4514 quia
1003 4442 1068 4496 de
1093 4457 1206 4494 meo
1235 4440 1451 4510 accipiet
1485 4446 1533 4492 et
1556 4438 1848 4492 annuntia-

263 4534 338 4589 bit
361 4536 502 4591 vobis
532 4534 715 4604 (Joan.
759 4548 870 4596 xvi,
902 4531 1013 4602 l3).
1039 4530 1178 4586 Ecce
1207 4529 1443 4600 primum
1480 4528 1718 4584 ostendit
1737 4543 1846 4582 non

261 4638 385 4679 esse
405 4624 512 4678 alia
537 4621 773 4693 Spiritus
793 4621 969 4677 sancti
994 4635 1156 4690 quam
1179 4632 1301 4688 quae
1315 4624 1442 4670 sunt
1464 4615 1618 4679 Filii;
1655 4614 1848 4675 deinde

263 4728 328 4771 ut
364 4717 677 4774 ostenderet
695 4715 877 4771 omnia
908 4729 1005 4768 sua
1027 4726 1148 4767 esse
1175 4726 1298 4780 qua:
1326 4709 1502 4763 Patris
1527 4715 1672 4771 sunt,
1704 4705 1850 4773 adje-

262 4806 372 4860 cit:
403 4804 598 4861 Omuia
616 4819 938 4876 quaecunque
955 4803 1105 4856 habet
1123 4797 1306 4864 Pater,
1326 4814 1441 4852 mea
1457 4806 1601 4861 sunt,
1621 4805 1853 4866 propter-

265 4912 332 4948 ea
366 4897 501 4962 dixi,
554 4896 681 4966 quia
718 4893 784 4948 de
815 4910 929 4948 meo
979 4893 1196 4961 accipiet
1229 4900 1278 4944 et
1339 4886 1670 4944 anuuutiabit
1710 4886 1853 4942 vobis

266 4983 432 5054 (Ibid.
471 4999 581 5048 xu,
617 4983 729 5054 15).
780 4983 913 5038 illud
972 4983 1136 5054 igitur
1187 4980 1440 5051 primitus
1487 4978 1850 5040 attendamus,

265 5076 412 5144 quod
446 5075 525 5129 ait
562 5091 576 5128 :
614 5073 738 5128 Non
771 5073 910 5128 enim
951 5070 1188 5142 loquetur
1215 5088 1247 5126 a
1275 5069 1569 5138 semetipso,
1593 5066 1685 5124 sed
1711 5081 1854 5137 qut!-

265 5184 472 5238 eunque
495 5167 676 5224 audiet
722 5164 980 5236 loquetur.
1013 5164 1146 5231 Quis
1197 5171 1381 5218 autem
1434 5158 1856 5231 comprehendat

267 5256 444 5327 qualis
469 5257 543 5311 sit
570 5253 718 5310 illius
750 5252 1013 5324 simplicis
1049 5262 1255 5307 natura
1303 5250 1530 5314 locutio,
1568 5247 1654 5304 vel
1680 5247 1856 5318 qualis

267 5345 504 5412 auditio,
541 5346 636 5402 ubi
671 5359 781 5402 non
805 5352 896 5403 est
924 5343 1071 5400 aliud
1101 5341 1290 5398 audire
1317 5354 1480 5412 quam
1515 5354 1658 5396 esse.
1692 5339 1859 5394 Audit

269 5439 454 5509 itaque
483 5437 721 5512 Spiritus
758 5445 980 5496 sanctus
1015 5448 1350 5508 quacunque
1388 5432 1550 5487 Pater
1592 5441 1651 5488 et
1690 5431 1860 5488 Filius

270 5525 476 5592 dicunt,
502 5536 557 5582 et
583 5528 700 5583 haec
735 5526 924 5584 eadem
965 5524 1218 5583 similiter
1259 5524 1412 5589 dicit,
1437 5523 1579 5579 sicut
1606 5523 1752 5578 videt
1770 5521 1859 5578 Fi-

271 5612 381 5672 lius
403 5633 525 5688 qua
550 5616 714 5672 Pater
765 5614 917 5680 facit,
948 5626 1005 5670 et
1041 5615 1156 5669 haec
1185 5613 1375 5668 eadem
1422 5611 1670 5666 similiter
1708 5609 1856 5668 facit.

522 5710 798 5770 Ριτιιοι.
844 5706 973 5769 CV.

1945 3181 2146 3235 veritas
2186 3179 2303 3248 ipsa
2347 3175 2619 3232 servavit!
2669 3172 2728 3228 Si
2779 3171 2924 3226 enim
2971 3170 3069 3222 hoc
3113 3167 3355 3223 dixisset.
3382 3166 3534 3233 quasi

1947 3284 2104 3323 suum
2126 3282 2248 3322 esse
2276 3275 2487 3320 tantum
2531 3263 2783 3332 spiritum
2833 3258 3200 3314 ostendisset:
3229 3255 3324 3309 sed
3345 3253 3534 3308 dicens

1945 3361 2130 3415 omnia
2163 3374 2285 3428 qua
2313 3358 2477 3412 habet
2531 3355 2695 3408 Pater
2740 3367 2861 3406 mea
2904 3357 3050 3411 sunt,
3097 3356 3384 3417 prepterca
3424 3344 3536 3402 dixi

1949 3450 2076 3518 quia
2093 3449 2160 3504 de
2179 3463 2304 3502 meo
2329 3446 2581 3513 accipiet,
2607 3447 2782 3512 ipsum
2805 3441 3068 3510 Spiritum
3093 3446 3340 3494 sanctum
3365 3451 3535 3490 unum

1951 3551 2073 3592 esse
2097 3534 2337 3592 ostendit
2356 3542 2416 3586 et
2432 3531 2612 3588 Patris
2635 3537 2691 3585 et
2725 3543 2922 3592 suum;
2972 3525 3126 3592 cuius
3166 3524 3536 3594 intelligentiae

1952 3636 2198 3682 tenorem
2217 3624 2336 3678 loco
2358 3635 2574 3692 quoque
2597 3618 2876 3688 superiore
2896 3614 3133 3671 servavit
3156 3613 3338 3668 dicens
3375 3628 3390 3666 :
3431 3611 3540 3667 Pa-

1953 3715 2180 3770 racletus
2200 3720 2376 3768 auum
2410 3710 2640 3781 Spiritus
2665 3715 2879 3761 sanctus
2902 3719 3057 3776 quem
3091 3704 3257 3758 mittet
3285 3701 3448 3756 Pater
3479 3703 3537 3755 in

1953 3807 2162 3863 nomine
2189 3822 2322 3868 meo,
2349 3803 2438 3858 ille
2465 3819 2551 3857 vos
2575 3799 2777 3855 docebit
2805 3799 2983 3852 omnia
3009 3812 3330 3868 quacunque
3353 3796 3539 3851 dixero

1951 3898 2090 3952 vobis
2121 3896 2304 3968 (Joan.
2332 3910 2444 3959 xw,
2493 3892 2608 3964 26).
2639 3891 2806 3946 Pater
2847 3888 3036 3952 mittit,
3083 3887 3178 3942 sed
3218 3888 3273 3941 in
3319 3889 3539 3942 nomine

1951 3987 2072 4042 Filii
2101 3987 2266 4042 mittit
2294 4005 2306 4038 :
2340 3984 2576 4056 Spiritus
2616 3982 2819 4036 missus
2856 3997 2887 4035 a
2926 3979 3088 4034 Patre
3130 3979 3310 4044 docet,
3331 3979 3426 4033 sed
3448 3978 3540 4031 Fi-

1953 4078 2056 4133 lius
2078 4077 2229 4132 dicit.
2259 4076 2372 4130 Hoc
2391 4075 2556 4130 etiam
2591 4073 2682 4128 illo
2724 4074 3131 4127 demonstratur
3162 4068 3282 4123 loco
3306 4070 3398 4124 ubi
3427 4070 3534 4124 Do-

1959 4168 2136 4221 minus
2157 4166 2288 4222 dicit
2317 4183 2332 4219 :
2364 4163 2498 4220 Cum
2523 4173 2697 4217 autent
2723 4162 2916 4217 uenerit
2944 4158 3254 4213 Paracletus
3270 4175 3422 4228 quem
3443 4174 3538 4227 ego

1952 4260 2154 4312 mittant
2181 4256 2236 4310 in
2273 4273 2360 4312 vos
2388 4274 2421 4309 a
2443 4253 2604 4308 Patre
2631 4254 2874 4323 spiritum
2919 4249 3176 4312 ueritatis,
3204 4247 3293 4316 qui
3314 4264 3348 4300 a
3375 4243 3541 4300 Patre

1952 4350 2185 4419 procedit
2215 4348 2397 4418 (Joan.
2421 4362 2514 4412 xv,
2535 4345 2649 4416 26).
2688 4345 2829 4400 Ecce
2865 4343 2955 4396 hic
2986 4339 3350 4400 Paracletum.
3374 4354 3538 4406 quem

1953 4438 2121 4492 mittit
2152 4435 2315 4490 Pater
2332 4436 2388 4490 in
2420 4434 2641 4488 nomine
2674 4431 2795 4486 Filii
2843 4430 3022 4500 ipsum
3073 4427 3240 4482 mittit
3289 4426 3459 4480 Filius
3500 4441 3534 4480 a

1952 4527 2146 4590 Patre;
2193 4525 2361 4590 mittit
2408 4531 2591 4578 autem
2629 4537 2661 4576 a
2701 4504 2866 4575 Patre
2928 4517 3180 4587 spiritum
3234 4517 3482 4572 veritatis
3519 4532 3536 4570 :

1955 4615 2126 4670 mittit
2145 4626 2277 4684 ergo
2301 4628 2334 4666 a
2366 4613 2528 4667 Patre
2549 4609 2796 4680 spiritum
2833 4623 3012 4669 suum,
3048 4606 3174 4675 quia
3201 4607 3316 4676 ipse
3341 4615 3429 4662 est
3449 4620 3540 4661 νὼ

1957 4706 2129 4760 ritas:
2156 4703 2326 4756 mittit
2353 4715 2480 4756 eum
2517 4700 2676 4756 Pater
2723 4699 2777 4752 in
2815 4698 3032 4752 nomine
3068 4695 3210 4760 Filii,
3237 4694 3365 4766 quia
3394 4711 3537 4750 unus

1959 4795 2183 4866 spiritus
2199 4799 2286 4848 est
2308 4790 2558 4846 Patriset
2579 4788 2701 4844 Filii
2727 4806 2740 4841 :
2773 4787 2943 4843 mittit
2967 4801 3090 4842 eum
3108 4785 3280 4841 Filius
3298 4799 3330 4840 a
3352 4785 3536 4848 Patre,

1956 4886 2080 4954 quia
2133 4884 2215 4940 sic
2250 4880 2495 4954 procedit
2525 4894 2556 4934 a
2595 4877 2767 4942 Filio,
2815 4877 2957 4932 sicut
2993 4875 3241 4947 procedit
3277 4890 3310 4930 a
3348 4873 3533 4930 Patre.
3580 4933 3582 4936 ,

1954 4976 2100 5031 Idem
2124 4987 2339 5044 quoque
2357 4971 2580 5042 spiritus
2601 4968 2798 5034 Patris,
2811 4967 2905 5036 qui
2929 4966 3149 5036 spiritus
3165 4973 3248 5021 est
3268 4965 3534 5021 veritatis.
3581 4960 3585 4966 ’

1956 5063 2032 5117 De
2051 5061 2189 5116 Filio
2209 5075 2341 5132 ergo
2376 5058 2604 5130 accepit,
2633 5065 2689 5111 et
2709 5054 2894 5111 omnia
2913 5069 3035 5125 quae
3063 5055 3229 5110 habet
3258 5052 3424 5108 Pater
3445 5050 3538 5106 Fl-

1956 5154 2015 5208 lii
2043 5161 2194 5219 sunt,
2219 5168 2341 5224 quis
2363 5151 2600 5222 Spiritus
2632 5154 2854 5206 sanctus
2898 5148 3106 5217 accepit
3130 5166 3142 5200 :
3175 5147 3300 5216 quia
3330 5159 3438 5225 non
3461 5143 3534 5198 do

1956 5242 2073 5300 solo
2104 5242 2284 5306 Patre,
2316 5255 2420 5297 nec
2443 5240 2512 5295 de
2549 5237 2664 5294 solo
2701 5237 2862 5305 Filio,
2901 5237 2996 5295 sed
3023 5236 3185 5292 simul
3213 5235 3278 5290 de
3304 5242 3538 5301 utroque

1957 5335 2220 5406 procedit.
2245 5334 2361 5391 Hoc
2382 5341 2565 5389 antem
2593 5331 2915 5390 vocabulum
2961 5329 3324 5402 processlonis
3349 5327 3416 5382 de
3435 5325 3536 5379 Pa—

1958 5435 2043 5481 tre
2069 5425 2201 5484 nulli
2225 5433 2490 5484 creatura;
2541 5424 2814 5482 invenitu-
2842 5420 3128 5483 indultum,
3149 5426 3212 5472 ut
3230 5413 3536 5486 proprietas

1959 5517 2063 5572 ista
2089 5517 2454 5586 processionis
2478 5513 2642 5570 solius
2675 5528 2797 5572 esse
2837 5514 3237 5568 demonstretur
3282 5503 3536 5562 utentia:

1960 5609 2240 5666 naturalis.
2268 5608 2524 5678 Legimus
2555 5606 2698 5660 enim
2729 5602 2923 5656 Filium
2958 5599 3024 5652 de
3050 5599 3211 5651 Patre
3261 5595 3498 5666 genitum
3524 5615 3538 5649 :
