3998 6182
423 274 526 329 267

1432 269 1827 327 TllEODULFl
1861 266 2414 325 AURELIANENSIS
2453 266 2665 322 EPISC.

3585 256 3688 320 268

360 392 375 400 ’
425 399 478 443 et
508 386 755 458 quamvis
784 387 837 441 in
880 402 945 443 co
986 388 1126 457 quod
1188 386 1500 458 unigenitus
1546 384 1763 449 dicitur,
1790 384 1845 437 in
1890 383 2004 438 solo
2031 386 2081 443 Α
2108 380 2242 458 Item
2268 382 2424 458 idem,
2453 381 2842 458 uthoslenderct
2870 380 3123 458 Spiritum
3158 388 3397 434 sanetum
3437 378 3690 458 aequitatem

426 477 691 532 naturalis
738 476 1015 548 generatio
1071 474 1471 529 demonstretur
1511 492 1522 526 :
1558 482 1738 527 Iamen
1785 482 2006 542 propter

428 568 658 636 gratiam
688 566 1011 636 adeptionis,
1038 579 1135 618 nos
1162 578 1375 634 quoque
1396 561 1542 617 Deus
1566 562 1731 616 Pater
1755 562 2003 617 volunta-

428 661 511 714 rie’
540 659 725 730 genuit
751 659 916 712 verbo
937 656 1201 710 veritatis.
1240 650 1559 727 Unigenitus
1603 650 1767 725 igitur
1794 660 1933 710 unus
1953 662 2008 709 et

430 750 578 804 solus
601 756 686 803 est
712 747 778 802 de
798 745 977 800 Patris
997 745 1233 799 essentia
1262 743 1431 799 Filius
1458 753 1617 799 natus
1649 762 1661 797 :
1698 744 1793 800 sed
1815 752 1870 798 et
1907 759 2007 799 nos

424 854 527 910 per
550 838 887 907 adoptionem
908 845 963 891 et
1008 834 1104 889 lilii
1138 835 1238 891 Dei
1268 835 1519 899 dicimur,
1546 842 1600 888 et
1642 835 1708 889 de
1735 834 1848 888 Deo
1869 836 2006 898 nati,

430 926 589 984 beato
621 914 960 997 Evangelista
1003 925 1216 980 dicente
1247 940 1262 978 :
1294 924 1560 995 Quotquot
1603 924 1778 977 autem
1806 940 2010 993 recepe-

431 1028 552 1072 runt
578 1033 716 1082 eum,
739 1016 882 1071 dedit
911 1017 986 1071 eis
1011 1022 1316 1086 potestatem
1350 1014 1490 1082 filios
1521 1013 1617 1066 Dei
1640 1013 1780 1082 ﬁeri,
1812 1014 1894 1067 his
1918 1014 2007 1084 qui

414 1109 643 1162 credunt
669 1109 724 1161 in
753 1109 961 1162 nomine
993 1108 1130 1176 ejus,
1172 1107 1261 1177 qui
1298 1123 1399 1160 non
1428 1122 1492 1160 ex
1533 1104 1894 1175 sanguinibus,
1922 1101 2010 1159 ne-

425 1217 525 1269 que
548 1216 613 1254 ea:
634 1199 899 1254 voluntate
937 1199 1134 1262 carnis,
1174 1215 1336 1270 neque
1377 1214 1441 1252 ea:
1481 1197 1745 1251 voluntate
1772 1198 1891 1261 viri,
1917 1197 2009 1251 sed

356 1284 359 1287 ’
429 1308 494 1345 ea:
522 1291 632 1344 Deo
655 1290 766 1343 nati
787 1297 909 1343 sunt
935 1285 1118 1360 (Joan.
1146 1304 1187 1354 ι,
1212 1286 1322 1360 12).
1354 1286 1493 1343 Cum
1534 1302 1663 1357 ergo
1684 1301 1801 1350 nos,
1823 1294 1877 1340 et
1912 1286 2008 1340 Dei

430 1379 592 1440 ﬁlios,
617 1385 673 1432 et
694 1377 762 1431 de
790 1377 901 1432 Deo
924 1376 1154 1447 genitos,
1184 1378 1329 1431 etde
1360 1378 1472 1431 Deo
1496 1384 1671 1439 natos,
1698 1376 1895 1431 divinis
1922 1391 2010 1431 os-

430 1469 684 1524 tendatur
701 1467 953 1536 eloquiis,
973 1466 1334 1536 processionis
1362 1474 1541 1520 tamen
1566 1464 1629 1519 de
1650 1466 1762 1519 Deo
1780 1463 2011 1519 vocabu-

431 1560 541 1614 lum
570 1572 727 1613 nemo
745 1564 926 1628 potest
971 1564 1232 1611 creaturae
1270 1544 1522 1627 cuiquam
1563 1556 1757 1610 docere
1783 1555 2006 1610 conces-

358 1647 364 1653 ’
432 1664 573 1704 sum.
599 1648 740 1716 Quid
762 1648 854 1713 ita,
886 1647 988 1701 nisi
1012 1648 1483 1721 quiaunigenitum
1506 1647 1700 1700 Filium
1714 1642 2010 1717 possetna7
2054 1642 2057 1651 ”

2183 449 2341 504 Patri
2363 461 2409 503 et
2440 449 2604 514 ΜΘ,
2641 452 2875 505 euindevn
2909 447 3172 519 Spiritum
3197 458 3437 502 sanet-II
3470 447 3505 501 ἁ
3530 447 3692 501 Patre

2176 530 2227 575 et
2248 539 2280 574 a
2300 519 2466 585 Filio,
2493 531 2541 573 et
2571 520 2771 575 Filium
2803 517 3089 589 tem-reet
3114 517 3691 589 Spiritus-utimu-

2179 606 2295 642 sum
2326 584 2463 653 esse,
2497 599 2719 643 testatur
2742 590 2797 643 in
2833 588 2965 641 libro
3003 584 3232 658 δεδαηζο
3260 586 3371 658 (lib.
3399 603 3439 643 tl
3465 587 3535 658 ad
3575 584 3684 641 Hoc

2181 660 2402 723 nimum,
2430 676 2546 728 cap.
2572 658 2650 728 6),
2672 674 2820 729 quem
2836 659 3046 728 scripsit
3068 658 3137 710 ad
3166 656 3583 711 Trasemundum
3611 673 3687 710 τις

2174 744 2317 797 gem.

2178 838 2298 892 iam
2334 855 2479 895 nunc
2518 840 2682 895 etiam
2709 838 2796 897 illa
2826 822 2993 899 nobis
3020 847 3106 897 est
3146 838 3213 895 de
3236 838 3472 909 Spiritus
3508 839 3686 895 sancti

2110 931 2367 986 missione
2414 932 2639 1000 quaestio
2668 931 3026 997 revolvenda,
3068 947 3167 986 cur
3205 931 3432 995 scilicet,
3463 932 3511 984 si
3534 930 3689 985 omni

2113 1020 2381 1075 Trinitati.
2423 1022 2748 1087 sacriﬁcium
2801 1021 3063 1090 σαεξ-ων,
3118 1025 3188 1085 ad
3240 1023 3686 1081 sanctiﬁcandum

2110 1112 2397 1169 oblationis
2422 1123 2623 1175 nasum
2646 1130 2842 1173 munus
2866 1117 3041 1177 sancti
3066 1115 3300 1186 Spiritus
3327 1123 3538 1173 tantum
3560 1116 3689 1171 mis-

2110 1204 2193 1259 sio
2231 1205 2551 1274 postuletur,
2584 1205 2750 1272 Quasi
2783 1222 2941 1273 vero,
2970 1215 3031 1263 ut
3058 1208 3134 1263 ita
3158 1206 3359 1272 dicam,
3392 1207 3507 1276 ipse
3531 1215 3690 1278 pater

2111 1292 2272 1355 Deus,
2315 1308 2346 1347 a
2387 1310 2494 1363 quo
2534 1294 2767 1364 Spiritus
2801 1304 3022 1350 sanctus
3054 1296 3321 1365 procedit,
3350 1296 3688 1353 sacriﬁcium

2110 1383 2213 1439 sibi
2243 1384 2481 1449 oblatum
2509 1386 2847 1442 sanctiﬁcare
2872 1403 2977 1442 non
2995 1390 3170 1459 possit
3204 1407 3217 1443 :
3249 1398 3342 1443 aut
3373 1389 3488 1459 ipse
3514 1390 3689 1445 Filius

2112 1476 2450 1531 sanctificare
2488 1488 2722 1547 nequeat
2754 1477 3092 1537 sacriﬁcium
3130 1480 3375 1550 corporis
3402 1480 3506 1545 sui,
3537 1481 3688 1549 quod

2111 1564 2387 1637 oil'crimus
2404 1582 2521 1633 nos,
2551 1584 2674 1623 cum
2700 1583 2896 1639 corpus
2919 1582 3076 1627 suum
3099 1569 3214 1639 ipse
3241 1568 3683 1631 sanctiﬁeaverit,

2112 1644 2254 1726 quod
2282 1657 2474 1712 obtulit
2495 1666 2554 1713 ut
2572 1659 2862 1714 redimeret
2888 1674 2989 1715 nos
3014 1676 3027 1710 :
3062 1669 3156 1719 aut
3185 1661 3259 1714 ita
3296 1659 3529 1728 Spiritus
3553 1675 3686 1714 san-

431 1737 625 1791 tut‘alis
649 1772 652 1775 λ
672 1737 929 1790 Mlivilas
971 1750 1162 1790 verum
1201 1736 1369 1791 Deum
1427 1737 1737 1801 οειθηάθΐθ,
1774 1750 2006 1807 eumque
2032 1728 2080 1803 Β
2110 1735 2227 1802 ctus
2264 1749 2333 1802 ad
2362 1748 2784 1803 consecrandum
2814 1748 3071 1805 Ecclesia:
3102 1749 3426 1806 sacriﬁcium
3460 1732 3685 1805 miticnv

430 1842 537 1881 non
568 1826 895 1897 adoptivum,
921 1840 1021 1881 nec
1040 1826 1266 1882 diversa:
1287 1835 1512 1894 naturze,
1538 1828 1636 1883 sed
1658 1831 2008 1885 consubstan-

370 1915 379 1923 ’
420 1914 611 1969 ’ἰὶίιιεω
640 1914 787 1968 Patri
819 1914 935 1969 sine
956 1913 1293 1969 dubitatione
1337 1919 1674 1972 monstrare?
1701 1916 2004 1973 Procederc

379 1994 385 2003 ’
430 2002 608 2059 autem
631 2004 697 2059 de
724 2004 835 2058 Deo
862 2004 984 2058 ideo
1004 2004 1149 2058 nulla
1175 2014 1424 2059 creatura
1462 2006 1678 2073 dicitur,
1707 2014 1767 2061 ut
1796 2007 1885 2062 ille
1912 2010 2004 2078 qui

427 2091 760 2162 proccditdc
776 2091 937 2148 Patre
982 2099 1039 2148 et
1072 2093 1209 2149 Filio
1251 2095 1332 2150 sic
1372 2110 1497 2150 esse
1537 2097 1789 2151 credatur
1838 2099 2001 2165 Deus,

428 2183 571 2238 sicut
593 2191 679 2239 est
704 2182 867 2239 Pater
904 2191 959 2239 ct
992 2184 1183 2240 Filius.
1219 2185 1400 2241 Solius
1449 2192 1533 2242 est
1588 2189 1733 2243 enim
1763 2189 2004 2260 Spiritus

429 2273 605 2328 sancti
634 2274 700 2328 de
725 2272 885 2328 Patre
910 2281 964 2328 et
982 2274 1120 2329 Filio
1141 2276 1444 2345 proprietas
1486 2277 1589 2331 ista
1619 2279 2001 2346 processionis,

430 2363 587 2432 cujus
617 2369 703 2418 est
723 2376 847 2419 cum
873 2364 1036 2419 Patre
1076 2372 1131 2418 et
1176 2365 1315 2420 Filio
1344 2373 1537 2420 natura
1575 2366 1896 2424 cemmunis.
1927 2371 2004 2425 De

430 2452 593 2508 Patre
611 2452 806 2522 quippe
829 2466 896 2508 ac
916 2451 1063 2508 Filio
1088 2454 1355 2523 procedit,
1383 2454 1478 2509 sed
1511 2468 1618 2510 non
1644 2458 1869 2523 recedit,
1902 2472 2005 2513 nec

426 2545 588 2599 estin
614 2542 793 2614 aliquo
813 2543 992 2599 minor
1032 2551 1126 2599 aut
1176 2545 1447 2611 subditus,
1494 2547 1587 2615 qui
1639 2547 1704 2601 de
1737 2547 2003 2603 immenso

430 2632 592 2689 Patre
621 2648 686 2689 ac
719 2633 786 2689 de
813 2634 1078 2690 immenso
1122 2632 1262 2689 Filio
1307 2628 1741 2705 inseparaer
1781 2646 1836 2691 et
1860 2653 2003 2693 unus

427 2723 672 2791 procedit
696 2730 753 2779 et
773 2730 938 2779 totus.
963 2720 1058 2779 Sic
1103 2723 1270 2792 igitur
1307 2724 1358 2779 ei
1387 2738 1493 2779 non
1546 2734 1723 2795 potest
1745 2726 2002 2797 imperari

433 2811 575 2881 quod
602 2812 862 2882 loquitur,
908 2811 1047 2867 sicut
1092 2812 1288 2869 einen
1326 2820 1513 2883 potest
1557 2815 1812 2885 imperari
1855 2817 2002 2886 quod

428 2906 749 2962 mirabiliter
779 2914 1052 2976 operatur.

594 2995 727 3050 Item
758 2995 895 3050 idem
916 2995 1120 3050 inlibro
1153 3005 1329 3051 octavo
1356 3010 1591 3067 ejusaem
1624 3014 1815 3069 opem.
1888 3014 1899 3023 '

372 3071 393 3083 ⁸
497 3085 666 3141 Filius
685 3086 959 3157 estigitur
973 3102 1003 3140 a
1022 3085 1181 3141 Patre
1200 3089 1399 3143 missus
1413 3128 1430 3154 ,
1463 3104 1571 3143 non
1592 3089 1754 3145 Pater
1781 3104 1811 3144 a
1840 3091 1992 3159 Filio,

430 3178 556 3247 quia
582 3175 752 3232 Filius
780 3183 865 3231 est
894 3190 929 3230 a
949 3175 1112 3231 Patre
1139 3186 1299 3232 natus
1316 3218 1330 3242 ,
1362 3193 1470 3232 non
1491 3177 1657 3235 Pater
1674 3194 1706 3232 a
1735 3179 1891 3235 Filio.
1912 3181 1998 3235 Si-

429 3265 632 3321 militer
664 3266 828 3321 etiam
862 3263 1098 3334 Spiritus
1129 3278 1350 3322 sanctus
1377 3283 1408 3322 a
1437 3268 1596 3323 Patre
1624 3275 1678 3324 et
1704 3269 1843 3324 Filio
1863 3271 1996 3341 legi-

427 3364 519 3410 tur
542 3355 739 3410 missus
755 3380 779 3419 ,·
797 3354 923 3424 quia
946 3370 976 3409 s
1003 3355 1161 3410 Patre
1191 3355 1433 3427 Filioque
1451 3359 1711 3426 procedit.
1746 3357 1852 3414 Sed
1872 3361 1997 3429 quia

362 3456 373 3473 '
424 3458 532 3498 non
557 3459 666 3498 uno
695 3444 855 3498 modo
881 3444 934 3497 in
965 3441 1271 3514 Scripturis
1307 3447 1531 3502 sanctis
1552 3447 1753 3502 dicitur
1787 3448 1991 3513 missio,

422 3539 704 3602 propterea
744 3532 797 3585 in
833 3542 1177 3588 sacramento
1202 3532 1592 3591 incarnationis
1614 3550 1735 3591 non
1765 3537 1939 3592 solum
1965 3554 1996 3593 a

420 3624 601 3693 Patre,
629 3641 816 3683 verum
845 3628 1009 3683 etiam
1057 3628 1127 3684 ab
1175 3627 1383 3698 Spiritu
1424 3639 1618 3685 sancto
1662 3632 1863 3687 missus
1912 3641 1998 3688 est

422 3718 611 3784 Filius,
637 3720 760 3788 quia
779 3719 1050 3793 mediator
1069 3719 1168 3774 Dei
1190 3727 1244 3773 et
1263 3719 1543 3773 hominum
1562 3721 1725 3775 homo
1746 3720 1996 3777 Christus

359 3820 365 3831 ‘
422 3808 581 3863 Jcsus
624 3810 785 3863 totius
837 3817 922 3864 est
960 3808 1247 3863 Trinitatis
1292 3810 1607 3877 operatione
1649 3810 1992 3881 plasmatus:

424 3896 530 3967 alio
561 3906 740 3951 autem
770 3895 929 3950 modo
962 3897 1199 3950 mittitur
1236 3911 1266 3950 ιι
1309 3896 1469 3951 Patre
1499 3906 1553 3953 et
1593 3897 1734 3954 Filio
1762 3899 1994 3971 Spiritus

424 3993 663 4048 sanctus,
705 3984 795 4052 qui
840 3985 1159 4039 naturaliter
1184 4000 1215 4039 a
1242 3984 1404 4041 Patre
1450 3986 1693 4059 Filioque
1727 3992 1990 4060 procedit.

425 4074 655 4128 Mittitur
680 4075 824 4129 enim
846 4090 875 4128 a
907 4074 1066 4131 Patre
1091 4085 1147 4131 et
1168 4077 1304 4133 Filio
1334 4077 1567 4148 Spiritus
1592 4092 1834 4148 sanctus,
1866 4101 1993 4140 cum

362 4178 369 4192 '
423 4166 492 4219 ab
528 4164 642 4233 ipsa
679 4162 944 4220 Trinitate
974 4179 1080 4219 uno
1121 4166 1228 4221 Deo
1254 4168 1441 4238 gratiae
1463 4172 1722 4240 spiritalis
1759 4174 1994 4230 donatur

356 4266 363 4274 ‘
419 4255 657 4312 eil'ectus.

366 4360 371 4367 '
619 4346 751 4400 Item
777 4347 914 4401 idem
938 4348 995 4401 in
1016 4347 1148 4402 libro
1177 4363 1312 4403 nano
1331 4351 1566 4421 ejusdem
1592 4356 1780 4424 operis.

488 4437 657 4492 Deum
690 4438 870 4507 itaque
898 4437 1137 4505 Patrem,
1183 4455 1289 4495 non
1324 4442 1489 4498 toties
1528 4444 1809 4501 Trinitatis
1830 4487 1849 4513 ,
1895 4448 1990 4504 sed

416 4529 541 4584 Filii
582 4537 638 4583 et
677 4529 908 4600 Spiritus
947 4531 1121 4586 sancti
1151 4528 1385 4586 fatemur
1421 4543 1697 4590 auctorem
1738 4556 1751 4589 :
1788 4553 1862 4594 ae
1883 4555 1990 4609 quo

360 4642 365 4645 -
418 4620 579 4695 habet
603 4620 910 4691 unigenitus
943 4618 1114 4675 Pilius
1141 4629 1357 4675 aeternae
1383 4616 1701 4691 nativitatis,
1734 4636 1791 4682 et
1820 4629 1988 4698 Spiri-

416 4719 503 4764 tus
546 4718 769 4764 sanctus
810 4719 1027 4765 aeternae
1059 4713 1425 4779 processionis
1464 4715 1755 4791 originem.
1796 4721 1987 4777 Unitas

417 4806 594 4853 autem
620 4800 909 4865 naturalis,
955 4809 1255 4856 creatorem
1284 4802 1481 4859 Filium
1518 4802 1585 4860 de
1613 4817 1863 4865 creatore
1891 4807 1989 4866 Pa-

414 4894 501 4940 tre
526 4887 760 4941 naturali
796 4888 1077 4943 nativitatc
1112 4891 1349 4945 insinuat
1377 4893 1651 4950 exstitisse
1678 4905 1736 4954 et
1778 4909 1987 4956 creato-

418 4992 531 5031 rem
548 4973 818 5047 Spiritum
847 4985 1091 5033 sanctum
1115 4980 1186 5034 de
1209 4979 1370 5037 Patre
1390 4981 1637 5052 Filioque
1656 4992 1980 5056 procedere.

554 5067 690 5121 Item
717 5066 854 5121 idem
882 5069 939 5121 in
981 5069 1113 5123 libro
1135 5069 1335 5124 decimo
1370 5072 1615 5141 ejusdem
1652 5081 1842 5148 operis.
1896 5080 1911 5091 ³

482 5155 705 5225 Expleta
732 5169 861 5210 vero
884 5156 1222 5213 wnfcssione
1238 5154 1387 5213 verae
1408 5162 1710 5221 divinitatis
1734 5172 1983 5240 veraeque

378 5244 762 5302 vhumanitatis
793 5246 936 5301 unici
966 5246 1087 5301 Filii
1118 5247 1241 5311 Dei,
1272 5248 1598 5306 conﬁtemur
1630 5268 1729 5311 nos
1759 5256 1981 5316 crede’t-e

362 5364 371 5369 .
412 5336 465 5392 ἢ,
494 5336 761 5408 spiritum
806 5348 1073 5403 saeuum,
1116 5339 1209 5409 qui
1249 5347 1503 5396 estanus
1545 5338 1767 5415 spiritus
1786 5350 1980 5405 Patris

410 5438 466 5482 et
488 5428 635 5493 Mi,
662 5429 742 5483 de
757 5428 920 5483 Patre
942 5425 1187 5498 Filioque
1210 5430 1536 5499 procedens,
1563 5435 1617 5488 in
1636 5435 1800 5493 Patre
1818 5438 1983 5495 Filio—

410 5519 858 5588 quensturaliter
883 5534 1127 5587 manens,
1157 5522 1223 5576 de
1248 5521 1410 5578 Patre
1444 5538 1513 5581 ac
1535 5525 1673 5583 Filio
1715 5528 1871 5586 unius
1901 5532 1983 5587 di-

410 5611 648 5669 vinitatis
684 5614 887 5671 habens
912 5614 1233 5671 naturaliter
1253 5617 1559 5674 veritatem.

2107 1837 2207 1891 dus
2242 1837 2332 1902 sit,
2360 1845 2611 1906 tanquam
2634 1838 2795 1894 Pater
2821 1848 2912 1905 aut
2935 1839 2976 1894 F
2978 1840 3104 1919 ilius
3128 1836 3561 1915 sacriﬁcantibus
3590 1842 3686 1896 de-

2105 1928 2193 2007 sit.
2227 1924 2407 1982 Primo
2438 1930 2619 1999 itaque
2659 1932 2968 1987 meminisse
3010 1918 3110 1988 nos
3137 1933 3411 2003 convenit,
3440 1931 3494 1987 in
3523 1931 3692 2003 huius

2104 2021 2369 2075 vocabulo
2411 2022 2714 2101 missionis,
2764 2038 2866 2079 nec
2916 2023 3225 2087 inferiorem
3265 2024 3434 2098 accipi
3481 2014 3688 2079 debere

2105 2111 2365 2181 Spiritum
2399 2121 2667 2179 sanctum,
2721 2129 2820 2169 nec
2859 2115 3161 2169 minorem:
3197 2115 3322 2183 quia
3372 2116 3417 2170 si
3478 2115 3685 2181 minor,

2102 2202 2289 2271 utique
2336 2201 2563 2273 inferior
2592 2219 2608 2256 :
2645 2212 2698 2257 ct
2732 2203 2777 2257 si
2812 2204 3058 2270 inferior,
3091 2202 3274 2277 utique
3318 2207 3513 2279 minor.
3564 2205 3687 2262 Hoc

2104 2298 2286 2344 autem
2333 2292 2772 2368 praemonuimus,
2823 2292 3059 2349 scientes
3102 2294 3168 2349 ab
3197 2295 3465 2351 haereticis
3515 2312 3688 2368 quam

2104 2382 2336 2434 maxime
2368 2380 2487 2466 ﬁdei
2506 2365 2723 2436 postne
2759 2382 3073 2454 frequenter
3099 2385 3389 2466 obiectum,
3419 2365 3664 2445 ideo‘san

2103 2482 2246 2531 ctum
2277 2458 2539 2533 minorem
2577 2476 2905 2533 credendum
2941 2477 3101 2548 Patre
3130 2458 3193 2543 ac
3220 2480 3383 2548 Filio,
3411 2466 3539 2557 quia
3565 2491 3619 2549 et
3648 2497 3684 2537 ε

2102 2564 2264 2621 Patre
2300 2566 2496 2622 missus
2538 2575 2622 2629 est
2663 2575 2719 2624 et
2744 2583 2775 2625 a
2806 2569 2959 2624 Filio.
3009 2569 3181 2635 Porro
3209 2572 3480 2628 autemcsi
3509 2574 3687 2629 misso

2102 2656 2321 2720 mittens
2364 2657 2541 2727 potior
2582 2665 2666 2712 est
2706 2659 3038 2726 credendus,
3089 2670 3414 2732 cognoscent
3463 2663 3516 2719 in
3542 2663 3688 2743 yboc

2102 2762 2253 2801 suam
2280 2742 2524 2819 convinci
2546 2747 2858 2818 perﬁdiam,
2890 2751 3014 2821 quia
3047 2750 3186 2806 sicut
3213 2767 3243 2806 a
3272 2752 3433 2808 Patre
3462 2762 3514 2807 et
3535 2742 3685 2809 Filio

2102 2838 2298 2905 missus
2332 2838 2526 2911 legitur
2565 2828 2805 2908 Spiritus
2829 2851 3068 2907 sanctus,
3095 2843 3173 2897 sic
3197 2859 3228 2896 a
3261 2843 3423 2915 Patre
3454 2851 3507 2896 et
3546 2842 3680 2913 Spi—

2054 2920 2059 2925 ’
2101 2927 2209 2980 ritu
2233 2925 2432 2981 missus
2467 2927 2738 2993 invenitur
2766 2938 2821 2983 et
2849 2928 3038 2987 Filius.
3071 2929 3222 2997 Quod
3251 2932 3362 3006 ipse
3401 2932 3573 2988 Filius
3612 2943 3681 2989 et

2024 3054 2068 3116 Ο
2094 3030 2197 3086 per
2221 3016 2538 3089 prophetam
2564 3019 2734 3074 multo
2767 3028 3053 3093 antequam
3084 3024 3390 3078 mitteretur
3428 3024 3589 3091 dixit,
3615 3035 3683 3080 et

2096 3117 2383 3178 postquam
2414 3110 2614 3167 missns
2649 3119 2735 3166 est
2759 3113 2978 3182 propria
3008 3113 3389 3183 testiﬁcatione
3416 3114 3681 3183 firmavit.

2052 3196 2055 3199 ’
2098 3200 2234 3255 Nam
2261 3201 2482 3256 veniens
2513 3201 2567 3255 in
2608 3200 2897 3268 Nazaretb,
2928 3211 2983 3258 et
3016 3220 3339 3277 synagogam
3376 3206 3678 3279 ingressus,

2044 3338 2063 3379 ,ι
2098 3303 2220 3343 cum
2258 3290 2456 3344 tradito
2486 3290 2586 3344 sibi
2616 3290 2681 3344 ad
2714 3292 2995 3361 legendum
3028 3295 3169 3352 libro
3200 3296 3351 3353 lsaize
3373 3299 3680 3368 prophetae,

2098 3377 2247 3433 illum
2281 3378 2456 3434 locum
2484 3380 2812 3449 revolveret,
2849 3383 2937 3439 ubi
2969 3385 3230 3455 scriptum
3258 3395 3344 3442 est
3382 3406 3396 3441 :
3440 3387 3682 3459 Spiritus

2095 3467 2307 3524 Domini
2329 3485 2484 3541 super
2503 3488 2582 3524 me
2599 3511 2615 3536 ,
2633 3482 2844 3544 propter
2864 3475 3002 3544 quod
3025 3477 3174 3530 unxit
3196 3493 3295 3542 me,
3315 3478 3682 3548 evangelium

2093 3560 2407 3630 pauperibus
2435 3560 2576 3639 misit
2599 3578 2679 3615 me
2710 3561 2861 3639 (Luc.
2894 3579 2969 3629 tv,
3008 3564 3105 3632 18;
3138 3564 3271 3621 Isai.
3303 3583 3414 3635 LXI,
3450 3568 3527 3639 1),
3553 3570 3682 3625 red-

2096 3643 2208 3703 dito
2247 3636 2537 3712 volumine,
2578 3636 2862 3704 veritatem
2897 3652 3189 3723 prepbctiaa
3232 3653 3374 3711 illius
3411 3636 3676 3726 priescnti

2096 3736 2324 3791 testatus
2355 3744 2438 3791 est
2482 3737 2693 3804 cll‘ectu,
2746 3742 3065 3810 completam
3112 3745 3315 3809 dicens,
3359 3742 3530 3801 Hodie
3572 3747 3679 3803 im-

2093 3822 2233 3893 pleta
2255 3835 2330 3876 est
2354 3824 2465 3877 lucc
2485 3826 2745 3897 scriptura
2767 3829 2822 3882 in
2836 3831 3050 3885 auribus
3069 3824 3248 3887 vestris
3271 3833 3420 3903 (Luc.
3445 3851 3521 3900 tv,
3547 3834 3673 3908 Ἦ).

2094 3908 2205 3966 Sed
2231 3908 2415 3966 etalio
2442 3912 2681 3981 ejusdem
2710 3917 2985 3986 prophetae
3007 3919 3144 3985 loco,
3176 3936 3208 3975 a
3228 3918 3473 3988 Domino,
3500 3933 3676 3995 atque

2095 4004 2163 4059 ab
2203 4002 2319 4073 ejus
2359 4020 2417 4059 se
2465 4006 2654 4074 spiritu
2701 4022 2760 4062 se
2787 4009 3009 4063 missum
3049 4010 3132 4066 bis
3176 4013 3353 4068 verbis
3384 4016 3621 4070 ostendit
3653 4036 3670 4070 :

2093 4094 2163 4149 Et
2192 4112 2330 4150 nunc
2368 4096 2621 4153 Dominus
2660 4100 2801 4153 misit
2827 4117 2941 4166 me,
2988 4112 3035 4155 et
3079 4105 3294 4174 spiritus
3338 4107 3453 4177 ejus
3499 4105 3663 4171 (lsai.

2097 4194 2264 4236 xnvm
2289 4223 2304 4246 ,
2335 4182 2445 4253 16).
2493 4182 2539 4236 A
2564 4197 2621 4238 se
2656 4199 2868 4254 quoque
2906 4196 3147 4242 sanctum
3188 4186 3444 4260 Spiritum
3493 4194 3667 4259 mitti,

2093 4268 2369 4339 discipulis
2405 4278 2530 4325 ante
2568 4271 2870 4341 passionem
2904 4270 3054 4330 suam
3087 4278 3189 4333 hoc
3222 4266 3381 4335 modo
3417 4297 3668 4351 pronun-

2011 4375 2066 4435 Ι)
2091 4359 2189 4413 tiat
2224 4378 2235 4412 :
2261 4356 2392 4412 Cum
2411 4370 2583 4414 autem
2605 4363 2796 4415 venerit
2820 4361 3147 4432 Parua/etus,
3174 4384 3325 4438 quem
3342 4388 3434 4441 ego
3454 4368 3667 4429 mittant

2092 4451 2232 4505 vobis
2257 4452 2498 4521 spiritum
2533 4453 2782 4519 veritatis,
2809 4454 2898 4525 qui
2931 4471 2963 4509 a
2994 4452 3154 4512 Patre
3174 4461 3404 4528 procedit
3425 4502 3442 4527 ,
3470 4463 3560 4516 ille
3586 4476 3670 4520 te-

2090 4542 2392 4595 stimonium
2415 4536 2697 4612 perhibebit
2722 4544 2786 4598 de
2810 4561 2889 4599 me
2925 4545 3107 4618 (Joan.
3132 4564 3220 4614 xv,
3250 4548 3362 4620 26).
3399 4550 3669 4620 Superius

2092 4638 2267 4682 autem
2300 4629 2547 4683 eumdem
2576 4631 2823 4702 spiritum
2850 4636 3012 4689 etiam
3042 4649 3071 4689 a
3102 4637 3263 4693 Patre
3290 4640 3432 4694 mitti
3461 4628 3665 4699 decue-

2089 4732 2207 4788 rat,
2259 4720 2566 4779 Paracletus
2600 4735 2775 4780 autem
2799 4768 2814 4794 ,
2864 4729 3131 4797 inquiens,
3175 4730 3405 4800 Spiritus
3444 4738 3663 4790 sanctus

2089 4828 2237 4885 quem
2259 4815 2421 4868 mittet
2453 4816 2615 4871 Pater
2634 4810 2687 4872 in
2710 4822 2913 4875 nomine
2941 4839 3073 4888 meo,
3096 4822 3185 4876 ille
3207 4840 3295 4879 vos
3317 4822 3520 4881 docebit
3545 4846 3664 4883 om-

2092 4903 2180 4955 nia
2210 4901 2399 4973 (Ioan‘.
2423 4920 2535 4986 xlv,
2560 4906 2671 4978 26).
2701 4908 2741 4963 Α
2776 4907 2941 4965 Patre
2967 4925 3096 4981 ergo
3123 4919 3177 4966 et
3208 4914 3275 4969 ab
3300 4912 3500 4986 Spifiiu
3525 4917 3663 4976 mis-

2091 5006 2182 5046 sus
2211 5000 2293 5047 est
2316 4984 2489 5050 Filius
2510 5037 2524 5060 ,
2559 5005 2612 5051 et
2645 5014 2674 5051 a
2709 5000 2869 5056 Patre
2896 5010 2951 5056 et
2980 5002 3116 5058 Filio
3147 4984 3447 5063 missus'est
3484 5004 3661 5087 Spiri-

2094 5088 2196 5136 tus.
2234 5082 2611 5140 Verumtamen
2651 5088 2898 5146 nec‘Filii
2931 5097 3031 5147 nec
3067 5092 3301 5163 Spiritus
3325 5086 3499 5152 sancti
3526 5082 3660 5155 mis-

2086 5170 2292 5225 sionem
2328 5172 2576 5229 localiter
2600 5175 2794 5231 factam
2826 5180 3108 5250 Quisquam
3131 5181 3291 5239 debet
3318 5180 3657 5243 Christianus

2082 5263 2323 5332 accipere
2347 5265 2481 5320 :sed
2501 5264 2593 5321 illo
2614 5268 2882 5324 missionis
2902 5264 3120 5327 nomine
3139 5289 3274 5343 opus
3294 5274 3659 5348 intelligamus

2083 5354 2790 5412 manifestationisindultayl
2832 5358 2922 5415 Sic
2950 5354 3094 5415 enim
3118 5374 3224 5417 non
3253 5361 3496 5418 localiter
3518 5362 3654 5421 mis-

2060 5444 2173 5497 "sus
2196 5446 2280 5499 est
2299 5444 2489 5513 Filius,
2514 5446 2627 5503 nec'
2642 5447 2884 5505 localiter
2900 5444 3131 5506 mittitur
3153 5452 3386 5522 Spiritus
3408 5446 3652 5521 sanctus,

2081 5532 2219 5587 sicut
2247 5535 2363 5592 ‘nec
2400 5536 2569 5608 ipsius
2592 5534 2771 5596 Patris
2791 5550 2873 5597 est
2910 5552 3178 5613 quoquam
3222 5542 3405 5603 loculis
3446 5544 3653 5603 advert-

2082 5631 2187 5679 tus.
