3998 6182
369 336 446 390 ὐ
458 337 480 392 ι

1387 307 1778 369 TllEODULl-‘l
1816 301 2369 360 AURELIANENSIS
2405 302 2616 360 EPISC.

3535 304 3640 358 '17:!

381 460 654 516 utcunque
689 439 898 502 valeat,
931 434 1126 491 nostris
1171 428 1414 486 sensibus
1447 431 1711 493 temperat
1742 441 1752 474 :
1787 420 1948 504 vehe~
1979 422 2026 478 Α
2054 434 2182 472 vero
2232 430 2451 473 sanctus
2504 413 2841 516 procedendo
2896 429 3002 469 non
3049 403 3642 516 uagitum-“quomodo

383 501 729 604 iuens,.quia
765 524 1158 600 quantumlibet
1198 521 1336 574 hanc
1386 520 1669 604 temperet,
1718 501 1951 604 adventu

380 599 565 684 tamen
586 599 683 681 suo
706 599 1033 677 infirmitatis
1055 621 1254 667 nostrze
1281 607 1577 661 e'ecitatem
1602 599 1954 656 illuminanda

377 717 679 790 perturbat.

384 777 623 885 'lsidom;
660 828 714 880 ίη
754 820 886 872 libro
926 818 1140 885 septimo
1187 808 1639 886 Igtymologigrum
1690 801 1826 873 (εαρο
1852 802 1952 886 ,ἢν
1997 777 2003 784 ,

450 872 848 980 :Spiritus
881 872 1093 939 sanctus
1125 901 1157 935 a
1199 872 1360 933 Patre
1406 872 1647 945 Filioque
1674 872 1952 942 procedat,

381 1013 388 1024 .
439 1005 444 1008 -
484 972 495 982 '
597 968 706 1019 iit.

449 967 681 1128 Spiritus
725 1060 947 1108 sanctus
974 1048 1096 1102 ideo
1143 1041 1468 1114 praedicatur
1499 1037 1675 1128 licus,
1723 1034 1850 1128 quia
1889 1047 1954 1085 ex

357 1152 364 1194 .’
381 1122 537 1200 Patre
571 1143 815 1211 Filioque
849 1135 1095 1208 procedit
1136 1151 1150 1186 :
1199 1131 1322 1185 ideo
1359 1142 1466 1181 non
1495 1125 1694 1180 dicitur
1722 1122 1951 1192 genitus,

381 1608 482 1647 non
518 1589 732 1661 potestis
767 1595 978 1656 portare
1005 1581 1159 1635 modo
1187 1576 1364 1650 [Apud
1393 1573 1544 1636 lsid.,
1573 1569 1850 1661 qu‘az‘vobis
1882 1565 1959 1661 lo-

383 1656 562 1751 quar,
619 1677 708 1732 sed
761 1692 864 1730 non
901 1671 1112 1744 potestis
1163 1667 1254 1721 illa
1296 1663 1448 1718 modo
1477 1657 1728 1751 audire].
1780 1656 1958 1751 Veniet

381 1747 554 1823 autem
595 1765 808 1836 spiritus
846 1759 1076 1816 ven'tatis
1100 1757 1189 1827 qui
1217 1773 1249 1808 a
1285 1751 1448 1806 Patre
1497 1747 1763 1820 procedit,

381 1877 494 1914 meo
525 1835 769 1928 accipiet,
800 1853 886 1908 ille
914 1851 1115 1905 docebit
1138 1865 1228 1902 eos
1268 1845 1443 1899 omnia
1479 1843 1662 1915 (Joan.
1696 1854 1813 1901 χχι,
1848 1835 1956 1908 12).
2013 1863 2016 1867 -

385 1951 480 2004 Hic
509 1956 688 2002 autem
735 1945 851 1999 non'
884 1942 1058 1998 solum
1089 1945 1280 1992 natura
1307 1933 1549 2004 procedit
1569 1973 1584 1997 ,
1615 1931 1710 1985 sed
1750 1940 1962 1997 semper

382 2041 450 2095 ad
483 2035 787 2109 peragenda
820 2030 1122 2088 divinitatis
1158 2042 1324 2099 Opera
1369 2019 1736 2079 indesinenter
1776 2026 1961 2090 proce-

380 2133 475 2186 dit.
508 2129 621 2184 Hoc
657 2135 839 2182 autem
868 2124 1096 2178 interest
1131 2120 1274 2173 inter
1311 2121 1624 2170 nascentem
1660 2109 1878 2172 Filium,
1907 2114 1962 2160 et

379 2221 759 2291 procedentem
806 2213 1070 2284 Spiritum
1095 2216 1364 2270 sanctum,
1392 2203 1535 2274 quod
1562 2200 1732 2256 Filius
1755 2213 1821 2291 es
1853 2211 1962 2291 uno

381 2285 649 2373 nascitur,
693 2306 932 2376 Spiritus
977 2309 1198 2358 sanctus
1239 2311 1305 2350 ex
1343 2303 1572 2364 Utroque
1604 2288 1868 2361 procedit.
1896 2285 1964 2338 Et

381 2405 502 2458 ideo
533 2401 663 2456 dicit
688 2395 977 2468 Apostolus
999 2433 1014 2458 ,
1044 2391 1147 2456 Qui
1169 2398 1345 2443 autem
1375 2385 1616 2456 spiritum
1636 2379 1834 2436 Christi
1859 2395 1962 2433 non

382 2491 563 2553 habet,
593 2489 676 2542 hic
709 2501 814 2540 non
846 2493 920 2538 est
945 2483 1058 2552 ejus
1081 2479 1252 2550 (Rom.
1281 2491 1398 2538 vm,
1425 2474 1503 2546 9).

481 2599 612 2653 Item
644 2597 779 2651 idem
803 2595 858 2648 in
878 2592 1056 2647 eodem
1081 2606 1233 2661 opere
1258 2586 1394 2659 (cap.
1417 2585 1494 2658 4),
1529 2594 1643 2656 post
1676 2600 1866 2656 pauca.

329 2717 334 2721 ’
450 2714 612 2768 Pater
643 2710 808 2782 igitur
827 2716 883 2762 et
919 2704 1088 2760 Filius
1117 2711 1174 2757 et
1212 2701 1446 2771 Spiritus
1473 2706 1695 2753 sanctus
1725 2694 1963 2752 Trinitas

382 2813 436 2858 et
463 2803 660 2858 unitas.
690 2800 834 2855 ldem
864 2797 1007 2852 enim
1033 2807 1222 2858 unum,
1260 2791 1404 2846 idem
1433 2797 1486 2845 et
1512 2790 1614 2844 tria
1642 2808 1654 2840 :
1689 2787 1742 2841 in
1768 2793 1962 2840 natura

383 2909 571 2957 unum,
608 2892 663 2947 in
711 2885 956 2960 personis
984 2887 1090 2940 tria
1126 2903 1138 2937 :
1174 2897 1341 2938 unum
1369 2882 1610 2950 ‘propter
1657 2875 1963 2946 maiestatis

382 2982 816 3039 communionem
837 3021 850 3044 ,
891 2978 993 3032 tria
1025 2982 1248 3046 propter
1275 2983 1628 3042 personarum
1655 2966 1962 3037 proprieta-

2057 511 2214 564 Pater
2239 525 2514 578 nunquam
2541 507 2660 562 sine
2689 502 2846 567 Filio,
2879 514 2933 558 et
2959 513 3139 558 tamen
3166 505 3283 558 sine
3316 504 3454 560 Filio
3479 504 3640 560 Pater

2056 601 2240 670 genuit
2280 599 2507 664 Filium;
2548 596 2819 668 quomodo
2855 594 3024 648 Filius
3059 609 3334 664 nunquam
3361 595 3482 650 sine
3520 595 3641 664 Spi-

2058 690 2184 754 ritu,
2211 698 2266 743 et
2299 697 2477 743 tamen
2512 688 2588 740 ait
2618 704 2630 738 :
2660 685 2781 740 Nisi
2819 702 2911 754 ego
2951 685 3126 738 abiero
3151 726 3167 750 ,
3210 685 3509 754 paracletus
3537 704 3642 741 non

2057 779 2216 832 veniet
2244 777 2314 831 ad
2343 794 2430 832 vos
2455 777 2634 847 (Joan.
2671 793 2782 841 xvi,
2808 776 2883 847 7).
2924 767 3203 841 Quomodo
3235 775 3406 832 Filius
3435 794 3543 832 non
3573 779 3642 834 de

2057 886 2144 933 se,
2185 871 2278 924 sed
2317 870 2382 924 de
2409 869 2569 922 Patre
2593 877 2697 934 est,
2739 884 2843 922 uec
2871 876 3051 921 tamen
3082 868 3133 922 ei
3160 877 3243 922 est
3267 869 3541 938 posterior
3575 869 3642 924 de

2057 977 2164 1030 quo
2191 970 2306 1025 est;
2337 960 2606 1029 quomodo
2635 958 2870 1028 Spiritus
2896 966 3114 1012 sanctus
3153 958 3216 1012 de
3255 957 3419 1011 Patre
3446 973 3643 1026 proce-

2058 1051 2138 1104 dit
2177 1059 2230 1104 et
2257 1049 2414 1115 Filio,
2452 1064 2552 1102 nec
2585 1056 2766 1102 tamen
2800 1048 2867 1101 ab
2889 1047 2968 1100 eis
2997 1046 3353 1116 praeceditur,
3386 1061 3416 1099 a
3444 1047 3642 1117 quibus

2002 1139 2014 1192 ζ
2056 1139 2337 1209 procedit;
2376 1138 2643 1207 quomodo
2686 1137 2786 1189 tria
2825 1151 2988 1189 unum
3017 1145 3180 1200 sunt,
3223 1145 3277 1190 et
3305 1152 3470 1190 unum
3501 1136 3640 1201 tria;

379 1251 445 1290 ne
470 1237 575 1291 duo
603 1234 658 1288 in
684 1231 952 1286 Trinitatc
989 1225 1085 1278 ﬁlii
1115 1221 1452 1290 suspicentur
1487 1235 1499 1269 :
1532 1215 1654 1270 ideo
1678 1227 1786 1266 non
1815 1226 1953 1280 prte-
2007 1223 2010 1225 λ

377 1327 591 1381 dicatur
621 1321 926 1393 ingenitus,
971 1331 1041 1370 ne
1066 1315 1173 1367 duo
1206 1319 1392 1380 patres
1433 1309 1487 1360 in
1528 1307 1642 1375 ipsa
1691 1303 1957 1393 Trinitate
2005 1311 2009 1316 '

381 1391 702 1473 credantur;
735 1409 1044 1466 Procedens
1073 1413 1253 1458 autem
1290 1401 1488 1455 dicitur
1511 1394 1819 1450 testimonio
1847 1391 1956 1446 Do-
2007 1415 2010 1417 λ

379 1501 512 1557 ιιιἰηὶ
548 1496 811 1562 dicentis,
843 1492 1015 1546 Multa
1051 1491 1224 1543 adhuc
1259 1486 1422 1540 habeo
1460 1482 1599 1537 vobis
1629 1480 1820 1542 dicere,
1865 1475 1956 1531 sed
2009 1477 2012 1481 ’

2057 1230 2325 1298 quomodo
2350 1228 2418 1281 ad
2445 1243 2502 1281 se
2543 1226 2770 1280 invicem
2799 1225 3020 1279 relative
3049 1225 3148 1278 tria
3181 1233 3340 1289 sunt,
3369 1225 3635 1280 essentia-

2058 1321 2182 1375 liter
2207 1335 2371 1374 unum
2401 1327 2558 1383 sunt;
2589 1319 2712 1386 quis
2735 1319 2834 1371 ista
2861 1317 3183 1379 consideret,
3215 1319 3338 1386 quis
3362 1318 3466 1371 ista
3489 1334 3641 1371 com-

2058 1412 2388 1482 prehendat;
2422 1411 2465 1465 si
2509 1410 2653 1462 enim
2696 1409 2944 1462 humanm
2989 1407 3290 1461 nativitatis
3333 1407 3535 1462 Christi
3561 1423 3649 1462 se-

2058 1515 2206 1560 creta
2234 1520 2338 1559 non
2364 1502 2623 1572 capimus,
2643 1499 2836 1554 divinae
2858 1509 3062 1554 natura:
3083 1499 3342 1569 mysteria
3371 1501 3646 1569 quomodo

2060 1596 2372 1666 capiemus?

1795 1756 1844 1799 ετ
1896 1744 1959 1796 de
1988 1760 2036 1820 Β
2113 1729 2246 1785 Item
2274 1731 2412 1784 idem
2439 1731 2492 1782 in
2518 1728 2650 1782 libro
2677 1727 3068 1784 Sententiarum
3090 1727 3230 1799 (Lib.
3263 1743 3308 1794 ι,
3335 1745 3450 1799 cap.
3477 1727 3591 1799 l7.)

2136 1860 2370 1931 Spiritus
2410 1869 2632 1916 sanctus
2668 1868 2878 1914 creator
2917 1867 3032 1926 est,
3069 1861 3209 1915 sicut
3247 1860 3409 1916 Pater
3431 1871 3486 1916 et
3513 1863 3651 1918 Ver-

2061 1951 2209 2016 bum,
2239 1960 2472 2005 testante
2499 1951 2786 2021 propheta,
2818 1948 3044 2021 Spiritus
3070 1948 3284 2004 Domini
3317 1951 3436 2020 fecit
3471 1970 3575 2018 me,
3596 1964 3648 2007 et

2061 2041 2436 2113 inspiraculum
2467 2040 2656 2113 [Edit.,
2685 2039 3030 2112 spiraculum]
3048 2041 3412 2112 omnipotentis
3425 2043 3651 2111 viri/ica-

2061 2134 2132 2185 vit
2163 2148 2244 2185 me
2266 2130 2390 2202 (Job
2418 2146 2613 2195 χχχιιι,
2636 2130 2712 2200 4).
2739 2129 2974 2200 Spiritus
2996 2122 3214 2186 sanetus
3241 2130 3419 2186 Patris
3444 2142 3498 2186 et
3520 2131 3649 2185 Filii

2061 2229 2164 2285 est,
2209 2230 2260 2275 et
2303 2221 2428 2275 inde
2465 2235 2634 2274 unum
2674 2229 2800 2273 sunt
2840 2217 3001 2272 Pater
3028 2227 3084 2273 et
3111 2219 3298 2284 Filius,
3343 2220 3468 2289 quia
3508 2221 3648 2274 nihil

2065 2312 2226 2366 habet
2255 2312 2418 2367 Pater
2442 2313 2585 2383 quod
2616 2328 2721 2366 non
2753 2312 2952 2366 habeat
2988 2311 3176 2366 Filius.
3220 2313 3336 2367 Non
3367 2314 3512 2374 enim
3555 2329 3651 2369 res

2064 2421 2169 2459 una
2198 2415 2252 2459 et
2283 2405 2510 2460 duorum
2553 2403 3034 2460 consubstantialis
3060 2405 3259 2475 poterit
3286 2405 3448 2460 simul
3473 2407 3540 2461 ab
3562 2407 3648 2460 eis

2063 2497 2354 2567 procedere
2389 2506 2444 2550 et
2471 2497 2631 2552 simul
2661 2489 2836 2552 inesse
2860 2536 2874 2562 ,
2904 2497 3012 2552 nisi
3039 2513 3208 2551 unum
3237 2497 3442 2554 fuerint
3469 2497 3644 2571 [Edit.

2062 2588 2246 2660 fuerit]
2273 2605 2301 2642 a
2327 2589 2524 2658 quibus
2551 2589 2810 2659 procedit.

2062 2720 2293 2792 Prosper
2313 2723 2368 2776 in
2397 2722 2527 2776 libro
2552 2722 2616 2776 de
2655 2721 2769 2776 Vita
2811 2724 3209 2844 contemplativa
3254 2723 3392 2794 (Lib.
3442 2740 3482 2789 t,
3522 2742 3646 2794 cap.

2137 2793 2246 2844 l8).
2274 2793 2414 2844 auod
2461 2791 2690 2844 Spiritus
2713 2803 2924 2844 sanctus
2955 2811 2986 2844 a
3058 2804 3172 2844 atre
3205 2804 3254 2844 et
3291 2793 3434 2844 Filio
3465 2811 3646 2844 Drace-

2137 2791 2246 2862 18),
2274 2793 2414 2862 quod
2461 2791 2690 2862 Spiritus
2713 2803 2924 2846 sanctus
2955 2811 2986 2846 a
3009 2791 3172 2846 Patre
3205 2791 3271 2847 et'
3291 2793 3434 2848 Filio
3464 2791 3651 2865 proce-

2133 2862 2244 2925 dat,
2275 2863 2350 2914 sic
2375 2861 2550 2915 docet.
2841 2879 2844 2882 ’
2921 2894 2925 2898 -
2963 2923 2968 2925 _

2135 3000 2203 3053 At
2252 3013 2374 3053 cum
2411 2988 2527 3053 non
2587 2998 2762 3053 solum
2815 3000 3112 3056 secundum
3176 3001 3494 3070 Apostolum
3545 3017 3654 3060 nos

372 3083 514 3128 1cm.
547 3068 682 3126 Nam
722 3069 858 3164 alius
890 3067 1077 3164 Pater,
1104 3064 1255 3164 alius
1285 3061 1495 3164 Filius“,
1535 3058 1698 3164 alius
1729 3055 1963 3164 Spiritus
1983 3100 2034 3164 Ο
2065 3097 2313 3158 omnem
2359 3087 2587 3143 formam
2627 3089 2872 3157 pmbere
2912 3088 3181 3155 meum“,

383 3175 605 3221 sanctus
637 3183 650 3218 :
682 3163 789 3219 Sed
815 3163 950 3218 alius
989 3161 1230 3231 quidem,
1259 3174 1367 3214 non
1404 3155 1574 3221 aliud,
1609 3155 1736 3224 quia
1759 3153 1963 3222 pariter

385 3258 636 3329 simplex,
661 3257 970 3328 pariterque
993 3250 1432 3309 incommutabile
1451 3248 1651 3303 bonum
1675 3254 1730 3301 et
1749 3252 1966 3300 coaeter-

384 3364 530 3402 num.
563 3347 726 3402 Pater
754 3346 898 3401 solus
923 3359 1028 3399 non
1060 3352 1143 3398 est
1186 3343 1252 3397 de
1291 3341 1419 3406 alio,
1460 3340 1580 3395 ideo
1611 3338 1757 3394 solus
1783 3333 1964 3406 appel-

383 3440 526 3495 latur
576 3439 848 3511 ingenitus
882 3457 894 3492 :
927 3437 1096 3493 Filius
1142 3435 1290 3491 solus
1329 3433 1396 3489 de
1441 3432 1604 3488 Patre
1651 3441 1735 3488 est
1783 3439 1960 3491 natus,

321 3560 330 3570 -
385 3531 506 3586 ideo
536 3529 684 3585 solus
725 3530 921 3584 dicitur
963 3528 1176 3596 genitus
1212 3544 1225 3578 :
1268 3525 1504 3594 Spiritus
1558 3532 1778 3579 sanctus
1819 3521 1966 3578 solus

388 3623 454 3676 de
478 3619 640 3674 Patre
667 3628 721 3674 et
747 3618 882 3673 Filio
904 3617 1166 3687 procedit,
1204 3617 1324 3670 ideo
1349 3615 1498 3669 solus
1527 3613 1810 3668 amborum
1832 3627 1966 3665 nun-

387 3720 620 3782 cupatur
657 3710 912 3779 Spiritus.

394 3819 532 3874 Item
574 3819 713 3873 idem
745 3819 801 3870 in
835 3816 966 3870 libro
1001 3815 1429 3883 Differentiarum
1460 3810 1598 3881 (Lib.
1635 3825 1697 3876 ll,
1737 3827 1854 3881 cap.
1886 3810 1961 3882 5).

465 3920 490 3947 ι
521 3907 666 3960 Inter
688 3915 977 3974 personam
1005 3903 1181 3958 Patris
1214 3911 1271 3956 et
1294 3901 1415 3956 Filii
1445 3909 1500 3955 et
1527 3899 1762 3970 Spiritus
1792 3903 1963 3956 sancti

385 3999 466 4051 ita
508 3994 834 4058 secernitur,
859 3993 1001 4062 quod
1033 3992 1195 4048 Pater
1221 4007 1321 4046 nec
1345 3991 1521 4046 factus
1555 4005 1655 4046 nec
1680 3997 1838 4045 natus
1861 4001 1962 4054 est,

358 4084 558 4139 'Filius
596 4091 756 4138 natus
785 4098 891 4138 non
918 4082 1114 4148 Iactus,
1152 4081 1386 4153 Spiritus
1419 4097 1543 4137 vero
1577 4091 1831 4145 sanctus,
1865 4096 1966 4135 nec

389 4188 568 4243 natus,
622 4192 724 4232 nec
774 4175 990 4240 factus,
1039 4175 1133 4230 sed
1157 4189 1226 4228 ex
1273 4174 1434 4230 Patre
1481 4174 1726 4245 Filioque
1775 4190 1966 4245 proce—

390 4273 543 4328 dens.
581 4269 816 4324 Proinde
843 4265 1006 4322 Pater
1032 4266 1386 4321 aeternitatem
1428 4267 1590 4322 habet
1624 4268 1742 4322 sine
1767 4267 1963 4321 nativi-

391 4372 540 4428 tate,
590 4360 760 4417 Fines
792 4359 1132 4414 nativitatem
1177 4373 1300 4413 cum
1331 4359 1638 4414 aeternitate
1666 4399 1681 4424 ,
1732 4357 1968 4428 Spiritus

2064 3179 2209 3248 ipsos
2231 3169 2440 3243 ﬁdeles,
2454 3179 2546 3248 qui
2574 3179 2732 3234 nobis
2756 3179 3014 3235 divinitus
3036 3181 3349 3235 instituendi
3367 3183 3656 3238 commissi

2064 3281 2225 3336 sunt,
2259 3272 2528 3326 instruere
2558 3272 2852 3326 debeamus
2881 3273 2947 3327 de
2972 3272 3165 3340 Patre,
3202 3277 3474 3344 quomodo
3499 3277 3657 3334 solus

2065 3362 2364 3432 accipiatur
2404 3362 2695 3432 ingenitus,
2735 3363 2801 3418 de
2827 3363 2987 3428 Filio,
3019 3369 3293 3433 quomodo
3323 3368 3471 3423 solus
3497 3369 3656 3423 dica-

2064 3463 2154 3510 tur
2179 3455 2389 3525 genitus
2418 3454 2587 3527 [Edit.
2610 3495 2624 3519 ,
2655 3455 2924 3524 quomodo
2948 3470 3014 3510 ex
3047 3457 3166 3526 ipso
3193 3458 3264 3512 sit
3301 3459 3560 3531 genitus],
3592 3472 3658 3516 et
3769 3458 3776 3465 ’

2064 3545 2132 3599 de
2161 3543 2368 3614 Spiritu
2397 3553 2586 3599 sancto
2611 3584 2626 3608 ,
2655 3545 2924 3613 quomodo
2964 3559 3028 3599 ex
3077 3544 3240 3600 Patre
3269 3563 3332 3600 ac
3359 3547 3498 3602 Filio
3523 3565 3660 3619 pro-

2033 3697 2036 3701 _
2065 3635 2285 3699 cedens,
2312 3649 2412 3689 nec
2444 3634 2716 3703 ingenitus
2745 3635 2918 3703 possit
2945 3635 3050 3690 dici
3081 3652 3182 3690 nec
3210 3639 3445 3707 genitus,
3474 3641 3658 3708 quali-

2066 3734 2151 3779 ter
2176 3726 2280 3779 ista
2308 3725 2413 3779 tria
2436 3740 2604 3778 unum
2633 3733 2778 3789 sunt,
2805 3734 2861 3779 et
2889 3727 2992 3781 hoc
3014 3741 3184 3780 unum
3215 3742 3322 3782 non
3353 3729 3652 3796 dividatur,

2064 3818 2158 3873 sed
2193 3817 2556 3886 distinguatur
2595 3817 2652 3870 in
2697 3817 2837 3881 tria;
2873 3818 3324 3886 quemadmodum
3354 3835 3456 3875 nec
3488 3819 3657 3875 Pater

2064 3924 2165 3964 nec
2188 3908 2425 3979 Spiritus
2447 3916 2688 3973 sanctus,
2723 3909 2818 3964 sed
2850 3909 2999 3962 solus
3031 3909 3198 3963 Filius
3235 3910 3301 3964 de
3331 3910 3448 3965 solo
3486 3910 3657 3968 Patre

2065 3997 2409 4054 inetl'abiliter
2431 4006 2591 4052 natus
2611 4037 2626 4062 ,
2673 3997 2948 4052 hominem
2977 4005 3146 4051 totum
3185 3997 3302 4052 sine
3331 3997 3438 4052 ulla
3470 4007 3656 4053 muta-

2066 4089 2212 4144 tione
2237 4088 2554 4143 substantiae
2579 4103 2692 4143 suae
2720 4087 3041 4157 susceperit,
3077 4102 3143 4142 ac
3169 4102 3228 4142 se
3258 4087 3426 4142 Deum
3450 4098 3507 4142 et
3544 4089 3653 4144 bo-

2063 4179 2267 4234 minem
2292 4193 2476 4233 verum
2516 4194 2616 4249 per
2641 4179 2868 4233 virtutes
2896 4179 3285 4248 passionesque
3311 4181 3652 4248 probaverit,

2065 4267 2447 4337 comprehendi
2479 4267 2809 4337 permiserit,
2846 4267 3021 4323 occidi
3060 4267 3314 4333 voluerit,
3359 4269 3522 4323 tertio
3559 4269 3654 4324 die

2065 4359 2442 4426 resurrexerit,
2467 4361 2524 4414 in
2543 4360 2713 4415 celos
2739 4360 3010 4428 homniem
3033 4360 3100 4414 de
3127 4361 3282 4414 nobis
3308 4368 3653 4429 assumptum

384 4427 531 4508 vero
551 4459 773 4508 sancta
797 4449 1198 4520 processionem
1227 4449 1345 4503 sine
1378 4449 1681 4503 nativitate.
1713 4427 1874 4503 Pater
1897 4461 1966 4501 ex
1989 4427 2046 4487 Ῑ)
2071 4464 2168 4504 sua
2214 4448 2412 4502 virtute
2459 4448 2738 4511 levaverit,
2782 4462 2894 4503 suae
2939 4449 3354 4504 resurrectionis
3398 4427 3652 4518 exemplo

386 4543 537 4598 nullo
563 4541 846 4597 exordium
879 4539 1047 4605 ducit,
1096 4539 1266 4593 Filius
1291 4554 1359 4592 ex
1405 4538 1570 4592 Patre
1593 4540 1857 4608 originem
1882 4553 1968 4592 su-

388 4634 509 4700 mit,
531 4632 765 4705 Spiritus
784 4645 914 4686 vero
938 4639 1159 4686 sanctus
1178 4644 1246 4683 ex
1258 4629 1422 4684 Patre
1442 4627 1687 4699 Filioque
1702 4627 1963 4698 procedit.

389 4723 516 4778 Haec
541 4732 724 4778 tamen
754 4736 787 4775 a
811 4720 968 4777 nobis
1011 4735 1131 4788 qua
1161 4719 1416 4774 dicuntur
1453 4720 1520 4775 de
1571 4719 1840 4773 Trinitate
1859 4757 1874 4782 ,
1907 4728 1967 4772 ut

387 4810 562 4882 (Betis.
591 4807 888 4882 utcunque]
909 4817 1088 4878 potest
1110 4807 1468 4879 intelligentia
1493 4809 1728 4862 humana
1748 4823 1959 4878 capere.

389 4898 527 4954 Nam
554 4896 676 4966 quis
719 4897 1065 4952 considerare
1099 4895 1331 4950 suﬁciat
1369 4895 1538 4965 ipsius
1575 4894 1857 4950 Trinitatis
1885 4897 1967 4950 in-

388 4999 546 5044 terna
573 4984 865 5058 mysteria]
888 4986 1160 5055 quomodo
1184 4983 1347 5040 Pater
1377 4991 1433 5038 et
1456 4982 1625 5038 Filius
1650 4992 1706 5038 et
1733 4982 1967 5054 Spiritus

388 5086 614 5136 sanctus
648 5083 762 5132 tres
796 5089 1040 5147 persona
1085 5083 1231 5140 sunt,
1269 5091 1374 5130 una
1419 5083 1646 5140 natura;
1697 5075 1967 5144 quomodo

388 5168 551 5224 Pater
575 5167 870 5238 ingenitus,
916 5164 1087 5221 Filius
1128 5167 1366 5238 genitus,
1408 5164 1654 5234 Spiritus
1689 5179 1818 5222 vero
1841 5182 1967 5224 san-

388 5271 510 5316 ctus
542 5273 644 5316 nec
672 5258 884 5330 genitus
926 5271 1028 5313 nec
1053 5257 1364 5328 ingenitus,
1411 5271 1510 5312 nec
1547 5267 1799 5313 creatura
1845 5275 1966 5315 esse

387 5350 658 5415 videatur,
701 5347 796 5404 sed
844 5348 1150 5412 increatus;
1199 5347 1470 5415 quomodo
1497 5345 1665 5402 Filius
1709 5347 1776 5402 de
1804 5347 1966 5404 Patre

389 5447 554 5494 natus
579 5447 687 5504 est,
714 5435 952 5506 Spiritus
978 5450 1110 5491 vero
1139 5443 1358 5491 sanctus
1395 5436 1461 5491 de
1494 5435 1656 5492 Patre
1699 5439 1962 5506 procedit,

390 5533 445 5577 et
477 5522 645 5592 Filio;
670 5523 940 5596 quomodo
955 5522 1130 5579 Filius
1156 5523 1425 5578 nascendo
1441 5524 1702 5594 procedit,
1734 5524 1966 5614 Spiritus

2071 4541 2226 4596 nobis
2267 4539 2600 4610 regeneratis
2647 4540 2702 4592 in
2746 4553 2806 4595 se
2847 4553 2998 4608 spem
3048 4539 3277 4595 feliciter
3327 4539 3652 4610 νεωτεοωί

2069 4632 2386 4702 praestiterit
2405 4671 2420 4696 ,
2448 4631 2690 4686 membra
2721 4645 2818 4686 sua
2843 4647 2942 4686 nos
2973 4631 3195 4696 fecerit,
3235 4645 3344 4685 non
3374 4631 3652 4686 credenti-

2069 4722 2171 4776 bus
2199 4720 2302 4776 sibi
2323 4759 2342 4787 ,
2370 4720 2456 4774 vel
2479 4733 2512 4772 a
2537 4734 2597 4774 se
2622 4719 2998 4774 recedentibus
3021 4759 3037 4782 ,
3067 4719 3388 4789 supplicium
3417 4721 3650 4776 consmi-

2070 4820 2229 4866 natus
2252 4811 2346 4877 sit,
2370 4819 2426 4866 et
2451 4811 2854 4868 adhmtibus
2877 4811 2982 4866 sibi
3008 4825 3234 4882 regnum
3269 4813 3493 4869 caeleste
3521 4829 3651 4883 pre-
3735 4832 3738 4834 τ

2067 4902 2294 4958 miserit.
2345 4899 2498 4972 (Cap.
2535 4901 2647 4972 l9.)
2685 4901 2811 4958 Haec
2841 4912 2895 4958 et
2931 4903 3059 4968 alia,
3082 4899 3157 4962 et
3201 4906 3456 4961 acerdos
3487 4920 3648 4961 nosse

2067 4991 2228 5046 debet
2256 4999 2318 5045 ut
2349 4991 2564 5055 doceat,
2610 4999 2666 5045 et
2689 4991 2918 5061 populus
2955 4992 3178 5047 credere
3213 5001 3274 5046 ut
3314 5005 3379 5047 ea
3404 5005 3525 5062 qua
3554 4993 3649 5049 de.

2065 5089 2254 5136 eeatur
2278 5079 2562 5150 intelligat,
2593 5080 2807 5136 dicente
2832 5081 3118 5151 Apostolo:
3153 5079 3274 5136 Nisi
3295 5081 3643 5148 credideritis,

2065 5189 2172 5229 non
2217 5173 2511 5243 intelligetis
2539 5172 2673 5245 (Iu.
2704 5189 2801 5238 vn,
2853 5172 2928 5244 9).
2985 5171 3138 5228 Unde
3186 5171 3348 5227 datur
3394 5171 3644 5243 intelligi,

2072 5263 2216 5334 quod
2244 5279 2350 5320 non
2376 5263 2511 5320 ﬁdes
2539 5278 2606 5319 ex
2631 5263 2908 5319 intellectu
2933 5301 2949 5328 ,
2991 5263 3086 5318 sed
3109 5276 3176 5317 ex
3206 5261 3310 5317 ﬁde
3339 5261 3643 5317 intellectus

2071 5358 2289 5425 existat,
2319 5374 2420 5414 nec
2448 5358 2540 5428 qui
2565 5357 2816 5430 intelligit
2857 5358 3062 5424 credat,
3101 5358 3197 5412 sed
3229 5355 3322 5428 qui
3351 5356 3524 5413 credit
3559 5356 3643 5412 in~

2070 5445 2291 5518 telligat,
2323 5456 2376 5502 et
2407 5448 2499 5507 aui
2527 5447 2857 5505 intellexerit
2877 5449 3015 5504 bene
3041 5455 3188 5518 agat.

466 5667 494 5694 ο
517 5654 771 5720 Quadam
795 5655 954 5726 lituus
979 5671 1101 5728 cap.
1139 5655 1298 5720 aliter
1340 5658 1394 5713 in
1428 5657 1602 5730 editis.
1631 5656 1757 5714 leid.
1800 5657 2070 5729 leguntur.
