3998 6182
363 364 469 437 2'75

1360 364 1750 422 THEODULFI
1786 340 2349 420 AURELIANENSIS'
2384 345 2594 417 EPISC.

3515 350 3620 418 276

360 490 473 550 sole
498 486 801 546 substantia
843 478 1167 552 corporalis,
1195 481 1269 534 ita
1300 478 1632 548 intelligatur
1658 478 1713 531 in
1751 474 1932 532 Trini-
1962 488 2015 545 Α
2040 479 2142 533 hoc
2190 470 2460 533 catholica
2489 450 2772 543 proﬁtetur
2816 473 3075 527 Ecclesia.
3125 472 3269 547 Bene
3297 473 3479 541 itaque
3520 475 3625 529 ldi-

360 588 474 636 tate
499 571 890 649 quodammodo
910 584 1140 640 persona
1168 566 1366 633 Patris,
1390 574 1446 621 et
1468 568 1613 637 quod
1638 572 1721 622 est
1746 567 1800 621 in
1823 566 1936 622 sole

360 668 616 741 splendor
645 664 761 734 ejus
793 703 808 728 ,
853 661 958 716 hoc
996 660 1070 715 sit
1114 658 1168 712 in
1214 657 1477 711 Trinitate
1523 672 1751 727 persona
1789 655 1931 724 Filii,

361 762 503 817 sicut
541 753 826 828 Apostolus
866 751 999 807 dicit
1041 768 1053 803 :
1100 744 1360 818 Splendor
1390 747 1573 818 gloria:
1596 750 1711 817 ejus
1745 745 1929 819 (Hebr.

357 850 399 915 ι,
426 848 502 919 3),
531 845 673 916 quod
707 851 887 897 autem
914 846 998 895 est
1023 839 1077 893 in
1100 838 1211 893 sole
1240 836 1408 902 calor,
1439 842 1544 892 hoc
1573 838 1644 892 sit
1672 838 1726 890 in
1752 836 1936 891 Trini—

358 938 468 996 tate
487 942 713 1009 persona
732 930 969 1003 Spiritus
989 931 1341 996 sancti,sicut
1359 929 1576 1000 legitur,
1594 930 1723 995 Quis
1744 946 1799 984 se
1821 929 1937 982 abs-

356 1026 541 1081 condet
568 1041 600 1079 α
621 1022 793 1078 calore
820 1020 936 1091 ejus
977 1016 1151 1090 (Psal.
1175 1018 1369 1092 xvm)?
1408 1018 1580 1071 Datur
1601 1018 1764 1072 etiam”
1790 1016 1935 1071 aliud

355 1114 653 1185 exemplum
682 1109 1105 1182 incorporalium
1133 1125 1317 1164 rerum
1338 1149 1353 1174 ,
1383 1110 1488 1163 bo’c
1519 1115 1603 1164 est
1636 1107 1704 1162 de
1733 1108 1932 1172 anima,

353 1204 472 1274 qua
496 1202 563 1258 ad
587 1203 876 1273 imaginem
911 1208 966 1255 et
988 1199 1398 1254 similitudinem
1422 1198 1518 1252 Dei
1548 1196 1690 1252 facta
1711 1212 1935 1267 cognos-

352 1296 512 1350 bitur.
537 1292 737 1349 Anima
763 1292 931 1363 igitur
942 1298 1026 1345 est
1047 1289 1164 1359 ipsa
1187 1288 1488 1344 substantia
1506 1288 1826 1357 incorporea
1851 1303 1937 1342 ra-

352 1382 590 1449 tionalis,
601 1383 658 1437 in
673 1396 780 1452 qua
797 1383 939 1435 inest
957 1377 1261 1433 intellectus
1278 1387 1333 1433 et
1353 1378 1462 1432 vita
1482 1377 1616 1447 ejus.
1642 1376 1794 1443 Quod
1808 1382 1937 1446 ergo

352 1484 436 1530 est
466 1475 525 1528 in‘
553 1473 732 1528 anima
757 1470 1080 1533 substantia,
1107 1469 1211 1523 hoc
1240 1466 1601 1537 intelligatur,
1636 1466 1681 1520 si
1711 1465 1817 1520 dici
1852 1465 1935 1521 fas

350 1572 456 1631 est,
482 1565 538 1618 in
571 1562 842 1618 Trinitate
870 1574 1102 1631 persona
1128 1559 1339 1623 Patris;
1369 1559 1515 1627 quod
1551 1565 1732 1611 autem
1766 1565 1850 1612 est
1878 1557 1933 1611 in

352 1653 533 1708 anima
560 1652 733 1707 virtus
756 1659 812 1705 et
834 1650 1081 1715 scientia,
1110 1649 1214 1704 hoc
1239 1647 1574 1718 intelligatur
1592 1648 1648 1701 in
1670 1647 1935 1702 Trinitate

350 1736 543 1808 Filius,
574 1741 669 1811 qui
695 1748 779 1796 est
807 1741 905 1794 Dei
940 1740 1142 1805 virtus,
1176 1746 1229 1795 et
1260 1739 1357 1793 Dei
1390 1738 1674 1809 sapientia,
1706 1746 1762 1792 et
1787 1736 1929 1807 quod

2037 568 2171 621 thus
2193 567 2306 622 Deo
2332 566 2608 621 subditum
2629 575 2683 620 te
2700 580 2825 621 esse
2846 564 3142 634 proﬁteris,
3157 581 3186 617 a
3201 579 3307 633 quo
3329 565 3623 621 intestinae-

2031 656 2140 711 bile
2154 656 2480 711 beneﬁcium
2500 664 2556 711 te
2581 657 2886 725 suscepisse
2906 656 3142 709 testaris.
3176 654 3281 710 Sed
3297 666 3354 711 ut
3375 666 3623 712 sanctum

2030 748 2254 801 verbum
2295 762 2400 801 una
2438 755 2600 816 atque
2641 746 2895 817 aequabili
2934 745 3286 800 veneratione
3330 746 3619 810 coleretur,

2032 836 2249 891 intende
2288 836 2413 906 quid
2454 837 2704 908 sequitur
2742 855 2756 890 :
2808 835 3017 889 Etenim
3041 836 3149 905 ipse
3183 845 3260 889 est
3310 833 3447 889 Deus
3477 850 3633 891 mens

2031 935 2079 978 et
2094 924 2343 979 salutaris
2358 943 2501 980 meus
2531 942 2550 980 :
2579 926 2793 996 adjutor
2818 930 2985 989 meus,
3004 940 3107 978 non
3128 925 3370 978 movebar
3394 925 3631 995 amplius

2035 1016 2196 1088 (Ibid.
2226 1016 2333 1088 ιιι).
2363 1018 2583 1073 Dixerat
2626 1018 2874 1087 superius
2910 1031 2941 1071 a
2974 1016 3134 1070 Patre
3162 1016 3400 1085 genitum
3433 1017 3624 1073 salutis

2033 1115 2342 1175 auctorem;
2383 1124 2525 1164 nunc
2560 1109 2654 1178 qui
2686 1110 2729 1163 si
2781 1110 2886 1163 iste
2929 1108 3188 1163 salutaris
3233 1108 3375 1161 trina
3413 1108 3623 1163 confes-

2033 1196 2186 1253 sione
2227 1199 2622 1269 complectitur.
2674 1198 2857 1253 Primo
2915 1213 2983 1252 ne
3032 1198 3299 1253 minorem
3347 1199 3623 1264 crederes,

2035 1286 2200 1342 dicit:
2234 1282 2458 1357 Ipse'est
2492 1288 2635 1342 Deus
2668 1294 2844 1353 meus,
2877 1289 3017 1342 sicut
3039 1302 3202 1356 supra
3229 1287 3295 1341 de
3316 1294 3476 1356 patre
3506 1287 3619 1341 Deo

2036 1377 2222 1451 [Edd.,
2251 1375 2444 1449 Deum]
2474 1377 2640 1443 dicit;
2673 1378 2957 1447 azqualitas
2977 1378 3121 1432 enim
3150 1376 3349 1431 summi
3383 1376 3624 1431 nominis

2035 1470 2392 1525 substantiam
2435 1477 2491 1523 et
2536 1469 2837 1539 potentiam
2885 1467 3110 1522 unitatis
3155 1465 3412 1521 ostendit.
3470 1466 3623 1521 Unde

2032 1571 2189 1631 pater
2226 1560 2561 1632 Augustinus
2607 1562 2661 1615 in
2700 1560 2841 1616 libro
2884 1560 3076 1629 quinto
3112 1561 3320 1617 decimo
3400 1557 3535 1627 (cap.
3558 1558 3621 1631 5)

2036 1653 2102 1708 de
2132 1652 2396 1706 Trinitate
2422 1652 2498 1705 ita
2524 1651 2656 1706 dicit
2680 1669 2693 1704 :
2714 1650 2947 1706 Ratione
2975 1651 3138 1706 etiam
3176 1651 3386 1707 reddita
3426 1650 3622 1706 intelli-

2037 1742 2284 1813 gentibus
2344 1741 2548 1795 clarum
2592 1748 2713 1805 est,
2766 1740 2822 1795 in
2866 1741 3165 1796 substantia
3225 1742 3473 1798 veritatis
3511 1757 3623 1795 non

353 1841 436 1888 est
460 1833 513 1886 in
540 1831 720 1886 anima
752 1827 1059 1884 vivificandl
1085 1829 1391 1899 preprietas
1413 1869 1426 1890 ,
1460 1826 1565 1882 boe
1593 1835 1647 1882 et
1676 1828 1730 1881 in
1762 1827 1935 1881 Trini-
1964 1826 2010 1885 B
2038 1833 2210 1888 solum
2258 1833 2476 1888 Patrem
2525 1833 2663 1887 Filio
2707 1847 2814 1887 non
2864 1844 2986 1888 esse
3037 1832 3293 1901 majorem
3318 1874 3332 1897 ,
3382 1834 3474 1887 sed
3521 1827 3622 1886 nec

356 1933 468 1979 tate
514 1920 845 1993 intelligatur
890 1917 1124 1991 Spiritus
1153 1929 1403 1985 sanctus,
1450 1934 1547 1991 per
1568 1934 1728 1988 quem
1755 1917 1932 1972 viviﬁ-

356 2017 513 2072 candi
541 2030 676 2086 opus
710 2013 895 2070 multis
917 2013 1051 2070 locis
1077 2014 1405 2084 praedicatur
1428 2011 1663 2082 impleri,
1691 2013 1832 2067 sicut
1859 2012 1935 2065 ait

352 2110 545 2163 Petrus
565 2106 853 2178 Apostolus
870 2105 925 2161 in
954 2105 1180 2177 epistola
1209 2118 1307 2163 Sua
1331 2122 1344 2159 :
1378 2104 1728 2173 Mortiﬁcatus
1755 2120 1931 2168 carne,

349 2197 641 2266 uivi/icatus
679 2200 857 2251 autem
883 2197 1071 2267 spiritu
1102 2195 1157 2269 (Ι
1178 2196 1324 2252 Petr.
1368 2211 1451 2261 ιιι,
1485 2195 1593 2267 18).
1624 2195 1758 2249 ltem
1799 2194 1936 2264 Apo-

350 2289 522 2345 stolus
563 2307 577 2343 :
611 2289 813 2344 Littera
848 2291 1036 2343 occidit
1058 2330 1074 2355 ,
1120 2290 1337 2360 spiritus
1375 2298 1547 2343 autem
1586 2287 1812 2357 viviﬁcat
1848 2284 1935 2358 (ΙΙ

353 2381 476 2436 Cor.
501 2396 587 2447 ιιι,
610 2380 700 2452 6)’;
743 2389 799 2435 et
830 2379 886 2434 in
922 2380 1211 2452 Evangelio
1248 2380 1507 2435 Dominus
1537 2380 1612 2433 ait
1644 2393 1659 2432 :
1704 2377 1934 2448 Spiritus

350 2479 427 2523 est
471 2472 563 2541 qui
612 2468 857 2538 uiviﬁcat,
917 2484 1038 2524 nam
1084 2484 1206 2524 caro
1256 2485 1360 2525 non
1396 2469 1606 2539 prodest
1649 2469 1933 2540 quidquam

352 2559 537 2629 (Joan.
564 2575 643 2625 γι,
681 2558 793 2631 64).
826 2558 954 2615 Hac
982 2566 1162 2615 autem
1188 2575 1309 2629 qute
1337 2559 1594 2624 diximus,
1626 2560 1731 2613 tria
1752 2559 1933 2628 singu-

348 2647 540 2704 lariter
577 2657 915 2719 sequestrata
948 2649 1252 2705 nullatenus
1286 2650 1654 2714 inveniuntur,
1687 2648 1934 2719 Quamvis

351 2736 656 2792 intellectus
676 2740 863 2793 noster
889 2752 952 2792 ea
978 2735 1233 2793 distincta
1258 2736 1430 2808 possit
1468 2736 1751 2823 advertere
1781 2752 1796 2789 :
1824 2735 1932 2800 sed

351 2833 429 2887 ita
473 2831 794 2886 naturaliter
835 2837 962 2886 sunt
996 2830 1168 2898 unita,
1204 2840 1267 2885 ut
1294 2831 1422 2887 dum
1454 2843 1622 2885 unum
1650 2830 1845 2884 borum
1872 2842 1932 2883 se

350 2922 628 2987 “obtulerit,
657 2920 817 2977 simul
847 2923 953 2976 tria
985 2937 1197 2991 semper
1233 2929 1544 2989 occurrant,
1583 2920 1675 2976 Sic
1711 2934 1810 2991 per
1833 2920 1933 2977 has

352 3010 734 3066 Similitudines
766 3017 932 3067 tantae
955 3012 1035 3067 rei
1059 3011 1237 3080 aliqua
1268 3011 1427 3066 nobis
1456 3010 1770 3078 imaginatio
1790 3009 1932 3063 veri-

353 3102 482 3156 tatis
510 3101 769 3173 aperitur.
811 3099 950 3157 Sunt
982 3108 1037 3155 et
1067 3101 1185 3157 htec
1215 3108 1270 3156 et
1304 3100 1409 3154 alia
1447 3097 1668 3154 Patrum
1697 3099 1933 3169 disputa-

353 3191 497 3246 tione
518 3190 739 3246 similia.
783 3188 892 3247 Sed
917 3204 1037 3260 quae
1076 3205 1220 3245 nunc
1245 3190 1427 3245 carnis
1450 3189 1735 3244 inﬁrmitas
1764 3189 1831 3243 ad
1868 3189 1931 3243 li-
1957 3166 2001 3228 Ο

355 3278 579 3352 quidam
622 3289 772 3337 vetat
817 3281 1064 3353 intelligi,
1110 3290 1241 3337 tunc
1284 3278 1631 3353 prazstantius
1680 3289 1931 3351 poterunt

350 3372 752 3444 comprehendi,
790 3373 1005 3444 quando
1043 3373 1095 3426 in
1144 3371 1430 3441 majestate
1468 3388 1565 3427 sua
1593 3371 1927 3426 divinitatem

351 3467 587 3523 viderint
616 3466 923 3537 quicunque
964 3466 1109 3521 beati
1150 3473 1295 3519 sunt.
1338 3464 1493 3533 Quod
1534 3465 1627 3535 qui
1663 3464 1934 3519 desiderat

352 3558 563 3627 plenius
586 3570 901 3627 agnoscere,
932 3556 1108 3611 sancti
1127 3554 1340 3622 Hilarii,
1366 3557 1537 3612 sancti
1578 3544 1849 3631 Ambrosii
1878 3564 1933 3608 et

349 3647 523 3701 'satmti
541 3645 825 3717 Augustini
848 3643 1015 3700 libros
1032 3644 1209 3717 [Apud
1230 3643 1470 3700 Cassiod.
1483 3685 1497 3710 ,
1516 3644 1684 3699 libros
1700 3638 1933 3697 Trinita-

357 3735 449 3809 tis]
497 3752 604 3790 non
658 3734 871 3790 desinat
906 3734 1174 3788 lectitare.
1219 3732 1343 3787 llaec
1372 3734 1513 3787 enim
1541 3748 1629 3787 res
1657 3732 1725 3787 ad
1757 3733 1934 3801 dispu-

353 3827 578 3880 tandum
605 3834 768 3894 quam
796 3838 990 3893 magna
1022 3832 1135 3876 tam
1165 3820 1327 3892 longa
1365 3831 1466 3876 est.
1492 3822 1628 3875 Nam
1659 3830 1714 3876 et
1742 3823 1935 3878 beatus

358 3902 718 3984 Hieranymus
744 3911 1003 3965 adversus
1029 3910 1314 3966 haereticos
1344 3911 1399 3965 in
1426 3910 1528 3966 hoc
1551 3910 1760 3982 psalmo
1783 3912 1936 3968 lucu-

353 3988 528 4061 lenter
549 4013 605 4061 et
634 4002 874 4059 breviter
898 4002 965 4058 de
996 4002 1260 4057 Trinitate
1281 4002 1557 4058 disseruit.

482 4166 487 4171 ἑ
606 4090 743 4148 Item
764 4093 901 4147 idem
928 4092 1130 4163 psalmo
1160 4095 1478 4165 sexagesimo
1505 4096 1693 4166 primo.

428 4184 502 4239 Ab
544 4184 656 4256 ipso
697 4183 834 4237 enim
858 4182 1091 4237 salutare
1113 4194 1283 4237 meum
1310 4180 1481 4256 (Psul.
1510 4182 1620 4251 ιιι,
1663 4182 1738 4256 1),
1775 4184 1826 4238 id
1853 4190 1936 4239 est

354 4274 663 4345 lmigenltus
706 4270 909 4338 Filius,
959 4272 1050 4342 qui
1098 4280 1244 4329 recte
1287 4273 1634 4329 credentibus
1682 4274 1934 4331 salutaris

353 4367 567 4432 existit;
616 4365 684 4421 ab
713 4365 830 4435 ipso
868 4364 1012 4420 enim
1060 4379 1180 4419 cum
1209 4363 1423 4430 dicitur,
1456 4362 1625 4420 Filius
1662 4365 1934 4437 significa-

353 4447 462 4511 lur.
508 4456 635 4512 llaec
677 4456 821 4510 enim
865 4454 1083 4525 propria
1125 4470 1264 4509 unus
1287 4454 1430 4509 Dens
1465 4463 1655 4510 sancta
1693 4454 1932 4510 Trinitas

353 4546 536 4611 liabet,
572 4545 714 4615 quod
739 4544 903 4600 Pater
930 4544 1217 4615 ingenitus,
1248 4543 1414 4600 Filius
1434 4546 1662 4615 genitus,
1694 4530 1928 4616 Spiritus

353 4636 570 4692 sanctus
595 4652 626 4691 a
650 4636 814 4691 Patre
834 4646 889 4692 et
923 4635 1059 4691 Filio
1089 4635 1332 4705 procedit
1363 4653 1376 4688 :
1407 4635 1511 4691 hoc
1541 4635 1673 4691 iides
1692 4636 1921 4705 integra,

363 4786 920 4803 hum“...-

432 4786 741 4801 Μ

2036 1924 2225 1977 ambos
2249 1922 2409 1977 simul
2434 1921 2637 1991 aliquid
2666 1936 2788 1977 esse
2821 1920 2995 1991 majus
3024 1936 3187 1991 quam
3226 1923 3401 1977 solum
3446 1922 3620 1992 Spiri-

2035 2022 2148 2067 tum
2178 2022 2444 2078 sanctum,
2474 2021 2568 2066 aut
2592 2013 2858 2082 quoslibet
2892 2014 3027 2068 duos
3055 2013 3111 2068 in
3136 2015 3326 2069 eadem
3350 2015 3620 2069 Trinitate

2035 2102 2208 2172 majus
2241 2119 2364 2159 esse
2396 2104 2599 2173 aliquid
2640 2120 2801 2175 quam
2841 2120 3039 2171 unum,
3089 2115 3182 2159 aut
3224 2120 3411 2160 omnes
3447 2106 3611 2159 simul

2036 2203 2147 2249 tres
2194 2194 2370 2262 majus
2418 2194 2619 2264 aliquid
2665 2210 2784 2250 esse
2819 2209 2980 2264 quam
3015 2187 3275 2266 singulos.
3313 2195 3406 2250 Sic
3438 2197 3617 2265 perfe-

2035 2292 2180 2338 ctam
2225 2291 2386 2354 atque
2429 2284 2758 2353 singularem
2798 2292 3047 2339 naturam
3089 2293 3290 2340 sanctae
3328 2284 3615 2339 Trinitatis

2034 2373 2264 2428 mirabili
2293 2374 2520 2428 veritate
2545 2374 2951 2429 demonstravit.

2036 2502 2357 2575 Prudentius
2393 2506 2450 2559 in
2491 2504 2625 2578 libro
2663 2514 2845 2578 contra
2869 2504 3240 2578 Marcionistas
3287 2504 3617 2578 ("armarii-

2330 2609 2339 2618 -
2387 2574 2564 2644 genia,
2587 2592 2632 2628 v.
2661 2570 2810 2643 93l),
2832 2584 2996 2628 metro
3021 2575 3245 2629 heroico.

2105 2662 2148 2720 Ο
2181 2665 2286 2718 Dee
2313 2664 2718 2734 cunctiparens,
2748 2666 2943 2719 animae
2969 2666 3144 2731 dator,
3176 2681 3208 2720 ο
3235 2664 3345 2720 Dee
3375 2664 3610 2730 Christe,

2104 2755 2268 2825 Cujus
2302 2756 2370 2811 ab
2396 2770 2493 2811 ore
2528 2756 2672 2811 Deus
2697 2756 2945 2812 subsistit
2973 2755 3208 2827 Spiritus
3235 2772 3395 2811 unus.

2033 2887 2170 2942 Item
2200 2888 2336 2942 idem
2356 2888 2413 2943 in
2434 2886 2567 2964 libro
2590 2886 2935 2964 prunorum.
2954 2886 3403 2964 (Guthanerinon,
3422 2890 3616 2958 hymno

2482 2957 2537 3023 6,
2559 2974 2607 3011 υ.
2630 2957 2710 3029 5),
2733 2967 2896 3012 metro
2918 2958 3165 3015 iambico.

2457 3070 2503 3126 Ο
2528 3070 2814 3127 Trinitatis
2842 3069 3004 3139 hujus

2390 3167 2483 3222 Vis
2513 3180 2642 3230 una,
2673 3165 2853 3220 lumen
2877 3179 3065 3229 unum,
3144 3181 3148 3185 ν

2392 3256 2536 3310 Deus
2562 3270 2631 3311 ex
2654 3255 2765 3309 Deo
2790 3255 3048 3325 perennis
3072 3294 3089 3321 ,

2390 3345 2535 3402 Deus
2561 3360 2628 3402 ex
2659 3353 2889 3415 utroque
2914 3347 3132 3402 missus.

2034 3480 2170 3535 Item
2198 3481 2336 3534 idem
2374 3481 2429 3534 in
2462 3480 2594 3534 libro
2636 3478 2964 3551 Hymnorum
3005 3478 3217 3604 (Is/mna
3240 3478 3293 3543 ὃ,
3328 3497 3371 3533 υ.
3402 3477 3477 3541 5),
3506 3492 3596 3531 me:

2106 3561 2187 3604 tro
2212 3551 2585 3604 choriambico.
2618 3551 2756 3604 auod
2792 3549 3030 3604 Asclepio
3073 3565 3190 3603 eum
3212 3551 3533 3603 nominatur.

2106 3561 2187 3605 tro
2212 3551 2585 3616 choriambico,
2618 3549 2756 3621 quod
2792 3549 3190 3616 Asclepiadeum
3212 3551 3533 3603 nominatur.

2103 3640 2358 3694 Inventor
2386 3640 2534 3693 rutili
2563 3640 2672 3694 dux
2699 3641 2842 3694 bone
2865 3640 3112 3705 luminis,

2037 3730 2139 3799 Qui
2166 3730 2333 3786 certis
2362 3731 2573 3785 vicibus
2598 3738 2839 3801 tempora
2869 3732 3062 3787 dividis
3080 3773 3094 3796 ,

2036 3818 2213 3876 Herse
2235 3819 2350 3875 sole
2376 3820 2543 3877 chaos
2571 3820 2772 3896 ingruit
2798 3821 3111 3887 horridum,

2034 3910 2242 3966 Lumen
2274 3910 2437 3966 redde
2464 3910 2592 3976 tuis,
2624 3910 2857 3976 Christe,
2881 3910 3146 3967 ﬁdelibus.
3190 3930 3235 3943 τ’

2108 4001 2299 4073 (Ibid.,
2323 4017 2372 4056 υ.
2403 4001 2527 4075 lii?)
2552 4002 2657 4057 Per
2675 4001 2953 4058 Christum
2980 4003 3243 4074 genitum,
3273 4021 3481 4060 summe
3510 4007 3613 4059 Pa-

2034 4091 2094 4146 ln
2121 4107 2230 4161 quo
2255 4091 2487 4147 visibilis
2513 4099 2626 4148 stat
2651 4092 2748 4147 tibi
2776 4092 2977 4162 gloria,
3200 4094 3331 4166 lter,
3364 4105 3531 4159 tuum,

2038 4179 2140 4246 Qui
2168 4187 2355 4236 noster
2376 4180 2655 4246 Dominus,
2682 4181 2778 4249 qui
2805 4190 2930 4237 tuus
2962 4182 3188 4251 Unicus,

2038 4269 2223 4340 Spirat
2244 4270 2315 4326 de
2344 4271 2525 4340 patrio
2548 4271 2715 4328 corde
2740 4271 3093 4331 Paraclitum.

2105 4362 2215 4416 Per
2237 4377 2399 4433 quem
2420 4362 2700 4432 splendor;
2724 4364 2916 4430 honor,
2944 4365 3085 4431 laus,
3117 4368 3400 4437 sapientia,

2038 4452 2308 4521 Maiestas,
2335 4453 2570 4518 bonitas,
2599 4461 2657 4510 et
2678 4455 2855 4523 pietas
2879 4463 2968 4510 tua

2036 4545 2283 4616 Regnmn
2302 4545 2586 4600 continuat
2607 4545 2827 4601 nomine
2850 4547 3070 4616 triplici,

2036 4635 2246 4691 Texens
2270 4635 2546 4704 perpetuis
2567 4634 2764 4690 saecula
2791 4636 3018 4693 seculis.

1473 4926 2506 5071 THEODULPI

1579 5144 2134 5203 AURELIANENSIS
2170 5145 2389 5203 EPlSC.
3076 5149 3089 5160 ’
3118 5226 3129 5235 ο

923 5288 1655 5390 FRAGMENTA
1730 5308 2412 5396 SERMONUM
2489 5306 3045 5457 ALPQUOT.

429 5540 507 5595 Ad
535 5541 761 5595 virtutes
807 5536 1021 5593 difficile
1069 5538 1480 5607 consurgimus,
1530 5534 1597 5588 ad
1638 5533 1769 5587 vitia
1817 5537 1935 5588 sine
2037 5534 2297 5591 scandere
2337 5536 2632 5592 valeamus.

354 5624 542 5683 tutiore
564 5628 880 5685 delabimur.
922 5627 1029 5683 lsta
1062 5627 1205 5684 enim
1236 5641 1407 5697 prona
1428 5666 1443 5690 ,
1475 5625 1562 5680 illa
1587 5614 1753 5680 ardua
1786 5633 1929 5680 sunt.

355 5715 604 5773 Brandes
631 5718 776 5772 enim
803 5718 1027 5775 sudores
1048 5718 1383 5789 perpetimur
1405 5727 1465 5772 ut
1493 5716 1560 5772 ad
1582 5715 1776 5771 coelum
1801 5731 1930 5772 con-

2721 5536 3182 5603 Quemadmodum
3237 5541 3305 5596 ad
3350 5546 3606 5600 virtutum

2040 5622 2317 5680 tendentes
2363 5624 2575 5681 culmen
2625 5641 2732 5680 non
2778 5641 2810 5680 a
2850 5630 3076 5685 summis
3122 5630 3414 5699 inchoant',
3464 5634 3555 5691 sed
3578 5650 3608 5689 a

2038 5713 2284 5782 modicis,
2316 5723 2375 5771 ut
2402 5716 2602 5772 sensim
2631 5716 2704 5771 ad
2728 5715 2921 5775 altiora
2956 5720 3299 5793 pertingant;
3331 5723 3407 5778 ita
3440 5735 3493 5780 et
3510 5725 3608 5794 qui
