3998 6182
249 380 333 442 277
1402 376 1832 441 FRAGMENTA
1872 378 2282 443 SERNONUII.

3372 388 3478 445 278

249 495 522 552 dilabuntur
550 491 620 547 ad
653 489 783 546 vitia
808 504 915 546 non
950 490 1135 549 statim
1172 504 1207 544 a
1237 489 1450 563 magnis
1477 488 1797 555 orimimbus
1820 496 1869 555 Α
1898 468 2127 557 Quando
2150 506 2279 565 ergo
2303 491 2535 563 impulsu
2570 490 2871 551 daemonum
2893 512 3048 555 mens
3071 498 3138 554 ad
3166 498 3478 554 delectatio-

250 586 495 656 incipiant,
525 582 623 639 sed
669 598 699 637 ιι
726 582 957 638 modicis
982 590 1335 647 assuescant,
1374 590 1434 638 et
1470 582 1551 639 sic
1588 582 1789 639 inma-

218 716 224 735 ι
250 676 382 733 xitnis
414 682 707 745 premnt.
742 671 887 729 Nihil
926 673 1149 742 prodest
1188 672 1430 728 admixto
1462 672 1607 727 malo
1634 684 1795 742 agere

250 768 417 821 bonum
443 805 461 831 ,
508 765 605 821 sed
633 766 787 835 prius
827 774 912 821 est
938 766 1303 822 mbibendum
1346 781 1377 819 a
1404 765 1571 831 malo,
1599 764 1795 823 deinde

244 856 581 914 exercendum
622 854 847 910 bonum
919 855 1037 917 Hoc
1087 856 1235 910 enim
1282 855 1489 911 indicat
1529 856 1795 925 propheta

242 960 345 999 cum
364 944 493 999 dicit
527 958 543 997 :
585 942 850 1009 Quiescite
877 960 1032 1013 agere
1064 960 1318 1015 peruerse,
1356 943 1546 1001 discite
1585 943 1796 1013 beneIa-

242 1052 338 1093 cere
359 1034 487 1107 (lea.
522 1051 560 1101 ι,
594 1033 701 1103 16).
738 1034 895 1091 Prius
920 1035 1055 1091 vitia
1086 1035 1438 1105 exstirpanda
1463 1043 1587 1089 sunt
1614 1035 1667 1089 in
1698 1034 1794 1090 ho-

244 1124 384 1189 mine,
424 1122 621 1179 deinde
646 1123 949 1181 inserendas
980 1124 1227 1179 virtutes.
1270 1122 1407 1178 Nam
1429 1123 1711 1179 cohaerere
1737 1131 1794 1178 ct

237 1215 467 1286 conjungi
509 1229 619 1269 non
668 1222 847 1283 potest
883 1216 1086 1271 veritas
1107 1230 1239 1272 cum
1268 1214 1577 1279 utendacio,
1620 1215 1796 1284 pudor

236 1320 344 1382 cum
387 1305 712 1375 petulantia,
765 1305 903 1362 ﬁdes
940 1322 1070 1362 cum
1122 1306 1375 1376 perﬁdia,
1416 1306 1645 1367 castitas
1667 1322 1794 1361 cum

239 1395 450 1452 luxuria.
490 1397 731 1452 Luxuria
759 1411 889 1453 vero
912 1398 1095 1453 carnis
1126 1398 1246 1455 ideo
1272 1397 1531 1453 notabilis
1561 1405 1645 1452 est
1676 1412 1796 1452 oui-

236 1489 392 1554 nibus,
419 1490 678 1559 quoniam
720 1490 907 1546 statim
934 1504 1038 1561 per
1077 1504 1138 1544 se
1172 1490 1343 1560 turpis
1370 1497 1493 1545 est:
1527 1497 1586 1544 et
1615 1498 1793 1545 tamen

230 1587 476 1646 pereunte
519 1579 666 1645 Deo,
696 1578 950 1649 superbia
980 1578 1160 1634 minor
1178 1588 1281 1635 est.
1326 1578 1433 1634 Sed
1470 1579 1562 1649 qui
1587 1579 1795 1636 detine-

230 1677 307 1727 tur
342 1673 595 1742 superbia
612 1680 678 1727 et
708 1687 816 1726 non
858 1671 1060 1736 sentit,
1105 1670 1309 1725 labitur
1348 1671 1530 1726 carnis
1557 1670 1789 1737 luxuria,

228 1769 279 1814 ut
306 1776 401 1830 pro
427 1761 533 1816 bac
576 1759 909 1826 humilietur,
959 1768 1015 1814 et
1058 1775 1090 1813 a
1119 1758 1437 1816 confusione
1469 1768 1653 1830 surgat
1680 1768 1734 1814 et
1758 1777 1789 1816 a

1894 596 2019 640 nem
2044 581 2421 643 fornicationis
2450 583 2770 654 impellitur,
2807 586 2970 643 divini
2999 586 3189 656 judicii
3228 589 3390 643 etiam
3421 598 3477 643 et

1894 672 2083 727 aeterni
2116 680 2386 728 tormenta
2429 673 2662 731 incendii
2691 685 2815 732 ante
2848 675 3035 733 oculos
3062 686 3433 746 proponantur
3460 696 3471 729 :

1893 761 2021 831 quia
2048 762 2303 821 nimirum
2338 765 2516 819 omnis
2539 781 2701 835 paena
2731 768 3039 823 tentationis
3066 768 3328 840 gravioris
3351 784 3476 838 sup-

1891 850 2043 919 plicii
2090 850 2377 907 formidine
2425 858 2739 923 coercetur;
2789 856 3090 923 recordatio
3134 858 3343 912 ardoris
3384 862 3478 930 ge-

1894 940 2086 1003 hennae
2111 941 2360 996 ardorem
2385 943 2623 999 excludit
2652 945 2898 1001 luxuriae.
2940 946 2985 999 Λ
3018 948 3127 1001 Deo
3158 946 3318 1001 datur
3348 962 3477 1001 con-

1895 1031 2143 1097 tinentia,
2169 1032 2261 1087 sed
2290 1033 2458 1101 petite
2484 1041 2538 1088 et
2559 1036 2857 1115 accipietis.
2897 1037 3047 1092 Tunc
3080 1046 3258 1092 autem
3287 1034 3479 1092 tribui-

1896 1128 2002 1187 tur,
2028 1123 2246 1191 quando
2267 1123 2412 1178 Deus
2446 1125 2650 1194 gemitu
2675 1124 2888 1181 interno
2913 1126 3175 1197 pulsatur.
3232 1126 3475 1181 Amanda

1894 1220 1981 1266 est
2019 1210 2369 1281 pulchritudo
2400 1213 2704 1279 castitatis,
2739 1214 2898 1284 cujus
2936 1225 3149 1287 gustata
3192 1216 3477 1273 delectatio

1894 1301 2104 1357 dulcior
2152 1302 2427 1357 invenitur
2470 1318 2633 1372 quam
2672 1305 2875 1360 carnis.
2916 1305 3153 1363 Castitas
3180 1308 3322 1363 enim
3362 1308 3477 1362 fru—

1892 1401 2017 1447 ctus
2045 1393 2326 1449 suavitatis
2346 1403 2452 1459 est,
2477 1393 2824 1464 pulchritudo
2850 1394 3109 1450 inviolata
3138 1406 3474 1462 sanctorum,

1897 1484 2102 1539 sanitas
2122 1485 2389 1553 corporis,
2418 1485 2684 1540 securitas
2716 1484 2933 1540 mentis.
2974 1483 3110 1540 Nam
3133 1486 3225 1555 qui
3262 1502 3321 1542 se
3350 1504 3479 1542 con-

1898 1574 2181 1630 tinentiam
2216 1574 2418 1631 habere
2457 1575 2718 1642 conlidit,
2759 1584 2815 1631 et
2837 1576 2904 1632 ab
2928 1572 3046 1631 aliis
3075 1578 3306 1633 terrenis
3336 1580 3477 1634 desi-

2087 1680 2148 1721 se
2180 1680 2289 1720 non
2331 1665 2636 1733 subtrahit,
2677 1668 2924 1737 quamvis
2946 1669 3091 1724 hunc
3121 1668 3335 1724 luxuria
3364 1685 3480 1725 car-

1895 1754 1982 1808 nis
2007 1770 2113 1811 uon
2142 1754 2377 1825 polluat,
2427 1756 2637 1813 diversa
2672 1765 2850 1812 tamen
2880 1759 3159 1814 mundanae
3189 1774 3477 1817 conversa-

226 1850 486 1919 superbia.
528 1850 718 1907 Omnis
752 1866 990 1921 peccans
1023 1854 1288 1922 superbus
1313 1863 1422 1919 est,
1445 1868 1514 1909 eo
1540 1855 1685 1922 quod
1710 1854 1792 1908 fa-
1822 1837 1868 1895 Β
1897 1847 2062 1903 tionis
2087 1849 2335 1918 Operatio
2361 1850 2619 1906 maculat.
2660 1850 2832 1906 Omne
2869 1860 3048 1907 tamen
3071 1863 3352 1923 peccatum
3380 1869 3479 1924 per

220 1941 404 1997 cicada
425 1943 594 1997 vetita
614 1982 631 2005 ,
677 1942 1032 2011 contemptim
1062 1943 1260 1999 habeat
1289 1942 1472 1999 divina
1497 1951 1789 2013 praecepta.

221 2030 381 2089 Recte
423 2047 554 2101 ergo
598 2032 815 2086 initium
869 2033 1049 2091 omnis
1086 2033 1301 2101 peccati
1344 2033 1620 2101 superbia,
1666 2034 1797 2102 quia

218 2118 320 2173 nisi
393 2120 737 2188 praecesserit
796 2120 1186 2177 mandatorum
1257 2120 1354 2181 Dei
1410 2122 1794 2189 inobedientia,

218 2207 668 2276 transgressionis
692 2222 800 2263 non
840 2209 1086 2278 sequitur
1124 2208 1303 2278 culpa.
1368 2209 1631 2283 Superbia
1659 2212 1799 2275 sicut

218 2296 367 2368 origo
393 2304 482 2355 est
522 2298 767 2352 omnium
800 2298 1096 2369 criminum
1119 2338 1141 2366 ,
1186 2299 1260 2355 ita
1301 2300 1454 2357 ruina
1481 2310 1796 2357 cunctarum

216 2385 490 2441 virtutum.
532 2386 654 2456 Ipsa
696 2395 781 2443 est
828 2388 977 2445 enim
1018 2388 1071 2443 in
1112 2399 1336 2460 peccato
1358 2391 1561 2461 prima,
1595 2392 1709 2462 ipsa
1741 2392 1795 2446 in

215 2475 462 2535 conﬂictu
506 2484 802 2545 postrema.
840 2475 971 2531 Haec
1006 2478 1151 2533 enim
1186 2487 1279 2533 aut
1305 2480 1361 2535 in
1384 2481 1609 2541 exordio
1639 2498 1793 2537 meu-

220 2575 313 2621 tein
354 2582 449 2636 per
476 2577 764 2636 peccatum
790 2570 1114 2637 prosternit,
1147 2579 1242 2624 aut
1265 2571 1556 2627 novissime
1589 2572 1656 2628 de
1674 2573 1795 2641 vir-

218 2656 418 2711 tatibus
447 2655 649 2724 dejicit.
686 2656 822 2713 inde
846 2664 901 2712 et
925 2659 1651 2729 omniumpeccatorumjest
1680 2677 1795 2716 ma-

227 2743 398 2809 xiina,
425 2746 549 2814 quia
582 2755 692 2800 tam
728 2761 827 2816 per
863 2746 1091 2804 virtutes
1126 2763 1287 2817 quam
1320 2766 1420 2825 per
1452 2751 1585 2809 vitia
1610 2752 1795 2823 huma-

220 2847 336 2888 nam
382 2843 625 2891 mentem
664 2836 1023 2902 exterminat;
1075 2854 1143 2893 ex
1188 2839 1346 2909 culpa
1393 2842 1658 2911 superbiae
1680 2843 1793 2913 ple-

221 2937 445 2993 rumque
476 2940 529 2979 in
578 2926 993 2981 abominandam
1030 2929 1212 2983 carnis
1232 2929 1630 2985 immunditiam
1659 2932 1788 3003 itur,

219 3029 335 3071 nam
358 3015 589 3073 alterum
616 3017 813 3087 pendet
841 3033 907 3074 ex
936 3018 1123 3074 altero.
1165 3018 1275 3075 Sed
1301 3021 1447 3097 sicut
1476 3037 1573 3090 per
1600 3008 1791 3092 super;

218 3102 358 3163 biam
382 3107 582 3162 mentis
610 3107 721 3171 itur
747 3106 804 3161 in
828 3108 1267 3178 prostitutionem
1297 3108 1534 3169 libidinis
1552 3151 1567 3175 ,
1598 3111 1671 3166 ita
1692 3126 1791 3181 per

1895 1937 2270 2005 paenitentiam
2296 1940 2488 2009 recipit
2513 1940 2754 1995 vulneris
2792 1941 3102 1997 sanitatem.
3160 1942 3275 1998 Non
3301 1955 3483 2016 potest

1896 2027 2183 2096 quisquam
2216 2029 2477 2098 spiritalia
2502 2032 2641 2087 bella
2667 2034 2924 2100 transire,
2949 2034 3054 2089 nisi
3076 2036 3227 2107 prius
3255 2037 3476 2093 edoma-

1899 2116 2041 2173 verit
2069 2117 2322 2173 ardorem
2366 2120 2696 2190 cupiditatis.
2758 2120 2877 2176 Non
2921 2131 3100 2192 potest
3134 2124 3204 2178 ad
3238 2134 3479 2181 contem-

1896 2206 2150 2276 plandum
2187 2207 2356 2263 Deum
2395 2224 2547 2266 mens
2585 2225 2708 2265 esse
2730 2210 2918 2275 libera,
2949 2227 3071 2280 qua:
3098 2211 3482 2285 cupiditatibus

1898 2296 2056 2367 hujus
2077 2299 2265 2357 mundi
2292 2300 2572 2356 incumbit.
2621 2301 2778 2359 Omni
2810 2314 3036 2373 peccato
3064 2301 3217 2374 pejor
3237 2313 3321 2360 est
3348 2321 3479 2362 ava-

1897 2388 2040 2454 ritia,
2065 2398 2121 2444 et
2143 2404 2297 2445 amor
2320 2391 2695 2460 pecuniarum.
2739 2390 2894 2449 Unde
2920 2401 2976 2449 et
3009 2408 3109 2466 per
3134 2392 3478 2449 Salomonem

1894 2480 2126 2535 dicitur:
2163 2479 2316 2536 Nihil
2363 2491 2439 2536 est
2480 2481 2747 2538 scelestius
2787 2499 2946 2556 quam
2988 2500 3167 2539 amare
3201 2484 3480 2555 pecuniam

1896 2569 2087 2643 (Eccli.
2116 2589 2172 2639 x,
2200 2572 2321 2646 10);
2359 2575 2630 2645 cupiditas
2660 2581 2902 2631 omnium
2934 2576 3223 2632 criminum
3252 2576 3480 2631 materia

1893 2669 1997 2716 est.
2038 2660 2191 2718 Unde
2215 2671 2272 2717 et
2294 2662 2585 2733 Apostolus
2610 2664 2723 2718 ait:
2754 2662 2931 2718 Radix
2963 2664 3196 2719 omnium
3218 2662 3478 2718 malorum

1894 2759 1969 2805 est
1996 2752 2256 2827 cupiditas
2297 2752 2349 2824 (I
2376 2752 2510 2807 Tim.
2536 2769 2613 2822 vi,
2664 2753 2774 2825 10).
2832 2753 2891 2809 Si
2918 2769 3049 2825 ergo
3074 2754 3370 2810 succiditur
3390 2770 3477 2809 ra-

1896 2840 1988 2895 dix
2009 2841 2333 2912 criminum,
2373 2858 2481 2911 non
2519 2843 2788 2913 pullulant
2811 2852 3024 2900 caetera:
3049 2842 3262 2901 soboles
3286 2861 3479 2917 pecca-

1895 2937 2095 2987 torum.
2137 2930 2415 3001 Cupiditas
2454 2932 2600 2987 enim
2633 2930 2910 2988 Christum
2945 2933 3214 3000 vendidit,
3241 2933 3483 2989 vendidit

1892 3020 2093 3086 vitam,
2140 3022 2474 3091 comparavit
2505 3030 2732 3078 mortem
2772 3042 2785 3077 :
2824 3039 2926 3080 nec
2953 3023 3172 3090 mirum,
3207 3025 3333 3094 quia
3362 3041 3479 3080 mo-

1895 3110 2096 3166 rientes
2149 3110 2345 3167 inferni
2396 3112 2611 3184 ignibus
2666 3115 3034 3185 deputantur,
3090 3115 3181 3186 qui
3236 3116 3482 3171 viventes

220 3197 575 3261 humilitatem
617 3201 815 3256 mentis
858 3201 1005 3257 salva
1044 3201 1106 3256 fit
1142 3203 1367 3258 castitas
1408 3204 1607 3259 carnis.
1650 3179 1792 3260 Deus
1818 3179 1863 3242 C
1893 3200 2167 3259 ﬂammam
2206 3179 2517 3273 cupiditatis
2560 3220 2673 3260 suze
2723 3179 2832 3262 non
2878 3179 3278 3263 exstinxerunt.
3339 3206 3481 3262 Utile

219 3298 395 3345 autem
432 3304 821 3359 nonnunquam
852 3289 1043 3361 dejicit
1073 3291 1343 3347 occultam
1377 3294 1573 3348 mentis
1611 3309 1794 3365 super-

222 3376 358 3433 biam
388 3394 488 3449 per
512 3379 694 3434 carnis
722 3377 1065 3435 manifestam
1093 3381 1324 3435 ruinam.
1356 3380 1618 3437 Libidinis
1644 3384 1795 3438 nasci

223 3464 614 3537 immunditiam
658 3468 726 3524 de
760 3468 933 3525 animi
973 3470 1192 3525 occulta
1237 3470 1511 3541 superbia,
1551 3472 1798 3541 exemplo

220 3561 373 3629 primi
398 3562 640 3616 hominis
656 3563 941 3633 aperitur;
978 3563 1070 3633 qui
1112 3579 1236 3619 mox
1273 3572 1333 3622 ut
1359 3580 1455 3635 per
1491 3567 1797 3636 superbiam

219 3662 400 3708 contra
435 3653 605 3709 Deum
638 3654 855 3721 tumuit,
886 3655 1070 3710 statim
1095 3656 1277 3712 carnis
1300 3656 1579 3712 libidinem
1604 3658 1793 3726 sensit,

222 3753 272 3798 et
316 3744 567 3815 pudenda
623 3745 854 3815 operuit.
943 3744 1341 3816 Nonnunquam
1392 3746 1607 3818 gemino
1661 3746 1795 3815 vitio

222 3831 561 3890 Christianus
607 3850 638 3888 a
679 3834 892 3890 diabolo
918 3835 1207 3905 appetitur,
1233 3844 1289 3893 et
1314 3836 1529 3892 occulto
1562 3850 1659 3906 per
1685 3837 1795 3892 ela-

222 3923 452 3989 tionem,
496 3931 553 3979 et
597 3923 812 3994 publico
852 3940 951 3995 per
975 3924 1285 3993 libidinem;
1331 3928 1427 3982 sed
1466 3927 1562 3982 Dei
1607 3943 1796 3983 servus

224 4014 449 4071 disci-etc
475 4023 770 4086 utrumque
810 4031 1044 4087 pensans
1091 4018 1170 4073 sic
1206 4025 1363 4072 cavet
1400 4018 1712 4087 libidinem,
1736 4028 1796 4074 ut

224 4119 323 4160 non
354 4106 601 4161 incurrat
645 4107 954 4173 elationem,
987 4116 1044 4163 ct
1084 4110 1165 4165 sic
1193 4109 1375 4167 tremit
1399 4109 1705 4178 elationem,
1737 4121 1796 4167 ut

224 4209 322 4249 non
353 4195 591 4249 resolvat
635 4197 876 4251 animum
916 4197 983 4252 ad
1012 4196 1311 4253 libidinem.
1362 4197 1679 4255 Luxuriosis
1715 4210 1797 4254 at-

218 4301 318 4356 que
342 4288 594 4358 superbis
622 4288 894 4343 daemones
920 4288 1044 4357 plus
1066 4288 1304 4345 fautores
1331 4290 1601 4355 existunt,
1642 4292 1796 4346 dum-

226 4393 324 4447 que
342 4379 399 4432 in
429 4377 643 4433 caeteris
666 4369 815 4432 vitiis
832 4378 1057 4448 spiritus
1085 4379 1308 4451 maligni
1336 4380 1682 4447 deserviunt,
1704 4381 1794 4435 his

227 4477 403 4523 tamen
454 4467 651 4536 majori
698 4466 1066 4524 familiaritate
1092 4468 1422 4540 junguntur,
1476 4470 1662 4541 eisque
1681 4486 1797 4542 am-

220 4558 360 4628 plius
373 4557 535 4628 juxta
565 4558 894 4617 desiderium
918 4558 1269 4621 famulantur.
1299 4559 1684 4630 Principaliter
1712 4562 1798 4618 bis

219 4652 430 4713 duobus
475 4653 624 4708 vitiis
669 4652 915 4709 diabolus
956 4653 1197 4709 humano
1238 4654 1426 4723 generi
1465 4655 1795 4722 dominatur,

220 4742 275 4797 id
302 4754 408 4813 est,
438 4759 538 4816 per
578 4743 889 4814 superbiam
938 4742 1138 4799 mentis
1182 4751 1238 4799 et
1280 4743 1550 4807 luxuriam
1594 4746 1795 4801 carnis.

224 4830 372 4890 Unde
399 4843 456 4889 et
480 4834 742 4893 Dominus
763 4832 833 4889 ad
856 4831 958 4889 Job
978 4831 1221 4902 loquitur
1243 4834 1311 4888 de
1339 4831 1551 4889 diabolo
1580 4834 1765 4890 dicens
1781 4832 1798 4888 ἐ

215 4921 329 4978 Sub
353 4926 541 4980 umbra
565 4926 783 4992 dormit,
807 4925 865 4983 iis
882 4934 1079 4980 secreto
1101 4921 1315 4993 calami,
1344 4925 1401 4983 iu
1425 4924 1551 4980 locis
1575 4925 1796 4982 humen-

218 5013 352 5070 tibus
383 5015 504 5088 (Job
534 5024 627 5082 XL,
655 5015 782 5088 i6);
806 5030 907 5086 per
935 5016 1205 5071 calamum
1227 5016 1369 5072 enim
1400 5016 1579 5073 inanis
1604 5032 1797 5087 super-

212 5103 325 5170 bia,
350 5122 461 5175 per,
478 5105 597 5163 loca
618 5106 896 5169 bumentia
917 5105 1098 5161 carnis
1120 5106 1520 5165 demonstratur
1547 5107 1794 5175 luxuria;

219 5211 320 5265 per
349 5198 467 5255 hac
493 5198 642 5255 enim
668 5198 775 5254 duo
802 5197 933 5257 vitia
960 5196 1205 5257 diabolus
1235 5199 1531 5257 humanum
1561 5199 1799 5271 possidet

218 5301 421 5361 genas,
470 5287 554 5344 vel
606 5288 735 5345 dum
781 5295 1017 5344 mentem
1062 5287 1116 5341 in
1151 5287 1453 5358 superbiam
1494 5287 1684 5363 erigit,
1714 5288 1802 5344 vel

222 5375 349 5431 dum
395 5392 492 5446 per
540 5376 814 5435 luxuriam
870 5392 1088 5437 carnem
1139 5375 1456 5445 corrumpit.
1521 5375 1602 5430 Ex
1637 5378 1802 5433 corde
1850 5420 1851 5423 η

219 5464 363 5519 enim
392 5467 627 5537 primum
658 5466 1046 5522 fornicationes
1081 5472 1207 5520 sunt
1246 5464 1581 5539 auferendge,
1611 5474 1670 5519 ut
1696 5481 1799 5521 non

216 5567 583 5628 prorumpam
605 5560 661 5614 in
689 5574 876 5630 opere.
911 5556 1053 5629 ,lline
1077 5565 1161 5612 est
1190 5557 1333 5628 quod
1360 5574 1457 5627 per
1484 5559 1799 5628 prophetam

222 5647 454 5706 dicitur:
489 5651 755 5722 Αςεὶπσίέε
790 5648 991 5713 lumbos
1022 5658 1216 5705 vestros
1254 5666 1410 5718 super
1442 5649 1600 5704 ubera
1631 5659 1798 5705 vestra

220 5736 361 5809 (ιω.
394 5757 567 5810 xxxii,
597 5740 720 5811 ll);
750 5742 853 5800 hoc
882 5749 968 5797 est
992 5740 1050 5799 in
1077 5741 1238 5798 cordo
1266 5739 1515 5799 libidines
1539 5749 1793 5797 resecato.

1895 3298 1980 3345 est
2007 3306 2199 3347 cavere
2222 3292 2400 3362 gulam
2424 3293 2777 3364 ciborumque
2800 3295 3313 3366 concupiscentiam.
3339 3294 3480 3363 Quid

1893 3380 2038 3435 enim
2066 3388 2174 3434 tam
2204 3382 2424 3436 noxium
2466 3398 2629 3452 quam
2664 3391 2724 3437 ut
2758 3383 2973 3439 animus
3002 3385 3204 3439 serviat
3229 3384 3403 3438 ventri
3426 3394 3483 3438 et

1897 3469 2058 3537 escis,
2086 3484 2208 3538 quae
2229 3477 2355 3524 sunt
2381 3471 2731 3536 destruenda,
2767 3479 2999 3525 testante
3028 3471 3282 3542 Apostelo
3306 3493 3318 3524 :
3341 3472 3481 3527 Deus

1897 3567 2072 3612 autem
2109 3567 2159 3613 et
2199 3559 2336 3613 hunc
2378 3568 2427 3613 et
2462 3559 2575 3614 lucc
2605 3559 2832 3613 destruet
2864 3558 2916 3632 (I
2940 3561 3064 3615 Cor.
3096 3577 3170 3627 vt,
3200 3560 3307 3633 l3).
3361 3561 3480 3618 Non

1897 3650 1966 3709 ad
1994 3650 2265 3706 luxuriam
2294 3666 2396 3707 nec
2415 3651 2485 3707 ad
2519 3650 2823 3707 satietatem
2842 3693 2857 3720 ,
2906 3650 3001 3708 sed
3032 3653 3400 3708 tantummodo
3425 3664 3487 3709 ut

1892 3756 2093 3810 corpus
2121 3749 2454 3799 sustentetur
2483 3742 2551 3797 ad
2577 3757 2712 3813 opus
2731 3741 2862 3810 Dei,
2898 3741 3071 3813 epulis
3092 3751 3175 3798 est
3198 3743 3477 3799 utendum.

1898 3832 2052 3888 Sicut
2082 3833 2229 3891 enim
2264 3848 2455 3889 omnes
2494 3833 2740 3889 carnales
2780 3834 3104 3906 cupiditates
3149 3834 3479 3890 abstinentia

1898 3933 2234 3993 resecantur,
2276 3924 2351 3980 ita
2379 3940 2568 3982 omnes
2602 3927 2799 3982 animae
2828 3926 3056 3983 virtutes
3087 3926 3372 3983 edacitatis
3396 3927 3478 3981 vi-

1897 4018 1973 4074 tio
1998 4016 2369 4083 destruantur.
2410 4017 2597 4089 Neque
2637 4020 2781 4077 enim
2796 4028 2983 4092 potest
3011 4020 3282 4091 quispiam
3310 4021 3484 4076 virtu-

1898 4115 2011 4161 tum
2052 4106 2444 4177 perfectionem
2490 4110 2777 4180 attingere,
2821 4110 2927 4166 nisi
2964 4111 3114 4181 prius
3149 4110 3487 4167 edomaverit

1897 4199 2104 4255 ventris
2148 4199 2460 4272 ingluviem.
2516 4199 2687 4256 Nemo
2730 4209 2912 4272 potest
2957 4201 3224 4258 dominari
3271 4201 3484 4259 caeteris

1897 4288 2066 4356 vitiis,
2095 4290 2201 4347 nisi
2228 4292 2381 4363 prius
2404 4292 2747 4347 restrinxerit
2762 4293 2950 4349 vitium
2980 4293 3136 4364 gulae.
3168 4292 3285 4347 Non
3304 4302 3487 4367 potest

1897 4380 2180 4450 quisquam
2230 4395 2260 4435 a
2301 4382 2590 4450 semetipso
2616 4382 2775 4437 facile
2814 4383 3038 4453 Spiritus
3063 4383 3370 4439 immundos
3390 4399 3485 4440 ex-

1897 4470 2118 4541 pellere,
2150 4470 2255 4525 nisi
2274 4485 2379 4540 per
2411 4466 2794 4535 abstinentiam
2822 4472 2978 4544 gulae.
3042 4472 3194 4529 Tunc
3214 4473 3359 4528 enim
3388 4475 3485 4528 bo-

1904 4572 2015 4623 stes
2046 4561 2140 4632 qui
2181 4571 2336 4617 extra
2383 4578 2485 4619 nos
2512 4570 2638 4618 sunt
2677 4578 2709 4617 a
2734 4564 2890 4619 nobis
2918 4560 3113 4620 fortius
3135 4573 3481 4635 superantur,

1896 4635 2028 4711 cum
2058 4653 2211 4724 prius
2246 4667 2366 4722 quae
2392 4651 2539 4715 intra
2567 4667 2668 4707 nos
2708 4660 2833 4709 sunt
2880 4652 3010 4707 vitia
3049 4654 3480 4721 exstinguuntur.

1896 4730 2041 4817 Nam
2066 4740 2267 4811 frustra
2311 4739 2459 4807 foris
2477 4740 2593 4810 agit
2630 4741 2846 4806 bellum,
2877 4742 2968 4811 qui
2994 4741 3138 4797 intus
3161 4742 3323 4797 habet
3346 4743 3487 4814 peri-

1903 4829 2105 4885 culum.
2167 4829 2319 4891 Escae
2364 4828 2674 4900 crapulam,
2703 4838 2862 4901 potus
2887 4830 3203 4885 ebrietatem
3236 4839 3479 4902 generat.

1904 4923 2152 4979 Ebrietas
2176 4928 2359 4977 autem
2386 4922 2849 4992 perturbationem
2886 4922 3058 4995 gignit
3084 4923 3297 4988 mentis,
3329 4922 3482 4981 furo-

1904 5029 2019 5085 rem
2047 5014 2244 5079 cordis,
2275 5011 2546 5067 flammam
2577 5010 2834 5069 libidinis.
2865 5012 3114 5069 Ebrietas
3137 5015 3213 5068 ita
3245 5023 3482 5070 mentem

1905 5104 2136 5171 alienat,
2182 5112 2241 5159 ut
2289 5104 2383 5159 ubi
2412 5104 2486 5159 sit
2522 5105 2752 5160 nesciat.
2796 5104 2945 5160 Unde
2980 5106 3111 5180 etin
3140 5102 3480 5168 Proverbiis,

1905 5182 2173 5273 Eatenus,
2202 5192 2397 5262 inquit,
2421 5193 2666 5247 iracundi
2687 5202 2842 5248 sunt:
2868 5194 3043 5249 viuum
3066 5210 3169 5248 non
3195 5192 3392 5258 bibant,
3419 5208 3482 5244 ne

1905 5302 2023 5341 cum
2044 5285 2280 5352 biberint,
2301 5285 2674 5341 obliviscantur
2691 5287 3000 5358 sapientiam
3029 5285 3209 5360 (Prov.
3227 5302 3378 5349 xxxx,
3402 5283 3480 5355 5).

1904 5377 2185 5447 Plerisque
2215 5375 2334 5433 laus
2369 5384 2454 5432 est
2494 5377 2722 5433 multum
2764 5378 2949 5434 bibere
2978 5385 3034 5432 et
3062 5392 3168 5431 non
3204 5372 3480 5427 inebriari.

1905 5466 2145 5523 Audiant
2185 5466 2239 5523 hi
2279 5469 2566 5524 adversum
2596 5483 2655 5524 se
2700 5470 3017 5539 prophetam
3044 5465 3347 5519 dicentem:
3386 5458 3480 5515 Va:

1903 5561 1994 5630 qui
2018 5568 2253 5631 potentes
2274 5558 2397 5615 estis
2420 5559 2490 5613 ad
2513 5559 2788 5615 bibendum
2812 5560 3007 5619 vinum,
3034 5562 3082 5608 et
3106 5550 3200 5605 viri
3228 5548 3386 5618 fortes
3413 5548 3505 5603 ad

1904 5635 2223 5705 miscendam
2245 5650 2544 5705 ebrietatem
2568 5648 2703 5725 (lsa.
2730 5663 2787 5714 v,
2816 5645 2928 5717 22).
2971 5643 3109 5698 Vino
3134 5638 3303 5724 multo
3336 5638 3483 5694 dedi-

1906 5748 2007 5806 tos,
2040 5748 2094 5797 et
2122 5739 2397 5797 luxuriose
2436 5738 2704 5800 viventes,
2733 5734 2902 5791 Isaias
2936 5732 3013 5788 sic
3042 5729 3219 5802 arguit
3247 5726 3483 5785 dicens:
