3998 6182
375 386 480 453 εἶθ

1394 370 1784 434 THEODULFI
1823 369 2377 429 AURELIANENSlS
2413 366 2626 425 EPISC.

3533 364 3639 422 Ξευ

389 512 479 568 γαν
519 525 609 582 qut
651 499 961 574 consurgitis
1004 515 1157 553 mane
1180 496 1250 548 ad
1291 488 1590 548 ebrietatem
1629 486 1957 549 uelandam,
1986 489 2038 547 Α
2060 493 2420 554 praeoccupat.
2469 483 2739 538 Contuere
2773 480 3116 536 Salomonem
3140 494 3237 549 per
3259 479 3427 534 otium
3458 480 3647 535 multis

377 618 429 661 et
474 602 765 676 potandum
797 613 958 670 usque
1005 593 1076 648 ad
1120 604 1402 661 vesperam,
1452 596 1510 640 ut
1561 586 1680 639 vino
1726 582 1958 638 wstuetis

383 670 542 769 (Isai.
582 711 638 759 v,
683 691 793 761 tt).
843 689 919 742 De
961 683 1162 739 talibus
1189 679 1391 735 ali0'in
1432 677 1551 732 loco
1589 674 1830 729 dicitur:
1868 670 1961 724 Vae

383 763 499 853 tibi,
540 785 743 846 ciuitas,
769 780 922 850 cujus
965 791 1056 829 rex
1081 770 1284 841 iuvenis
1319 777 1418 834 est,
1448 776 1494 821 et
1523 765 1676 836 cujus
1704 763 1964 834 principes

382 893 538 932 mane
577 871 852 929 comedunt
884 863 1072 938 (Eccli.
1105 879 1164 927 Χ,
1197 859 1306 932 l6).
1365 857 1515 912 Multi
1546 856 1711 911 etiam
1747 870 1776 908 a
1806 867 1966 906 mane

382 982 554 1039 usque
579 965 646 1020 ad
667 963 798 1019 solis
829 957 1142 1014 accubitum
1172 949 1423 1007 ebrietati
1462 956 1519 1002 et
1557 945 1694 1016 gula:
1719 943 1966 1010 volupta-

385 1033 532 1117 tibus
575 1053 837 1117 serviunt,
893 1064 994 1105 nec
1043 1044 1353 1114 intelligunt
1393 1055 1494 1095 cur
1538 1038 1652 1092 nati
1690 1043 1842 1096 sunt,
1875 1033 1968 1086 sed

385 1147 778 1207 consuetudine
806 1142 1050 1199 belluina
1089 1135 1293 1193 detenti
1313 1173 1328 1198 ,
1362 1131 1591 1186 luxuriae
1613 1135 1823 1182 tantum
1853 1132 1967 1178 tota

386 1238 474 1296 die
499 1236 784 1310 epulisque
812 1231 1134 1288 inserviunt.
1195 1224 1406 1280 Clamat
1443 1218 1560 1275 Joel
1594 1218 1856 1301 propheta
1883 1214 1969 1310 his

389 1333 482 1402 qui
504 1299 757 1386 ebrietati
793 1323 1070 1384 serviunt,
1117 1317 1340 1372 dicens:
1375 1299 1811 1382 Expergiscimini
1841 1303 1971 1358 ebrii

386 1396 437 1477 et
465 1424 583 1493 ﬂete
604 1461 619 1484 ,
664 1429 712 1472 et
748 1414 952 1470 ululata
983 1426 1159 1465 omnes
1194 1407 1284 1478 qui
1313 1403 1486 1458 bibitis
1511 1402 1688 1456 uinum
1712 1398 1768 1450 in
1795 1396 1973 1449 dulce-

390 1486 515 1565 dine
563 1503 723 1579 (Joel.
755 1521 795 1569 ι,
823 1500 898 1574 5).
979 1497 1220 1556 Sollicite
1263 1495 1425 1564 igitur
1474 1506 1598 1546 cum
1645 1486 1974 1579 discretione

390 1576 720 1655 moderanda
774 1601 858 1648 est
904 1589 1085 1646 carnis
1130 1601 1295 1648 cura,
1343 1596 1413 1636 ne
1450 1579 1578 1651 quid
1614 1576 1816 1632 nimis:
1849 1589 1974 1628 nam

393 1687 655 1760 quidquid
700 1682 861 1740 nimis
904 1691 959 1738 et
1004 1679 1142 1735 ultra
1187 1676 1407 1731 modum
1446 1679 1568 1736 est,
1609 1667 1977 1740 perniciosum

394 1757 510 1844 est;
544 1757 804 1848 quidquid
831 1781 1010 1827 autem
1031 1784 1152 1826 cum
1181 1766 1342 1821 modo
1369 1774 1424 1818 et
1451 1765 1876 1831 temperamento
1897 1757 1977 1821 (lt,

2065 577 2508 632 fornicationibus
2543 572 2841 628 lnvolutum
2865 610 2880 636 ,
2929 579 2984 625 et
3017 585 3116 640 per
3152 569 3530 624 fornicationis
3562 571 3647 623 vi-

2067 670 2201 723 tium
2227 683 2397 736 usque
2424 666 2478 720 in
2503 664 2863 720 idololatriam
2888 663 3119 733 lapsum.
3173 661 3241 715 Hi
3269 676 3397 716 vero
3421 663 3511 731 qui
3549 677 3650 732 pro

2068 761 2165 816 Dei
2195 762 2390 814 timore
2412 756 2610 812 saeculo
2637 756 2972 818 renuntiant,
3005 762 3060 807 et
3084 761 3264 807 tamen
3291 757 3438 807 curis
3465 768 3649 806 rerum

2069 850 2404 906 saecularium
2446 847 2814 916 implicantur,
2880 853 3083 914 quanto
3124 857 3182 898 se
3224 858 3408 898 rerum
3458 843 3654 898 studiis

2071 939 2371 1010 implicant,
2401 945 2556 991 tanto
2585 951 2648 990 se
2673 935 2868 990 divinae
2894 935 3217 989 subtrahunt
3240 934 3516 988 charitati.
3544 933 3649 1001 Qui

2072 1029 2232 1084 simul
2257 1036 2313 1084 et
2337 1027 2568 1082 terrenis
2598 1041 2791 1096 parere
2823 1024 2969 1080 curis
3000 1033 3056 1078 et
3090 1023 3285 1079 divinis
3309 1039 3368 1078 se
3393 1038 3656 1079 exercere

2074 1120 2320 1183 student,
2348 1125 2642 1187 utrumque
2671 1115 2955 1185 complecti
2981 1129 3088 1169 non
3110 1115 3310 1179 valent,
3333 1115 3473 1169 sicut
3497 1114 3661 1169 Chri-

2075 1217 2189 1264 stus
2214 1210 2290 1262 ait
2317 1227 2329 1260 :
2359 1207 2528 1261 Nemo
2550 1215 2716 1277 potest
2738 1205 2942 1258 duobus
2969 1189 3196 1258 dominis
3217 1204 3411 1258 servire
3434 1202 3652 1274 (Matth.

2075 1317 2152 1366 vr,
2182 1300 2298 1370 24).
2340 1299 2454 1353 Nisi
2479 1299 2624 1354 enim
2653 1299 2804 1367 prius
2831 1313 2862 1351 a
2903 1305 3114 1352 secreto
3144 1296 3326 1351 cordis
3355 1295 3660 1362 expellatur

2077 1396 2384 1465 importuna
2413 1392 2754 1448 saecularium
2800 1389 3090 1444 multitudo
3133 1403 3389 1443 curarum
3416 1430 3430 1454 ,
3475 1388 3659 1442 anima

2079 1500 2198 1554 qua:
2229 1484 2557 1538 intrinsecus
2574 1481 2723 1550 jacet
2750 1490 3089 1550 nequaquam"
3117 1479 3372 1549 resurgit.
3401 1477 3663 1548 Arguitur

2080 1592 2267 1632 eorum
2295 1584 2449 1644 tepor
2497 1573 2590 1642 qui
2616 1613 2631 1639 ,
2682 1574 2794 1626 Deo
2817 1586 3014 1626 vacare
3039 1569 3314 1635 volentes,
3353 1571 3664 1640 mundoque

2081 1668 2416 1733 renuntiant,
2445 1673 2500 1720 et
2523 1681 2684 1720 curas
2718 1663 2966 1733 proprias
2995 1668 3375 1732 aspernantur,
3411 1662 3506 1716 sed
3531 1661 3661 1715 dum

2084 1760 2506 1831 propinquorum
2549 1757 2812 1812 utilitates
2842 1762 3166 1826 procurant,
3209 1769 3239 1806 a
3271 1752 3365 1807 Dei
3393 1767 3579 1810 amore
3603 1767 3665 1806 se

395 1839 631 1923 saluta-re
653 1877 668 1918 :
694 1839 766 1920 in
813 1861 960 1918 omni
1002 1873 1168 1930 opere
1201 1871 1330 1927 ergo
1372 1852 1594 1908 modum
1626 1857 1682 1905 et
1711 1859 1981 1917 tempera-
2007 1839 2054 1897 Β
2083 1858 2356 1921 separant.
2399 1851 2498 1906 Vir
2525 1847 2823 1919 spiritualis
2849 1846 3108 1917 prodesse
3131 1844 3294 1899 debet
3315 1858 3426 1898 sua:
3448 1843 3668 1913 propin-

397 1967 637 2015 mentum
675 1963 892 2026 oportet
938 1951 1160 2007 habere.
1237 1947 1362 2002 Ideo
1399 1945 1505 1999 alia
1547 1949 1674 1998 sunt
1709 1947 1978 2011 praecepta

392 2063 516 2122 qua:
545 2051 742 2106 dantur
785 2044 1036 2100 fidelibus
1083 2032 1426 2097 communem
1471 2038 1527 2092 in
1573 2035 1771 2091 saaculo
1810 2033 1977 2086 vitam

394 2139 735 2212 degentibus,
779 2145 942 2205 atque
963 2134 1069 2188 alia
1091 2131 1274 2188 seculi
1303 2129 1465 2200 hujus
1491 2124 1978 2183 renuntiatoribus.

395 2226 509 2286 Illis
534 2230 680 2285 enim
707 2225 908 2282 dicitur
935 2233 996 2279 ut
1020 2237 1120 2278 sua
1147 2219 1332 2276 omnia
1357 2217 1496 2273 bene
1523 2221 1746 2287 gerant,
1776 2213 1895 2269 istis
1921 2220 1983 2267 ut

398 2336 495 2375 sua
537 2319 720 2373 omnia
767 2315 1147 2383 derelinquant
1188 2330 1201 2364 :
1247 2310 1315 2364 ad
1353 2307 1654 2379 perfectum
1695 2304 1840 2360 enim
1873 2317 1982 2358 non

400 2406 600 2462 suillcit
619 2403 899 2476 abnegatis
918 2402 1173 2456 omnibus
1191 2399 1326 2463 suis,
1358 2398 1463 2452 nisi
1489 2405 1546 2451 et
1561 2396 1801 2465 seipsum
1825 2393 1986 2447 abne—

400 2506 493 2570 get
522 2495 814 2553 secundum
854 2491 1202 2562 Evangelium
1229 2531 1244 2554 ,
1283 2489 1338 2544 id
1373 2496 1489 2552 est,
1534 2486 1641 2541 nisi
1681 2485 1986 2540 voluntates

401 2589 652 2661 proprias
684 2581 955 2654 relinquat
1004 2597 1068 2637 ac
1105 2581 1348 2636 moribus
1377 2578 1561 2650 pravis
1587 2575 1893 2632 renuntiet:
1927 2581 1986 2627 ut

402 2679 495 2750 qui
519 2686 638 2735 erat
665 2677 962 2747 superbus,
1003 2675 1074 2728 sit
1110 2673 1363 2737 humilis;
1396 2671 1487 2740 qui
1510 2677 1630 2724 erat
1654 2667 1884 2731 adulter,
1917 2665 1989 2720 sit

403 2782 622 2835 castus;
649 2765 740 2839 qui
767 2777 885 2823 erat
911 2764 1222 2828 iracundus,
1257 2777 1376 2818 esse
1396 2761 1609 2816 studeat
1635 2763 1982 2820 mansuetus;

405 2861 497 2930 qui
528 2865 646 2916 erat
669 2859 968 2919 animosus,
991 2855 1206 2925 patiens
1235 2867 1356 2908 esse
1379 2847 1701 2913 contendat;
1737 2847 1827 2916 qui
1854 2861 1986 2900 ava-

406 2968 519 3014 rus,
558 2952 630 3006 sit
673 2949 888 3020 largus;
939 2946 1030 3014 qui
1075 2955 1262 3000 contra
1309 2942 1614 3012 proximum
1658 2953 1816 2992 suum
1865 2935 1990 2990 odio

403 3043 495 3100 vel
523 3041 723 3097 invidia
752 3038 1008 3102 tabescit,
1053 3037 1397 3092 dilectionem
1424 3034 1521 3088 Dei
1559 3041 1615 3086 et
1642 3029 1873 3100 proximi
1900 3044 1992 3099 pu-

409 3148 529 3188 ram
559 3134 614 3188 in
645 3129 807 3187 corde
855 3128 1111 3183 retineat.
1154 3124 1354 3194 Sicque
1387 3122 1615 3192 singulis
1645 3121 1792 3174 vitiis
1815 3120 1994 3189 singu-

409 3222 493 3280 las
520 3224 752 3278 virtutes
777 3220 1079 3275 contrarias
1110 3224 1348 3287 opponat
1367 3256 1382 3281 ,
1409 3221 1465 3268 et
1492 3212 1648 3268 bonis
1673 3225 1733 3266 se
1755 3207 1994 3264 moribus

412 3317 682 3371 adornare
711 3313 958 3377 studeat,
1001 3319 1060 3365 ut
1101 3310 1167 3364 de
1210 3309 1358 3362 vitiis
1400 3305 1611 3360 veniam
1645 3311 1701 3358 et
1735 3302 1801 3357 de
1837 3301 1995 3356 bonis

410 3406 626 3460 actibus
655 3404 936 3474 praemium
963 3409 1258 3456 mereatur.
1311 3397 1555 3465 Namque
1583 3393 1841 3449 Dominus
1870 3391 1946 3446 ait
1980 3409 1991 3443 :

413 3493 518 3562 Qui
549 3481 653 3549 ruit
679 3494 852 3549 venire
887 3501 1000 3563 post
1035 3507 1120 3545 me
1157 3490 1372 3560 abneget
1408 3487 1742 3556 semetipsum
1779 3482 1994 3556 (Matth.

409 3595 524 3650 xw,
547 3583 663 3657 24).
703 3584 846 3654 Ergo
889 3583 982 3654 qui
1031 3597 1141 3638 non
1185 3579 1361 3652 rigida
1384 3578 1684 3634 intentione
1709 3573 1999 3646 professio-

413 3690 537 3730 nem
567 3673 818 3729 monachi
847 3681 1149 3739 sectantur,
1181 3679 1384 3740 quanto
1405 3667 1626 3737 superni
1647 3664 1849 3720 amoris
1873 3677 2000 3733 pro-

413 3765 656 3836 positum
707 3761 966 3818 dissolute
1017 3769 1314 3832 appetunt,
1385 3766 1536 3812 tanto
1585 3754 1879 3826 proclivius
1931 3753 2000 3808 ad

419 3856 607 3912 mundi
655 3868 898 3907 amorem
946 3853 1123 3906 denuo
1168 3849 1520 3905 reducuntur.
1572 3845 1708 3901 Nam
1736 3843 2001 3914 professio

423 3961 532 4000 non
581 3941 824 4015 perfecta
863 3941 1147 4012 praesentis
1191 3940 1316 3994 vita:
1366 3937 1561 4007 repetit
1605 3934 1896 4000 desideria,
1947 3935 2000 3988 in

421 4037 622 4108 quibus
647 4034 750 4089 etsi
779 4032 1017 4088 nondum
1047 4046 1106 4088 se
1131 4044 1294 4100 opere
1318 4027 1434 4099 jam
1467 4027 1669 4098 alligat,
1699 4033 1878 4080 tamen
1905 4040 2000 4079 co-

423 4127 704 4201 gitationis
725 4140 912 4182 amore
938 4143 950 4178 :
985 4123 1108 4178 ideo
1128 4122 1289 4178 malis
1313 4129 1399 4176 est
1425 4120 1627 4175 bonum
1667 4117 2002 4189 cogitationi-

421 4221 524 4278 bus
547 4221 764 4277 fortiter
791 4230 1113 4290 repugnare.
1169 4212 1270 4280 Qui
1306 4211 1451 4267 enim
1482 4211 1550 4266 ad
1586 4211 1690 4266 hoc
1715 4206 2002 4278 professio-

426 4329 553 4370 nem
571 4311 876 4370 sanctitatis
897 4305 1184 4381 praetendit
1202 4313 1262 4359 ut
1285 4304 1406 4358 aliis
1426 4301 1746 4373 quandoque
1771 4313 2003 4370 praeesse

427 4405 721 4470 desideret,
754 4403 857 4458 iste
881 4417 989 4456 non
1023 4396 1319 4468 discipulus
1346 4394 1570 4460 Christi,
1602 4391 1696 4448 sed
1719 4389 2004 4463 pravitatis

424 4505 664 4553 sectator
692 4494 902 4560 existit,
931 4494 1056 4562 quia
1095 4506 1203 4546 non
1242 4504 1341 4561 pro
1370 4488 1513 4552 Deo,
1561 4485 1655 4541 sed
1695 4500 1792 4555 pro
1818 4481 2000 4539 saeculi

422 4603 610 4645 amore
653 4596 868 4656 portare
915 4584 1096 4639 studet
1134 4583 1316 4638 crucis
1355 4578 1557 4635 Christi
1598 4577 1859 4630 laborem.
1901 4573 2002 4640 Qui

424 4680 686 4736 mundum
711 4678 988 4742 deserunt,
1028 4675 1123 4730 sed
1149 4681 1331 4729 tamen
1357 4673 1588 4726 virtutes
1609 4677 2003 4740 praeceptorum

422 4770 541 4827 sine
578 4767 761 4824 cordis
788 4764 1097 4821 humilitate
1131 4754 1458 4832 sequuntur:
1493 4759 1582 4814 isti
1619 4759 1774 4828 quasi
1803 4758 1870 4811 de
1911 4771 2003 4811 ex-

421 4862 570 4917 celso
602 4859 839 4931 graviter
866 4862 1161 4919 corruunt,
1196 4853 1323 4923 quia
1350 4851 1590 4906 deterius
1613 4863 1712 4918 per
1739 4848 2000 4902 virtutum
2021 4919 2029 4922 η

423 4951 714 5008 elationem
738 4945 1087 5018 dejiciuntur,
1111 4960 1274 5014 quam
1293 4956 1393 5014 per
1419 4942 1552 4997 vitia
1577 4941 1786 5012 prolabi
1805 4941 2006 5010 potuis-

424 5049 565 5097 sent.
607 5038 798 5095 Omnis
827 5036 924 5090 Dei
972 5047 1159 5091 servus
1201 5034 1266 5089 de
1310 5031 1423 5087 suis
1470 5030 1679 5085 meritis
1711 5045 1817 5085 non
1848 5029 2007 5085 debet

428 5130 624 5195 attolli,
659 5129 784 5183 dum
813 5141 973 5198 posse
1005 5125 1186 5179 videat
1216 5140 1283 5179 ex
1322 5121 1670 5179 inferioribus
1693 5122 1794 5178 sibi
1824 5121 2004 5193 praela-

426 5223 592 5277 tiores
614 5214 749 5274 alios
772 5215 909 5271 fieri.
951 5213 1176 5284 Semper
1213 5213 1542 5270 conscientia
1579 5213 1722 5267 servi
1762 5213 1856 5268 Dei
1900 5212 2002 5267 hu-

423 5313 567 5369 milis
591 5325 716 5368 esse
741 5307 899 5364 debet
935 5315 991 5362 et
1016 5306 1217 5370 tristis,
1249 5303 1487 5367 scilicet,
1529 5311 1589 5357 ut
1615 5318 1712 5372 per
1739 5301 2004 5358 humilita-

423 5415 530 5462 tem
571 5421 679 5462 non
709 5401 1012 5476 superbiat,
1056 5407 1112 5454 et
1145 5414 1243 5470 per
1278 5397 1463 5453 utilem
1498 5411 1785 5452 mcerorem
1812 5411 1908 5450 cor
1936 5395 2002 5450 ad

422 5494 698 5553 lasciviam
727 5512 834 5552 non
863 5491 1142 5550 dissolvat.
1203 5489 1298 5546 Dei
1342 5504 1558 5544 servum
1597 5487 1714 5543 sine
1739 5486 2008 5540 intermis-

425 5589 576 5645 sione
605 5591 785 5662 legere
828 5595 884 5644 et
925 5580 1138 5658 operari
1182 5591 1416 5654 oportet,
1468 5597 1536 5637 ne
1582 5579 1724 5636 forte
1765 5585 2001 5633 mentem

424 5679 537 5732 otio
560 5680 793 5736 deditam
824 5680 1049 5750 spiritus
1086 5673 1460 5733 fornicationis
1512 5669 1795 5740 subripiat.
1847 5666 2004 5723 Cedit

430 5767 574 5824 enim
601 5769 771 5827 labori
799 5773 1076 5842 voluptas,
1101 5769 1341 5826 animum
1375 5775 1554 5822 autem
1581 5767 1862 5819 vacantem
1894 5759 2002 5814 cito

2080 1943 2294 2014 quitati,
2327 1949 2510 1996 tamen
2547 1953 2742 1994 cavere
2786 1952 2856 1992 ne
2891 1936 3017 1990 dum
3057 1934 3166 1989 illis
3211 1934 3442 2006 gratiam
3481 1932 3668 1988 carnis

2079 2043 2341 2107 praestare
2367 2031 2568 2096 studet,
2598 2031 2715 2101 ipse
2760 2044 2791 2082 a
2828 2025 3096 2098 spirituali
3118 2023 3396 2094 proposito
3430 2037 3538 2077 non
3568 2022 3663 2076 dc-

2083 2125 2265 2182 clinet.
2333 2121 2486 2178 Multi
2531 2119 2676 2174 enim
2719 2116 3109 2172 monachorum
3152 2125 3338 2167 amore
3379 2118 3666 2180 parentum

2083 2233 2190 2274 non
2220 2208 2396 2272 solum
2421 2212 2651 2270 terrenis
2682 2211 2860 2274 curis,
2893 2207 2986 2263 sed
3021 2206 3186 2262 etiam
3217 2203 3523 2260 forensibus
3547 2200 3666 2270 jur-

2085 2310 2188 2381 giis
2215 2307 2442 2363 involuti
2470 2347 2486 2372 ,
2533 2313 2588 2359 et
2621 2317 2718 2373 pro
2756 2316 2979 2357 suorum
3029 2297 3308 2370 temporali
3345 2296 3518 2352 salute
3539 2310 3669 2350 suas

2087 2403 2298 2456 animas
2317 2397 2685 2469 perdiderunt.
2729 2393 2883 2449 Sicut
2909 2399 3093 2446 nostra
3121 2389 3280 2446 nobis
3301 2404 3410 2444 non
3436 2388 3670 2443 odienda

2086 2499 2169 2546 est
2195 2490 2397 2554 anima,
2427 2486 2522 2541 sed
2552 2485 2670 2556 ejus
2693 2481 2939 2538 carnales
2965 2479 3212 2544 affectus,
3244 2479 3316 2532 ita
3342 2491 3444 2532 nec
3468 2489 3671 2546 paren-

2087 2590 2169 2635 tes
2197 2596 2226 2633 a
2253 2577 2407 2632 nobis
2445 2574 2662 2631 odiendi
2710 2580 2867 2636 sunt,
2919 2573 3016 2626 sed
3051 2584 3240 2624 eorum
3264 2566 3672 2637 impedimenta,

2088 2685 2209 2740 quas
2248 2683 2348 2722 nos
2388 2666 2456 2719 ab
2487 2663 2683 2719 itinere
2731 2669 2882 2717 recto
2925 2658 3285 2730 praepediunt.
3326 2656 3462 2711 Dum
3491 2662 3677 2708 tamen

2090 2763 2350 2818 Dominus
2376 2761 2448 2815 ita
2478 2759 2734 2830 praecepit
2778 2772 2809 2810 a
2847 2756 3005 2810 nobis
3051 2760 3304 2823 parentes
3346 2750 3485 2805 odiri
3533 2748 3680 2803 sicut

2091 2856 2302 2909 animas
2363 2860 2595 2907 nostras.
2669 2848 2838 2903 Nemo
2887 2845 3031 2901 enim
3088 2843 3420 2914 perpendere
3473 2847 3678 2910 potest,

2092 2945 2279 3013 quanti
2323 2942 2393 2996 sit
2437 2940 2692 3011 ponderis
2728 2936 3001 2992 declin’are
3047 2949 3078 2988 a
3116 2935 3260 2989 bono
3288 2930 3547 2987 etfacere
3567 2945 3683 2983 ma-

2091 3035 2201 3090 lum
2224 3075 2240 3098 ,
2284 3032 2387 3088 nisi
2433 3032 2596 3102 prius
2626 3037 2742 3085 toto
2784 3028 2980 3083 mentis
3008 3026 3201 3080 annisu
3238 3023 3571 3080 convertitur
3604 3022 3680 3075 ad

2097 3126 2290 3179 Deum.
2356 3121 2712 3192 Tripertitum
2741 3117 3063 3175 describitur
3099 3130 3222 3171 esse
3253 3111 3688 3181 uniuscujusque

2098 3216 2347 3273 conversi
2390 3213 2728 3287 profectum,
2777 3211 2832 3266 id
2878 3219 2981 3275 est,
3025 3209 3262 3280 primum
3307 3205 3610 3278 corrigendi
3647 3220 3690 3260 τι

2099 3310 2280 3374 malo,
2331 3307 2626 3363 secundum
2673 3303 2908 3358 faciendi
2949 3303 3186 3367 bonum,
3232 3300 3452 3355 tertium
3484 3311 3692 3353 conse-

2099 3400 2297 3469 quendi
2323 3399 2451 3454 boni
2477 3397 2659 3467 operis
2685 3394 2984 3465 praemium.
3036 3391 3268 3462 Ideoque
3297 3389 3554 3446 festinare
3581 3387 3690 3442 de-

2094 3489 2190 3546 bet
2217 3490 2284 3545 ad
2307 3475 2474 3545 Deum
2503 3485 2816 3559 paenitendo
2840 3483 3208 3554 unusquisque
3231 3481 3356 3536 dum
3378 3487 3585 3550 potest,
3615 3492 3695 3532 nt:

2101 3584 2145 3636 si
2172 3581 2298 3635 dum
2322 3563 2762 3650 potest‘uoluerit
2787 3617 2801 3642 ,
2833 3589 2956 3630 cum
2983 3574 3137 3628 tarde
3158 3571 3413 3634 voluerit,
3459 3568 3695 3624 omnino

2102 3689 2210 3728 non
2243 3673 2437 3742 possit.
2491 3669 2725 3724 Proinde
2767 3665 3033 3736 propheta
3075 3663 3190 3718 ait:
3228 3654 3460 3727 Qumrite
3501 3658 3695 3712 Domi-

2104 3777 2230 3815 num
2262 3760 2389 3814 dum
2437 3757 2658 3813 inveniri
2703 3764 2887 3826 potest,
2941 3754 3172 3807 invocata
3208 3767 3326 3806 eum
3365 3749 3491 3803 dum
3525 3764 3695 3818 prope

2103 3863 2179 3910 est
2208 3852 2346 3925 (Isa.
2373 3867 2460 3916 LV,
2493 3849 2568 3921 6).
2609 3849 2676 3903 Et
2711 3848 2802 3902 ubi
2835 3844 3064 3901 inveniri
3104 3849 3312 3914 potest,
3348 3841 3451 3896 nisi
3498 3840 3551 3894 in
3579 3840 3696 3894 hac

2103 3947 2238 4010 vita,
2261 3945 2318 3999 in
2345 3959 2453 4013 qua
2494 3943 2659 3996 etiam
2697 3954 2864 4010 prope
2909 3944 2991 3992 est
3031 3936 3283 3990 omnibus
3311 3931 3696 3988 invocantibus

2104 4055 2164 4096 se
2191 4040 2247 4093 in
2287 4037 2517 4092 veritate
2567 4033 2725 4089 Jesus
2771 4030 3020 4087 Christus
3057 4027 3317 4082 Dominus
3356 4031 3558 4086 noster,
3590 4023 3694 4091 qui

2103 4131 2355 4188 omnibus
2382 4130 2436 4184 in
2478 4142 2539 4182 se
2571 4125 2841 4181 veraciter
2869 4121 3206 4188 fideliterque
3234 4115 3579 4173 credentibus
3607 4115 3696 4170 vi.

2104 4231 2219 4278 tam
2247 4228 2302 4277 et
2329 4219 2555 4292 gloriam
2583 4215 2966 4286 sempiternam
2986 4209 3344 4283 praeparabit?

2104 4401 2108 4405 -
2176 4375 2265 4432 DE
2303 4369 2608 4429 OHNIBUS
2643 4365 3012 4425 ORDINIBUS
3049 4363 3270 4422 HUJUS
3309 4363 3603 4420 SIECULI.

2181 4487 2444 4556 Quoniam
2474 4490 2756 4560 peccatum
2790 4482 3150 4553 quodcunque
3179 4479 3414 4534 delectat
3439 4487 3532 4533 aut
3557 4481 3694 4535 sub-

2109 4579 2293 4650 ripuit,
2321 4577 2394 4633 sit
2435 4574 2592 4630 nobis
2621 4574 2673 4627 in
2707 4571 3000 4636 memoria;
3038 4570 3180 4640 quod
3203 4567 3316 4639 jam
3355 4568 3531 4624 deleta
3561 4579 3696 4624 sunt

2107 4675 2330 4739 peccata
2357 4673 2563 4729 nostra,
2601 4678 2710 4718 non
2751 4661 3043 4732 perdamus
3083 4660 3363 4729 praemium
3411 4660 3696 4731 sanguinis

2109 4759 2334 4824 Christi,
2360 4773 2464 4814 nec
2492 4753 2826 4811 maculemus
2849 4751 3044 4807 stolam
3084 4751 3279 4806 anima:
3307 4765 3405 4820 per
3425 4751 3694 4819 iniquita-

2109 4861 2240 4918 tem,
2268 4859 2363 4906 aut
2389 4851 2656 4918 rapinam,
2704 4854 2798 4900 aut
2839 4843 3348 4912 concupiscentiam.
3388 4841 3690 4908 Jacuiums,

2104 4945 2217 5016 jam
2248 4941 2413 4998 erecti
2454 4953 2671 5003 sumus;
2711 4933 2982 4990 vulnerati
3029 4931 3325 5000 fueramus,
3365 4931 3479 5001 jam
3503 4947 3696 4987 sumus

2111 5034 2287 5090 sanati
2310 5048 2324 5087 :
2349 5047 2456 5087 non
2475 5031 2582 5086 erit
2593 5027 2892 5084 excusatio.
2916 5025 3332 5094 Qualescunque
3351 5023 3596 5079 diabolus
3621 5024 3694 5078 ad

2104 5126 2306 5181 malum
2345 5129 2524 5194 potest
2565 5120 2818 5182 invitare,
2858 5133 2966 5172 non
3012 5124 3193 5186 potest
3238 5115 3490 5179 trahere;
3539 5113 3694 5169 dele-

2106 5215 2398 5271 ctationem
2431 5211 2618 5272 infert.
2651 5225 2756 5265 non
2801 5215 3159 5279 potestatem;
3210 5204 3497 5261 consilium
3540 5203 3697 5273 inge-

2107 5309 2195 5372 rit,
2225 5323 2333 5362 non
2357 5305 2686 5362 conflictum.
2715 5302 2871 5358 Nunc
2895 5316 3028 5370 ergo
3052 5307 3274 5370 propter
3315 5306 3530 5369 partum
3565 5297 3696 5351 bea—

2109 5409 2175 5454 tae
2215 5397 2416 5461 Mariae,
2446 5397 2519 5451 sit
2546 5395 2679 5450 mihi
2707 5407 2888 5448 sermo
2914 5392 2983 5446 ad
3001 5391 3260 5461 virgines,
3285 5388 3399 5444 sive
3425 5385 3493 5441 ad
3521 5385 3691 5446 viros.

2104 5490 2220 5546 sive
2248 5489 2314 5543 ad
2345 5487 2596 5549 feminas,
2636 5485 2752 5540 sive
2776 5486 2844 5540 ad
2875 5482 3080 5546 viduas,
3124 5480 3239 5536 sive
3265 5486 3532 5549 potentes,
3576 5477 3692 5532 sive

2104 5591 2392 5650 pauperes,
2417 5575 2531 5630 sive
2560 5587 2773 5637 servos,
2807 5587 2914 5626 non
2943 5579 3029 5627 est
3054 5568 3196 5641 apud
3222 5567 3391 5623 Deum
3438 5567 3543 5622 nisi
3577 5579 3694 5620 me-

2106 5669 2334 5724 ritorum
2363 5666 2636 5722 discretio.
2673 5665 2868 5721 Audite
2896 5677 2983 5718 me
3004 5663 3188 5732 itaque
3211 5660 3520 5730 quicunque
3547 5656 3697 5712 dono

2105 5757 2306 5815 Christi
2362 5757 2414 5810 in
2459 5770 2686 5825 corpore
2737 5753 2976 5825 virgines
3037 5751 3189 5816 estis,
3246 5747 3567 5821 generaliter
3612 5743 3694 5798 lo-
