3998 6182
238 377 329 436 181

1394 394 1820 456 FRAGMENTA
1861 400 2265 465 SERNONUM.

3369 426 3477 485 282

236 516 366 570 quor
414 500 483 557 ad
509 514 717 557 omnes.
764 502 961 560 Audite
1017 522 1105 562 me
1155 512 1338 579 harpe
1383 514 1695 584 quicunque
1739 530 1800 571 se
1826 517 1875 576 Α
1902 517 1993 579 tis,
2039 521 2426 588 consulamini;
2471 525 2747 583 tribulatio
2790 540 2970 587 vestra
3020 543 3368 594 convertam-
3417 543 3473 595 in

230 591 467 661 agnoscit
508 607 630 648 esse
660 594 803 662 quod
837 594 982 661 dico,
1035 598 1251 654 studeat
1296 608 1358 655 ut
1402 610 1457 656 et
1506 604 1669 659 corde
1724 604 1798 659 sit

227 684 403 751 virgo:
431 684 510 741 sic
534 684 767 754 gaudeat
793 686 859 740 de
888 686 1040 741 lucro
1065 691 1327 759 corporis,
1365 700 1425 745 ut
1455 707 1562 748 non
1599 695 1798 749 habeat

227 773 476 828 damnum
516 773 751 829 animae:
800 778 1028 846 gaudeat
1075 788 1253 835 tamen
1301 784 1368 837 de
1410 792 1521 837 tam
1562 789 1797 855 pretioso

223 864 359 918 dono
400 864 621 931 Christi,
674 867 906 935 gaudeat
952 885 1075 924 cum
1122 872 1445 940 humilitate,
1497 875 1621 932 ﬂeat
1669 894 1793 934 cum

218 954 437 1022 pietate,
461 963 587 1025 agat
623 956 825 1026 gratias
865 959 992 1027 quia
1022 968 1228 1016 tantam
1260 963 1571 1022 felicitatem
1615 968 1669 1024 in
1705 972 1792 1025 in-

221 1046 474 1116 tegritate
512 1054 718 1118 portat,
749 1049 960 1105 laetetur
982 1053 1107 1121 quia
1146 1064 1429 1112 secuturus
1457 1067 1542 1113 est
1583 1060 1793 1131 Agnum

214 1150 541 1208 quocunque
576 1139 703 1193 ierit
732 1156 746 1192 :
794 1140 839 1195 si
885 1149 1065 1198 tamen
1096 1146 1153 1199 in
1178 1162 1274 1202 ore
1300 1148 1437 1218 ejus,
1483 1151 1622 1205 sicut
1663 1152 1793 1223 legi-

210 1243 331 1283 mus
380 1229 434 1282 in
492 1229 836 1301 Apocalypsi,
910 1236 1249 1291 mendacium
1302 1254 1409 1294 non
1463 1241 1790 1311 inveniatur,

208 1325 327 1371 oret
361 1332 463 1387 pro
482 1324 911 1389 perseverantia,
938 1333 999 1379 ut
1022 1341 1128 1381 non
1171 1327 1245 1382 illi
1276 1330 1662 1402 qualiscunque
1692 1333 1788 1389 de-

208 1408 431 1466 lectatio
472 1412 675 1478 saeculi,
708 1423 803 1467 aut
854 1415 1055 1471 invidia
1085 1418 1301 1485 diaboli,
1339 1428 1546 1476 tantum
1592 1424 1788 1479 donum

206 1499 388 1566 tollat,
422 1508 627 1556 tantam
670 1502 973 1560 claritatem
1004 1506 1288 1573 innubilet,
1321 1517 1532 1565 tantum
1559 1512 1787 1568 nitorem

202 1592 458 1659 infuscet,
488 1603 670 1652 teneat
693 1598 924 1665 fortiter,
957 1616 1063 1656 non
1097 1606 1286 1672 perdat
1314 1621 1430 1661 rem
1458 1608 1786 1689 irreparabi-

197 1682 328 1749 lem,
379 1701 486 1741 non
522 1703 630 1743 uno
675 1700 947 1746 momento
974 1692 1353 1752 delectationis
1396 1686 1613 1755 amittat
1657 1717 1784 1771 gra-

200 1772 333 1827 tiam
369 1778 644 1845 corporis:
685 1794 791 1834 non
842 1784 1131 1839 contrahat
1161 1788 1549 1857 turpitudinem
1591 1794 1784 1849 animae

1900 606 2144 663 letitiam
2178 619 2233 665 et
2258 612 2414 668 dolor
2435 624 2616 671 vester
2644 618 2698 672 in
2740 622 3014 689 gaudium.
3059 625 3174 680 Non
3211 629 3367 684 vobis
3400 632 3474 685 sit

1898 696 2169 773 ingratum
2191 704 2336 771 quod
2362 706 2701 775 mendicans,
2741 728 2842 768 nec
2867 715 2986 769 ideo
3014 717 3068 771 in
3094 720 3257 775 corde
3287 733 3470 777 vestro

1896 772 2100 856 aliquid
2123 798 2315 845 contra
2358 792 2647 854 Dominum
2689 772 2903 857 dicatis.
2935 802 3068 869 Quia
3100 806 3189 860 ille
3212 772 3475 875 justo—siet

1893 876 2016 944 pius
2041 881 2201 935 estin
2226 884 2477 939 omnibus
2517 889 2772 955 operibus
2799 894 2933 960 suis,
2973 903 3029 949 et
3075 906 3126 951 te
3175 898 3295 954 ideo
3343 900 3471 956 fecit

1824 1038 1833 1044 ι
1893 978 2205 1034 pauperem,
2253 978 2313 1023 ut
2356 972 2662 1031 suﬂ'erendo
2709 980 2970 1050 inopiam,
3012 994 3269 1042 aeternam
3296 991 3466 1046 vitam

1892 1056 2225 1123 acquireres,
2255 1068 2311 1113 et
2333 1061 2553 1117 divitem
2585 1066 2707 1122 ideo
2737 1068 2885 1136 fecit,
2915 1083 2973 1127 ut
3001 1076 3125 1129 dum
3157 1078 3253 1132 tibi
3280 1096 3468 1150 super-

1860 1142 1999 1211 vflua
2027 1147 2203 1211 daret,
2236 1153 2531 1208 remedium
2575 1161 2819 1225 peccatis
2862 1168 3211 1234 acquireret:
3263 1179 3318 1225 et
3346 1142 3468 1229 ideo

1889 1237 2155 1303 patientes
2180 1248 2370 1306 estote,
2396 1254 2707 1313 exspectate
2732 1249 3041 1308 Dominum.
3074 1256 3249 1313 Etiam
3274 1261 3343 1314 ad
3372 1278 3467 1317 vos

1890 1328 2022 1383 mihi
2052 1346 2230 1385 sermo
2252 1340 2352 1396 est,
2386 1335 2549 1399 servi,
2598 1338 2905 1408 quicunque
2939 1342 3187 1399 dominos
3218 1350 3466 1425 carnales

1889 1418 2119 1483 habetis,
2182 1418 2507 1494 quicunque
2535 1428 2739 1482 servitii
2810 1432 3174 1489 conditionem
3231 1424 3463 1501 habetis,

1887 1508 2101 1564 obedite
2130 1511 2359 1567 dominis
2401 1518 2614 1582 vestris,
2642 1519 2847 1591 diligite
2896 1538 2961 1577 ex
3010 1525 3193 1591 corde,
3236 1544 3340 1584 non
3393 1533 3459 1585 ad

1885 1595 2099 1651 oculum
2143 1600 2459 1665 servientes,
2497 1605 2591 1659 sed
2640 1607 2999 1665 ministerium
3030 1626 3096 1667 ex
3145 1630 3328 1671 amore
3376 1617 3463 1671 fa-

1885 1686 2109 1742 cientes.
2140 1687 2276 1756 Quia
2303 1698 2358 1745 et
2384 1692 2505 1748 illos
2535 1695 2676 1751 Deus
2702 1701 3005 1768 constituit,
3036 1711 3095 1757 ut
3115 1706 3267 1761 vobis
3296 1707 3467 1763 domi-

1886 1783 2103 1841 nentur,
2151 1786 2207 1833 et
2242 1795 2340 1835 vos
2368 1790 2430 1836 ut
2456 1785 2739 1852 serviatis;
2773 1787 2910 1844 bene
2952 1794 3175 1859 servile,
3226 1797 3351 1864 quia
3397 1798 3467 1853 de

194 1877 296 1930 per
332 1864 791 1932 pulchritudinem
817 1869 1005 1927 forma,
1028 1855 1324 1946 compti“
1351 1895 1457 1933 non
1486 1880 1635 1936 mum
1656 1898 1785 1938 σου,
1812 1855 1859 1913 Β
1885 1862 2028 1953 bone
2057 1867 2280 1921 servitio
2309 1873 2613 1928 mercedem
2638 1876 2936 1944 habebitis;
2986 1883 3031 1935 si
3062 1884 3187 1937 boni
3227 1886 3459 1953 fueritis,

187 1952 531 2020 cupiscentia
560 1956 761 2010 vincat.
795 1957 852 2013 Si
882 1976 968 2015 me
1005 1962 1263 2029 audierit,
1291 1978 1609 2041 permanet;
1641 1973 1785 2039 quod
1885 1952 2138 2045 ωεξιίοτθε
2167 1957 2321 2012 "his
2346 1960 2575 2029 dominis
2604 1964 2780 2021 malis-
2828 1966 2966 2045 Qui?
3006 1977 3146 2039 apud
3176 1974 3460 2032 θυωίηυω

184 2041 227 2094 εί
267 2057 390 2096 non
416 2044 670 2109 audierit,
691 2048 999 2126 amissurus
1029 2060 1115 2107 est
1148 2055 1290 2123 quod
1319 2036 1597 2127 umquam
1884 2042 2061 2096 anima
2105 2046 2529 2120 uniuscujusque
2567 2068 2674 2108 non
2723 2064 2809 2110 est
2842 2058 2908 2112 de
2952 2060 3234 2117 nobilitate
3262 2064 3464 2120 discer-

184 2136 442 2183 raturus.
476 2130 675 2186 lterum
699 2128 764 2187 ad
795 2151 891 2191 vos
913 2139 1045 2194 mihi
1073 2157 1253 2197 sermo
1277 2154 1379 2200 est.
1404 2146 1505 2213 Qui
1528 2128 1785 2221 conjuges

185 2216 428 2280 habetis,
460 2234 657 2277 moneo
703 2232 761 2278 ut
805 2235 956 2282 caste
996 2229 1260 2286 habeatis.
1308 2233 1443 2289 Nam
1486 2216 1777 2305 Elisabeth,

188 2319 311 2374 qua:
342 2306 606 2376 longmvis
630 2316 964 2383 temporibus
997 2329 1147 2375 caste
1175 2337 1298 2376 cum
1329 2326 1523 2380 marito
1552 2328 1779 2397 vixerat,

185 2406 238 2451 et
266 2400 437 2455 ambo
466 2396 652 2459 ﬁdeles
700 2415 826 2461 ante
857 2409 1024 2464 Deum
1058 2411 1290 2480 fuerant,
1340 2419 1538 2472 meruit
1560 2420 1676 2489 jam
1714 2426 1780 2478 de

188 2498 409 2546 mortuo
432 2492 638 2548 semine
668 2496 869 2553 habere
893 2499 1081 2567 ﬁlium,
1107 2506 1196 2573 qui
1220 2513 1274 2560 et
1300 2509 1645 2565 sanctitatem
1680 2526 1776 2581 pa-

187 2582 361 2636 rentis
384 2593 605 2642 ornaret
633 2595 687 2641 et
720 2592 1107 2659 praedicatione
1143 2597 1339 2653 multos
1375 2600 1619 2658 infideles
1647 2619 1777 2660 con-

187 2679 445 2726 verteret.
474 2673 673 2732 lterum
717 2682 872 2736 vobis
906 2682 1098 2753 loquor
1136 2701 1255 2755 qua:
1299 2690 1432 2744 estis
1461 2690 1657 2759 viduas,
1681 2709 1775 2749 cu-
1814 2718 1825 2721 ·

187 2764 388 2819 stodite
415 2767 759 2837 viduitatem,
811 2789 920 2830 non
969 2785 1143 2833 estote
1187 2782 1451 2847 verbosas,
1502 2786 1596 2840 sed
1648 2801 1773 2843 cum

188 2852 404 2911 silentio
451 2868 764 2929 exspectate
793 2864 1103 2933 Dominum,
1148 2870 1240 2939 qui
1291 2872 1551 2943 pupillum
1599 2882 1656 2931 et
1691 2878 1773 2933 vi-

189 2943 351 3000 duam
398 2950 677 3020 suscipiet.
731 2953 839 3010 Sed
889 2956 1030 3012 bona
1061 2960 1219 3015 vidua
1267 2962 1357 3018 illa
1390 2956 1523 3035 quae
1563 2967 1619 3023 in
1648 2985 1772 3024 ora-

189 3034 331 3090 tione
356 3046 462 3102 est,
502 3047 558 3094 et
592 3042 917 3112 humilitate,
943 3048 998 3101 in
1024 3048 1382 3125 eleemosynis
1408 3034 1676 3128 prompta.
1710 3057 1769 3114 Si

190 3134 333 3181 certe
368 3129 525 3184 ‘unde
554 3131 716 3188 faciat
759 3150 866 3190 non
908 3137 1088 3204 habet,
1116 3141 1449 3199 voluntatem
1488 3146 1686 3203 bonam
1713 3158 1769 3205 et

1882 2131 2079 2197 nenda,
2110 2134 2205 2188 sed
2251 2150 2450 2205 opere;
2498 2156 2601 2196 nec
2645 2158 2867 2212 genere,
2910 2148 3005 2201 sed
3047 2150 3277 2206 actione.
3338 2153 3465 2211 Ideo

1881 2238 2024 2279 nunc
2045 2226 2111 2279 ad
2153 2240 2341 2284 omnes
2381 2232 2514 2287 mihi
2560 2248 2740 2290 sermo
2770 2236 2890 2303 fuit,
2923 2240 3049 2308 quia
3087 2241 3339 2299 Christus
3363 2262 3463 2321 pro

1881 2316 2039 2370 nobis
2079 2326 2330 2375 mortuus
2373 2332 2457 2377 est
2489 2342 2501 2377 :
2532 2333 2586 2380 et
2615 2326 2736 2382 ideo
2776 2340 2989 2385 servate
3014 2348 3134 2401 qua:
3160 2335 3271 2389 dixi
3296 2316 3371 2391 ‘ut
3394 2318 3462 2393 de

1878 2405 2031 2459 vobis
2062 2406 2295 2463 fructum
2339 2412 2591 2481 habeam,
2623 2426 2677 2471 et
2716 2434 2810 2474 vos
2830 2436 3018 2478 omnes
3044 2424 3098 2478 in
3120 2426 3455 2495 cmlestibus,

1866 2482 1969 2551 ubi
1995 2496 2264 2556 frumenta
2294 2507 2668 2575 congreganda
2694 2519 2847 2575 sunt,
2866 2514 3174 2571 misericors
3200 2482 3460 2575 Dominus

1878 2589 2222 2659 intromittat,
2259 2596 2352 2666 qui
2382 2598 2516 2653 vivit
2554 2608 2609 2655 et
2652 2612 2846 2673 regnat
2880 2604 2935 2659 in
2983 2607 3180 2662 saecula
3228 2609 3454 2664 saculo-

1877 2698 2018 2745 rum.
2045 2685 2238 2743 Amen.

1949 2787 1977 2816 ι
2021 2775 2111 2832 Vis
2156 2795 2317 2846 nunc,
2360 2783 2681 2840 charissime
2728 2786 2900 2842 frater
2946 2788 3211 2855 Desideri,
3262 2798 3322 2844 ut
3356 2791 3455 2847 tibi

1873 2868 2027 2935 quasi
2069 2868 2135 2924 de
2170 2868 2526 2930 luminaribus
2566 2876 2910 2944 firmamenti,
2957 2896 3075 2951 quae
3105 2890 3215 2937 toto
3251 2883 3455 2939 mundo

1874 2954 2194 3026 refulgeant,
2241 2976 2414 3030 pauca
2445 2965 2512 3019 de
2559 2952 2930 3037 seriptoribus,
2966 2972 3057 3041 qui
3101 2973 3257 3027 nobis
3284 2975 3455 3029 multa

1871 3044 1939 3100 de
1964 3047 2403 3117 obscuritatibus,
2434 3070 2554 3123 quae
2578 3068 2801 3128 propter
2826 3062 3096 3117 carnalem
3141 3063 3447 3135 intelligen-

1873 3136 2002 3191 tiam
2028 3138 2327 3210 impediunt
2368 3146 2436 3199 ad
2478 3147 2817 3216 splendorem
2851 3154 3303 3208 considerationis
3338 3157 3449 3223 spi-

191 3214 459 3271 sinceram
484 3222 868 3290 cogitationem
901 3226 1116 3284 habeat.
1154 3230 1426 3300 Mulieres,
1457 3252 1565 3291 non
1599 3239 1767 3293 male-
1794 3214 1838 3275 Ο
1870 3228 2121 3285 “male”!
2142 3233 2388 3302 Ρτοῖειτθ
2417 3230 2711 3305 Pomm"!nt
2734 3243 3211 3299 manifes‘iSSime?
3237 3244 3445 3311 Dicam:

189 3303 369 3373 dicite,
399 3324 507 3364 non
543 3309 745 3379 jurate,
790 3330 898 3370 non
941 3326 1114 3373 estote
1141 3332 1403 3391 promptae
1438 3326 1505 3379 ad
1536 3326 1766 3396 loquen-

189 3395 331 3450 dum.
361 3397 528 3455 Forte
554 3402 733 3463 dicitis
753 3404 1121 3475 importunum
1150 3425 1269 3465 esse
1294 3414 1436 3481 quod
1472 3415 1575 3469 ista
1605 3395 1761 3472 dico:

187 3501 284 3541 non
331 3490 469 3544 mihi
512 3490 692 3549 facere
742 3494 946 3567 [Forte,
996 3500 1199 3572 tacere]
1235 3500 1389 3566 licet;
1436 3504 1558 3573 plus
1604 3507 1768 3564 timeo

188 3576 330 3633 illum
360 3582 452 3650 qui
483 3583 639 3652 jubet
671 3600 831 3655 quam
858 3587 1005 3642 illum
1035 3590 1126 3659 qui
1170 3591 1423 3647 detrahit.
1470 3593 1583 3665 Ego
1619 3594 1762 3663 dico,

188 3670 268 3738 qui
292 3673 565 3742 agnoscit,
596 3678 885 3742 emendet;
937 3680 1028 3750 qui
1064 3681 1118 3735 in
1160 3696 1219 3736 se
1259 3699 1365 3738 non
1402 3688 1760 3756 recognoscit,

186 3762 431 3827 gaudeat,
466 3772 522 3817 et
548 3774 749 3831 teneat,
776 3774 836 3820 ut
879 3767 1000 3823 aliis
1024 3784 1122 3839 pro
1158 3770 1330 3825 salute
1359 3768 1540 3828 dicere
1566 3777 1757 3846 possit.

188 3847 331 3907 Nunc
351 3852 466 3921 jam
506 3855 574 3910 ad
613 3872 708 3912 vos
745 3858 956 3928 loquor,
983 3863 1325 3930 pmniteutes,
1363 3866 1454 3936 qui
1490 3869 1760 3937 pteuiten-

186 3940 305 3996 tiatn
343 3943 397 3997 in
429 3944 661 4001 ecclesia
704 3950 988 4019 accepistis
1032 3958 1088 4006 et
1112 3954 1289 4023 agitis,
1327 3967 1671 4039 perseverate
1702 3960 1756 4014 in

183 4028 325 4098 ﬂetu,
358 4034 415 4087 in
447 4039 861 4105 compunctione
897 4041 1053 4097 docte
1082 4043 1337 4119 plangite.
1386 4046 1523 4114 Quid
1548 4036 1783 4106 est7do-’

185 4129 263 4176 cte
284 4122 563 4195 plangite?
588 4142 695 4182 non
731 4131 957 4199 quzerite
1005 4134 1059 4187 in
1112 4135 1358 4191 oratione
1402 4140 1753 4208 temporalem

183 4224 309 4278 rem,
338 4215 437 4269 sed
463 4224 723 4272 aeternam
754 4220 1163 4289 beatitudinem,
1208 4225 1580 4283 remissionem
1622 4244 1752 4299 pec-

184 4306 462 4355 catorum:
498 4305 589 4373 qui
626 4307 704 4361 sic
732 4316 874 4374 orat,
914 4310 1025 4378 ipse
1051 4312 1205 4367 docte
1244 4314 1465 4386 plangit.
1500 4316 1617 4372 Non
1640 4335 1755 4399 _ca-

180 4388 301 4443 dant
327 4394 396 4446 ad
426 4400 627 4450 terram
675 4397 861 4454 inanes
889 4400 1140 4472 lacrymze
1161 4412 1374 4469 vestrae,
1422 4407 1549 4474 quia
1578 4392 1747 4463 verax

180 4485 259 4530 est
300 4478 390 4535 ille
417 4482 510 4551 qui
547 4496 642 4553 per
687 4483 1009 4556 Prophetam
1043 4490 1210 4544 dicit:
1268 4488 1436 4547 Posui
1488 4494 1749 4566 lacrymas

1868 3323 1928 3369 ut
1963 3331 2172 3385 vereor,
2214 3320 2475 3377 Susanme
2501 3324 2700 3381 llelcia:
2735 3329 2857 3384 filiae
2901 3331 2954 3384 in
2992 3347 3077 3385 me
3101 3333 3447 3399 sententiam,

1867 3404 2052 3474 iniquo
2076 3404 2282 3477 jiidicio
2310 3415 2750 3485 presbyterorum
2780 3420 3010 3474 dicentis
3030 3437 3098 3476 ne
3124 3423 3442 3491 impleatur:

1867 3496 2128 3564 angustia;
2173 3502 2463 3555 sunt‘mihi
2500 3504 2760 3573 undique,
2791 3516 2845 3560 et
2878 3508 3012 3561 mihi
3041 3509 3289 3565 similiter
3322 3522 3446 3568 sunt

1865 3583 2161 3653 angustia?
2189 3585 2246 3641 Si
2285 3590 2431 3643 enim
2455 3592 2677 3647 voluero
2702 3609 2772 3649 ex
2794 3597 2878 3651 his
2908 3600 3321 3667 reprehendere,
3351 3604 3445 3657 ad-

1863 3672 2138 3729 versarios
2186 3685 2351 3747 atque
2414 3680 2727 3739 inimicitias
2774 3687 2973 3756 ubique
3027 3691 3341 3757 concitabo;
3397 3694 3444 3749 si

1862 3773 2043 3817 autem
2068 3766 2309 3834 voluero,
2340 3772 2482 3840 quod
2521 3776 2804 3843 postulasti
2854 3795 3128 3850 nunquam
3174 3783 3438 3852 invenies,

1860 3853 1953 3907 sed
1982 3854 2134 3925 cujus
2160 3866 2270 3914 tam
2292 3860 2623 3918 voluntatem
2655 3869 3036 3939 condemnari,
3064 3888 3225 3942 quam
3251 3878 3443 3933 multo-

1858 3958 1981 3998 rum
2007 3948 2288 4004 consilium
2319 3953 2574 4020 transire,
2615 3956 2699 4011 vel
2737 3958 3016 4030 despicere
3045 3952 3167 4019 esse
3194 3966 3427 4022 videtur.

1859 4033 1959 4101 Qui
1994 4042 2363 4112 unusquisque
2391 4060 2579 4101 eorum
2608 4049 2661 4102 in
2713 4050 3008 4122 Scripturis
3055 4058 3259 4113 sanctis
3305 4060 3431 4114 dili-

1856 4134 2046 4211 genter
2066 4129 2286 4207 laudare
2314 4133 2531 4191 meruit.
2572 4138 2679 4193 Sed
2700 4155 2888 4197 omnes
2912 4144 3106 4200 leniter
3135 4146 3434 4219 leviterque

1857 4210 2164 4275 cum’omni
2206 4238 2403 4303 amore
2451 4234 2707 4299 tanquam
2756 4241 2817 4286 ut
2870 4242 3160 4305 utrumque
3204 4210 3430 4305 pacifice

1854 4308 2104 4378 impleam
2150 4297 2563 4383 augustissimus
2591 4319 2879 4390 episcopus
2922 4297 3111 4377 volans
3146 4297 3243 4392 per
3270 4341 3425 4380 mon-

1852 4395 1986 4449 tium
2017 4398 2275 4465 culmina,
2300 4403 2456 4470 quasi
2487 4406 2686 4473 aquila,
2714 4422 2779 4462 ea
2808 4424 2928 4477 quze
2964 4411 3020 4464 in
3053 4412 3318 4466 montium
3343 4430 3431 4469 ra-

1854 4485 2066 4541 dicibus
2098 4487 2255 4555 ﬁunt,
2298 4488 2421 4546 non
2446 4494 2797 4571 considerans
2826 4499 2994 4553 multa
3025 4500 3286 4579 caalorum
3308 4519 3432 4573 spa-

178 4580 309 4621 meas
333 4570 390 4622 in
420 4582 694 4641 conspectu
726 4584 816 4628 tuo
845 4573 1018 4646 (Psal.
1051 4594 1139 4644 ιν,
1186 4579 1262 4650 9).
1290 4581 1398 4636 Vos
1429 4584 1589 4638 modo
1604 4561 1749 4641 satis

1871 4575 1951 4640 ia,
1983 4584 2143 4632 terra
2176 4580 2335 4646 situs,
2384 4590 2441 4637 et
2484 4568 2748 4653 aquarum
2788 4576 3076 4652 circulum,
3129 4589 3276 4646 claro
3317 4608 3433 4647 ser-

177 4648 374 4709 debetis
407 4657 576 4714 Deum
602 4677 802 4728 amare,
850 4672 905 4718 et
934 4666 1001 4719 de
1026 4648 1227 4722 timore
1265 4670 1379 4739 jam
1407 4673 1475 4727 ad
1504 4673 1749 4731 dilectio-

175 4754 290 4795 nem
318 4748 574 4802 transire.
619 4749 753 4816 Quia
802 4752 1030 4825 legimus
1067 4755 1122 4810 in
1154 4757 1446 4829 Evangelio
1467 4760 1533 4815 de
1556 4778 1748 4833 pecca-

175 4830 301 4886 trice
343 4835 456 4901 illa,
516 4840 602 4892 cui
648 4842 870 4896 multum
920 4845 1241 4915 dimittitur,
1296 4849 1517 4905 multum
1544 4830 1750 4911 .tlilexit

175 4918 319 5016 (fac.
373 4940 488 4991 vn,
552 4928 667 4999 47),
724 4940 778 4986 et
811 4933 930 4989 ideo
981 4937 1207 5013 multum
1263 4941 1470 4997 debetis
1518 4944 1743 5016 diligere

170 5007 356 5074 Deum.
400 5017 491 5086 qui
540 5032 640 5074 vos
684 5012 1061 5092 exspectando,
1095 5035 1150 5081 et
1178 5044 1284 5084 non
1336 5007 1644 5100 puniendo,”
1675 5037 1743 5091 ad

167 5102 534 5164 penitentiam
562 5112 858 5180 perducere
888 5115 1139 5186 dignatus
1167 5126 1268 5173 est.
1319 5120 1472 5175 Nunc
1498 5139 1628 5179 vero
1674 5127 1742 5180 ad

169 5203 259 5244 vos
299 5208 477 5285 sermo
527 5210 633 5267 est,
684 5219 965 5275 pauperes.
1015 5210 1125 5265 Vos
1165 5211 1287 5265 dico
1338 5227 1602 5283 pauperes
1648 5216 1741 5285 qui

169 5275 503 5353 mendicatis,
529 5291 622 5361 qui
647 5293 714 5348 de
746 5294 1106 5368 eleemosynis
1133 5275 1567 5356 Christianorum
1596 5275 1736 5359 vivi-

237 5424 283 5496 ξ,
324 5415 472 5496 020d
503 5426 769 5496 sequitur
823 5432 1169 5489 amanuensis
1219 5433 1504 5489 oscitantia
1562 5436 1737 5493 Theo-
1840 5442 1858 5496 1

166 5476 312 5539 dulfo
333 5476 788 5553 aliunde-videtur
813 5476 1575 5575 isIEEBET'ser‘in'B'TﬁHth

1853 4679 2014 4721 mone
2042 4669 2373 4736 pronuntiet.
2419 4670 2521 4737 Qui
2565 4674 2709 4728 enim
2748 4675 2804 4730 in
2845 4676 3049 4746 lignum
3092 4677 3425 4737 fructuosum

1853 4757 2149 4811 ascendere
2194 4757 2332 4825 vult,
2382 4761 2643 4831 paulatim
2695 4764 2763 4818 ad
2809 4767 3086 4834 superiora
3125 4777 3181 4824 et
3222 4769 3424 4838 majora

1851 4857 2079 4911 carpere
2121 4844 2363 4913 festinat,
2408 4862 2590 4905 ramos
2636 4861 2817 4907 autem
2869 4856 3147 4923 proximos
3187 4858 3426 4928 parvulis

1850 4932 2162 5003 relinquunt
2216 4936 2422 5009 [Forte,
2465 4940 2762 5014 relinquit].
2825 4943 2934 5000 Nos
2981 4955 3163 5003 autem
3214 4950 3423 5018 parvuli

1848 5038 2053 5079 sumus.
2108 5026 2346 5109 Obsecro
2386 5046 2500 5096 vos,
2545 5032 2742 5090 fratres
2787 5036 3138 5105 dilectissimi,
3191 5047 3253 5094 ut
3293 5055 3421 5111 erga

1848 5106 2201 5171 subditarum'
2210 5119 2447 5189 plebium
2476 5124 2780 5192 profectum
2805 5135 2863 5181 et
2889 5130 3317 5185 emendationem
3340 5106 3419 5185 vi-

1848 5206 2205 5277 gilantissima
2233 5227 2364 5269 cura
2396 5215 2673 5274 laboretis.

1860 5442 2046 5528 egith
2070 5444 2212 5528 inter
2234 5463 2507 5509 sermones
2533 5462 2721 5513 sancto
2754 5456 3051 5528 Augustino
3086 5453 3410 5526 suppositos,

1620 5506 1734 5578 ipse
1841 5506 1921 5566 n.‘
1947 5512 2065 5567 H7.
2114 5514 2271 5573 Enn.
