3998 6182
480 401 589 458 235
1454 382 1845 448 THEODULFI
1878 379 2430 445 WW3
2463 380 2676 441 EPISC.
3621 373 3725 433 ἔδει

830 636 839 641 “
1058 632 2152 852 THEODULFI
2263 616 3166 913 CARMINA.
3488 620 3497 627 ’

1718 971 2026 1072 ΜΒΕΗ
2091 962 2483 1046 PRIMUS

1378 1168 1417 1206 ει
1460 1158 2079 1254 ΡΑΒΑῖΝΕειε
2129 1160 2278 1231 AD
2348 1151 2813 1228 JUDICES.

477 1380 675 1449 iudicii
694 1380 884 1443 callem
909 1394 1164 1440 censores
1192 1378 1437 1451 prendite
1459 1376 1614 1448 justi,
2022 1437 2031 1445 δ
2080 1372 2129 1430 Α
2153 1364 2412 1423 Cantibus
2438 1374 2493 1421 et
2512 1367 2699 1438 gestis,
2728 1376 2782 1423 et
2809 1367 2936 1422 totis
2961 1368 3166 1423 nisibus
3196 1356 3309 1423 iste‘

550 1481 618 1535 Et
642 1477 813 1533 vestri
837 1480 1094 1545 spernant
1120 1472 1237 1526 avia
1262 1485 1427 1525 curva
1448 1467 1632 1539 pedes.
1948 1480 1953 1486 ·
2160 1538 2179 1545 ἑ
2218 1457 2422 1512 Probra
2459 1459 2698 1513 cavenda
2731 1464 2935 1524 menet,
2954 1459 3078 1529 jura
3106 1458 3336 1513 tenenda
3365 1458 3547 1516 docet}

481 1569 597 1628 llec
622 1570 728 1643 iter
765 1567 834 1622 ad
863 1538 1057 1621 coelum
1095 1562 1262 1626 ducit,
1296 1538 1462 1615 trahit
1487 1556 1615 1613 illud
1645 1555 1713 1610 ad
1736 1553 1981 1617 umbras,
2150 1538 2353 1612 Iustus,
2380 1547 2473 1614 ait,
2503 1546 2760 1602 Dominus
2787 1548 3051 1603 moderati
3069 1547 3210 1616 juris
3241 1557 3467 1613 amator,

482 1684 488 1691 ·
551 1632 667 1719 Hoc
686 1663 775 1732 pia
802 1659 912 1715 vita
937 1662 1103 1721 tenet,
1135 1666 1279 1710 mors
1303 1651 1466 1708 habet
1491 1649 1620 1704 illud
1650 1648 1833 1702 hians.
2151 1724 2198 1732 Α
2220 1637 2385 1707 Cujus
2416 1652 2583 1693 ovans
2612 1638 2788 1694 vultus
2823 1639 3004 1695 omnia
3022 1637 3169 1707 justa
3193 1632 3362 1695 videt.

481 1754 625 1822 Ergo
640 1720 844 1807 .cavete
875 1746 978 1801 viri
1007 1744 1282 1801 scatebras
1309 1739 1633 1796 Acherontis
1656 1736 1827 1800 adire,
2149 1724 2253 1784 Hic
2287 1730 2359 1782 ita
2382 1743 2635 1784 censores
2658 1742 2856 1799 pravos
2882 1726 2966 1783 his
2987 1720 3209 1783 vocibus
3232 1729 3449 1785 hiscens

552 1821 672 1910 Qun
702 1839 836 1910 Styx
859 1835 1070 1906 Cocyti,
1094 1848 1202 1904 quo
1229 1832 1383 1888 furor
1414 1829 1590 1885 omnis
1618 1827 1778 1891 inest.
2225 1822 2509 1887 Admonet,
2538 1830 2593 1876 et
2618 1822 2838 1876 monitis
2865 1821 3062 1876 talibus
3087 1836 3182 1876 ora
3210 1828 3408 1877 movet.

480 1906 870 2003 At,vparadise,
902 1927 1010 1983 tuis
1044 1925 1120 1981 nil
1147 1924 1355 1995 gratius
1379 1919 1583 1977 aedibus
1607 1925 1806 1983 exstat,
2012 1984 2017 1987 _
2158 1906 2231 1968 Ut
2259 1913 2387 1982 quid
2416 1912 2642 1983 'judieiis
2678 1913 2876 1967 totiens
2902 1911 3116 1967 instatis
3142 1910 3363 1980 iniquis,

555 2022 671 2088 Quo
696 2018 839 2074 mala
876 2004 1023 2070 nulla
1062 2014 1265 2076 insunt,
1294 2024 1403 2081 quo
1426 2010 1566 2063 bona
1595 2014 1789 2062 cuncta
1811 2013 2050 2064 manent.
2224 2004 2292 2058 Et
2319 2004 2432 2059 fera
2466 2011 2784 2075 peccantum
2816 2004 3030 2058 sumitis
3067 2018 3163 2057 ora
3199 2003 3411 2058 simul?

495 2112 556 2169 Si
582 2110 719 2165 mibi
747 2107 894 2164 mille
922 2105 1101 2161 forent
1126 2109 1353 2158 centeno
1382 2100 1435 2161 in
1462 2106 1680 2170 gutture
1708 2096 1923 2168 linguae,
2156 2090 2415 2167 Pauperis
2436 2094 2502 2151 ad
2531 2108 2749 2151 causam
2781 2095 3107 2158 concorrite,
3138 2094 3252 2148 siVe
3271 2092 3490 2164 pupilli,

555 2202 722 2257 IErea
748 2214 853 2254 vox
881 2195 1090 2253 cunctis
1117 2194 1292 2248 ferrea
1319 2193 1485 2246 verba
1511 2190 1685 2251 daret,
2227 2188 2295 2242 Et
2320 2188 2486 2243 miser
2513 2196 2567 2242 et
2595 2202 2796 2257 pronus
2819 2184 3146 2253 justiﬁcatus
3174 2193 3280 2240 eat.

480 2283 601 2346 Non
624 2302 860 2359 possem,
892 2284 1085 2347 fateor,
1120 2290 1200 2336 tot
1217 2294 1467 2351 promere
1496 2278 1642 2333 sedis
1680 2288 1917 2331 amoena!
2161 2273 2268 2333 Vos
2301 2279 2489 2349 inepes
2511 2277 2755 2331 manibus
2776 2286 3095 2347 peccantum
3124 2276 3323 2330 demite
3354 2266 3507 2333 diris.

556 2379 788 2443 Gaudia,
810 2391 931 2447 quae
955 2374 1175 2444 capiunt
1197 2372 1291 2441 qui
1320 2372 1460 2427 bene
1482 2368 1605 2439 jura
1632 2376 1837 2423 tenent.
2229 2367 2367 2423 Huic
2403 2368 2613 2438 prolixa
2643 2366 2784 2437 ston
2812 2367 2938 2421 talia
2960 2367 3113 2436 plura
3137 2366 3300 2421 canit.

482 2472 593 2530 Sed
616 2484 793 2541 neque
825 2480 1114 2537 pennarum
1158 2475 1479 2533 percurrere
1523 2466 1768 2514 monstra
1792 2455 2061 2529 loquendo
2160 2452 2329 2528 Hujus
2367 2458 2421 2511 in
2451 2458 2775 2513 immensum
2802 2458 3108 2512 veneranda
3147 2443 3615 2534 potentiatendit,

554 2555 795 2627 Possem,
823 2575 942 2630 qua:
973 2557 1179 2627 patitur
1205 2554 1412 2610 fraudis
1440 2553 1613 2608 amica
1637 2551 1832 2607 cohors
2231 2546 2413 2614 Quivit
2439 2546 2559 2602 heri
2597 2546 2725 2601 felix
2754 2548 2845 2616 qui
2873 2555 3030 2615 pater
3067 2562 3186 2601 esse
3211 2547 3314 2601 sui.

480 2649 695 2710 iudicio
723 2652 918 2723 pietas,
952 2646 1139 2717 pietati
1169 2643 1431 2700 industria
1461 2641 1640 2706 detur,
2086 2709 2132 2723 ﬁ
2164 2635 2261 2691 Hic
2284 2637 2635 2691 adversorum
2665 2637 2858 2690 crebra
2881 2644 2964 2690 est
2990 2635 3207 2691 fornace
3236 2644 3502 2693 recoctus.

555 2744 673 2811 Quo
694 2709 911 2797 teneant
941 2736 1146 2792 nullum
1175 2746 1400 2788 munera
1424 2746 1563 2787 sava
1594 2730 1789 2795 locum.
2086 2709 2134 2767 Β
2232 2725 2368 2783 Hinc
2395 2727 2595 2783 virtute
2624 2721 2775 2793 eluit,
2806 2737 3097 2799 exsuperat
3126 2730 3280 2783 vitia.

486 2832 824 2893 iloc‘veteris
854 2830 1053 2885 clamat
1076 2825 1438 2899 peragendum
1467 2823 1660 2893 pagina
1686 2820 1839 2893 legis,
2160 2814 2256 2877 liis
2285 2821 2402 2892 ejus
2431 2822 2684 2892 quoniam
2714 2820 2890 2877 caruit
2918 2821 3219 2877 clarissima
3246 2800 3447 2892 proles,

559 2921 772 2983 Nullius
796 2920 901 2975 hoc
927 2927 1106 2972 vatum
1133 2915 1316 2986 lingua
1347 2914 1505 2968 beata
1537 2919 1713 2981 tacet.
2018 2984 2023 2989 ι
2142 2910 2149 2915 ’
2231 2912 2368 2968 Hinc
2386 2912 2527 2967 laeva
2553 2910 2800 2968 dextrum
2829 2922 3009 2967 mente
3035 2912 3255 2982 reliquit
3289 2914 3410 2968 iter.

489 3017 605 3071 lloc
627 3011 968 3084 evangelicus
998 3010 1160 3063 lituus
1179 3022 1287 3078 per
1308 3005 1538 3077 compita
1571 3001 1753 3058 mundi
2162 3003 2278 3073 Quo
2306 3006 2461 3077 mage
2486 3018 2673 3059 vomer
2699 3003 2924 3058 humum
2974 3001 3272 3071 subiectam
3310 3008 3516 3061 sauciat
3538 3023 3746 3078 uncus,

564 3109 751 3179 Μυκη,
777 3104 1105 3178 apostolicus
1134 3103 1237 3158 hoc
1266 3114 1480 3170 quoque
1507 3108 1685 3154 sermo
1702 3102 1874 3161 tonat.
2231 3092 2328 3148 Est
2349 3093 2477 3148 hinc
2499 3093 2652 3162 spina
2682 3093 2882 3156 minus,
2913 3092 3041 3147 hinc
3071 3106 3225 3163 mage
3255 3102 3406 3164 parta
3435 3112 3608 3181 seges.

489 3194 619 3256 limo
638 3196 1075 3268 patriarcharum
1106 3194 1193 3248 res
1218 3190 1366 3246 vexit
1390 3188 1457 3243 ad
1479 3187 1647 3241 ardua
1677 3199 1898 3251 nomen,
2164 3183 2278 3240 Rex
2309 3184 2484 3240 fuerat
2512 3184 2748 3255 sapiens,
2779 3183 2954 3252 legum
2983 3190 3038 3237 et
3066 3183 3433 3240 moderamine
3455 3182 3661 3254 justus,

560 3289 691 3345 Inde
719 3287 1102 3357 prophetarum
1127 3289 1312 3338 sancta
1338 3289 1550 3337 caterva
1577 3274 1726 3339 eluit.
2234 3276 2502 3333 Femineis
2539 3283 2728 3347 captus
2755 3269 2829 3328 ni'
2846 3274 2986 3329 foret
3009 3274 3100 3328 hic
3127 3274 3355 3345 laqueis.
3474 3268 3515 3277 ’“

490 3378 702 3449 Quique
723 3379 919 3433 ducum
957 3390 1022 3430 ac
1063 3388 1248 3444 regum
1277 3371 1380 3425 hoc
1407 3376 1659 3433 sanctum,
1684 3364 1853 3421 limite
1872 3362 2063 3420 callem
2163 3367 2279 3422 Heu
2306 3367 2447 3421 bona
2475 3375 2555 3420 tot
2584 3365 2833 3434 linquens
2888 3372 3038 3418 tanta
3065 3374 3147 3419 est
3177 3365 3244 3419 ab
3270 3367 3465 3434 probra
3496 3366 3745 3436 volutus,

564 3446 826 3534 Obtinuit,
854 3468 1057 3539 potitur
1081 3464 1329 3520 omnibus
1358 3459 1443 3515 ille
1468 3458 1665 3535 bonis.
2237 3454 2437 3511 Nectar
2466 3452 2622 3510 dulce
2673 3446 2811 3509 meri
2840 3453 2917 3508 sic
2956 3454 3096 3509 male
3122 3455 3303 3525 perdis
3334 3470 3482 3511 acor.

491 3562 561 3617 At
591 3560 685 3629 qui
714 3573 900 3616 errore
929 3558 1064 3613 duce
1099 3554 1353 3610 scabrosa
1380 3567 1477 3622 per
1504 3552 1624 3605 avia
1654 3549 1797 3627 vecti
2164 3546 2345 3603 Crevit
2368 3554 2422 3601 et
2447 3546 2691 3601 Ezechiae
2719 3546 3011 3600 venerandi
3034 3544 3206 3616 gloria
3235 3546 3394 3618 regis,

562 3651 713 3706 Hanc
739 3649 949 3718 liquere
972 3647 1139 3709 viam,
1166 3644 1267 3699 hos
1292 3643 1433 3697 bona
1474 3648 1670 3694 cuncta
1700 3635 1881 3703 simul.
1924 3706 1931 3709 _
2026 3696 2027 3701 η
2234 3634 2464 3690 Iustitiae
2493 3633 2701 3689 meritis
2730 3642 2787 3689 et
2812 3634 3032 3704 pietatis
3058 3646 3178 3703 ope.

490 3738 738 3801 Numinis
766 3742 1035 3808 interpres
1059 3736 1235 3790 Moses
1267 3733 1561 3788 ﬁdissimus
1586 3729 1714 3784 almi
1974 3802 1981 3807 _
2166 3719 2275 3783 Cui
2305 3724 2406 3778 tria
2440 3723 2788 3792 Cunctipater
2813 3722 2985 3777 voluit
3013 3721 3374 3792 superaddere
3398 3723 3592 3788 lustra,

562 3831 861 3899 Conloquio
890 3827 1091 3882 fruitur
1116 3825 1271 3895 plebe
1299 3830 1547 3893 stupente
1573 3820 1689 3874 Dei.
1814 3886 1821 3889 _
2237 3818 2425 3873 Mortis
2447 3823 2503 3871 et
2529 3831 2724 3870 occasu
2746 3812 2832 3871 cui
2860 3815 2950 3886 pia
2971 3816 3081 3869 vita
3113 3815 3271 3870 redit.

496 3924 593 3980 ille
616 3919 963 3992 quaterdenis
999 3915 1165 3973 eremi
1203 3929 1303 3985 per
1329 3906 1484 3967 devia
1512 3908 1694 3965 lustris
1808 3965 1815 3969 ,
2169 3908 2368 3965 Edocet
2392 3908 2483 3962 hic
2508 3904 2761 3976 populum
2791 3906 2993 3975 patrias
3016 3904 3227 3960 edicere
3254 3904 3419 3975 leges,

569 4013 802 4069 Divitem
826 4025 986 4079 opum
1016 4006 1269 4078 populum
1295 4003 1435 4060 rexit
1464 4003 1670 4056 honore
1696 3999 1810 4067 Dei,
2093 4048 2136 4079 τ,
2238 4000 2305 4055 Et
2331 4000 2516 4071 fugere
2544 3996 2745 4052 erroris
2770 3997 3149 4066 impedimenta
3176 3993 3322 4049 mali.

569 4048 802 4069 νιπιν...
826 4048 986 4079 ora...
1016 4048 1269 4078 ,νυν-..πη
1296 4048 1435 4060 -.μ---
1465 4048 1667 4056 -------
1699 4048 1810 4067 η-.
2238 4048 2303 4055 ..-
2331 4048 2384 4054 -_
2428 4048 2515 4054 ν-
2642 4048 2742 4052 __-_
3106 4048 3109 4049 ν
3178 4048 3185 4049 ,

496 4104 728 4178 Semper
780 4118 970 4159 amans
1016 4114 1257 4170 mquam,
1309 4109 1523 4166 semper
1546 4093 1660 4149 fera
1687 4090 1906 4165 praemia
1932 4098 2069 4163 tem-
2166 4090 2351 4162 Fregit
2379 4048 2432 4143 in
2461 4087 2675 4143 excelso
2697 4095 3030 4157 compostum
3057 4096 3237 4141 monte
3259 4085 3613 4158 Chelydrum,

1820 4182 1998 4254 [nens,
2164 4178 2169 4179 7
2236 4178 2373 4236 Vita:
2399 4179 2488 4233 hic
2509 4193 2673 4232 causa
2694 4176 2863 4248 prius,
2894 4175 3178 4246 postmodo
3202 4174 3391 4230 mortis
3410 4184 3546 4229 erat.

568 4288 829 4359 Exemplo
852 4294 909 4343 et
939 4284 1120 4342 verbis
1144 4295 1334 4347 norma
1363 4279 1553 4336 salutis
1576 4283 1729 4341 erat._
1806 4348 1815 4356 ‘
2000 4330 2011 4339 μ
2168 4273 2261 4329 Sic
2288 4269 2484 4327 medici
2511 4267 2721 4338 scalpro
2749 4266 2841 4336 qui
2868 4282 2925 4321 se
2953 4264 3223 4335 transfigit
3249 4273 3432 4330 acuto,

497 4352 757 4439 Mater-nis
783 4376 1002 4435 Samuel
1032 4384 1190 4430 natus
1217 4373 1461 4441 velisque
1495 4368 1729 4439 ﬁdeque,
1756 4428 1769 4435 ι
1810 4352 1815 4356 ’
2174 4358 2180 4369 ’
2238 4364 2367 4419 inde
2395 4363 2543 4419 salus
2570 4360 2711 4424 aliis,
2737 4358 2863 4412 huic
2883 4358 3032 4412 venit
3062 4363 3176 4410 atra
3201 4356 3335 4411 lues.
3502 4352 3507 4355 ν

569 4474 716 4530 Illius
742 4481 800 4528 et
825 4471 966 4528 dono
998 4467 1092 4538 qui
1118 4468 1261 4531 bona
1288 4471 1483 4520 cuncta
1513 4468 1685 4517 creat.
2169 4454 2296 4511 Haec
2325 4453 2420 4509 tibi
2449 4451 2624 4508 Josias
2648 4449 2751 4531 fuit
2782 4447 3126 4503 observantia
3148 4447 3422 4533 princeps,

496 4524 736 4634 re};sz
876 4524 1033 4615 aute-
1213 4570 1334 4627 qua:
1387 4562 1628 4621 tempore
1670 4548 1888 4605 condita
1917 4559 2074 4600 mon-
2244 4542 2473 4613 limoque
2501 4541 2713 4596 celebre
2728 4526 2855 4592 tulit
2883 4551 3074 4592 nomen
3104 4534 3170 4590 ad
3196 4524 3304 4589 alta
3331 4543 3503 4599 tuum,

1816 4637 2003 4719 [strat,
2140 4632 2339 4716 _lmpia
2369 4633 2461 4704 qui
2489 4632 2708 4688 sceleris
2744 4630 2916 4686 demis
2940 4635 3284 4685 monumenta
3318 4628 3539 4693 vetusti,

571 4744 671 4801 Cui
701 4742 867 4800 simul
884 4749 973 4801 est
998 4753 1239 4810 ιιι-ωαξης
1264 4735 1407 4806 quod
1430 4733 1531 4789 fuit
1556 4741 1613 4789 et
1638 4730 1780 4802 quod
1806 4728 1932 4787 erit.
2242 4726 2309 4780 Et
2333 4725 2540 4794 patrias
2564 4723 2713 4795 leges
2742 4737 2846 4792 qua
2876 4730 3030 4793 potes
3056 4735 3225 4803 usque
3263 4734 3461 4793 novas.

496 4796 676 4890 0.3.1.;
894 4796 1105 4885 fratr-dis
1125 4796 1332 4898 sprevit
1352 4828 1491 4883 bona
1515 4796 1710 4881 cuncta
1739 4831 1978 4885 secutus.
2030 4891 2035 4895 _
2173 4816 2275 4884 Qui
2305 4813 2581 4903 decedenti
2612 4814 2768 4869 datus
2791 4812 2842 4867 ei
2868 4812 2953 4881 pia
2981 4796 3152 4882 gloria
3182 4824 3368 4879 regno,

578 4923 687 4977 Nec
707 4898 885 4990 pretio
908 4930 989 4974 est
1021 4932 1175 4981 usus,
1204 4916 1331 4970 vilis
1358 4914 1545 4977 aselle,
1568 4923 1683 4969 tuo.
2246 4898 2418 4976 Quem
2447 4905 2737 4985 vespertini
2765 4904 3021 4982 temporis
3048 4903 3181 4959 ordo
3211 4902 3376 4957 dedit.

504 5012 648 5080 Quid
672 5008 902 5065 referam
931 5021 1127 5062 resono
1152 5003 1517 5063 modulantem
1532 5001 1779 5056 carmine
1802 5011 2004 5072 regem,
2177 5000 2268 5056 Sic
2292 4982 2499 5054 ostrum
2526 4997 2738 5059 limbus,
2769 4994 2847 5049 sie
2878 4993 3077 5048 claudit
3104 4992 3329 5062 prandia
3359 4990 3583 5061 vinum,_

578 5101 683 5169 Qui
711 5106 820 5154 tota
849 5096 1056 5155 studuit
1090 5102 1270 5150 mente
1296 5092 1510 5162 placere
1537 5091 1648 5148 Deo
1673 5092 1697 5143 ἲ
2246 5088 2374 5144 Post
2402 5086 2610 5140 fructus
2638 5084 2765 5139 anni
2790 5081 3004 5155 pinguis
3030 5081 3170 5135 oliva
3200 5082 3365 5153 viget.

503 5154 768 5251 Cuibene
797 5195 990 5242 cuncta
1021 5185 1178 5241 simul
1205 5154 1397 5256 parcnt
1427 5183 1480 5239 in
1510 5183 1666 5239 laude
1690 5183 1951 5248 tonantis,
2176 5179 2367 5249 Ingens
2390 5174 2547 5230 turba
2574 5154 2797 5245 patrum
2839 5171 3034 5240 quibus
3062 5171 3166 5225 hoc
3194 5185 3329 5240 Opus
3355 5154 3748 5225 instituendum

580 5287 704 5349 Ars,
734 5295 882 5346 caro,
910 5293 1085 5343 mens,
1112 5251 1399 5348 plectrum,
1426 5291 1550 5342 vox,
1574 5276 1916 5345 lyra,corda,
1944 5273 2075 5328 cbo-
2144 5338 2149 5344 ,
2577 5347 2587 5349 ξ
2782 5344 2795 5349 _
3544 5251 3675 5325 [est,

1842 5363 1959 5436 [rus
1981 5363 2006 5415 ?
2102 5376 2156 5434 Ι)
2249 5352 2395 5420 Quos
2448 5349 2537 5419 pia
2575 5347 2663 5403 lex
2695 5344 2911 5411 retinet,
2941 5358 3179 5414 quosque
3216 5343 3420 5398 referre
3458 5358 3609 5396 mora
3640 5352 3745 5395 est.

580 5496 613 5526 ιι
652 5476 947 5536 Parwuesis
1003 5476 1073 5532 ad
1118 5475 1343 5536 iudices.
1393 5470 1631 5528 Titulum
1670 5470 1815 5527 hunc
1868 5471 1935 5526 de
1977 5484 2076 5524 suo
2181 5459 2777 5536 ContrarjudicesLNos
2828 5464 3038 5513 retenta
3099 5456 3450 5536 inscriptione
3484 5453 3744 5536 Danielis,

580 5496 613 5526 ι
652 5494 947 5536 Pammene
1003 5494 1070 5532 aa
1152 5494 1343 5530 κατι-εδ.
1405 5494 1631 5528 ιιιυιυιι]
1671 5494 1815 5527 nunc
1868 5494 1935 5526 uc
1977 5494 2076 5524 suu
2181 5494 2374 5521 υυηιῑα
2402 5494 2628 5536 Juuwco.
2670 5494 2777 5517 uva
2829 5494 3038 5513 ιυιωιυα
3100 5494 3449 5527 ιιιουιψνιυιιν
3487 5494 3744 5516 amne...“

507 5553 716 5609 'elIinxit
737 5551 930 5606 Petrus
955 5494 1166 5610 Daniei,
1195 5544 1286 5616 qui
1320 5545 1523 5616 primus
1561 5544 1663 5598 hoc
1691 5556 1879 5616 poema
1905 5539 1959 5593 in
1990 5540 2073 5593 lu-
2178 5531 2790 5616 earumdem_codicum
2961 5542 3177 5616 feriis
3197 5524 3748 5616 Lundett-igir‘rtaLq-ui

515 5594 1533 5683 ESiii'déJiE'é§"aE€5ﬁ;ib’éieixiiil‘sii
1562 5594 1711 5683 quod
1739 5594 1890 5683 titulo
1914 5623 2068 5683 care-
2179 5605 2445 5683 principio
2493 5603 2738 5683 deerant,
2769 5606 2825 5654 et
2851 5594 2985 5683 alios
3023 5597 3140 5651 aliis
3190 5594 3331 5683 locis
3382 5594 3759 5674 restituimus,

514 5662 635 5745 Si?
657 5662 1834 5749 i5"é&.ii3e"i‘ii§eisiiﬁéi"éi'ih'psaviaiia,
1864 5662 2070 5749 inqui-
2177 5662 2448 5745 multaque
2475 5673 2675 5743 passim
2700 5662 2821 5740 qua:
2841 5668 3033 5724 vitiosa
3056 5673 3211 5724 erant
3234 5662 3591 5722 correximus.

515 5760 620 5814 bus
639 5774 828 5829 poema
850 5760 1115 5831 integrum
1142 5748 1339 5822 exstat,
1363 5753 1657 5823 simplicior
1685 5758 1769 5807 est
1790 5748 2069 5818 inscriptio
