3998 6182
204 346 283 408 2'35
1469 340 1555 407 ‘CA
1568 340 1779 406 dum

1846 350 1974 406 LIB.
2013 377 2063 406 ..-
3285 350 3400 413 280

203 457 327 535 ἅρμα
458 462 706 534 pollicitis
733 463 985 516 censores
1016 446 1261 529 linquere
1290 473 1456 513 cerno
1746 464 1782 521 Α

1746 464 1793 521 Α
1890 480 2190 550 Liquimus,
2221 489 2277 535 et
2298 468 2529 535 ~nosmet
2560 490 2697 535 tecta
2726 478 2964 539 Bctcrris
2996 486 3214 540 habent.

254 559 386 621 Jura,
407 568 696 624 aurumque
719 554 878 607 avido
908 559 1120 631 gutture
1148 557 1205 604 et
1230 564 1324 603 ore
1344 550 1517 617 sequi.
1819 570 1833 622 ι

1819 569 1941 623 Mox
1969 570 2122 624 sedes
2146 566 2402 625 Narbona
2438 579 2576 634 tuas,
2606 571 2904 641 urbemque
2927 573 3176 630 decoram

201 648 327 718 Saepe
344 663 431 717 ego
452 661 519 701 ne
552 646 770 715 capiant
794 644 985 698 studeo
1017 653 1273 696 revocare
1298 639 1565 694 volentes.

1888 658 2203 730 Tangimus,
2236 661 2475 713 occurrit
2495 677 2601 729 quo
2625 661 2755 715 mibi
2782 661 2903 716 laeta
2928 666 3124 720 cohors
3144 706 3157 729 ,

255 739 535 807 summa“
559 736 681 805 quis
729 734 862 789 vene
892 742 997 797 es"
1048 732 1131 786 θυί
1162 731 1319 785 "mdo
1343 731 1483 784 “one
1514 732 1713 794 minus,
1816 748 2095 816 Rclliquiaa
2122 746 2296 803 Getici
2321 749 2525 820 populi,
2564 752 2720 803 simul
2756 753 2781 791 ι»
2810 752 3045 824 llespera
3077 756 3231 810 turba

201 831 239 885 [ιι
263 832 390 887 rivos
406 831 525 886 dum
546 830 668 900 quis
691 829 991 899 spatiosum
1017 826 1213 881 diribet
1239 830 1475 889 amnem,
1889 836 1971 890 Me
1997 838 2403 908 consanguineo
2431 838 2492 891 ῆι
2520 837 2658 892 duce
2688 839 2809 894 Ιωια
2840 840 2963 896 sibi;

249 924 367 977 Pars
391 920 559 976 minor
582 921 635 975 in
671 921 826 984 rivis,
860 915 1035 987 major
1064 918 1117 971 in
1138 932 1297 971 amne
1324 915 1459 971 ﬂuit.
1818 926 1828 981 ι

1818 926 1944 981 Inde
1971 927 2265 983 revisentes
2291 937 2342 983 te
2371 928 2740 996 Carcassona,
2773 931 3092 1003 Redasquc,

201 1014 323 1082 impe
346 1028 434 1084 ego
452 1012 573 1069 dum
598 1025 794 1082 pravos
818 1010 886 1064 de
909 1008 1103 1064 talibus
1127 1021 1294 1076 arguo
1325 1007 1510 1071 rebus,
1890 1017 2151 1072 Mcenibus
2176 1016 2459 1072 inferimus
2486 1032 2587 1073 nos
2611 1019 2719 1072 cito
2743 1018 2925 1075 Narbo
2957 1024 3083 1078 tuis.

248 1103 350 1158 Hac
372 1104 464 1158 sibi
489 1102 628 1158 clam
656 1102 843 1157 dicunt
866 1117 953 1156 me
981 1104 1194 1171 qucque
1224 1106 1370 1155 sorte
1394 1114 1600 1169 parem.
1821 1106 2068 1176 Undique
2089 1107 2417 1161 conveniunt
2440 1107 2623 1177 populi
2655 1104 2895 1177 cleriquc
2923 1119 3159 1166 caterva:
3176 1156 3189 1177 ,

201 1193 322 1261 Saepe
342 1193 489 1247 etiam
520 1192 656 1247 tales
683 1208 808 1247 cum
833 1200 942 1247 neu
971 1192 1099 1256 sint,
1130 1192 1378 1261 suspicor
1407 1206 1529 1247 esse
1560 1209 1574 1245 :
1890 1198 1955 1250 Et
1975 1196 2209 1266 synodus
2229 1195 2459 1259 clerum,
2483 1196 2565 1250 lex
2591 1197 2731 1268 regit
2752 1197 2894 1252 alma
2919 1197 3114 1253 forum.

240 1283 367 1338 Cum
390 1284 512 1338 mihi
539 1284 648 1339 sint
676 1283 877 1354 plures,
918 1285 1020 1340 hac
1048 1284 1136 1340 lue
1160 1283 1299 1339 liber
1328 1298 1441 1339 ero.
1820 1285 1952 1351 Quis
1977 1286 2112 1339 bene
2141 1284 2476 1355 compositis,
2508 1300 2606 1339 nos
2639 1284 2860 1340 tandem
2891 1284 3146 1356 opulenta
3200 1292 3411 1365 recepit

201 1370 283 1425 ion
311 1373 438 1442 potis
460 1380 545 1428 est
579 1374 783 1428 morbis
808 1376 1040 1429 artarier
1062 1375 1313 1430 omnibus
1342 1391 1506 1447 aeger,
1894 1375 2035 1430 Urbs
2061 1375 2272 1438 Arelas,
2298 1376 2447 1429 cives
2476 1390 2636 1444 quam
2673 1383 2912 1430 statuere
2941 1377 3043 1430 sui.

237 1465 430 1520 Saltem
455 1481 560 1520 una
598 1480 629 1519 e
652 1466 836 1521 multis
866 1467 1035 1537 pestis
1064 1469 1253 1522 abesse
1281 1477 1476 1538 potest.
1824 1465 1965 1521 Urbs
1991 1464 2197 1528 Arelas,
2220 1465 2342 1520 alils
2365 1481 2483 1534 quae
2506 1465 2748 1535 pluribus
2771 1464 2993 1522 urbibus
3015 1478 3216 1531 exstat,

224 1554 539 1611 Prasfectura
566 1555 697 1609 mihi
731 1556 908 1610 fuerat
931 1557 1236 1626 peragenda
1270 1558 1491 1621 tributa,
1891 1558 2069 1611 Prima
2100 1556 2267 1627 gradu
2301 1565 2481 1610 tamen
2508 1565 2610 1621 est,
2648 1554 2845 1621 Narbo,
2876 1560 3107 1613 secunda
3137 1559 3251 1613 tibi.

229 1646 436 1715 Resque
471 1654 595 1701 actu
622 1648 876 1716 grandes,
905 1645 1245 1718 olIiciumque
1267 1657 1478 1717 potens.
1822 1648 1939 1714 Quo
1956 1647 2161 1717 synodo
2183 1646 2333 1711 cleri,
2361 1646 2537 1716 legum
2564 1648 2931 1702 moderamine
2952 1649 3125 1723 plebis

204 1737 300 1790 ulli
329 1737 397 1802 vi,
425 1737 720 1808 studiisque
765 1739 889 1809 piis,
925 1739 1197 1808 armisque
1223 1739 1491 1794 secundus
1757 1794 1801 1811 κ
1892 1740 2114 1795 Pectora
2145 1739 2489 1793 contudimus
2505 1732 2644 1809 juris
2676 1746 2730 1793 et
2752 1739 2887 1794 artis
2921 1756 3044 1811 ope.

224 1828 346 1881 Rex
370 1794 505 1883 dedit
534 1794 673 1885 hanc
703 1794 947 1895 Gal-olus,
975 1794 1180 1900 primus
1204 1832 1271 1884 ad
1286 1847 1446 1885 omne
1468 1830 1693 1884 bonum.
1749 1794 1801 1854 Β
1826 1794 2063 1885 Massilia
2084 1830 2334 1900 Argolica
2365 1839 2462 1884 nos
2491 1794 2635 1900 cepit
2656 1828 2870 1884 condita
2899 1794 3091 1901 ge'ntc;

208 1919 244 1972 ii
278 1918 671 1987 parentWalis,
686 1918 999 1993 Rhodanus,
1016 1921 1183 1983 Mosa,
1200 1919 1424 1973 Rhenus
1445 1917 1721 1985 etOEnus,
1897 1922 2099 1975 Arvum
2124 1928 2180 1974 et
2205 1920 2429 1988 Aquinze
2448 1920 2619 1985 urbis,
2652 1910 2785 1985 sive,
2820 1919 3058 1984 Cavclle,
3092 1930 3260 1977 tuum.

214 2008 496 2077 Sequana,
523 2006 787 2077 Visurgis,
813 1996 1040 2073 Wardo,
1064 2007 1356 2072 Garumna,
1387 2007 1586 2074 Padus,
1829 2010 1927 2068 Ast
1953 2011 2085 2064 alias
2108 2010 2339 2065 lustrare
2364 2016 2507 2063 vetat
2526 2022 2625 2079 per
2652 2010 2862 2080 singula
2894 2027 3054 2067 casus
3076 2053 3089 2077 ,

208 2114 324 2161 ira,
357 2096 594 2161 Mosella,
624 2095 805 2168 Liger,
831 2096 1151 2162 Vulturnus,
1192 2097 1459 2163 Matrona,
1486 2098 1682 2165 Ledus,
1900 2100 2139 2167 Quarum
2169 2116 2268 2156 nos
2292 2100 2518 2170 populus
2543 2114 2649 2169 quo
2676 2116 2864 2156 sumus
2895 2103 3071 2156 omnis
3099 2104 3230 2157 azlit.

210 2193 377 2255 Ister,
403 2188 561 2254 Atax,
598 2189 865 2256 Gabarus,
908 2191 1083 2255 Olitis,
1138 2190 1309 2257 Albis,
1357 2192 1516 2246 Arar.
1830 2191 2089 2261 Equoris
2113 2192 2285 2246 insani
2317 2191 2431 2247 fera
2459 2208 2597 2262 quas
2619 2192 2818 2246 vicinia
2847 2192 3027 2256 lredit,

207 2300 263 2335 ιο
288 2280 525 2351 synodus
555 2281 784 2346 clerum,
806 2282 1062 2352 populum
1086 2282 1172 2337 lex
1206 2285 1498 2355 stringeret
1521 2283 1683 2348 alma,
1900 2284 2039 2338 Aere
2067 2293 2324 2354 corrupto
2349 2293 2401 2337 et
2426 2284 2643 2339 tabidus
2669 2284 2815 2340 emat
2842 2287 2995 2340 odor.

212 2374 450 2442 Duxque
478 2370 619 2426 foret
644 2373 856 2427 cunctis
888 2373 1071 2445 regula
1095 2373 1229 2429 calle
1254 2389 1372 2429 suo.
1831 2375 2079 2445 Quasque
2104 2375 2283 2429 levant
2304 2375 2487 2440 colles,
2514 2385 2607 2431 aut
2630 2375 2783 2432 vallis
2808 2377 3111 2448 Strangillat
3137 2378 3262 2441 ima,

202 2465 412 2519 :elesiae
438 2471 654 2518 sanctus
680 2463 872 2518 matris
891 2478 997 2532 quo
1025 2473 1298 2521 cresceret
1326 2465 1480 2533 ordo,
1900 2468 2046 2533 Quas
2072 2467 2185 2521 fera
2217 2466 2396 2535 pulsat
2423 2467 2620 2531 hiems,
2642 2466 2867 2538 grando,
2891 2468 3103 2536 pruina,
3134 2468 3304 2522 nives.

218 2554 459 2611 Urbibus
487 2561 540 2609 et
568 2552 760 2609 validis
788 2569 1012 2625 mosque
1034 2555 1306 2624 decorque
1330 2556 1471 2626 pius,
1828 2556 1940 2612 lllic
1969 2565 2025 2611 et
2052 2557 2247 2620 dumis,
2279 2565 2334 2611 et
2360 2564 2531 2611 acuta:
2556 2557 2816 2612 stramine
2851 2558 3023 2612 cautis
3042 2599 3054 2623 ι

204 2663 303 2701 tas
322 2645 477 2711 Arar,
506 2655 561 2700 et
585 2637 809 2712 Wardo,
836 2635 1125 2705 Rhodanus
1155 2662 1292 2716 quas
1332 2645 1485 2701 alluit
1505 2656 1655 2713 acer,
1900 2648 2267 2718 Abruptisque
2289 2649 2437 2703 cavis
2457 2648 2807 2702 continuatur
2828 2649 2951 2704 iter.

208 2735 451 2800 Elauris,
482 2735 595 2789 sive
616 2736 702 2789 his
723 2736 1193 2791 connumerandus
1214 2735 1375 2801 Atax,
1830 2739 1939 2793 lma
1968 2747 2155 2794 tenent
2178 2738 2365 2804 valles,
2399 2739 2628 2793 tendunt
2654 2740 2719 2794 ad
2742 2740 2922 2795 nubila
2949 2749 3177 2802 montes,

206 2840 406 2896 nasque
437 2825 784 2894 AlpesLatio,
812 2822 979 2896 Libya
1002 2826 1342 2883 discriminat
1370 2844 1579 2899 azquor,
1902 2828 2217 2899 Praecipites
2238 2844 2425 2884 amnes
2442 2831 2641 2884 montis
2666 2831 2733 2884 ah
2763 2846 2887 2885 arce
2910 2840 3093 2883 ruunt.

209 2919 474 2986 Quasque
495 2917 781 2987 Pyremeus
813 2917 942 2972 orbe
976 2917 1043 2971 ab
1074 2916 1221 2973 lbere
1249 2927 1359 2986 tuo,
1833 2920 2021 2990 Magna
2042 2921 2356 2976 catervatim
2382 2936 2480 2975 nos
2500 2920 2692 2975 concio
2719 2937 2861 2990 saepe
2890 2919 3232 2990 frequentat,

201 3028 255 3065 ru
282 3025 419 3080 quas
437 3009 754 3080 Lugdunum
770 3010 999 3065 Arcturo
1026 3019 1121 3065 aut
1137 3012 1399 3081 Aquilone
1422 3013 1656 3079 revellit,
1904 3006 2058 3065 Aitas
2080 3022 2216 3081 ques
2238 3011 2385 3065 dicat
2408 3025 2571 3064 sexus
2599 3018 2654 3065 et
2674 3011 2849 3064 omnis
2878 3011 3037 3064 habet
3059 3051 3071 3073 ,

214 3104 440 3171 Resque
459 3100 726 3171 Aquitana
751 3102 857 3165 tuis
884 3101 1109 3173 pulchra
1133 3101 1326 3159 Tolosa
1353 3105 1509 3161 locis.
1756 3145 1799 3173 η
1833 3101 2117 3165 Parvulus,
2157 3115 2415 3165 annosus,
2441 3098 2674 3169 juvenis,
2711 3115 2865 3168 puer,
2907 3100 3133 3163 innuba,
3186 3097 3411 3159 (αειυὶις,

202 3202 397 3247 .eserat
420 3193 520 3247 hac
549 3190 705 3247 nobis
722 3191 1021 3247 Laidradus
1040 3201 1188 3248 sorte
1214 3192 1413 3249 sodalis
1432 3236 1446 3262 ,
1759 3190 1801 3208 ν
1904 3193 2091 3262 Major,
2120 3192 2381 3261 ephebus,
2414 3207 2573 3255 anus,
2606 3204 2851 3259 masque,
2885 3191 3103 3255 marita,
3146 3190 3340 3243 minor.

214 3284 453 3338 Cederet
476 3291 533 3338 ut
560 3299 787 3356 magnus
818 3284 921 3339 hac
950 3284 1226 3341 relevante
1254 3285 1427 3339 labor.
1834 3284 1973 3352 Quid
2000 3284 2219 3337 moror?
2247 3280 2511 3336 instanter
2536 3283 2801 3351 promittit
2844 3296 3068 3336 munera
3100 3281 3287 3352 plebes
3313 3321 3327 3346 ,

202 3378 386 3431 ἰτ-ἰευε
412 3377 555 3431 hunc
589 3376 794 3447 genuit,
820 3376 966 3431 hunc
1001 3384 1054 3429 tu
1082 3375 1341 3445 Lugdune
1367 3374 1608 3430 futurum
1907 3371 2167 3440 Quodque
2190 3371 2357 3439 cupit,
2394 3369 2620 3431 factum,
2647 3371 2692 3422 si
2721 3370 2892 3449 dabit,
2918 3384 3039 3423 esse
3066 3376 3236 3437 putat.

214 3467 548 3522 Pontificem
576 3475 765 3537 speras
795 3465 1089 3537 relligionis
1114 3480 1238 3535 ope.
1836 3464 1950 3518 lloc
1977 3462 2143 3516 animi
2177 3454 2390 3515 murum
2414 3466 2683 3512 tormento
2716 3460 2966 3529 frangere
2995 3467 3242 3523 certant,

201 3566 287 3610 rte
312 3556 465 3622 eluit,
498 3572 770 3628 sensuque
796 3557 962 3629 viget,
992 3556 1195 3611 virtute
1224 3555 1506 3625 redundat.
1909 3553 2093 3608 Ariete
2124 3566 2231 3622 quo
2258 3550 2352 3607 tali
2377 3565 2528 3605 mens
2557 3548 2696 3604 male
2716 3548 2868 3619 pulsa
2894 3558 3036 3603 ruat.

214 3646 324 3701 Cui
344 3646 458 3701 vita
485 3647 554 3701 ad
582 3660 830 3716 superam
861 3646 1123 3702 transitus
1152 3646 1254 3701 ista
1283 3655 1484 3702 manet.
1837 3645 1936 3700 llic
1964 3653 2022 3699 et
2049 3638 2382 3716 crystallum,
2409 3649 2461 3696 et
2484 3657 2726 3712 gemmas
2754 3641 3023 3712 promittit
3053 3640 3221 3704 ans,

207 3753 271 3791 ω
298 3736 562 3807 Lugdune
592 3737 698 3791 tuis
730 3736 890 3792 celsis
915 3744 1039 3807 post
1065 3743 1214 3807 terga
1245 3736 1449 3793 relictis
1907 3736 1965 3789 Si
1993 3733 2189 3789 faciam
2220 3732 2444 3787 alterius
2473 3739 2532 3786 ut
2563 3732 2806 3805 potiatur
2834 3732 3000 3804 agris.

213 3829 518 3895 Moenibus,
547 3830 892 3900 aggredimur
908 3843 1074 3884 causa
1096 3820 1240 3899 quod
1267 3836 1417 3897 optat
1443 3826 1566 3886 iter.
1837 3827 1942 3882 Iste
1967 3826 2118 3899 gravi
2146 3839 2370 3880 numero
2392 3840 2640 3880 nummos
2661 3821 2768 3878 fert
2788 3824 2969 3879 divitis
2993 3825 3132 3883 auri.
3288 3892 3293 3895 _

201 3935 364 3975 13053
391 3921 630 3990 petimus
660 3927 1031 3975 constructam
1058 3919 1113 3974 in
1142 3918 1282 3974 valle
1302 3920 1565 3977 Viennam
1585 3961 1601 3985 ,
1907 3916 2053 3983 Quos
2085 3913 2325 3970 Arabum
2355 3929 2559 3980 sermo,
2603 3913 2716 3969 sive
2745 3914 3026 3969 character
3051 3925 3201 3981 arat,

206 4012 401 4079 Quam
442 4011 653 4083 scopuli
692 4011 818 4067 inde
866 4018 1100 4078 arctam,
1149 4011 1277 4067 hinc
1327 4011 1528 4081 premit
1563 4011 1740 4071 amnis
1835 4010 1943 4064 Aut
1967 4025 2104 4080 quos
2134 4016 2358 4078 argento
2386 4006 2575 4062 Latius
2605 4007 2773 4078 stylus
2798 4008 3060 4085 imprimit
3084 4009 3239 4073 albo,

1466 4101 1667 4174 [bians.
1908 4098 1965 4155 Si
1991 4109 2169 4155 tamen
2190 4098 2434 4169 acquirat
2458 4097 2681 4169 praedia,
2707 4112 2854 4161 rura,
2881 4098 3094 4152 domus.

202 4195 276 4249 de
304 4192 620 4248 Valentinis
637 4191 801 4247 terris
829 4191 1059 4261 urbique
1075 4191 1280 4261 jacenti
1300 4232 1316 4257 ,
1842 4192 1990 4262 Clam
2013 4200 2259 4249 nostrum
2280 4190 2499 4260 quidam
2520 4188 2791 4243 submissa
2815 4202 2946 4242 voce
2974 4187 3280 4241 ministrum

206 4288 416 4357 Bupee
441 4300 545 4341 nos
565 4284 811 4340 dedimus
833 4283 962 4338 hinc
980 4283 1255 4338 Moreuate
1276 4284 1394 4339 tibi.
1911 4284 2134 4348 Evocat,
2166 4282 2269 4335 ista
2292 4287 2449 4334 sonat
2474 4279 2643 4332 verba
2665 4276 2905 4331 sonando
2929 4275 3058 4328 mihi
3092 4292 3105 4327 :

202 4384 277 4429 Si
302 4385 367 4430 ϐῑ
386 4372 690 4428 Mammas
714 4380 911 4436 terrase
943 4379 998 4427 et
1016 4370 1292 4425 Avennica
1328 4378 1456 4425 rura
1839 4373 1936 4429 Est
1957 4372 2090 4427 mihi
2119 4385 2216 4424 vas
2239 4367 2455 4437 aliquod
2477 4365 2648 4435 signis
2675 4366 2887 4435 insigne
2914 4363 3142 4417 vetustis
3158 4403 3173 4425 ,

201 4465 553 4534 Tangimus,
583 4472 638 4518 et
664 4463 800 4517 lines
824 4476 960 4531 quos
988 4469 1209 4517 tenuere
1231 4454 1400 4517 Getae.
1482 4526 1485 4531 _
1764 4484 1820 4543 Β
1915 4464 2013 4519 Cui
2037 4476 2175 4533 pura
2198 4467 2253 4515 et
2274 4473 2432 4524 vena,
2463 4465 2517 4512 et
2554 4472 2661 4511 non
2692 4456 2809 4509 leve
2837 4455 3047 4524 pondus
3078 4453 3220 4508 inest

202 4560 274 4611 ie
305 4553 707 4610 Nemausiacas
730 4552 928 4609 sensim
957 4564 1312 4622 prOperamus
1340 4550 1408 4603 ad
1434 4563 1589 4604 arces
1606 4590 1620 4613 ,
1846 4556 1965 4624 Quo
1986 4552 2174 4610 caelata
2196 4557 2387 4622 patent
2405 4548 2668 4604 scelerum
2697 4546 2924 4614 vestigia
2951 4543 3109 4610 Caci,

201 4647 342 4713 Quo
373 4645 623 4714 spatiosa
647 4642 782 4698 urbs
807 4651 909 4708 est,
936 4657 1133 4712 resque
1160 4656 1389 4712 operosa
1417 4642 1571 4695 satis.
1918 4647 2066 4703 Tabo
2094 4653 2149 4701 et
2174 4642 2450 4713 stipitibus
2475 4657 2571 4696 ora
2599 4639 2774 4695 soluta
2798 4638 2994 4692 virum.

201 4755 287 4792 nc
321 4735 620 4792 Madalona
651 4734 841 4789 habuit
878 4733 1084 4795 laevam,
1120 4731 1403 4789 Sextantio
1452 4733 1700 4788 dextram
1727 4751 1739 4785 :
1847 4736 2060 4795 νει-ηιιί
2086 4733 2312 4806 scopuli,
2342 4733 2508 4787 variae
2537 4747 2632 4787 seu
2660 4731 2812 4803 signa
2844 4728 3079 4801 rapiam,

201 4831 323 4886 llic
354 4830 576 4885 scabris
596 4826 773 4899 podiis
797 4827 1053 4896 cingitur,
1096 4825 1185 4880 illa
1208 4825 1349 4879 mari
1692 4844 1697 4845 ί
1918 4828 2166 4882 Humano
2197 4833 2253 4879 et
2273 4823 2540 4895 pecudum
2562 4820 2827 4894 sanguine
2857 4828 3036 4877 tactus
3067 4836 3213 4891 ager.

202 4927 280 4980 is
310 4924 466 4978 bene
492 4920 739 4977 transitis
757 4960 772 4984 ,
799 4918 1066 4991 Agatbem
1094 4934 1219 4975 mox
1245 4925 1401 4990 parte
1424 4918 1645 4975 sinistra
1849 4914 1967 4985 Quo
1999 4917 2151 4971 furor
2169 4915 2464 4972 Herculeus
2492 4912 2805 4970 Vulcanidis
2830 4925 2952 4970 ossa
2978 4910 3248 4979 retundit,

201 5052 217 5077 ι
287 5031 641 5103 Praefectura
691 5030 839 5103 mihi.
877 5029 1223 5103 Legationem
1254 5029 1527 5103 intelligit
1561 5016 1748 5100 quam,
1846 5044 1915 5103 ne
1953 5040 2235 5103 munerum
2270 5033 2643 5103 coerceantur.
2687 5043 2707 5076 ι
2737 5023 2820 5103 Ab
2850 5016 2969 5103 _liae
2997 5021 3426 5103 ergolegantjone

201 5104 333 5160 roli
363 5089 523 5171 regis
575 5100 854 5171 mandato,
894 5089 1107 5171 missus
1123 5100 1424 5171 dominicus
1441 5089 1652 5171 obierat
1698 5089 1749 5153 in
1848 5094 2146 5171 Theodulfo
2171 5104 2306 5171 _nata
2344 5103 2429 5150 est
2470 5093 2693 5171 occasio
2718 5101 2785 5171 _ut
2834 5093 2903 5171 de
2944 5089 3187 5171 iudicum
3215 5089 3422 5171 cilicio,

201 5175 323 5229 Elia
371 5160 720 5251 Narbonensi
774 5160 885 5251 una
908 5185 1033 5251 cum
1087 5169 1358 5251 Laidradg
1407 5170 1751 5251 postmodum
1830 5168 1976 5237 .quid
1998 5167 2336 5251 potissimum
2363 5163 2732 5251 caverenquid
2758 5170 3020 5251 praestare
3046 5161 3299 5224 debeant,
3320 5160 3425 5213 hoc

201 5257 418 5314 scopo
476 5241 848 5314 Lugdunensi.
902 5239 1021 5314 Quo
1061 5239 1290 5314 nomine
1321 5234 1463 5314 ﬁnes
1510 5238 1752 5307 ejusdem
1850 5234 2095 5314 carmine
2130 5234 2429 5314 docendum
2459 5234 2818 5313 existimaret.

202 5297 462 5369 :w'inICie
518 5297 737 5380 ﬂemus
780 5297 1221 5380 suun-1'
1245 5297 1558 5380 Narbonem-
1583 5322 1753 5376 usque
1923 5308 1951 5347 ι’
1982 5304 2217 5380 Hespere
2241 5303 2395 5363 turba
2419 5320 2515 5380 me
2542 5302 2945 5380 consanguineo.
2978 5299 3130 5367 Quod
3165 5297 3424 5380 Italorum

202 5365 890 5458 'ii—eofmore'describitt
947 5365 1128 5458 ()lll'éii
1169 5387 1349 5458 autem
1386 5377 1546 5458 hujus
1584 5365 1747 5445 quam
1848 5365 2305 5458 consanguineum
2349 5389 2411 5458 se
2465 5372 2617 5458 dicit;
2672 5365 3080 5458 videnduut.:au
3102 5365 3427 5458 retis-rint}?

201 5431 1135 5527 ﬁgiavfuerit'potestas:declamot
1169 5431 1331 5527 verba
1372 5431 1747 5527 episcoporum
1848 5455 2020 5527 queat
2053 5431 2207 5515 Quod
2254 5445 2319 5499 de
2349 5431 2646 5527 Theodulfo
2679 5456 2770 5527 ei:n
2797 5431 3423 5527 cbropic‘isuquiblﬁtlalnl}

201 5505 523 5581 Earoluin
549 5505 771 5576 calvum
795 5505 850 5575 in
884 5520 1064 5575 Verno
1100 5518 1338 5589 palatio:
1374 5505 1747 5589 «'Qquzesurnus
2163 5528 2326 5585 supra
2372 5513 2673 5589 retulimus,
2717 5511 2865 5589 illum
2896 5511 2964 5589 ab
2992 5505 3427 5589 tgﬁaﬂmpter

236 5570 1055 5663 Qééiéiiufﬁiiaéiesj,"-éi
1094 5570 1403 5657 apostolicae
1430 5570 1753 5663 disciplima
1848 5570 2085 5663 scientiae
2110 5570 2670 5663 praefogativgmﬁua
2692 5580 2944 5650 pollebat,
2970 5592 2999 5630 a
3021 5571 3212 5632 Carolo
3230 5570 3427 5641 Magne

202 5651 819 5733 remptoresfmissis
841 5675 873 5714 a
902 5651 1073 5715 latere
1103 5651 1282 5714 vestro
1328 5657 1568 5726 probate
1589 5651 1745 5733 ’ἰξᾳεί
1849 5651 2149 5713 abductum.
2162 5651 2327 5725 fuisse
2351 5653 2406 5709 in
2424 5651 2680 5715 Galliam.

202 5722 621 5802 xtis,'absque
650 5722 895 5802 respectu
952 5743 1306 5799 personarum
1329 5722 1409 5780 ’ἑτι
1431 5722 1743 5781 οχρωςίιιίοο
