3998 6182
453 295 554 348 287

528 407 620 465 Ille
646 410 762 465 fero
785 408 996 481 patrios»
1020 412 1196 459 ructat
1219 402 1288 456 ab
1308 414 1404 454 ore
1441 400 1612 454 focos.

454 499 642 565 Quove
689 514 824 568 genu
852 494 1205 556 stomachum,
1237 506 1331 546 seu
1359 486 1594 545 calcibus
1649 489 1739 545 ilia
1789 491 2028 561 rumpit,

530 571 847 642 Fumifluum
870 586 1018 640 clava
1041 591 1222 652 guttur
1248 585 1308 636 ct'
1335 597 1432 634 ora
1454 582 1646 650 quatit.

459 678 570 732 Illic
605 693 733 745 rupe
755 691 884 731 cava
915 675 1098 728 videas
1121 672 1413 742 procedere
1435 681 1639 725 tauros.

527 768 592 820 Et
609 768 848 836 pavitare
875 765 1070 820 iterum
1092 771 1213 832 post
1237 778 1333 816 sua
1355 760 1502 830 terga
1532 762 1704 827 trahi,

457 856 567 912 Hoc
591 858 643 910 in
671 864 822 925 parte
847 870 1008 919 cava,
1031 854 1228 924 planus
1251 853 1336 908 cui
1361 853 1600 907 circulus
1624 867 1718 906 ore
1749 862 1830 908 est
1847 892 1864 918 ,

526 948 635 1003 Nec
663 947 887 1003 nimium
917 944 1080 1011 latus,
1112 942 1267 1014 signa
1299 945 1502 998 minuta
1529 959 1752 1016 gerens,

455 1037 689 1092 Perculit
715 1045 772 1108 ut
796 1035 1042 1107 geminos
1071 1033 1250 1090 infans
1277 1034 1593 1106 Tyrinthius
1618 1051 1856 1106 angues,

524 1124 728 1180 Ordine
749 1133 875 1180 sunt
900 1126 1065 1180 etiam
1093 1134 1246 1196 gesta
1271 1133 1455 1179 notata
1481 1125 1686 1182 decem.

451 1217 523 1271 At
549 1231 678 1286 pars
709 1221 948 1271 exterior
975 1217 1168 1270 crebro
1197 1233 1293 1271 usu
1317 1232 1439 1270 rasa
1469 1217 1667 1286 politur
1686 1259 1704 1282 ,

523 1305 846 1376 Emgiesque
869 1307 1012 1374 perit
1039 1311 1313 1362 attenuata
1339 1318 1494 1362 vetus
1514 1348 1528 1371 ,

454 1396 572 1462 Quo
603 1396 816 1450 Alcides
853 1397 1196 1466 Calydonque
1227 1395 1418 1463 amnis,
1449 1397 1752 1474 Nessusque
1780 1398 2042 1454 diformisv

527 1486 749 1541 Certant
782 1501 880 1556 pro
909 1487 1090 1556 specie
1115 1487 1361 1556 Deianira
1397 1497 1505 1540 tua.

454 1576 610 1631 Inlita
639 1573 854 1631 Nessmo
879 1574 1062 1630 feralis
1089 1577 1347 1647 sanguine
1372 1577 1538 1631 vestis

527 1665 798 1731 Cernitur,
823 1674 877 1720 et
903 1665 1088 1720 miseri
1111 1665 1217 1720 fata
1238 1667 1481 1736 pavenda
1506 1666 1732 1736 Lychae-

456 1757 642 1814 Perdit
661 1766 715 1812 et
736 1757 954 1812 Amans
971 1758 1116 1824 dura
1135 1759 1287 1828 inter
1306 1759 1525 1813 brachia
1549 1760 1745 1823 vitam,

525 1847 627 1915 Qui
664 1848 823 1903 solito
857 1849 1028 1904 sterni
1049 1864 1197 1904 more
1229 1837 1442 1904 vctatur
1472 1851 1654 1904 humo.
1714 1898 1719 1900 _

454 1938 569 1995 Hoc
594 1955 693 2012 ego
721 1956 839 1996 sum
865 1941 1082 1996 domino
1113 1942 1410 2013 (dominum
1434 1959 1518 1997 me
1541 1941 1678 1998 forte
1709 1942 1957 2014 vocabat)

527 2033 776 2100 Laturus,
808 2035 948 2089 votis
973 2035 1018 2089 si
1051 2034 1195 2089 favet
1222 2034 1310 2089 ille
1333 2035 1486 2090 meis.

452 2122 588 2179 Pars
619 2139 910 2179 numerosa
949 2123 1132 2179 subest
1167 2124 1369 2195 populi,
1403 2132 1638 2179 matrum
1680 2134 1842 2194 atque
1887 2125 2025 2178 viro-

861 2212 864 2216 .
1291 2203 1296 2206 .
1555 2205 1559 2208 .
1603 2263 1608 2266 _
1793 2213 1957 2284 Mm,

527 2303 818 2368 lnfantum,
836 2305 1115 2374 iuvenum,
1149 2322 1278 2361 sexu
1301 2307 1370 2361 ab
1405 2315 1636 2374 utroque
1670 2306 1827 2360 simul
1862 2325 1876 2360 :

457 2392 604 2459 Quos
630 2403 786 2463 pater
812 2402 866 2448 et
894 2395 1126 2465 genitrix
1157 2397 1256 2451 sub
1282 2396 1547 2451 libertatis
1569 2398 1780 2452 honore

526 2482 778 2552 Liquere,
803 2498 869 2537 ex
897 2483 989 2538 illo
1019 2483 1186 2540 libera
1215 2487 1370 2541 turba
1400 2497 1637 2541 manent.

455 2574 696 2640 Quorum
724 2575 768 2629 si
791 2574 1010 2630 chartas
1038 2575 1242 2641 vitiem,
1265 2592 1392 2632 vase
1415 2576 1502 2631 ille
1529 2585 1742 2633 vetusto
1765 2618 1779 2643 ,

527 2664 620 2720 His
643 2681 762 2736 ego,
789 2674 846 2720 tu
864 2658 1020 2722 donis
1057 2657 1182 2726 max
1204 2668 1413 2738 potiere
1439 2668 1593 2724 meis.
1679 2722 1701 2730 η

455 2755 605 2811 Alter
634 2757 729 2823 ait,
773 2758 903 2812 mihi
929 2767 1056 2813 sunt
1079 2760 1229 2814 vario
1260 2750 1436 2814 fucata
1464 2760 1646 2816 colore

526 2847 717 2913 Pallia,
741 2864 859 2917 qua:
886 2836 1054 2914 misit,
1087 2857 1146 2902 ut
1172 2858 1320 2918 puto,
1345 2859 1530 2906 torvus
1553 2850 1748 2906 Arabs.

456 2938 575 3005 Quo
624 2937 822 2992 vitulus
863 2946 1093 2992 matrem
1122 2938 1380 3007 sequitur,
1411 2955 1518 3008 quo
1547 2939 1741 2994 bucula
1773 2949 1986 2994 taurum
2012 2979 2028 3002 ,

527 3027 795 3082 Concolor
817 3021 902 3082 est
935 3016 1103 3082 vitulo
1126 3018 1339 3093 bucula,
1380 3027 1584 3099 hosque
1604 3030 1745 3084 bovi.

459 3115 809 3184 Splendorem
845 3112 1086 3186 spectes,
1121 3117 1472 3187 iunctamque
1511 3117 1784 3174 coloribus
1823 3128 2026 3188 artem,

531 3204 708 3274 thue
738 3205 873 3260 rotis
898 3206 1108 3276 magnis
1131 3206 1315 3277 juncta
1341 3208 1413 3262 sit
1430 3215 1546 3262 arte
1566 3210 1760 3263 minor.

457 3298 552 3353 Est
579 3298 709 3352 mihi
747 3313 868 3353 cum
891 3294 1124 3369 quodam
1148 3299 1214 3354 de
1237 3301 1497 3356 armentis
1519 3302 1744 3371 quaestio
1769 3301 2028 3372 pulchris.

528 3386 634 3441 Pro
658 3387 854 3456 quibus
883 3388 986 3442 ista
1013 3404 1145 3458 paro
1169 3403 1407 3459 congrua
1435 3397 1575 3444 dona
1595 3388 1746 3444 dare.

455 3477 563 3533 Pro
583 3477 766 3534 vitulis
787 3479 1038 3562 vitulum,
1068 3495 1168 3549 pro
1205 3480 1377 3535 tauris
1401 3479 1569 3536 offero
1605 3491 1816 3536 taurum
1837 3520 1855 3547 ,

529 3569 635 3624 Pro
664 3585 827 3624 vacca
856 3566 1097 3634 vaccam,
1127 3585 1228 3639 pro
1254 3570 1390 3624 bove
1418 3571 1559 3624 dono
1582 3570 1794 3625 bovem.

457 3662 655 3717 Pocula
683 3662 953 3731 promittit
973 3662 1190 3736 quidam
1223 3677 1280 3716 se
1304 3661 1528 3731 pulchra
1553 3662 1804 3715 daturum
1827 3703 1840 3728 ,

534 3752 592 3807 Si
625 3753 782 3806 modo
804 3767 922 3821 quae
951 3752 1123 3822 poscit
1149 3767 1255 3805 non
1277 3751 1380 3806 sibi
1405 3751 1578 3805 danda
1601 3751 1788 3806 darem
1812 3768 1826 3804 :

459 3843 796 3911 [interiusque
825 3856 1015 3896 aurum
1042 3842 1284 3898 exterius
1313 3841 1536 3913 nigredo
1566 3841 1818 3906 decorat,

531 3930 664 3989 Cum
690 3930 837 3988 color
861 3931 1068 4004 argenti
1096 3931 1352 4004 sulphure
1382 3940 1558 3986 tactus
1585 3931 1718 3986 abit.
1746 3999 1750 4003 _

461 4027 594 4102 Quis
626 4026 762 4082 bene
790 4025 962 4081 fulcra
993 4026 1186 4090 nitent,
1215 4034 1268 4080 et
1287 4023 1511 4096 pulchra
1534 4031 1857 4080 toreumata.
1889 4022 2029 4078 Pan-

1419 4129 1422 4132 ’
1794 4114 1948 4186 inus,
2036 4167 2038 4169 ,

530 4208 682 4263 Alter
728 4208 822 4273 ait,
870 4207 1134 4270 dabimus,
1181 4220 1301 4274 quae
1351 4221 1483 4276 rogo
1527 4206 1572 4261 si
1614 4207 1846 4262 dederis.

458 4300 672 4355 Vitibus
694 4307 857 4368 atque
884 4297 1034 4360 oleis,
1069 4297 1250 4351 herbis
1272 4306 1495 4351 ornatus
1519 4305 1573 4352 et
1594 4297 1765 4351 hortis
1789 4335 1805 4361 ,

529 4390 774 4459 lnriguus
799 4387 971 4456 patris
993 4395 1076 4441 est
1098 4396 1268 4442 morte
1293 4376 1512 4442 relictus
1548 4403 1696 4456 ager.

458 4479 588 4534 Inde
614 4477 744 4532 mibi
775 4485 956 4546 partes
987 4475 1287 4547 fratresque
1313 4492 1575 4546 sororque
1603 4475 1923 4547 requirunt,

529 4569 792 4626 Consorte
819 4569 964 4623 hunc
990 4567 1135 4622 nullo
1162 4570 1311 4623 solus
1338 4569 1540 4622 habere
1564 4566 1745 4623 velim.

459 4663 582 4718 Voti
603 4675 823 4730 compos
844 4674 958 4723 ero,
987 4657 1093 4738 tibi
1111 4658 1155 4712 si
1179 4675 1298 4713 mea
1320 4668 1442 4713 vota
1466 4657 1780 4728 placebunt,

530 4755 660 4818 Quze
689 4753 756 4807 do
785 4752 828 4804 si
859 4751 1064 4820 capias,
1093 4765 1212 4820 quae
1232 4765 1362 4819 rogo
1386 4751 1488 4802 rite
1514 4749 1706 4803 dabis.

463 4840 754 4909 Subripere
782 4839 871 4893 ille
892 4840 1036 4894 lares
1061 4839 1194 4893 socii
1223 4840 1387 4908 cupit,
1424 4838 1524 4892 iste
1547 4837 1784 4891 novales.

532 4927 706 4982 Ambo
730 4928 904 4982 aliena
930 4927 1171 4997 quidem,
1196 4927 1284 4982 hic
1307 4935 1475 4991 tenet,
1505 4924 1595 4980 ille
1622 4928 1790 4996 cupit.

461 5017 615 5074 Alter
641 5025 702 5071 ut
733 5017 1000 5086 acquirat,
1033 5032 1102 5072 ne
1132 5017 1324 5088 perdat
1350 5016 1594 5072 aduritur
1619 5017 1789 5081 alter,

535 5111 640 5166 Iste
661 5124 846 5187 ensem
875 5119 928 5166 et
953 5110 1182 5181 galeam,
1220 5109 1309 5164 hic
1339 5109 1468 5164 dare
1506 5119 1658 5164 scuta
1682 5117 1859 5188 parat.

465 5203 574 5260 Res
596 5202 764 5272 patris
793 5215 932 5257 unus
960 5203 1142 5266 habet,
1171 5199 1517 5271 fratercupit
1544 5199 1679 5255 alter
1703 5200 1906 5254 habere
1923 5238 1938 5263 ,

534 5293 604 5348 Et
624 5293 754 5347 dare
779 5291 894 5346 vult
914 5293 1088 5348 mulos
1109 5293 1267 5357 alter,
1293 5301 1350 5347 et
1369 5291 1507 5346 alter
1529 5278 1715 5359 eques.

464 5382 592 5440 Hac
619 5396 748 5453 pars
771 5380 920 5436 dives
939 5396 1121 5451 opum,
1144 5397 1269 5453 pars
1292 5381 1459 5435 instat
1478 5387 1670 5434 cetera
1694 5378 1864 5448 plebis
1882 5417 1896 5441 ,

537 5475 690 5544 Quod
714 5482 961 5544 quaerant
983 5488 1193 5537 omnes,
1220 5471 1472 5542 quodque
1491 5479 1792 5540 querantur
1809 5467 2032 5525 habent.

469 5565 575 5622 Sed
597 5581 696 5621 nec
719 5565 801 5622 eis
823 5564 1011 5622 deerat
1038 5563 1198 5620 dandi
1227 5571 1408 5618 tamen
1438 5569 1564 5632 apta
1588 5559 1870 5625 voluntas,

544 5657 781 5713 Diversis
800 5671 940 5714 unus
963 5653 1166 5737 viribus
1187 5669 1316 5712 usus
1336 5662 1474 5710 erat.

1431 288 1825 345 THEODULFI
1856 284 2408 344 AUREUANENSiS
2445 282 2685 353 ειηδση

1971 447 1974 450 λ
2051 413 2104 465 Α
2127 393 2316 462 Magna
2339 402 2398 446 ut
2427 392 2677 461 majores,
2710 391 2788 446 sic
2810 399 3072 460 promunt
3085 405 3252 461 parva
3276 392 3513 448 minores
3536 433 3552 459 ,

3581 283 3708 342 ιω

2200 483 2332 536 Dum
2353 483 2468 537 fore
2493 498 2611 552 quae
2640 481 2863 551 cupiunt
2886 481 2986 534 hac
3007 480 3111 535 sibi
3131 489 3278 548 sorte
3307 490 3521 552 putant.

2125 572 2227 628 lste
2254 583 2346 627 tuo
2368 575 2540 628 dictas
2565 573 2629 627 de
2649 572 2864 627 nomine
2885 571 3129 626 Corduba
3149 572 3314 642 pelles
3331 614 3345 637 ,

2194 660 2292 736 Hic
2315 662 2521 726 niveas,
2551 661 2685 714 alter
2714 660 2979 730 protrahit
3000 660 3124 714 inde
3153 659 3363 716 rubras.

2124 751 2290 805 Linea
2317 752 2407 820 qui
2450 751 2590 820 potis
2613 758 2719 812 est,
2748 748 2841 818 qui
2863 763 2989 813 non,
3019 748 3123 802 fert
3162 748 3315 803 lanea
3343 749 3482 804 dona
3504 790 3519 816 ,

2195 843 2431 912 Tegmen
2462 850 2518 896 et
2542 843 2629 896 hic
2641 840 2975 911 capitis,qhic
3001 841 3175 910 pedis,
3199 841 3287 896 ille
3309 857 3522 897 manus.

2124 934 2240 999 Quo
2269 931 2435 987 facies
2460 932 2686 986 humore
2710 931 2813 985 levi
2840 931 3157 1002 palmasque
3188 932 3422 986 solemus

2195 1021 2448 1092 Tergere,
2480 1023 2601 1092 quis
2629 1021 2865 1076 dandum
2900 1023 3086 1078 textile
3116 1039 3311 1079 munus
3331 1023 3513 1080 habet.

2125 1111 2335 1168 Scrinia
2362 1114 2536 1176 danda
2561 1121 2756 1183 parant
2785 1113 2898 1177 alii,
2928 1129 3029 1168 nec
3053 1112 3223 1168 defuit
3259 1114 3346 1169 ille
3365 1155 3381 1179 ,

2195 1199 2444 1257 Cereolas
2471 1188 2675 1257 rotulas
2701 1202 2792 1270 qui
2826 1202 2956 1257 dare
2985 1202 3143 1257 vellet
3167 1217 3354 1258 ovans.

2127 1290 2346 1360 Singula
2375 1291 2496 1360 quis
2534 1289 2770 1344 referat?
2797 1291 3035 1346 fidebant
3058 1307 3280 1346 munere
3303 1295 3522 1356 cuncti,

2195 1380 2306 1434 Nec
2334 1395 2392 1434 se
2418 1381 2538 1448 quis
2568 1381 2822 1460 quiddam
2851 1382 2903 1435 ni
2934 1383 3023 1436 det
3050 1383 3248 1437 habere
3276 1391 3450 1454 putat.

2125 1472 2169 1527 Ο
2192 1472 2457 1526 scelerata
2479 1472 2612 1536 lues,
2644 1482 2822 1541 partes
2850 1471 3042 1528 diffusa
3073 1489 3168 1542 per
3190 1490 3412 1537 omnes,
3450 1524 3454 1528 .

2195 1560 2240 1615 Ο
2279 1561 2472 1625 scelus,
2503 1578 2536 1617 o
2578 1559 2759 1626 furor,
2790 1578 2914 1616 ores
2943 1562 3247 1617 truculenta
3284 1563 3443 1618 nimis
3465 1606 3480 1626 .

2032 1662 2034 1664 '
2128 1654 2259 1721 Qua:
2284 1655 2385 1709 sibi
2405 1655 2673 1723 captivum
2705 1663 2871 1708 totum
2901 1653 3040 1709 male
3065 1655 3308 1708 vindicat
3333 1653 3554 1717 orbein,

2053 1736 2113 1794 Βν
2197 1745 2308 1800 Nec
2335 1735 2485 1800 deest
2520 1746 2609 1814 qui
2638 1746 2750 1810 det,
2780 1760 2879 1799 nec
2901 1745 2998 1814 qui
3022 1745 3164 1799 male
3191 1754 3348 1815 capta
3390 1745 3558 1799 ferat!

2128 1833 2374 1891 Flectere
2405 1837 2483 1890 sic
2508 1845 2798 1905 properant
2824 1850 2931 1898 me,
2956 1850 3054 1889 nec
3094 1829 3274 1889 tamen
3302 1850 3423 1890 esse
3448 1845 3724 1905 putarent

2199 1920 2406 1987 Talem,
2433 1922 2488 1974 ni
2519 1921 2640 1974 talis
2671 1928 2796 1974 ante
2824 1919 3010 1974 fuisset
3036 1920 3129 1973 ibi.

2125 2012 2305 2066 Nemo
2323 2011 2377 2064 in
2409 2011 2563 2078 aquis
2590 2023 2768 2077 apros,
2799 2010 2853 2062 in
2884 2009 3035 2063 silvis
3062 2023 3317 2077 squamea
3345 2008 3526 2073 dona,

2195 2100 2361 2169 Inque
2387 2085 2545 2169 rogos
2575 2099 2756 2163 undis’,
2789 2099 2842 2152 in
2873 2098 2989 2152 face
3017 2099 3212 2167 qumrit
3253 2114 3444 2168 aquas.

2128 2189 2309 2244 Thura
2341 2187 2561 2242 Sabaeus
2599 2200 2746 2256 ager,
2777 2186 3035 2256 Cangetis
3061 2186 3297 2242 eburnea
3329 2195 3592 2250 monstra,

2197 2277 2427 2346 Grippes
2454 2273 2747 2348 [Grypbes]
2794 2284 2848 2330 et
2877 2274 3182 2346 Hyrcanus,
3234 2276 3472 2330 balsama
3521 2272 3712 2344 Syrus

2465 2429 2472 2432 _
2597 2437 2602 2442 ἰ
3419 2364 3633 2436 [habet.

2130 2456 2352 2528 Singula
2381 2457 2498 2527 lege
2526 2471 2647 2521 sua,
2679 2471 2899 2511 assiduo
2927 2463 3245 2525 quaeruntur
3274 2463 3330 2509 et
3355 2470 3477 2520 usu,

2199 2550 2266 2603 Et
2291 2548 2409 2605 fore
2439 2549 2696 2604 mortales
2720 2551 2863 2619 quod
2888 2548 2990 2603 fuit
3015 2557 3140 2603 ante
3170 2557 3380 2620 putant.

2128 2639 2200 2695 At
2221 2655 2323 2694 sua.
2343 2655 2467 2695 cum
2495 2634 2723 2694 cernunt
2749 2641 3037 2718 verborum
3064 2639 3268 2710 spicula
3295 2640 3486 2711 frangi,

2199 2732 2266 2786 Et
2295 2730 2370 2784 nil
2394 2730 2642 2800 promissi
2674 2730 2776 2784 tela
2803 2730 2982 2784 valere
3009 2731 3117 2794 sui,
3185 2735 3190 2740 ’
3263 2788 3270 2792 η

2131 2823 2320 2892 Meque
2344 2823 2489 2877 velut
2518 2822 2713 2877 fortem
2743 2829 2866 2891 post
2895 2821 3079 2892 praalia
3103 2820 3333 2875 firmiter
3361 2820 3549 2875 urbem

2202 2915 2576 2982 Stare,.atque
2596 2922 2841 2990 artesua
2873 2927 2978 2967 non
3007 2913 3249 2983 potuisse
3277 2908 3418 2982 capi,

2131 3003 2264 3058 Rem
2289 3019 2414 3058 mox
2443 2996 2672 3073 quisque
2698 2995 2849 3058 suam
2877 3004 3089 3073 quaerit,
3115 3021 3211 3084 sua
3236 3004 3463 3073 quisque
3494 3007 3726 3074 recepit

2055 3067 2102 3163 Cf
2201 3093 2351 3158 Jura,
2380 3108 2481 3147 nec
2512 3094 2721 3148 insidiis
2745 3109 2936 3163 meque
2966 3077 3200 3162 suosque
3234 3101 3502 3163 premunt.

2131 3181 2224 3238 Sic
2252 3182 2558 3251 quicunque
2588 3183 2777 3236 videns
2806 3183 3035 3249 aditum,
3063 3199 3170 3254 quo
3198 3198 3339 3253 szepe
3365 3182 3575 3237 solebat

2202 3273 2414 3337 Furari,
2445 3273 2778 3338 obstrusum,
2808 3289 2902 3342 spe
2931 3275 3050 3328 sine
3079 3275 3273 3328 transit
3301 3275 3423 3336 iter,

2131 3362 2240 3418 Sed
2264 3378 2332 3417 ne
2361 3372 2512 3418 actus
2539 3372 2754 3418 nostros
2777 3363 3032 3419 discretio
3058 3364 3326 3434 linqueret
3353 3363 3521 3429 alma,

2201 3456 2375 3510 Resve
2402 3448 2727 3525 putarentur
2752 3449 2835 3509 hie
2859 3451 3182 3510 sinmlantcr'
3208 3455 3316 3525 agi.

2130 3547 2277 3602 Neve
2307 3545 2479 3600 forem
2513 3547 2696 3601 multis
2725 3547 2963 3601 novitate
2992 3547 3244 3601 notabilis
3274 3548 3409 3616 ipsa,

2205 3635 2568 3703 Horreretque
2596 3638 2794 3691 bonum
2815 3637 3162 3706 proximitate
3192 3637 3350 3690 mali;

2133 3726 2405 3796 Spernere
2433 3721 2733 3796 contempsi
2763 3743 2881 3797 qua:
2907 3729 2998 3782 dat
3027 3729 3314 3783 concordia
3341 3730 3642 3799 princeps..

2203 3812 2419 3883 Quaz'ut
2443 3815 2612 3870 societ
2640 3825 2848 3872 mentes
2875 3817 3071 3886 datque
3097 3819 3342 3888 capitque
3364 3818 3562 3884 libens,

2131 3907 2199 3960 Et
2230 3921 2517 3961 commune
2542 3906 2674 3961 facit
2703 3907 2858 3977 cujus
2891 3909 3030 3963 bene
3064 3908 3300 3978 postulat
3332 3926 3484 3972 usus,

2163 4008 2170 4014 '
2203 3997 2474 4070 Multaque
2500 4014 2623 4053 cum
2653 3998 2868 4064 habeat,
2899 4000 2974 4052 nil
3004 4000 3160 4054 docet
3183 4014 3303 4055 esse
3333 4016 3512 4054 suum.

2131 4087 2258 4145 Haec
2286 4075 2386 4160 ego
2409 4098 2753 4164 pertractans
2784 4091 3063 4160 sumebam
3092 4106 3254 4160 parva
3283 4091 3532 4156 libenter,

2201 4179 2332 4247 Quae
2365 4195 2470 4234 non
2503 4195 2642 4234 saeva
2674 4195 2885 4246 manus,
2913 4181 3077 4234 chara
3109 4183 3200 4236 sed
3231 4181 3319 4235 illa
3343 4182 3522 4236 dabat.

2035 4349 2043 4356 θ
2134 4272 2355 4328 Scilicet
2382 4273 2642 4328 arboreos
2667 4272 2892 4338 fructus,
2923 4274 3171 4343 hortique
3195 4275 3435 4341 virentis,

2203 4365 2335 4429 Ova,
2373 4380 2603 4431 merum,
2631 4381 2817 4435 panes,
2843 4367 3297 4437 cornipedumque
3324 4368 3492 4422 cibos.

2139 4457 2481 4527 Sumpsimus
2507 4465 2562 4512 et
2595 4465 2808 4512 teneros
2836 4457 3032 4526 pullos,
3064 4453 3411 4528 niodicaSque
3434 4459 3724 4521 volucres.

2209 4549 2450 4620 Corpora
2479 4559 2606 4604 sunt
2631 4567 2860 4620 quarum
2903 4539 3086 4621 parva,
3124 4551 3218 4606 sed
3255 4563 3380 4623 apta
3405 4553 3562 4608 cibis.

2137 4641 2181 4699 0
2210 4640 2334 4696 felix
2365 4641 2544 4696 omnis
2570 4642 2762 4708 virtus,
2792 4625 3050 4697 discretio
3078 4644 3123 4697 si
3151 4659 3312 4712 quam

2212 4732 2476 4786 Virtutum
2512 4733 2693 4786 nutrix
2726 4743 3008 4803 temperat,
3035 4744 3212 4799 ornat,
3243 4735 3374 4788 alit!

2138 4825 2268 4892 Quze
2295 4815 2599 4879 errabunda
2631 4839 2781 4880 meos
2809 4826 2968 4894 paulo
2993 4834 3077 4880 est
3105 4825 3343 4895 digressa
3365 4842 3463 4896 per
3491 4836 3684 4892 actus,

2210 4919 2290 4972 Ad
2327 4927 2561 4987 emptum
2599 4921 2784 4975 redeat
2811 4929 2993 4974 nostra
3019 4919 3274 4974 Catnmna
3305 4920 3492 4974 melos.

2141 5013 2319 5084 Equa
2343 5013 2440 5067 tibi
2459 5011 2619 5080 iustae
2643 5011 2753 5066 sint
2770 5008 2936 5078 judex
2962 5010 3201 5080 pondera
3228 5010 3396 5073 librae,

2214 5105 2283 5161 Ut
2309 5120 2406 5158 sua
2436 5103 2665 5173 quisque
2685 5101 2857 5156 libens
2883 5103 2984 5156 hac
3010 5101 3279 5156 tribuente
3307 5099 3477 5153 ferat..

2143 5194 2253 5249 Nec
2281 5194 2352 5248 sit
2378 5209 2541 5247 avara
2573 5192 2711 5257 lues,
2742 5205 2844 5246 nec
2869 5205 3042 5254 amor,
3075 5189 3352 5257 zelusque,
3383 5188 3702 5256 timorquer

2204 5283 2335 5349 Quae
2367 5282 2602 5346 turbent,
2632 5283 2820 5336 ﬁrmus
2847 5291 2955 5336 stet
2986 5281 3084 5335 tibi
3110 5280 3307 5352 mentis
3334 5293 3491 5347 apex.

2138 5373 2278 5428 Proh
2309 5373 2481 5437 dolor,
2501 5373 2585 5427 his
2611 5374 2770 5428 rebus
2798 5373 2970 5442 pietas
2998 5373 3107 5426 cito
3131 5358 3347 5439 pellitur
3368 5368 3530 5437 aequi,

2207 5464 2334 5533 Ejus
2357 5471 2413 5516 et
2440 5462 2698 5516 invadunt
2723 5463 2978 5532 frausque
2998 5449 3267 5529 dolusque
3293 5459 3488 5514 locum.

2139 5555 2403 5620 Quattuor
2426 5553 2508 5607 hae
2538 5560 2739 5616 sontes,
2772 5541 2944 5607 fribus
2971 5559 3056 5606 est
3083 5565 3208 5604 nam
3236 5547 3443 5602 sontior
3471 5559 3604 5608 una,

2212 5639 2356 5712 Quae"
2373 5652 2457 5700 est
2480 5643 2630 5699 radix
2657 5643 2868 5700 eunetis
2891 5643 3006 5699 dira
3030 5642 3227 5712 cupido
3255 5637 3428 5694 malis.

2055 4408 2110 4468 D
