1999 3091
100 138 142 165 989

98 194 202 224 Muneris
215 191 348 220 invalidas
358 191 479 226 acceptio
492 194 600 219 vertere
611 195 716 218 mentes

123 237 236 270 Adsolet,
252 245 268 264 a
280 244 345 264 vero
355 235 453 270 iusque
465 235 560 270 fugare
571 235 658 270 pium.

97 285 145 312 Non
162 283 246 311 solum
259 285 373 316 argento
388 288 433 309 res
447 281 505 308 hac
518 280 643 307 inolescit
656 284 684 307 et
695 286 773 311 auro,

124 328 250 363 Praapetis'
259 331 306 354 aut
317 333 532 362 campos'ungue
543 325 666 353 caveatis
679 325 764 360 equi,‘

97 375 184 402 llurice
197 374 239 401 vel
251 373 345 405 rutilo,
361 374 485 408 gemmis,
501 377 548 400 aut
560 377 681 408 syrmate
694 372 817 407 pulchro,

121 420 170 446 Aut
181 420 261 447 rebus
274 419 360 446 variis
373 426 443 453 quas
458 419 518 446 vela
536 418 610 446 ferre
623 418 701 445 solet.

97 465 137 492 Sed
150 465 251 492 levibus
262 464 364 497 verbis,
380 465 548 499 paribusque
559 464 713 491 volantibus
727 463 813 495 auris,

119 510 255 536 Blanditias
269 514 351 536 vento
366 516 444 537 mens
457 510 556 544 quibus
569 514 630 537 acta
644 514 740 537 tumet.

97 555 170 582 Vestis
191 556 277 583 honos
292 555 367 593 color
381 560 438 588 est,
450 555 586 590 marsupia
607 552 729 590 pondere
743 556 872 590 gaudent,

119 601 146 627 ln
166 605 261 627 tenues
272 604 366 627 ventos
379 608 445 627 aura
458 600 559 627 favoris
571 601 636 628 abit.

97 645 191 673 Scilicet
202 646 246 673 his
258 645 347 672 saltim
361 645 463 673 terreni
478 646 564 681 gloria
579 645 658 678 lucri,

118 691 169 717 lllis
181 694 293 718 econtra
306 690 344 717 nil
357 690 410 718 nisi
425 689 523 718 ventus
534 688 615 718 in'est.

99 737 182 763 udicis
196 736 334 771 ingenium
350 736 406 764 cito
420 737 512 763 turbat
526 743 640 763 munere
655 735 742 768 dives,

115 781 170 808 Hoc
184 782 248 815 quia
261 780 332 808 ferre
347 781 453 816 nequit,
465 782 487 808 it
498 781 693 809 tremebundus
706 781 793 815 inops.

97 826 129 853 lic
145 827 242 862 magis,
257 827 303 854 ilie
317 828 403 863 magis
414 827 550 862 spondent
565 835 594 855 se
607 835 678 862 sa'pe
691 828 814 859 daturos,
853 831 865 844 ν’

115 872 164 898 llic
181 876 273 899 tamen
288 874 412 907 acquiret
422 873 470 907 qui
484 873 589 908 potiora
603 872 687 900 dabit.

97 917 123 942 2st
137 924 220 950 quem
234 925 286 945 nec
305 922 397 949 testes,
412 925 462 944 nec
476 918 529 950 lex,
549 925 600 945 nec
613 917 737 945 chartula
751 917 839 947 fulcit,

111 964 215 999 Sicque
229 965 315 991 forum
329 966 433 992 cunctis
447 965 490 992 his
503 965 634 999 spoliatus
646 966 711 993 adit.

97 1010 174 1036 mnia
192 1010 248 1037 fert
260 1017 362 1041 secum,
378 1010 400 1036 si
416 1018 477 1037 cum
488 1009 668 1044 libet'Ac'cipe
679 1011 754 1042 dicit,

107 1053 249 1081 Omnibus
260 1058 301 1081 est
319 1054 416 1086 fretus,
432 1055 455 1081 si
474 1055 538 1081 dare
550 1054 627 1089 plura
641 1060 732 1089 queat.

98 1099 185 1125 arcite
197 1105 327 1125 censores
339 1099 401 1126 huic
417 1107 578 1126 succensere
593 1099 689 1131 labori,

110 1144 221 1171 Tollere
235 1144 281 1178 qui
297 1144 401 1171 crimen
419 1152 472 1171 non
488 1145 617 1172 adbibere
631 1150 719 1179 parat.

100 1199 132 1217 on
148 1198 202 1226 ego
218 1190 398 1224 quorumdam
412 1191 533 1218 dilTu‘ndo
546 1192 649 1218 crimen
666 1192 692 1218 in
705 1199 809 1224 omnes,

109 1235 216 1270 Cuique
230 1235 266 1262 sit
278 1242 312 1262 ex
325 1235 423 1263 merito
438 1235 531 1263 lausve
543 1237 645 1270 pudore
663 1244 722 1263 suo.

97 1281 132 1308 ieu
147 1281 240 1309 scelus
252 1285 293 1309 est
306 1281 367 1308 ullis
380 1289 430 1316 pro
445 1283 526 1309 rebus
542 1283 664 1317 linquere
677 1291 782 1315 verum,

110 1326 238 1354 Vendere
249 1334 295 1354 seu
311 1327 395 1362 gratis
410 1327 481 1361 quod
496 1328 560 1355 dare
573 1335 707 1363 quemque
720 1329 806 1356 decet.

97 1371 142 1398 iolo
155 1371 222 1399 dolo
237 1372 291 1399 reri
303 1372 344 1398 vel
358 1372 454 1398 acerba
469 1372 562 1400 fraude
575 1380 677 1405 carere,
860 1365 862 1367 1

111 1416 144 1443 Et
157 1417 182 1444 si
197 1424 252 1451 pro
265 1416 337 1451 iusto
351 1425 463 1444 mttnera
473 1417 534 1451 jure
549 1418 631 1446 feras.

101 1463 185 1491 rbiter
199 1467 247 1491 est
257 1471 376 1498 equum,
389 1467 431 1490 est
445 1467 473 1490 et
486 1464 606 1497 iniquum
621 1464 739 1491 vendere
750 1468 869 1498 certans,

112 1510 180 1537 Nam
196 1509 289 1538 socius
301 1509 346 1536 hic
360 1516 443 1536 unum
457 1513 605 1544 perpetrat,
617 1509 662 1537 ille
673 1510 736 1538 duo.

98 1556 125 1583 .ic
138 1556 204 1591 quia
215 1555 262 1590 jus
276 1555 378 1586 vendit,
390 1555 462 1590 quod
476 1555 556 1583 debet
569 1555 668 1582 dedere
686 1556 778 1591 gratis,

112 1600 157 1628 llle
172 1601 240 1636 quia
257 1600 283 1627 id
299 1600 406 1632 temnit,
423 1600 469 1627 sed
483 1604 574 1627 tamen
590 1600 652 1627 inde
664 1600 746 1635 capit.
826 1592 829 1596 ’

98 1647 127 1678 rui
141 1648 201 1674 fera
214 1646 319 1682 judicio
331 1653 381 1681 pro
395 1650 471 1674 recto
486 1648 597 1681 praemia
613 1647 721 1681 quaerit,

114 1692 161 1720 llle
175 1696 255 1719 tuum
269 1692 384 1726 peragit,
398 1691 473 1719 fraus
489 1692 611 1723 inimica,
623 1691 703 1729 nefas
716 1700 723 1717 :

98 1738 129 1769 uti
143 1738 212 1765 dare
229 1745 289 1772 qua:
304 1737 383 1764 debet
395 1738 480 1771 gratis
495 1738 540 1772 pia
559 1737 651 1764 munia
665 1736 745 1770 juris.

114 1782 223 1819 lndigni
238 1783 318 1817 pretii
336 1787 433 1818 pensat
450 1791 548 1811 avarus
559 1791 620 1818 ope.

99 1827 118 1854 'e
132 1828 155 1856 si
169 1828 244 1856 forte
258 1827 334 1856 furor
349 1829 469 1863 pervasit
482 1829 566 1863 pestis
580 1837 681 1862 avaras,

115 1873 176 1901 Stet
191 1874 276 1906 ratio,
290 1878 318 1901 et
332 1874 412 1901 docili
426 1875 466 1902 sic
479 1875 527 1902 tibi
541 1881 607 1902 voce
621 1879 701 1902 canat
715 1884 721 1901 :

99 1919 169 1946 lerne
184 1919 258 1954 quod
272 1919 442 1946 Altithronus
456 1924 539 1947 temet
552 1920 706 1955 speculetur
718 1919 751 1947 ab
766 1919 830 1952 alto,

118 1963 243 1999 Quasque
258 1962 327 1990 facis
340 1971 447 1991 summa
462 1964 567 1999 singula
582 1969 672 1992 mente
686 1969 769 1993 notet.

99 2009 129 2035 tui
142 2009 229 2043 iudex
245 2008 376 2044 testisqtte
391 2009 471 2036 simul
484 2010 637 2045 vindexque
652 2010 784 2037 malorum
797 2014 850 2041 est,

114 2053 168 2086 Qui
185 2054 252 2081 dare
267 2054 347 2088 digna
363 2054 442 2080 bonis
455 2054 506 2081 scit
518 2055 588 2081 mala
602 2055 659 2081 sive
678 2054 766 2082 malis.

104 2100 109 2125 i
125 2104 221 2126 tamen
236 2106 251 2127 e
265 2103 361 2126 contra
375 2098 448 2133 Cape
462 2107 560 2127 munus
572 2104 700 2135 personet
711 2100 766 2133 illa,

115 2146 199 2178 Quod
215 2145 296 2172 modo
308 2145 355 2172 des
369 2145 463 2178 sociis,
476 2146 618 2179 postmodo
632 2151 722 2173 temne
737 2147 806 2181 capi.

103 2191 130 2217 ui
146 2191 250 2218 victrix
263 2191 333 2218 ratio
346 2195 441 2218 contra
454 2194 539 2222 stans,
556 2191 680 2225 lmproba
696 2191 768 2218 dicat

115 2237 209 2265 Pestis
221 2237 277 2270 abi,
291 2241 318 2264 et
330 2240 414 2264 totam
427 2244 457 2264 se
471 2237 520 2264 tibi
537 2237 633 2264 reddat
643 2244 736 2272 agens.

104 2290 141 2309 nn
159 2283 224 2310 sitis
239 2282 297 2309 haec
310 2282 442 2316 explenda
457 2282 505 2309 tibi
519 2286 570 2313 est,
588 2290 640 2316 qua
656 2282 776 2309 fervidus
790 2282 879 2315 ardes,

113 2328 182 2361 Quo
196 2328 285 2363 magis
300 2328 351 2355 hac
366 2327 479 2360 biberis,
494 2327 558 2355 hinc
572 2328 620 2355 tibi
636 2327 722 2361 major
734 2328 796 2355 erit.

103 2374 199 2399 {stunt
213 2372 277 2399 inde
288 2372 383 2406 magis,
398 2380 452 2406 quo
464 2372 524 2406 plus
537 2371 609 2407 ligna
624 2372 722 2406 accipit
736 2372 817 2407 ignis,

111 2419 163 2445 Sic
182 2423 209 2445 et
223 2419 324 2445 habere
340 2419 422 2452 cupit,
438 2426 491 2452 quo
504 2426 579 2454 mage
592 2419 717 2454 quisquis
730 2419 820 2449 habet.

101 2465 232 2499 anguine
247 2464 278 2491 ﬁt
292 2463 378 2498 major
398 2469 526 2499 congesto
542 2471 650 2499 semper
664 2464 792 2497 hirundo,

112 2509 154 2536 Et
167 2509 258 2544 magis
272 2509 335 2535 inde
349 2509 416 2539 sitit,
434 2516 486 2542 quo
501 2509 587 2543 magis
602 2508 645 2535 illa
660 2509 736 2536 bibit.

102 2561 160 2589 rgo
175 2554 284 2581 studeto
294 2560 391 2588 precor
405 2553 536 2580 furiosum
550 2553 651 2588 pellere
667 2554 800 2585 morbum,

116 2600 168 2627 Me
186 2599 340 2627 medicante
352 2598 412 2626 fero
424 2599 533 2625 vulnere
546 2606 628 2626 sanus
641 2599 706 2626 eris.

102 2646 164 2672 lius
180 2643 251 2671 alma
266 2652 363 2672 manus
375 2652 436 2672 cum
452 2648 478 2671 te
489 2644 628 2671 sanaverit
638 2651 750 2680 agrum,

117 2690 154 2717 In
172 2693 200 2717 te
214 2690 272 2717 haec
284 2694 389 2725 regnet,
402 2693 447 2717 eat
456 2690 540 2724 pestis
552 2690 650 2717 amrba
664 2689 767 2724 procul.

102 2743 156 2762 um
176 2739 203 2762 te
215 2743 360 2763 causarum
372 2740 453 2763 vocat
463 2736 497 2763 ad
508 2735 566 2762 fora
579 2735 686 2763 turbida
700 2735 811 2770 clangor

119 2781 236 2815 Estque
253 2781 400 2809 ministerii
414 2788 458 2809 res
471 2780 625 2817 peragenda
637 2780 688 2813 tui,

103 2826 236 2860 rincipio
247 2826 307 2855 loca
321 2826 514 2864 sancta_libens
530 2825 651 2854 adeunda
666 2825 784 2860 require.

884 1531 906 1562 (Ἰ

747 133 914 161 'CARMINA.

886 195 908 223 Α
958 191 1023 224 Quae
1036 195 1109 226 pete,
1124 192 1241 226 dumque
1249 192 1322 226 petis
1337 192 1378 220 fer
1391 193 1434 228 pia
1448 198 1510 221 vota
1524 194 1590 226 Deo,

932 133 1001 161 LIB.
1019 134 1042 161 1.

926 235 959 262 Ει
972 236 1084 270 supplex
1100 243 1216 270 exposce
1227 240 1288 263 tuos
1300 241 1331 264 ut
1342 237 1440 273 dirigat
1450 242 1537 270 actus,

961 280 1016 308 Nec
1029 281 1101 308 sinat
1117 281 1169 308 ulla
1180 282 1238 316 geri
1251 281 1279 308 ni
1292 281 1424 316 placitura
1439 283 1502 311 sibi.

925 325 993 353 Nam
1005 327 1101 353 modus
1111 331 1152 353 est
1163 327 1274 356 eunetis
1281 328 1437 356 servandos
1447 329 1477 356 ia
1495 329 1600 357 actitata
1615 331 1676 362 istc,

960 371 1028 397 Cum
1053 379 1098 398 res
1112 371 1242 405 quaelibet
1254 377 1296 400 est
1308 373 1461 408 incipienda

923 416 971 443 Jus
983 424 1151 451 regnumque
1165 417 1213 444 Dei
1228 426 1373 446 cernentur
1385 428 1506 454 qumrere
1517 421 1644 455 primum,

958 462 1053 489 Omnia
1069 467 1098 489 ut
1113 463 1164 490 hac
1177 464 1255 490 nobis
1268 464 1432 498 adjiciantur
1445 474 1506 501 ope.

924 506 1057 534 Marmore
1068 508 1098 535 si-
1106 507 1153 534 tati
1159 507 1252 541 .jacias'
1260 508 1419 537 fundatnina
1430 512 1528 545 prima,

960 554 1077 582 Firmius
1091 562 1171 582 omne
1187 555 1261 590 pium
1276 556 1341 583 hine
1353 558 1422 584 bene
1437 559 1523 593 surgit
1537 567 1614 594 opus.

924 598 946 626 0
961 599 1055 631 semel,
1070 607 1087 626 ο
1100 604 1206 634 quater,
1220 608 1237 627 ο
1252 601 1358 628 numeri
1372 602 1431 628 sine
1446 602 1503 637 lege
1517 604 1635 636 beatum,

959 646 1035 678 Quod
1049 645 1096 672 tibi
1111 645 1218 672 Christe
1231 646 1298 680 lapis
1311 647 1411 682 inclyte
1426 648 1546 675 adhaeret
1563 656 1641 683 opus.

924 690 984 717 Mox
1004 691 1126 718 de'tnore
1140 691 1191 718 fori
1200 692 1276 718 celer
1290 697 1387 727 appete
1401 693 1518 720 claustra
1533 694 1636 726 sono‘ri‘,

959 736 1019 769 Quo
1031 740 1058 763 te
1073 736 1129 763 fors
1139 740 1244 771 spectat
1257 736 1376 772 litigiosa
1389 738 1496 765 cohors.

925 781 992 808 Dum
1007 781 1088 812 redis,
1105 781 1192 815 isque,
1209 786 1286 808 sonet
1301 782 1323 808 si
1336 782 1418 809 verba
1431 784 1569 817 precantia
1582 791 1695 819 pauper,

958 826 1010 860 Qui
1025 830 1128 861 sepost
1141 826 1214 853 dicat
1225 834 1279 853 non
1298 827 1347 853 tibi
1361 834 1440 862 posse
1456 828 1539 863 loqui.

887 861 911 891 ι
925 872 991 899 Cum
1008 871 1108 906 populo
1122 871 1241 906 stipatus
1252 879 1309 904 eas,
1327 871 1464 900 foribusve
1478 861 1623 910 superbis"

959 916 1042 943 Plebe
1056 916 1178 942 inhi-nte
1197 916 1280 948 foris,
1295 916 1354 951 ipse
1369 922 1494 952 receptus
1506 920 1569 946 eris.

923 962 962 989 'l‘e
979 966 1068 997 prope
1082 962 1151 988 fidus
1163 966 1206 988 eat
1218 961 1362 997 iustusque
1377 963 1493 997 piusque
1507 965 1639 997 minister,

959 1008 1019 1041 Quo
1032 1008 1100 1035 duce
1114 1012 1176 1043 post
1190 1008 1295 1035 tibimet
1309 1016 1411 1044 pauper
1426 1010 1519 1037 adesse
1532 1016 1624 1045 queat.

924 1054 972 1081 Cui
989 1054 1074 1085 dicas,
1089 1053 1226 1080 hominem
1242 1054 1432 1088 conspectibus
1443 1055 1535 1081 addito
1555 1057 1666 1089 nostris,

960 1101 1054 1140 Magna
1069 1101 1219 1135 que'relosis
1230 1102 1275 1136 qui
1291 1101 1372 1128 dabat
1384 1109 1445 1128 orsa
1461 1101 1544 1128 sonis.

925 1148 958 1174 Et
972 1147 1093 1174 residens
1111 1147 1170 1182 ejus
1183 1148 1301 1182 primum
1318 1147 1387 1174 bene
1398 1148 1502 1174 discute
1515 1155 1636 1180 causam,

958 1192 1058 1219 Ordine
1072 1196 1132 1227 post
1145 1196 1256 1219 currant
1271 1192 1375 1227 singula
1389 1199 1501 1226 qumque
1517 1200 1573 1219 suo.

922 1237 964 1264 Ad
980 1237 1036 1264 fora
1050 1238 1218 1273 fors'qmeris
1235 1238 1359 1266 veniendl
1371 1242 1477 1273 tempus
1488 1243 1515 1265 et
1528 1239 1633 1266 horam.

959 1283 1057 1318 Accipe
1076 1283 1219 1310 consilium
1229 1304 1236 1315 ,
1252 1291 1331 1310 mane
1345 1283 1446 1315 venito,
1460 1291 1561 1311 meum.

923 1328 1029 1363 Perque
1042 1329 1112 1357 diem
1127 1333 1213 1356 totum
1226 1337 1279 1356 non
1294 1334 1321 1357 te
1334 1329 1411 1357 labor
1425 1330 1477 1356 iste
1491 1330 1625 1365 gravabit,

959 1374 1028 1402 llinc
1041 1370 1118 1409 seges
1129 1381 1172 1402 est
1187 1374 1284 1409 major,
1299 1383 1353 1410 quo
1368 1383 1446 1410 mage
1459 1376 1581 1409 quisquis
1597 1380 1666 1402 arat.

922 1419 974 1453 Qui
999 1420 1085 1455 legem
1100 1423 1130 1446 ut
1140 1424 1248 1455 caperet
1264 1419 1365 1455 jejunia
1382 1428 1476 1455 magna
1490 1421 1604 1455 peregit,

957 1466 1056 1493 Fertur
1070 1466 1097 1492 in
1112 1466 1163 1493 hoc
1175 1467 1505 1494 actu‘continuassedies.

923 1511 983 1539 Vidi
999 1519 1049 1546 ego
1062 1518 1189 1539 censores
1202 1512 1235 1539 ad
1250 1508 1426 1546 jurisimunia
1443 1514 1548 1545 tardos,

959 1556 1068 1584 Munera
1083 1565 1144 1584 nam
1160 1556 1247 1584 fateor
1262 1558 1295 1585 ad
1313 1559 1443 1593 capienda
1459 1560 1538 1585 citos.
1634 1554 1649 1571 ⁸

924 1601 996 1638 Hora
1015 1603 1116 1640 adsunt
1128 1603 1234 1637 quinta,
1252 1609 1352 1641 norunt
1367 1605 1507 1631 discedere
1522 1612 1604 1636 nona.

960 1646 1050 1673 Tertia
1064 1647 1085 1674 si
1100 1642 1226 1680 adducat,
1239 1644 1314 1675 sexta
1332 1649 1436 1675 reducit
1446 1656 1503 1675 eos.

926 1691 994 1719 Nam
1010 1693 1075 1720 dare
1087 1693 1109 1719 si
1124 1693 1233 1724 debent,
1251 1701 1339 1725 nona;
1357 1694 1379 1720 si
1394 1694 1537 1728 prendere,
1556 1694 1643 1728 prima

960 1737 1081 1769 Adsunt,
1099 1742 1195 1772 estque
1209 1737 1279 1764 citus
1293 1737 1338 1771 qui
1354 1737 1433 1764 modo
1444 1745 1521 1764 serus
1535 1741 1603 1764 erat.

928 1782 973 1809 Sic
986 1789 1034 1809 sua
1047 1782 1110 1809 dum
1126 1782 1235 1817 sonipes
1248 1781 1389 1821 fraanaricr
1402 1789 1450 1809 ora
1459 1782 1563 1816 inpatis

962 1827 1096 1860 Senserit,
1112 1826 1228 1860 exsiliet,
1248 1828 1347 1862 pabula
1369 1832 1464 1863 sponte
1478 1831 1561 1863 petet.

927 1873 1104 1909 Laedere'qui
1119 1882 1236 1909 semper,
1252 1882 1389 1908 nunquam
1408 1874 1537 1908 prodesse
1551 1878 1661 1908 paratus

964 1919 1013 1946 Sat
1033 1920 1096 1951 cito,
1120 1927 1180 1947 cum
1198 1928 1336 1955 nunquam
1361 1920 1473 1951 debeat,
1489 1919 1533 1947 ille
1565 1920 1648 1947 vcnit.

928 1965 1044 2000 Crapula
1057 1967 1157 1993 vitetur
1173 1973 1290 2000 semper,
1305 1966 1364 2001 plus
1380 1970 1501 2001 tempore
1516 1967 1621 1998 eodem,

964 2012 1023 2045 Quo
1044 2013 1087 2047 pia
1097 2011 1212 2046 justitias
1226 2012 1284 2039 lora
1298 2012 1415 2046 regenda
1429 2015 1549 2038 manent.

929 2057 997 2084 Nam
1011 2058 1058 2092 qui
1075 2065 1103 2085 se
1117 2057 1208 2084 nimiis
1221 2057 1308 2093 epulis
1321 2064 1469 2090 somnoque
1482 2056 1587 2090 sepelit,

965 2102 1094 2137 Corporis
1109 2095 1199 2138 atque
1208 2103 1305 2129 anima:
1317 2102 1371 2129 vim
1384 2102 1435 2129 sibi
1448 2102 1532 2129 demit
1544 2102 1637 2128 hebes.

930 2147 997 2174 Cum
1011 2148 1086 2176 venit
1099 2148 1133 2174 ad
1147 2154 1244 2174 causas
1260 2146 1377 2173 nudatus
1390 2145 1514 2172 acumine
1529 2152 1636 2176 sensus,

894 2199 921 2228 1)
969 2192 1106 2219 Marcidus
1121 2196 1148 2219 et
1162 2191 1251 2225 segnis
1266 2194 1294 2217 et
1306 2190 1364 2217 sine
1376 2193 1465 2216 mente
1479 2189 1565 2216 sedet.

934 2237 1003 2264 Dum
1018 2238 1054 2264 sit
1067 2237 1094 2263 in
1108 2236 1234 2269 ambiguo
1249 2242 1338 2262 causa:
1351 2234 1460 2261 solertia
1474 2233 1611 2264 habenda,

970 2282 1130 2315 Qumstio'ct
1144 2280 1248 2307 alterna
1262 2279 1306 2310 sit,
1320 2279 1379 2306 vice
1393 2285 1471 2305 versa
1483 2278 1538 2304 diu.

935 2328 982 2355 llle
997 2329 1086 2363 piger,
1102 2326 1238 2358 madidus,
1255 2329 1377 2358 ructans,
1395 2323 1568 2355 temulentus,
1582 2322 1707 2357 anhelus,

971 2373 1087 2404 Oscitat,
1108 2375 1239 2404 emarcet,
1255 2373 1378 2401 nauseat,
1394 2369 1476 2404 angit,
1490 2369 1582 2396 hebet.

936 2418 971 2445 Et
986 2418 1067 2445 modo
1078 2416 1222 2451 iuncturas
1235 2416 1310 2449 dicit,
1327 2415 1407 2442 modo
1420 2415 1512 2442 viscus
1527 2413 1627 2446 inesse,

972 2464 1006 2491 Et
1019 2463 1100 2490 modo
1111 2466 1167 2490 tota
1179 2461 1260 2490 simul
1276 2461 1396 2489 membra
1410 2464 1521 2496 gravata
1533 2460 1594 2488 sibi.

936 2508 1026 2536 lnﬂcit
1039 2508 1113 2535 hunc
1125 2508 1243 2543 primum
1259 2514 1370 2535 somnus
1382 2511 1445 2542 post
1459 2507 1521 2534 vina
1536 2507 1685 2542 dapesque,

973 2553 1117 2581 Proximus
1131 2556 1173 2580 est
1184 2553 1222 2580 illi
1235 2553 1373 2580 luxuriare
1388 2552 1473 2581 labor.

938 2599 1009 2634 Ergo
1024 2602 1120 2626 caveto
1130 2598 1206 2625 cibos
1220 2592 1330 2631 nimios,
1345 2598 1483 2625 carchesia
1497 2597 1605 2630 Bacchi,

974 2643 1102 2675 Somnos,
1115 2642 1174 2669 haec
1185 2646 1303 2669 mentem
1317 2642 1422 2677 singula
1437 2649 1508 2676 saepe
1520 2644 1656 2677 premunt.

939 2690 1003 2718 late
1011 2693 1040 2717 ut
1051 2696 1135 2724 parva
1146 2688 1238 2716 fovent
1245 2688 1425 2720 stomachum,
1434 2687 1474 2715 sic
1482 2688 1556 2722 plura
1565 2686 1725 2721 gravabant.

976 2734 1058 2761 Multa
1072 2741 1141 2769 aqua
1155 2732 1227 2760 farra
1242 2737 1332 2765 necat,
1347 2740 1407 2760 cum
1423 2732 1566 2759 mediocris
1579 2730 1643 2757 alat.

941 2780 1041 2808 Ebrius
1055 2787 1070 2807 a
1084 2779 1184 2815 populo
1198 2778 1292 2806 furtim
1303 2778 1428 2805 ridebere
1439 2780 1545 2808 cuncto,

977 2825 1066 2854 lnnuit
1077 2826 1122 2854 hic
1133 2825 1182 2858 illi,
1192 2831 1310 2859 moxque
1324 2826 1433 2850 notatus
1444 2820 1506 2847 eris.
