3998 6182
537 301 642 356 θυι
1554 277 1943 336 THEODULFI
1984 274 2534 334 AURE‘LIANENSIS
2574 273 2786 328 EHSC.
3693 271 3798 336 292

549 410 777 468 Sobrius
803 421 900 462 ora
921 416 1146 460 movens
1173 415 1202 452 a
1229 399 1383 468 plebe
1413 394 1668 451 verebere
1697 399 1916 452 cuneta,

615 500 877 557 Certatim
904 505 959 551 et
985 485 1329 559 facient'quaz
1355 487 1604 541 facienda
1624 485 1800 538 dabis.

545 593 694 660 Quos
725 593 808 660 pia
838 585 1176 644 commendat
1202 581 1464 651 probitas,
1492 593 1628 646 quos
1661 576 1806 631 actio
1831 574 2004 642 justa,

617 682 869 736 Introduc
899 677 1118 746 proprio
1139 673 1364 728 nomine
1381 684 1655 738 quemque
1679 682 1904 731 vocans,

546 771 608 824 lli
636 780 807 823 tecum
830 768 1033 838 ingenti
1061 780 1191 820 cura
1217 770 1556 831 traetentque
1586 762 1893 830 legemque,

623 858 999 926 V'estigentque
1027 857 1170 907 viam
1200 867 1322 920 qum
1345 852 1424 906 ad.
1439 849 1664 904 meliora
1690 856 1868 902 vocat.

538 952 752 1006 .Janitor
782 952 985 1003 interea
1011 948 1225 1002 turbam
1251 952 1556 1011 compescat
1579 943 1840 1004 hiantem,

613 1041 691 1094 Ne
719 1049 838 1092 ruat
869 1038 1099 1094 interius
1126 1036 1280 1105 plebs
1301 1035 1418 1088 sine
1445 1034 1563 1102 lege
1585 1032 1788 1085 furens.

541 1130 682 1184 Neve
711 1129 1040 1198 querelifero
1067 1128 1363 1181 densentur
1389 1132 1529 1179 tecta
1565 1123 1818 1186 tumultu,

609 1219 710 1284 Qui
743 1219 922 1272 minus
952 1218 1189 1279 auditur,
1215 1232 1322 1284 quo
1346 1215 1516 1284 magis
1543 1214 1634 1272 ille
1656 1214 1804 1273 boat.

542 1308 767 1362 Praemia
804 1323 872 1360 ne
898 1315 1108 1374 quaarat
1137 1314 1420 1359 moneatur
1439 1303 1643 1372 janitor
1679 1306 1811 1372 ipse,

612 1398 768 1466 Szepe
797 1399 918 1465 capi
945 1413 977 1451 a
1007 1396 1204 1466 populo
1232 1411 1351 1464 qua:
1374 1396 1624 1450 veniente
1649 1395 1826 1449 solent

540 1489 636 1541 Est
661 1488 836 1541 scelus
868 1503 898 1541 a
920 1487 1117 1556 populo
1142 1487 1375 1554 pretium
1408 1500 1628 1554 sperare
1662 1484 1935 1554 querenti,

612 1575 696 1629 Me
722 1577 1000 1642 miserum,
1017 1577 1194 1634 scelus
1215 1577 1314 1630 hoc
1329 1574 1533 1642 janitor
1548 1574 1726 1631 omnis
1743 1584 1908 1637 amat.
1979 1619 1984 1626 .

541 1666 754 1720 Janitor
781 1667 957 1721 omnis
990 1676 1153 1729 amat,
1181 1683 1288 1720 non
1319 1668 1424 1720 hoc
1453 1675 1631 1720 tamen
1661 1666 1860 1720 arbiter
1889 1665 2022 1730 odit,

613 1756 712 1810 Vix
744 1757 810 1811 de
839 1758 984 1812 mille
1011 1772 1148 1811 unus
1177 1758 1271 1826 qui
1299 1758 1519 1824 horreat
1547 1755 1676 1812 illud
1705 1757 1830 1817 erit,

544 1849 682 1901 Sunt
706 1851 868 1903 varia:
891 1850 1058 1912 vires,
1079 1865 1234 1904 amor
1255 1859 1345 1904 est
1375 1859 1554 1908 tamen
1585 1863 1724 1902 unus
1753 1846 2007 1911 habendi,

609 1941 712 2006 Qui
743 1941 927 2010 potius
949 1941 1100 1994 furor
1124 1949 1232 2004 est,
1261 1956 1424 2009 quam
1453 1940 1770 2000 vocitandus
1798 1954 1970 1998 amor.

537 2031 664 2085 Haec
694 2033 939 2086 nocitura
967 2032 1084 2086 lues
1115 2040 1285 2089 totum
1316 2031 1670 2088 circumvolat
1696 2032 1900 2092 orbem,

608 2121 852 2191 Magnam
878 2121 1153 2176 hominum
1179 2130 1386 2191 partem
1418 2136 1537 2190 qua:
1561 2120 1765 2180 furiosa
1795 2129 1967 2177 vorat.

537 2211 683 2265 Tabe
711 2211 970 2281 fatigatur
993 2213 1093 2266 hac
1117 2221 1251 2265 mtas
1287 2211 1466 2264 omnis
1496 2219 1552 2264 et
1576 2210 1732 2274 ordo,

609 2300 790 2367 Virgo,
822 2315 976 2368 puer,
1001 2301 1236 2365 vetulus,
1261 2315 1422 2353 sexus
1452 2307 1680 2368 uterque
1703 2299 1881 2354 simul.

540 2388 731 2457 Magna
764 2389 910 2442 velut
939 2389 1117 2458 magni
1143 2390 1390 2458 cupiunt,
1412 2390 1492 2443 sic
1513 2388 1733 2458 parvula
1762 2388 1939 2458 parvi,

609 2479 780 2534 Musio
809 2495 963 2533 mure
992 2479 1122 2533 facit
1146 2481 1288 2549 quod
1311 2481 1395 2535 leo
1419 2490 1603 2535 torvus
1636 2495 1758 2535 ove.

528 2569 866 2638 Compositis
896 2570 1063 2640 igitur
1095 2572 1309 2626 cunctis
1337 2587 1432 2640 per
1456 2572 1662 2642 singula
1691 2573 1874 2636 rebus,

609 2658 790 2713 Poscit
812 2667 869 2712 ut
903 2659 1063 2713 ollicii
1095 2668 1306 2728 tempus
1328 2670 1382 2714 et
1405 2661 1537 2717 ordo
1566 2661 1672 2728 sui,

542 2751 794 2814 Sedibus,
823 2750 1105 2805 ordinibus
1125 2751 1307 2821 populi
1330 2751 1601 2806 residente
1621 2761 1832 2814 senatu,

609 2840 742 2894 Cum
768 2849 821 2894 te
850 2849 1156 2908 susceptum
1181 2841 1313 2897 sella
1346 2842 1550 2898 curulis
1581 2842 1745 2895 habet
1777 2859 1789 2893 :

538 2931 648 2990 Hos
675 2930 1115 2998 circumspiciens
1142 2929 1325 2985 adfare
1355 2932 1482 2992 hinc
1513 2932 1708 2986 talibus
1738 2931 1899 2995 orsis.

611 3019 811 3089 Sicque
836 3019 926 3088 pio
955 3020 1054 3074 hos
1079 3028 1254 3074 tecum
1283 3022 1480 3075 mentis
1501 3036 1684 3075 amore
1715 3034 1892 3080 mone.

536 3110 738 3166 Disu'te
759 3109 1043 3180 justitiam,
1076 3109 1315 3164 ctelestia
1340 3111 1532 3166 discite
1554 3111 1727 3181 jussa,

614 3201 743 3264 Quae
772 3201 933 3256 Pater
958 3202 1281 3256 altithronus
1304 3203 1482 3256 sanxit
1505 3204 1573 3256 ab
1607 3218 1708 3258 axe
1733 3203 1861 3272 poli.

2145 393 2192 448 Α
2221 386 2458 455 Coeperit
2489 396 2548 440 ut
2575 402 2778 442 emcum
2799 386 2900 440 sub
2930 393 3149 456 pectore
3174 386 3358 441 vivere
3385 386 3600 447 vulnus.

2291 478 2397 530 Aut
2433 479 2574 545 quod
2598 479 2704 538 erit
2730 475 2888 550 pejus
2915 475 3030 544 jam
3067 477 3282 540 fluitare
3307 479 3476 542 foras,

2223 568 2316 621 V'is
2352 567 2570 629 humilis
2599 569 2782 623 statim
2814 568 3053 636 exsiliat,
3077 568 3365 638 prudentia
3391 566 3546 636 cujus

2293 654 2376 709 Sit
2400 656 2598 727 collega
2622 657 2730 734 piis
2760 658 2966 713 viribus
2991 674 3142 714 arma
3168 657 3369 722 ferens.

2221 746 2486 818 Splendor
2513 750 2573 802 iu
2594 765 2688 803 ore
2718 749 2930 817 quibus,
2969 750 3242 806 radiantes
3269 750 3472 810 lumine
3500 760 3702 818 vestes,

2291 839 2486 894 Vultus
2515 841 2619 898 erit
2644 842 2838 908 comis,
2861 842 3070 912 singula
3095 843 3325 914 pulchra
3359 843 3513 900 satis.
3629 909 3636 914 ι

2218 927 2406 983 Nobile
2429 945 2526 997 par
2555 937 2765 986 tantum
2787 933 3114 994 horrendum
3146 933 3390 1003 insurgat
3413 935 3468 988 in
3497 935 3744 1006 hostem,

2289 1019 2374 1082 Et,
2399 1021 2585 1088 procul
2616 1022 2743 1078 hinc
2768 1024 2936 1092 pestis
2966 1024 3210 1092 improba
3233 1025 3379 1080 dicat
3403 1027 3512 1080 abi.

2217 1111 2461 1185 lmproba
2487 1115 2631 1170 dicat
2649 1117 2758 1180 abi,
2784 1118 2947 1172 sociis
2976 1127 3030 1174 te
3057 1118 3303 1183 Manibus
3327 1121 3485 1186 adde,

2288 1201 2526 1266 Quorum
2553 1219 2671 1258 sors
2698 1213 2844 1262 sorte
2873 1214 2956 1260 est
2981 1207 3323 1262 adcumulata
3358 1216 3471 1263 tua.

2213 1290 2256 1353 l,
2286 1300 2408 1359 pete
2430 1292 2708 1361 Cocytum,
2735 1295 3100 1367 Phlegetontis
3133 1313 3378 1368 mergere
3403 1299 3590 1364 fundo,

2286 1378 2403 1446 Quo
2432 1391 2557 1440 tuus
2582 1384 2835 1442 inventor
2861 1393 2980 1440 trux
3013 1387 3338 1450 cruciandus
3359 1389 3480 1442 erit.

2211 1470 2426 1546 Quique
2449 1473 2545 1528 Dei
2577 1482 2756 1530 tecum
2775 1476 2948 1534 voluit
2975 1480 3348 1542 conscendere
3375 1481 3579 1545 sedem,

2287 1561 2427 1618 Sede
2449 1565 2538 1633 pia
2572 1573 2748 1621 tecum
2777 1567 2960 1645 lapsus
2983 1568 3036 1622 in
3063 1569 3178 1630 ima
3197 1568 3364 1636 jacet.

2209 1652 2330 1720 Quo
2361 1664 2542 1718 rueret
2567 1665 2744 1720 tecum
2770 1660 2888 1713 sine
2917 1667 2992 1726 te,
3019 1674 3125 1728 quo
3151 1661 3416 1718 scandere
3440 1670 3654 1732 posset,

2142 1744 2188 1802 B
2286 1746 2422 1800 Dum
2447 1747 2772 1812 ﬁrmamenti
2795 1751 2852 1808 in
2871 1751 3000 1810 sede
3020 1761 3282 1816 maneret,
3313 1763 3453 1810 erat.

2205 1835 2440 1897 ,Sarcina
2465 1847 2522 1898 tu
2555 1841 2738 1910 gravis
2757 1857 2817 1900 es
2845 1842 3047 1910 dignis,
3068 1853 3346 1914 gestamen
3377 1845 3598 1915 iniquis.
3649 1907 3652 1910 ,

2215 1945 2221 1951 ·
2282 1927 2458 1995 Esque
2483 1931 2668 2000 auriga
2693 1931 2876 1996 malis,
2904 1933 3114 2002 pondus
3135 1935 3348 1998 inerme
3372 1936 3574 1992 bonis..

2213 2015 2359 2092 Quos
2387 2019 2528 2088 petis
2566 2020 2773 2084 infelix,
2805 2037 2942 2090 quos
2969 2024 3166 2078 Iazdere
3195 2026 3386 2082 niteris
3415 2042 3579 2096 aegre,

2285 2109 2398 2163 Non
2425 2118 2536 2176 tua,
2561 2113 2661 2186 sed
2685 2112 2884 2169 Christi
2916 2123 2999 2170 est
3027 2122 3168 2171 bene
3188 2123 3342 2178 turba
3371 2133 3595 2188 sequax.

2219 2197 2440 2254 IEIbere
2477 2201 2570 2270 qui
2606 2203 2830 2257 veniens
2857 2205 3196 2273 patefecit’ad
3221 2209 3423 2262 :ethera
3447 2209 3662 2278 callem,

2282 2289 2397 2355 Quo
2425 2291 2509 2343 via
2537 2291 2718 2346 clausa
2741 2293 2853 2359 diu,
2884 2310 3026 2349 nunc
3055 2295 3316 2366 adaperta
3355 2307 3521 2365 patet.

2213 2382 2313 2448 Qui
2345 2382 2410 2436 de
2441 2385 2670 2438 terrenis
2693 2386 2858 2440 trahit
2883 2388 2950 2441 ad
2978 2387 3217 2442 caelestia
3247 2404 3484 2457 semper,

2282 2470 2415 2526 Cum
2448 2481 2505 2526 tu
2531 2472 2597 2528 dc
2627 2475 2840 2543 superis
2866 2491 3082 2546 semper
3115 2479 3184 2531 ad
3211 2479 3316 2532 ima
3349 2480 3549 2541 trahas,

2211 2562 2305 2618 llle
2331 2563 2475 2617 locat
2493 2565 2742 2634 preprios
2763 2567 2974 2622 ctelesti
3001 2569 3053 2622 in
3077 2569 3204 2624 sede
3239 2584 3516 2638 sequaces,

2283 2659 2509 2716 Tartara
2541 2668 2598 2716 tu
2627 2663 2825 2732 mergis
2855 2665 2908 2717 in
2931 2665 3219 2719 metuenda
3253 2674 3394 2720 tuos.

2213 2746 2308 2804 llis
2331 2746 2525 2814 jaeulis
2550 2758 2796 2819 correpta
2823 2750 2960 2818 lues,
2984 2753 3086 2807 hac
3115 2755 3336 2823 cuspide
3361 2755 3551 2821 abacta

2281 2835 2468 2900 Cedat,
2494 2845 2553 2890 ut
2579 2839 2875 2895 abscedunt
2904 2841 3015 2896 sole
3043 2841 3259 2912 fugante
3289 2845 3460 2899 nives.

2213 2925 2351 2982 Hinc
2379 2927 2495 2986 fera
2524 2931 2767 2994 vulnifiei
2797 2932 3004 3004 fugiant
3025 2936 3254 3005 vestigia
3286 2938 3534 3001 monstri,

2283 3015 2488 3072 Vulnus
2507 3029 2561 3074 et
2581 3019 2735 3075 hoste
2757 3022 2942 3076 datum
2971 3035 3127 3080 sanet
3159 3027 3334 3086 amica
3360 3043 3568 3086 manus.

2137 3094 2180 3154 C
2214 3105 2338 3160 Haec
2363 3106 2544 3178 abigat
2565 3107 2709 3164 ferro
2739 3111 2972 3178 hostem,
2995 3130 3114 3182 quae
3137 3115 3497 3173 medicamine
3521 3119 3804 3188 morbum.

2284 3193 2412 3262 Ejus
2438 3204 2492 3248 et
2513 3196 2628 3250 [nec
2653 3198 2809 3251 detur
2832 3214 2963 3254 voce
2991 3201 3196 3256 medela
3226 3205 3342 3258 tibi.

537 3289 689 3345 llane
721 3289 882 3355 Deus,
928 3291 1070 3346 hanc
1114 3300 1285 3355 vates,
1328 3293 1468 3346 hanc
1513 3292 1678 3362 leges,
1712 3294 1853 3348 hane
1898 3307 2114 3362 quoque
2212 3283 2408 3352 Αερῑοθ
2437 3299 2506 3338 ne
2536 3286 2691 3339 νίιῖοι
2719 3287 2954 3342 tumidus
2979 3291 3282 3358 praecordia
3313 3291 3506 3362 fastus,

1769 3381 2040 3453 [princeps

606 3473 954 3540 Perccnsent,
983 3475 1098 3528 hmc
1133 3473 1214 3528 vis
1244 3482 1461 3543 pectora
1493 3483 1676 3530 nostra
1710 3482 1879 3544 regat.

533 3561 594 3617 Si
615 3579 714 3618 nos
740 3562 830 3616 illa
861 3571 1032 3634 regat,
1058 3562 1283 3632 populos
1311 3578 1408 3618 nos
1431 3563 1532 3616 rite
1567 3577 1838 3634 regemus,

605 3653 756 3707 Mens
781 3654 916 3707 bene
943 3661 1138 3708 cuncta
1163 3655 1321 3721 regit,
1353 3668 1513 3721 quam
1537 3653 1681 3707 Deus
1705 3654 1817 3721 ipse
1845 3653 2003 3723 regit.

532 3743 630 3802 His
656 3741 1044 3808 aliquantisper
1069 3741 1290 3793 monitis
1318 3727 1604 3807 verbisque
1626 3755 1859 3804 morare,

604 3830 941 3897 Gustumque
968 3829 1242 3896 egregium
1274 3828 1406 3897 legis
1442 3829 1510 3882 ab
1536 3844 1694 3884 amne
1724 3829 1896 3888 dabis.

535 3919 606 3979 At
633 3919 677 3970 si
701 3917 842 3971 forte
867 3917 970 3971 levi
1002 3927 1223 3971 ventosa
1251 3918 1502 3987 superbia
1531 3918 1648 3972 nisu

607 4005 682 4059 Te
709 4014 893 4075 petere
919 4004 1155 4070 aﬂ'ectet,
1183 4016 1233 4060 te
1264 4006 1503 4061 lacerare
1537 4007 1686 4072 velit,

531 4096 709 4150 Torva
742 4094 930 4157 oculis,
957 4097 1225 4150 horrenda
1255 4113 1435 4162 manu,
1465 4095 1762 4151 fmdissima
1792 4099 1947 4161 rictu,

607 4187 1006 4256 Vipereumque
1033 4197 1195 4256 caput
1234 4204 1428 4257 corpus
1455 4197 1509 4241 et
1543 4203 1702 4242 omne
1732 4199 1963 4252 tumens,

531 4278 680 4334 Mens
713 4279 1010 4334 tumefacta
1037 4279 1146 4344 cui,
1179 4280 1313 4335 levis
1332 4281 1495 4344 actio,
1520 4280 1729 4352 turgida
1755 4298 1854 4336 vox
1887 4291 1970 4337 est

599 4368 699 4423 Cui
734 4367 887 4441 cibus
913 4378 968 4424 et
996 4378 1153 4438 potus
1176 4381 1293 4423 atra
1324 4385 1530 4426 venena
1554 4378 1794 4437 manent,

527 4455 634 4518 Pro
661 4474 845 4528 gressu
884 4458 1073 4522 saltus,
1098 4475 1196 4529 pro
1221 4459 1414 4529 plantis
1445 4461 1607 4529 pinna
1634 4461 1887 4521 volucris,

599 4550 819 4621 Remige
842 4569 950 4622 quo
975 4552 1082 4606 labi
1111 4554 1285 4623 quivit
1307 4555 1375 4607 ab
1402 4570 1504 4608 axe
1533 4555 1664 4624 poli,
1740 4603 1748 4610 .

526 4643 595 4706 Et
623 4659 830 4700 memor
856 4646 1066 4713 antiqui
1089 4646 1308 4700 sceleris
1330 4662 1491 4716 super
1509 4647 1710 4700 aethera
1741 4645 1888 4710 facti,

603 4735 768 4789 Utens
791 4745 907 4791 arte
939 4753 1035 4792 sua
1063 4751 1165 4804 qua
1188 4738 1321 4805 petit
1342 4737 1447 4790 ima
1473 4737 1653 4807 Stygis
1679 4756 1690 4788 :

525 4825 644 4890 Qua
670 4835 720 4878 te
745 4827 1028 4882 sublimem
1056 4843 1162 4896 qua
1189 4828 1392 4888 celsum
1421 4829 1599 4882 sibilet
1624 4828 1787 4891 intus,

599 4912 849 4968 Plebibus
870 4923 930 4966 ut
952 4916 1108 4969 misci
1147 4916 1460 4970 dedecuisse
1481 4925 1636 4984 putes
1660 4933 1672 4967 :

529 5001 667 5059 Ecce
698 5002 916 5056 humilis
946 5004 1120 5071 plebis
1145 5003 1258 5056 fieri
1290 5021 1416 5074 pars
1446 5021 1550 5066 una
1582 5004 1816 5068 laboras,

599 5088 733 5143 Dum
764 5091 884 5158 pius
904 5101 959 5144 et
983 5093 1220 5146 clemens
1243 5094 1492 5148 omnibus
1519 5109 1635 5148 esse
1661 5095 1831 5166 cupis.

522 5179 676 5237 Ordo
697 5183 1000 5253 gradusque
1027 5191 1149 5236 tuus
1180 5184 1322 5238 levat
1350 5183 1415 5237 ad
1444 5185 1692 5238 sublimia
1721 5195 1904 5250 temet,

595 5271 705 5325 Cur
736 5282 786 5325 te
814 5283 1005 5344 sponte
1031 5273 1234 5344 premis
1259 5274 1348 5344 qui
1372 5274 1485 5329 loca
1509 5275 1652 5329 celsa
1684 5275 1868 5330 tenes?

523 5357 659 5424 Nam
686 5363 730 5416 si
761 5363 1076 5433 perspicias.
1105 5380 1210 5417 non
1243 5365 1329 5419 hic
1356 5365 1700 5419 mediocriter
1727 5383 1902 5431 erras,
1959 5353 1962 5356 i

529 5443 532 5446 ’
595 5454 726 5508 Cum
760 5464 812 5508 te
837 5455 1156 5524 degenerem
1183 5455 1525 5524 simplicitate
1555 5456 1706 5510 facis.

522 5545 657 5598 Cum
691 5547 784 5599 tibi
816 5561 974 5602 nemo
1005 5554 1166 5616 queat
1188 5545 1470 5611 obsistere,
1500 5562 1659 5602 nemo
1693 5548 1874 5610 reniti,

597 5633 668 5689 Dc
697 5636 873 5708 capite
908 5639 960 5696 in
981 5637 1208 5700 caudam
1232 5653 1351 5704 cur,
1387 5638 1677 5702 malesana,
1712 5636 1865 5689 ruis?

2284 3373 2417 3425 Dum
2440 3373 2557 3428 loca
2585 3375 2825 3429 sublimis
2854 3378 2983 3432 editi
3007 3394 3099 3434 ora
3131 3389 3299 3438 tenes.

2212 3460 2456 3531 Dumque
2482 3463 2662 3518 favent
2687 3466 2890 3535 populi,
2914 3467 3130 3524 vallaris
3150 3469 3393 3540 pluribus
3423 3487 3561 3528 unus

2288 3551 2535 3620 Undique
2565 3564 2617 3608 te
2639 3565 2846 3624 septum
2871 3559 3227 3626 prosperitate
3251 3569 3430 3631 putas.

2213 3641 2358 3698 Neve
2387 3645 2514 3713 quid
2546 3661 2606 3699 es
2631 3647 2851 3701 demant
2879 3649 3073 3704 oblivia
3101 3653 3282 3722 segnia
3318 3654 3506 3722 menti,

2283 3731 2484 3787 Ultima
2512 3735 2583 3787 sit
2607 3749 2822 3806 semper
2855 3739 3234 3808 conspicienda
3263 3741 3396 3796 dies.

2215 3821 2284 3875 Ut
2305 3822 2484 3877 valeas
2503 3825 2650 3878 omni
2678 3826 2929 3880 vitiorum
2965 3829 3123 3883 sorde
3153 3845 3370 3896 carere,

2281 3912 2394 3966 Hoe
2423 3914 2564 3982 quod
2593 3929 2652 3968 es
2674 3917 2920 3985 aspicito,
2950 3934 3054 3972 non
3085 3927 3264 3974 tamen
3289 3919 3340 3974 id
3370 3922 3511 3990 quod
3536 3921 3735 3991 habes.

2209 3999 2326 4068 Ipse
2356 4001 2483 4056 licet
2511 4004 2700 4058 sedeas
2722 4007 2947 4074 gemmis
2969 4016 3191 4062 ornatus
3219 4015 3271 4062 et
3301 4017 3466 4073 ostro,

2281 4093 2409 4149 Post
2436 4096 2616 4150 carnis
2635 4099 2882 4166 puti-idus
2903 4106 3145 4170 tempora
3176 4101 3351 4170 pulvis
3376 4103 3504 4166 eris,

2210 4183 2416 4254 Corpus
2443 4187 2588 4241 enim
2621 4186 2764 4242 fulvo
2793 4191 2934 4258 quod
2957 4207 3099 4246 nunc
3129 4194 3429 4264 accingitur
3450 4209 3604 4260 auro,

2282 4271 2468 4328 Serica
2492 4277 2633 4344 quod
2663 4277 2810 4332 vario
2829 4279 2968 4347 palla
2996 4281 3176 4336 colore
3207 4283 3354 4353 tegit,

2209 4362 2488 4433 Squalenti
2516 4368 2770 4436 squalens
2793 4370 2991 4424 olidum
3023 4373 3362 4444 gelidumque
3387 4375 3616 4446 pntenti,

2133 4467 2186 4526 Ι)
2280 4456 2424 4511 Proh
2455 4459 2634 4512 dolor!
2663 4460 2918 4515 intectum
2947 4472 3094 4518 veste
3121 4473 3394 4533 premetur
3416 4466 3600 4530 humo,

2207 4549 2358 4617 Quod
2381 4564 2549 4614 mare,
2575 4544 2715 4618 quod
2742 4559 2904 4616 terra,
2929 4553 3070 4625 quod
3096 4562 3150 4607 et
3173 4569 3267 4619 aer
3289 4563 3464 4625 gestat
3487 4555 3788 4624 edendum,

2277 4640 2542 4708 Poclaque
2573 4641 2795 4709 pulchra
2816 4643 2900 4695 cui
2931 4651 2984 4695 tu
3010 4643 3288 4698 tribuenda
3315 4660 3492 4714 paras,
3647 4713 3656 4718 ,

2206 4729 2380 4782 Eheu!
2415 4730 2639 4786 tabificae
2661 4730 2962 4799 putredinis
2990 4746 3085 4786 ore
3115 4733 3542 4806 vorandumesI,
3631 4731 3634 4736 ’

2277 4823 2458 4876 Eheu!
2490 4823 2795 4877 sordidulus
2821 4835 2942 4892 post
2971 4823 3106 4900 cinis
3138 4822 3266 4896 illud
3296 4826 3418 4892 erit,
3455 4892 3478 4900 ὀ

2206 4912 2270 4966 Ει
2296 4928 2442 4976 caro,
2465 4927 2584 4981 quae
2608 4928 2792 4967 musco
2818 4897 3076 4988 redolenti
3105 4921 3159 4967 et
3177 4901 3384 4984 fragrat
3411 4897 3655 4984 amomo,

2276 5001 2510 5071 Quzeque
2533 5003 2799 5073 peregrini
2840 4997 3050 5074 tergore
3073 4995 3248 5078 muris
3276 5003 3408 5070 olet.
3509 4995 3512 5000 ’
3613 4997 3640 5024 ’⁵

2204 5091 2456 5146 Nidorem
2476 5091 2740 5147 labefacta
2761 5092 2929 5170 dabit,
2953 5092 3209 5162 sanieque
3233 5085 3504 5170 madebit;

2273 5187 2444 5240 Omne
2471 5187 2612 5256 quod
2642 5167 2898 5260 offendat,
2926 5185 3001 5240 nil
3029 5188 3172 5258 quod
3200 5173 3412 5260 ametur
3439 5167 3667 5260 habens.

2202 5272 2477 5341 Quemque
2503 5281 2685 5345 tegunt
2708 5257 2866 5330 celsis
2886 5274 3134 5344 laqueata
3157 5257 3356 5348 palatia
3389 5257 3567 5350 tectis,

2274 5353 2551 5433 Parvaque
2585 5349 2930 5433 cbnquereris
2959 5357 3190 5442 culmina
3222 5379 3414 5442 magna
3440 5364 3594 5432 satis,
3641 5357 3646 5362 ’

2201 5454 2424 5510 Clausus
2449 5455 2504 5509 in
2527 5464 2752 5526 angusta
2783 5456 3100 5526 modicaque
3125 5441 3396 5522 teneberis
3416 5471 3572 5517 urna,

2279 5546 2484 5614 Vixque
2507 5543 2698 5599 domus
2728 5545 2941 5599 tibimet
2965 5559 3190 5616 corpore
3213 5545 3384 5615 major
3408 5544 3530 5597 erit.

2214 5638 2481 5716 Quemque
2505 5617 2819 5694 catervatim
2845 5621 3076 5718 populus
3098 5619 3222 5690 hinc
3259 5633 3384 5688 inde
3405 5619 3783 5714 frequentant,
