1999 3091
234 127 289 155 295

747 121 943 150 τηεουυιιιγ
961 121 1240 150 AURELIANENSIS
1259 120 1367 149 EPlSC.

1811 121 1866 149 296

266 181 397 211 Conferat
417 186 499 217 atque
520 186 617 207 manus
637 185 690 206 una
713 177 817 205 duabus
829 175 882 212 [F.
898 175 1021 212 artubus]
1037 178 1061 207 Α
1074 176 1109 203 At
1121 180 1166 203 tua
1177 183 1254 203 mens
1265 179 1378 211 pugnet,
1390 173 1513 201 redeunti
1526 172 1642 201 obsistat
1654 178 1684 201 ut
1697 174 1782 206 hosti,

885 222 985 257 [οιιεηι

234 274 272 302 Ne
287 283 347 306 sua,
361 274 384 301 si
397 273 501 304 tantus,
512 270 650 299 reticendo
663 269 770 304 negotia
782 268 889 302 perdat,

271 319 392 353 Amplius
404 321 452 344 aut
458 317 531 352 justo
541 323 609 343 neve
621 315 709 341 aliena
723 317 807 348 petat.

237 364 284 392 Vel
299 371 332 391 ne
342 363 472 390 verbosus
485 364 604 388 ventosa
619 359 726 387 turbine
738 359 836 393 linguae

268 408 373 437 Obruat
383 407 517 441 inceptam
532 412 644 440 remque
658 405 821 438 modumque
833 403 883 430 rei.

235 455 357 488 Dumque
371 452 440 480 sinis
450 452 545 479 vacuis
559 451 664 478 medias
678 449 849 477 sermonibus
863 449 945 476 horas

269 500 320 531 Ire,
334 499 393 526 sine
406 497 504 525 effectu
522 504 620 531 resque
631 496 743 530 diesque
754 499 855 522 meent.

235 545 283 572 Est
297 552 344 572 Sua
356 544 402 578 qui
419 546 538 577 nequeat
553 541 663 576 explere
678 540 787 575 negotia
800 540 890 572 fando,

270 591 304 617 Et
316 590 386 616 male
399 596 457 616 rem
474 587 582 614 mutilet
593 587 678 613 inscia
691 586 782 620 lingua
797 592 884 613 suam.

234 635 274 662 Ac
285 634 369 661 veluti
383 634 405 661 si
420 633 481 668 quis
493 636 571 659 tenso
582 631 739 659 curvamine
754 637 852 661 contu,

271 680 341 706 Dum
356 678 461 705 mavult
472 678 589 708 hostem,
602 683 685 710 seque
699 682 816 709 suosque
828 674 909 702 ferit:

238 724 286 752 Sic
300 724 424 750 nocitura
435 723 487 749 sibi
502 722 566 749 dum
578 721 679 755 promit
691 720 802 753 lamina
816 719 887 747 talis.

272 768 387 803 Figitur,
399 768 467 794 heu!
477 766 568 801 jaculo
581 773 644 793 mox
658 765 741 792 miser
754 765 812 799 ipse
828 771 888 792 suo.

238 812 323 847 llujus
337 812 479 847 remigium
492 810 582 839 verbis
597 814 626 837 tu
637 810 728 845 praebe
739 809 858 841 salubre,

274 858 314 886 Ne
328 862 389 885 ruat
402 858 473 885 hunc
486 857 581 888 retine,
592 856 614 882 si
627 855 682 882 ruit
695 855 754 889 ipse
767 855 838 882 leva.

238 905 305 932 Cum
322 904 449 939 perplexa
460 903 549 930 forum
562 901 702 929 resonabit
711 908 795 929 causa
803 908 853 934 per
864 906 958 931 omne,

276 950 370 977 Lasset
384 953 415 976 ut
428 948 555 983 ambiguo
570 951 650 982 teque
664 953 783 980 suosque
793 953 855 977 suo,

237 995 312 1022 lndic
325 993 471 1022 causidicis
482 993 517 1020 ab
528 996 643 1026 utraque
655 991 760 1019 silentia
775 995 864 1025 parte,

274 1041 314 1068 Ne
322 1040 369 1075 ius
382 1039 542 1074 perturbent
551 1038 615 1064 dum
627 1044 676 1063 sua
688 1036 804 1071 quisque
815 1035 889 1062 boat.

238 1086 361 1119 Cumque
375 1084 442 1111 viris
455 1083 561 1118 paucis,
572 1082 647 1110 omni
660 1081 791 1109 reticente
805 1084 925 1113 caterva,

275 1130 343 1156 Rem
354 1130 425 1156 bene
442 1127 519 1155 volve
538 1127 626 1155 libens
641 1131 722 1161 atque
737 1125 846 1153 revolve
861 1125 918 1152 diu.
976 1153 978 1156 ,

241 1175 381 1207 Quatenus
393 1174 502 1200 invento
516 1172 625 1199 tandem
637 1171 696 1199 sine
708 1170 822 1198 crimine
835 1169 912 1202 calle,

276 1219 322 1246 Lis
333 1218 391 1245 fera
404 1218 523 1249 sedetur,
533 1216 578 1251 jus
591 1224 640 1244 sua
651 1216 748 1250 cuique
758 1215 839 1243 ferat.

240 1265 354 1300 Adspice
366 1267 506 1298 praeterea,
521 1269 605 1297 prope
620 1266 647 1289 te
657 1262 811 1296 quicunque
825 1260 938 1293 sedebit,

276 1310 315 1337 Ne
326 1316 407 1345 prece
423 1316 470 1336 seu
481 1307 561 1335 donis
570 1307 615 1341 jus
628 1307 726 1335 vitiare
737 1307 811 1334 velit.

240 1354 322 1389 Cujus
335 1354 392 1381 fors
404 1354 480 1381 auris
491 1352 549 1386 iam
563 1353 615 1380 leni
628 1356 700 1380 tacta
713 1359 826 1380 susurro
838 1355 890 1384 est,

275 1399 324 1426 Cui
336 1403 413 1426 catus
422 1398 492 1427 ,binc
502 1398 630 1432 quiddam
641 1397 739 1429 innuit,
752 1396 813 1424 inde
824 1396 909 1423 vafer.

241 1443 291 1471 Hic
302 1442 388 1471 oculis
398 1442 515 1478 signum,
529 1442 653 1468 manibus
664 1441 706 1468 vel
721 1440 844 1468 conferat
854 1439 908 1472 ille,

278 1488 332 1515 Aut
343 1488 440 1514 modus
450 1487 503 1514 hac
516 1486 543 1513 in
558 1494 588 1513 re
599 1486 714 1521 quilibet
725 1493 786 1513 esse
800 1489 901 1520 potest,

242 1533 344 1567 Hisque
357 1532 450 1559 favere
462 1531 538 1563 velit,
549 1538 608 1558 sese
621 1531 669 1558 tibi
685 1531 800 1565 prodere
814 1531 892 1563 nolit,

276 1578 402 1606 Fluctuet
412 1577 477 1605 hinc
494 1585 603 1612 anceps,
615 1577 679 1604 dum
692 1577 767 1612 cupit
776 1581 858 1613 atque
870 1578 956 1606 timet.

242 1623 320 1650 Haud
334 1622 415 1650 aliter
429 1630 511 1657 quam
530 1630 592 1649 cum
605 1622 751 1650 meditatur
761 1623 882 1650 adultera
898 1627 1033 1658 stuprum,

279 1667 348 1694 Hinc
365 1667 454 1694 scelus
467 1666 586 1699 ali‘ectat,
600 1667 661 1694 inde
672 1666 774 1701 ﬂagella
790 1667 877 1699 timet,

242 1711 318 1747 Saepe
331 1712 395 1739 mali
406 1712 473 1739 socii
488 1711 592 1739 socium
608 1711 733 1746 contagia
745 1711 857 1744 licdunt,

277 1757 397 1785 Lteditur
409 1762 439 1784 ut
452 1758 560 1792 pecoris
577 1758 753 1793 proximitate
765 1766 858 1793 pecus.

242 1801 344 1829 Temne
355 1806 452 1836 putare
464 1809 572 1836 atquum
583 1802 630 1837 qui
643 1809 704 1830 sese
715 1802 786 1829 celat
801 1803 938 1837 iniquum,

277 1845 316 1873 Ne
333 1851 358 1873 te
373 1847 438 1873 dum
454 1847 545 1873 nescis
558 1847 592 1873 ad
607 1854 655 1873 sua
666 1847 765 1880 probra
780 1848 882 1882 trahat.

243 1891 291 1917 Sic
303 1898 333 1917 se
346 1890 390 1917 fur
404 1891 509 1918 socium
523 1890 644 1923 simulat,
656 1892 795 1919 nociturus
814 1897 844 1919 ut
859 1893 951 1927 intret,

280 1935 381 1969 Sicque
396 1935 481 1962 latent
491 1935 564 1963 dulci
576 1936 662 1963 mixta
673 1945 778 1964 venena
793 1946 877 1966 mem.

244 1980 311 2007 Esto
322 1983 350 2006 et
363 1979 496 2007 sollicitus
507 1980 623 2015 propria:
638 1981 671 2009 de
684 1987 761 2017 parte
769 1982 877 2018 jugalis,

280 2024 319 2053 Ne
330 2029 449 2052 mentem
460 2025 579 2053 maculet
589 2026 734 2055 inliciendo
749 2032 830 2055 tuam.

243 2070 341 2098 Oscula
357 2078 417 2106 quae
429 2071 554 2106 genibus,
568 2072 703 2105 manibus,
716 2073 848 2108 colloque,
863 2075 992 2109 genisque
1011 2084 1013 2088 ⁴

277 2117 379 2144 Blanda
393 2117 480 2150 dabit,
492 2118 589 2145 miscet
604 2118 676 2145 lenia
692 2119 774 2146 verba
786 2120 895 2154 quibus,

243 2162 326 2190 Sueta
340 2170 435 2198 preces
449 2163 495 2191 tali
506 2164 631 2199 proprias
644 2172 752 2192 armare
769 2173 885 2199 veneno,

276 2208 373 2236 Armat
383 2212 413 2235 ut
423 2209 577 2237 arcitenens
592 2210 706 2245 impigra
720 2211 774 2238 tela
787 2219 848 2239 suo.

242 2254 271 2282 Si
286 2259 330 2281 tua
345 2262 421 2283 mens
434 2255 518 2283 fuerit
531 2257 633 2283 munita
648 2257 753 2285 casside
767 2257 843 2290 forti,

277 2300 342 2328 Tela
360 2305 390 2327 ut
406 2301 557 2336 conspiciat
568 2302 632 2329 hinc
648 2302 755 2329 resilire
766 2310 825 2335 sua,

242 2345 305 2372 Inde
316 2353 427 2380 gemens
440 2346 536 2378 rediet,
552 2345 615 2373 ﬁcta
625 2350 654 2373 et
667 2347 784 2381 suspiria
796 2347 895 2380 dando,

276 2390 412 2425 Flensque
427 2398 493 2418 suas
506 2392 610 2425 pondus
621 2399 675 2418 non
686 2392 816 2419 habuisse
834 2401 942 2428 preces.

243 2433 303 2461 Mox
314 2441 392 2468 puer,
407 2438 456 2461 aut
470 2435 573 2467 nutrix,
592 2439 639 2462 aut
654 2435 711 2464 fors
723 2437 849 2465 ancillula
868 2440 996 2473 mendax,

277 2479 333 2505 Cur
343 2479 470 2512 dominae,
482 2479 563 2511 dicet,
575 2480 764 2514 despicisorsa
774 2489 843 2509 mea
853 2482 865 2510 ἒ

243 2524 307 2552 εἰπε
319 2525 396 2552 vultu
408 2531 487 2552 verso
499 2525 583 2552 tacito
594 2525 671 2552 dabit
683 2525 734 2553 ista
746 2533 872 2561 suum,

278 2571 330 2604 Qui
342 2571 424 2599 modo
433 2571 602 2606 conspicitur
610 2577 653 2600 est
666 2572 731 2600 mihi
744 2580 852 2609 semper
864 2574 961 2608 better,

243 2617 363 2653 Quaque
375 2620 471 2652 petunt
491 2617 551 2645 alia
564 2618 707 2652 referunt,
723 2624 902 2656 prosuntque,
922 2626 1035 2650 mecm-

277 2710 336 2737 Voti
348 2708 449 2737 mulius
458 2712 502 2736 ast
512 2717 564 2746 ego
576 2718 688 2746 compos
700 2719 744 2740 eo.

243 2752 288 2780 Illa
300 2758 376 2790 roget
388 2754 507 2787 demum,
525 2755 625 2788 dicent,
641 2761 670 2784 et
685 2758 720 2784 ad
735 2757 829 2785 oscula
843 2763 945 2791 currat,

278 2798 312 2825 Et
325 2800 385 2834 tibi,
396 2806 446 2827 cur
456 2801 561 2836 pateris
574 2808 634 2829 esse
646 2802 776 2830 molestus
790 2802 815 2829 ei
826 2801 838 2829 ?

1110 222 1235 256 Bellaque
1249 229 1283 248 ne
1294 221 1403 248 vincant
1422 225 1448 247 te
1464 219 1583 247 recidiva
1593 220 1670 247 time.

1074 266 1146 294 Neve
1161 266 1223 293 mali
1241 266 1307 300 quid
1317 271 1389 301 agat,
1403 270 1484 299 teque
1498 263 1647 298 idjussisse
1658 264 1800 299 loquatur,

1110 311 1154 338 Sis
1168 311 1243 346 vigil,
1255 315 1283 338 et
1294 318 1359 337 cura
1372 318 1424 345 qua
1436 314 1514 345 potes
1526 316 1613 344 usque
1623 317 1700 337 cave.

1074 356 1218 391 lgnorante
1230 356 1289 383 viro
1298 355 1402 389 pridem
1412 355 1506 390 regina
1520 355 1634 389 peregit,

1108 401 1244 428 insontem
1254 404 1285 427 ut
1297 404 1433 434 premeret
1450 407 1532 427 saxea
1547 399 1651 435 grando
1660 400 1759 427 virum.

1076 445 1131 473 Nec
1141 446 1229 473 minor
1239 445 1266 473 in
1282 446 1401 480 propriis
1424 453 1490 473 cura
1503 449 1544 472 est
1558 445 1710 472 adhibenda
1722 445 1868 472 ministris.

1111 492 1178 525 Quis
1190 492 1335 519 comitatus
1349 491 1417 525 ines,
1429 496 1492 519 sunt
1502 499 1587 526 prope
1601 491 1701 526 quique
1715 491 1778 519 tibi:

1078 537 1117 564 Ne
1127 537 1183 564 fera
1196 537 1280 571 pestis
1291 543 1348 569 eos,
1364 537 1401 564 illi
1412 540 1458 564 tua
1473 541 1584 572 pectora
1599 536 1709 570 laedant,

1113 582 1147 609 Et
1159 587 1205 609 tua
1218 582 1418 609 commaculunt
1431 582 1527 610 intima
1542 582 1604 610 tabe
1614 590 1673 610 sua.

1080 629 1130 661 Qui
1144 632 1173 654 ut
1184 629 1291 662 capiant
1304 629 1404 662 capias,
1420 632 1451 654 ut
1466 633 1572 662 possmt
1582 636 1689 655 sumere
1703 636 1805 659 sumas,

1117 673 1218 708 Cogcnt
1233 674 1255 700 si
1269 678 1404 708 poterunt,
1419 678 1446 700 tu
1462 672 1525 707 vigil
1540 681 1601 700 esse
1610 674 1697 700 stude.

1082 718 1215 751 Qumlibet
1228 726 1242 744 c
1255 719 1333 744 turba
1349 722 1376 745 te
1393 726 1435 744 res
1448 719 1575 745 secedere
1587 723 1677 752 coget,

1118 764 1253 790 Secedant
1270 763 1325 792 alii.
1345 764 1484 797 proximus
1496 772 1566 790 unus
1580 764 1639 790 crit.

1082 810 1148 836 Esse
1165 810 1211 836 tibi
1225 810 1333 844 propior
1349 810 1504 843 quicunque
1526 810 1663 836 videbitur
1675 809 1737 841 illis,

1044 850 1068 880 Β
1120 854 1220 881 Horum
1233 858 1260 881 et
1270 854 1390 880 consiliis
1403 854 1461 880 huic
1474 854 1522 880 tibi
1538 854 1619 881 verba
1633 854 1717 880 dabit.

1083 899 1121 925 Nc
1137 907 1211 933 rogo,
1224 907 1320 933 sperne
1335 907 1428 932 preces
1450 899 1516 925 milii
1530 904 1645 933 quantas
1662 904 1706 926 ast
1719 907 1768 934 ego
1784 899 1875 932 vobis,

1119 943 1159 969 Me
1172 944 1300 970 audacem
1314 944 1400 977 pictas
1412 951 1474 970 nam
1485 944 1550 971 facit
1565 952 1628 971 ecce
1640 950 1695 971 tua.

1084 989 1112 1015 Si
1126 989 1217 1016 faveas
1230 990 1309 1022 votis,
1323 994 1364 1016 est
1378 990 1423 1023 qui
1435 991 1499 1016 dare
1513 990 1623 1023 prtemia
1638 990 1746 1024 qumrit,

1118 1034 1185 1061 Sunt
1209 1035 1279 1061 bona
1293 1042 1353 1068 qua:
1368 1036 1477 1067 dantur,
1493 1035 1538 1068 qui
1554 1036 1601 1062 dat
1613 1039 1641 1062 et
1651 1036 1707 1069 ipse
1721 1036 1818 1062 bonus.

1084 1081 1129 1107 Illa
1145 1080 1187 1107 vel
1208 1081 1252 1107 illa
1264 1081 1311 1107 tibi
1328 1081 1392 1107 dare
1403 1086 1538 1115 prmparat
1553 1082 1598 1108 ille
1613 1082 1654 1107 vel
1671 1082 1723 1114 ille,

1120 1125 1183 1158 Qum
1195 1127 1252 1152 sine
1265 1126 1368 1159 peccati
1382 1126 1499 1159 pondere
1520 1126 1619 1153 habere
1633 1127 1715 1153 vales.

1085 1171 1171 1197 Addet
1182 1175 1211 1197 ut
1224 1171 1326 1197 inliciat
1337 1171 1411 1197 vafer
1425 1171 1469 1198 hic
1481 1172 1602 1198 suasoria
1614 1172 1707 1206 verba,

1119 1214 1269 1249 Cujus'jam
1283 1215 1402 1242 nummis
1412 1219 1454 1243 est
1465 1220 1578 1244 onerata
1589 1224 1696 1244 manus.

1086 1259 1162 1287 Hunc
1176 1260 1291 1295 hydrum
1304 1280 1312 1293 ,
1327 1260 1397 1288 hunc
1414 1261 1546 1289 cenchrin
1559 1282 1568 1295 ,
1584 1262 1658 1290 hunc
1679 1265 1782 1290 evitato
1799 1271 1867 1291 cera

1741 1307 1835 1344 (sum.

1117 1370 1166 1398 llic
1179 1378 1249 1406 seps,
1264 1371 1308 1399 hic
1324 1372 1424 1407 dipsas,
1439 1373 1484 1400 hic
1497 1373 1545 1400 tibi
1559 1378 1673 1408 pmster
1683 1374 1746 1401 erit.

1085 1417 1188 1445 Censor
1200 1418 1301 1445 habere
1316 1418 1385 1446 solet
1406 1421 1550 1454 torvaque
1562 1424 1708 1455 trucesque
1723 1420 1881 1452 ministros.

1120 1462 1170 1496 Qui
1183 1467 1273 1491 tamen
1292 1468 1320 1491 et
1333 1464 1393 1499 pius
1408 1469 1450 1492 est
1461 1469 1488 1492 et
1498 1465 1600 1500 pietate
1615 1466 1697 1500 viget.
1727 1462 1732 1465 ’

1046 1518 1070 1549 C
1086 1507 1132 1535 Sic
1147 1508 1194 1535 tibi
1208 1508 1302 1544 Scylla
1318 1509 1410 1536 ferunt
1420 1509 1504 1537 facies
1516 1510 1634 1537 humana
1647 1511 1765 1543 videtur,

1120 1552 1174 1580 Sed
1188 1554 1300 1581 canibus
1310 1555 1422 1582 horrent
1433 1554 1543 1590 inguina
1556 1563 1627 1583 sorva
1640 1555 1716 1583 feris.

1086 1598 1140 1626 Res
1157 1602 1212 1626 stat
1223 1599 1250 1626 in
1261 1599 1395 1635 ambiguo,
1412 1604 1516 1634 perstat
1529 1599 1582 1632 hic,
1600 1601 1715 1636 denegat
1728 1601 1785 1634 ille,

1114 1645 1163 1672 Est
1175 1649 1203 1673 et
1216 1653 1270 1673 non
1282 1646 1404 1679 reboant,
1413 1654 1473 1681 quae
1492 1648 1545 1674 duo
1556 1647 1633 1683 plura
1646 1653 1766 1676 movent.

1086 1691 1195 1719 Semine
1209 1692 1242 1719 de
1255 1700 1370 1726 quorum
1384 1693 1516 1720 humanas
1530 1694 1661 1731 agitantia
1675 1702 1755 1722 curas

1121 1738 1249 1765 Germina
1259 1746 1414 1771 causarum,
1429 1747 1477 1766 seu
1489 1748 1567 1775 seges
1579 1742 1668 1776 ampla
1680 1741 1765 1769 subit.

1086 1783 1247 1816 Qumrantur
1260 1788 1342 1811 testes
1361 1788 1392 1811 ut
1405 1793 1495 1812 causze
1508 1786 1600 1814 nubila
1613 1787 1732 1820 demant,

1122 1828 1155 1854 Et
1167 1835 1232 1855 vero
1242 1829 1351 1856 dubium
1359 1830 1404 1864 qui
1418 1830 1550 1858 subeunte
1561 1831 1662 1866 fugent.

1086 1873 1189 1900 Horum
1201 1878 1230 1900 tu
1245 1874 1330 1902 solers
1348 1875 1501 1911 famamque
1519 1884 1657 1911 genusque
1671 1878 1789 1912 require,

1118 1919 1232 1947 Nomina
1247 1928 1295 1948 seu
1309 1928 1408 1954 mores,
1423 1926 1450 1948 et
1467 1922 1524 1950 loca
1537 1923 1594 1950 sive
1606 1923 1696 1951 ﬁdem.

1087 1968 1184 2004 Accipe
1199 1969 1221 1996 si
1232 1969 1332 2004 probus
1346 1973 1397 2001 est,
1413 1970 1437 1997 si
1447 1971 1588 2005 reprobus,
1603 1972 1692 2000 exime
1710 1980 1844 2007 prorsus:

1123 2013 1205 2041 Poma
1221 2018 1251 2041 ut
1263 2014 1360 2042 acerba
1374 2015 1435 2053 cibo
1447 2016 1538 2049 reicis,
1554 2021 1584 2044 ut
1595 2022 1656 2052 apta
1668 2018 1752 2052 capis.

1087 2060 1144 2087 Non
1155 2060 1205 2088 hos
1219 2061 1348 2096 suspicio,
1360 2060 1401 2088 vel
1412 2069 1456 2089 res
1468 2062 1571 2095 audita,
1583 2063 1624 2090 vel
1638 2070 1734 2090 aurum

1123 2105 1240 2139 Fulciat,
1251 2106 1309 2134 btet:
1324 2106 1444 2134 referant
1458 2115 1518 2142 qua:
1529 2108 1581 2135 sibi
1596 2108 1652 2135 visa
1668 2114 1790 2136 manent.

1090 2151 1179 2186 thue
1190 2152 1270 2179 ﬁdem
1282 2153 1386 2184 elicias,
1398 2153 1542 2188 sejunctim
1555 2153 1660 2183 discute
1674 2155 1797 2187 eosdem,

1046 2186 1074 2216 Ῐ)
1091 2239 1096 2240 7
1122 2196 1156 2223 Et
1167 2205 1227 2238 quae
1242 2197 1358 2232 quisque
1372 2186 1452 2225 canat
1463 2198 1568 2240 singula
1584 2194 1666 2227 verba
1677 2205 1751 2227 nota.

1086 2239 1115 2267 Si
1127 2241 1181 2269 duo
1195 2246 1267 2274 sunt,
1288 2243 1399 2275 ambos;
1412 2243 1434 2270 si
1446 2239 1547 2278 plures,
1564 2244 1664 2272 dissice
1677 2245 1783 2280 plures;

1123 2285 1151 2313 Si
1166 2290 1231 2319 tres,
1246 2286 1375 2320 seiunctis
1387 2287 1431 2315 lex
1442 2288 1477 2315 sit
1491 2292 1518 2315 et
1532 2289 1584 2315 ista
1600 2289 1697 2317 tribus.

1084 2330 1217 2359 Praescius
1227 2332 1330 2361 arcani.
1343 2335 1416 2360 tutor
1424 2332 1503 2364 casti,
1513 2333 1598 2360 almus
1610 2335 1730 2369 ephebus

1121 2375 1178 2403 Hoc
1194 2376 1220 2403 in
1232 2376 1405 2404 Achaemenio
1420 2385 1482 2404 rure
1493 2379 1598 2414 peregit
1607 2386 1675 2413 opus

1087 2422 1151 2450 Inde
1169 2429 1248 2449 senes
1261 2423 1389 2457 reprobos
1403 2425 1564 2458 compressit
1578 2432 1675 2453 saxeus
1690 2425 1789 2460 imber,

1123 2465 1195 2499 Quos
1206 2467 1276 2495 nubs
1287 2467 1414 2502 nequitiae
1425 2473 1563 2502 presserat
1575 2473 1637 2496 ante
1647 2470 1742 2504 nigrae,

1088 2509 1238 2538 Dissociato
1247 2510 1348 2544 malos,
1362 2515 1436 2539 certa
1447 2513 1553 2540 sociare
1563 2513 1705 2550 benignos,

1124 2553 1160 2582 Ut
1173 2556 1263 2582 iunius
1274 2555 1320 2583 illa
1331 2556 1411 2588 obsit.
1424 2557 1501 2592 plebs
1513 2557 1589 2591 iuvet
1603 2558 1655 2586 ista
1669 2559 1765 2595 magis.

1088 2599 1206 2628 Utmala
1226 2609 1287 2636 quae
1306 2609 1384 2637 mage
1398 2607 1471 2637 sunt,
1499 2604 1587 2638 magis
1609 2605 1719 2638 obsunt,
1742 2605 1783 2633 sic
1806 2607 1888 2637 bona

1699 2652 1826 2689 [prosunt
1838 2662 1846 2680 :

1121 2714 1192 2742 Dant
1202 2718 1232 2742 ut
1243 2721 1308 2743 oves
1317 2715 1410 2751 plures
1420 2716 1473 2750 Inc,
1486 2718 1525 2746 ita
1537 2718 1637 2746 damna
1649 2718 1717 2755 lupi.

1086 2759 1141 2788 Nec
1154 2761 1284 2788 meditata
1296 2762 1372 2796 prius
1386 2767 1413 2790 te
1432 2765 1530 2791 borum
1548 2765 1664 2800 pellacia
1683 2765 1784 2796 vincat.

1121 2805 1219 2841 Aspice
1235 2814 1287 2835 neu
1305 2807 1390 2836 falsus
1404 2815 1497 2837 sermo
1506 2809 1554 2837 sed
1568 2817 1638 2837 imus
1651 2815 1704 2838 at.
