3998 6182
206 310 298 368 Q97

1505 302 1836 359 CARMINA.
1881 305 2008 360 LIB.
2047 306 2086 360 Ι.

203 430 330 495 Quos
355 417 918 490 beue‘deprehcndens
942 459 957 484 ,
983 416 1292 485 iterumque
1333 414 1637 484 iterumque
1675 431 1765 468 re-
1793 420 1844 478 Α
1869 417 1937 471 Et
1973 419 2075 472 nisi
2104 417 2360 487 quijurat
2381 415 2587 486 peragit
2612 413 2847 484 periuria
2879 413 3075 477 nullus,

1421 504 1665 575 [quirens

260 606 494 674 Ambage
517 609 574 656 et
593 599 742 655 verbi
769 599 813 653 si
843 596 1098 651 variando
1125 596 1333 658 trahas,

200 697 436 753 Temnite
458 693 592 748 falsa
620 690 766 759 loqui
791 696 982 754 testes,
1007 688 1345 755 reticereque
1371 700 1520 750 vera,

262 785 516 854 Quamvis
545 784 777 846 diversa,
805 795 924 849 qua:
945 779 1050 833 duo
1067 786 1224 848 parte
1260 785 1478 831 nocent.

199 882 329 937 Vera
348 889 554 941 tacens,
579 883 635 930 et
656 874 788 928 falsa
817 873 1062 943 loquens,
1092 871 1198 924 duo
1227 868 1476 938 nequiter
1496 875 1702 930 errant,

255 973 352 1027 llic
380 969 505 1041 quia
528 982 636 1022 non
662 966 898 1036 prodest,
930 964 1019 1019 hic
1041 963 1185 1033 quod
1205 962 1398 1016 obesse
1419 961 1585 1028 cupit.

195 1063 258 1116 Et
284 1060 460 1115 malus
486 1069 572 1111 est
595 1070 755 1117 unus,
806 1055 985 1108 minus
1020 1060 1104 1107 est
1123 1059 1305 1106 tamen
1337 1049 1480 1104 utilis
1502 1047 1658 1110 alter,

260 1153 325 1206 Et
339 1162 649 1221 quanquam
676 1147 879 1215 dispar,
902 1160 1055 1200 error
1084 1152 1379 1212 utrumque
1419 1149 1587 1196 tenet.

192 1241 326 1296 Nam
347 1240 527 1294 minus
554 1237 643 1292 hic
663 1236 909 1306 quamvis
930 1235 1227 1303 delinquat,
1253 1240 1310 1287 et
1328 1231 1560 1301 amplius
1583 1230 1694 1293 illc,

261 1329 377 1385 Non
396 1343 582 1384 errore
604 1326 792 1396 procul
813 1327 980 1382 distat
1015 1333 1241 1394 uterque
1269 1323 1392 1377 sibi.

190 1419 365 1474 Deicit
388 1419 478 1472 hic
503 1423 759 1479 stantem,
785 1415 874 1469 hic
904 1414 1099 1468 temnit
1120 1413 1364 1466 relevare
1377 1409 1668 1478 jacentem,

259 1510 367 1564 Iste
386 1506 634 1562 nocendo
652 1505 873 1576 premit,
903 1504 993 1558 ille
1015 1503 1246 1558 sinendo
1269 1509 1449 1556 nocet.

192 1599 352 1668 Stepe
377 1603 707 1667 potestatum
743 1608 906 1650 causa
929 1592 1072 1647 male
1101 1592 1364 1661 linquitur
1393 1605 1628 1660 aequum,

257 1689 331 1742 Et
355 1686 507 1741 favor
530 1693 693 1754 atque
713 1692 890 1738 metus
927 1696 1054 1737 vera
1077 1682 1300 1736 tacendo
1329 1689 1600 1749 premunt.

185 1777 347 1834 Unde
368 1776 610 1846 pavenda
632 1781 815 1829 manet
833 1772 1071 1828 caelestis
1083 1770 1285 1840 judicis
1313 1770 1417 1836 ira,

255 1868 397 1924 Cum
426 1871 572 1925 videt
597 1870 868 1924 humanas
889 1883 978 1922 res
1005 1881 1168 1936 super
1194 1879 1318 1921 esse
1347 1865 1482 1919 suis.

181 1958 243 2014 Si
284 1959 416 2030 vigil
437 1961 664 2023 interea,
695 1974 764 2012 ne
788 1957 916 2012 dum
939 1958 1020 2012 vis
1039 1971 1292 2028 promere
1316 1970 1446 2010 vera
1467 1996 1486 2019 ,

258 2051 507 2117 Quilibet
534 2050 763 2104 intereat
787 2048 1089 2117 proditione
1113 2056 1225 2100 tua.

173 2141 400 2209 Dignus
427 2147 602 2193 morte
627 2145 976 2202 manetsons,
1001 2137 1109 2190 noli
1139 2138 1368 2206 prodere
1404 2144 1630 2197 sontem,

241 2229 367 2285 Nec
389 2238 480 2283 tua
506 2246 610 2285 vox
631 2231 834 2300 pandat
856 2229 1134 2300 sanguinis
1158 2229 1272 2298 ejus
1299 2230 1423 2284 iter.

175 2319 344 2375 Felix
374 2319 467 2389 qui
494 2321 671 2388 potuit
698 2319 928 2375 miseros
956 2335 986 2374 a
1005 2320 1156 2376 clade
1186 2320 1390 2384 levare,

252 2408 506 2475 Actuque
534 2416 590 2483 et
617 2406 801 2478 lingua
823 2407 967 2463 ferre
993 2409 1185 2464 salutis
1208 2424 1385 2479 Opem.

179 2498 271 2552 Ad
315 2498 455 2551 mala
482 2497 775 2552 damnandi
803 2499 846 2552 si
870 2497 1116 2568 quaedam
1145 2500 1344 2553 sentiat
1368 2500 1574 2564 insons,

246 2587 519 2642 Credulus
548 2595 602 2642 et
632 2585 799 2654 judex
839 2589 992 2642 testis
1020 2598 1073 2643 et
1097 2597 1215 2644 ater
1239 2598 1416 2644 erunt.

183 2675 292 2730 Est
317 2674 487 2728 tribus
521 2673 749 2730 infestus
773 2676 1025 2745 personis
1059 2678 1212 2732 testis
1240 2679 1477 2748 iniquus,

260 2765 510 2830 Censori,
543 2764 767 2830 insonti,
791 2780 883 2820 seu
906 2765 1024 2832 tibi,
1051 2783 1260 2823 summe
1281 2769 1444 2835 Deus,

183 2856 366 2922 Quem
385 2855 524 2910 male
536 2852 771 2922 jurando
792 2871 890 2911 sua
916 2873 1014 2926 per
1033 2856 1268 2928 perjuria
1287 2861 1495 2927 temnit,

262 2942 432 3010 Cujus
453 2951 508 2997 et
536 2944 592 2997 in
622 2959 820 2999 vanum
841 2961 1043 3002 nomen
1063 2947 1238 3004 herile
1263 2951 1419 3020 petit.

187 3034 335 3090 Hinc
361 3049 572 3104 quoque
591 3035 824 3100 censori,
853 3035 954 3091 sua
971 3052 1128 3106 quem
1155 3041 1432 3095 mendacia
1455 3040 1668 3098 fallunt.

265 3123 480 3195 Etligat
507 3123 710 3179 erroris
738 3125 966 3182 nexibus
1005 3127 1093 3182 ille
1120 3129 1224 3184 sui.

193 3214 484 3276 Postremo
511 3214 736 3281 insonti,
764 3231 926 3286 quem
951 3219 1109 3273 dictis
1130 3219 1275 3276 ltedit
1307 3223 1526 3293 iniquis,

267 3303 366 3358 Cui
391 3312 546 3373 parat
567 3305 782 3376 ingenio
810 3308 1003 3360 damna
1033 3312 1275 3377 pavenda
1304 3313 1466 3366 malo.

190 3397 390 3453 Milvus
413 3407 470 3453 ut
498 3400 563 3454 ad
583 3416 802 3456 carnem
823 3401 988 3470 piscis
1016 3401 1233 3457 festinat
1255 3405 1321 3458 ad
1345 3406 1587 3468 hamum,
1621 3440 1628 3448 .

263 3491 455 3560 Adque
483 3491 630 3546 favos
661 3507 842 3558 ursus,
867 3492 935 3546 ad
957 3493 1075 3548 loca
1100 3494 1242 3549 salsa
1274 3509 1464 3563 pecus,

195 3587 296 3642 Sic
316 3587 426 3641 ruit
451 3588 521 3641 ad
541 3600 737 3642 munus
764 3587 1081 3657 capiendum
1107 3572 1257 3644 testis
1286 3588 1526 3656 iniquus.

261 3676 479 3744 Proque
506 3675 646 3729 malo
670 3690 866 3744 magno
890 3675 1110 3745 praemia
1138 3684 1290 3749 grata
1313 3677 1473 3746 capit.

193 3766 445 3822 Vendere
469 3766 515 3820 si
544 3780 734 3820 verum
763 3765 942 3820 scelus
978 3775 1082 3831 est,
1127 3767 1254 3835 quid
1281 3767 1516 3821 vendere
1542 3765 1778 3820 falsum?

272 3856 369 3911 Vis
393 3857 574 3912 scelus
595 3864 650 3912 et
673 3856 862 3912 sceleri
877 3855 1105 3928 jungere
1135 3859 1288 3912 testis
1312 3858 1503 3912 atrox?

191 3949 412 4004 Parcite
440 3958 617 4004 vestra
645 3963 840 4018 precor
862 3949 1139 4004 mendacia
1165 3951 1394 4003 vendere
1423 3949 1559 4003 tales
1581 3988 1595 4011 ,

268 4039 433 4094 Grata
461 4041 577 4094 haec
596 4040 823 4110 ingratis
844 4039 889 4093 si
913 4039 1045 4092 mihi
1070 4039 1208 4094 detis
1237 4046 1417 4093 erunt.

197 4129 340 4196 Quae
364 4145 467 4184 nec
491 4130 719 4183 emenda
744 4129 906 4193 bona,
936 4143 1037 4182 nec
1058 4136 1214 4182 erant
1235 4127 1515 4183 vendenda
1539 4138 1770 4192 moneta,

275 4220 592 4274 Mercandus
610 4234 750 4273 vano
771 4218 991 4289 pulvere
1019 4217 1193 4287 pulvis
1213 4225 1348 4272 erat.

189 4308 245 4365 Ο
271 4325 500 4374 merces,
530 4323 760 4374 merces,
785 4307 1032 4362 mercede
1056 4308 1336 4362 nocentior
1355 4309 1525 4370 omni,

274 4401 503 4456 Dantem
523 4408 581 4457 et
599 4409 908 4473 captantem
934 4415 1053 4470 quae
1078 4408 1236 4453 necat
1260 4415 1367 4453 una
1396 4398 1549 4453 duos.

195 4491 342 4547 Hinc
363 4491 676 4562 perjurandi
703 4492 872 4562 pestis
897 4490 1138 4545 succedit
1170 4491 1374 4559 iniqua,

273 4581 410 4636 Dum
439 4583 561 4650 quis
587 4582 699 4638 vult
723 4581 875 4635 falsis
907 4580 1064 4634 rebus
1086 4580 1263 4633 inesse
1282 4580 1466 4634 fidem.

188 4670 303 4737 Qui
329 4686 512 4742 prece,
543 4672 633 4740 qui
661 4671 935 4742 lacrymis,
970 4669 1060 4737 qui
1093 4668 1230 4723 falso
1258 4684 1536 4724 murmure
1564 4669 1771 4738 fallunt,

275 4761 414 4816 Sunt
447 4761 602 4832 queis
627 4776 768 4831 saape
786 4760 937 4814 venit
961 4760 1063 4812 hac
1088 4773 1301 4828 quoque
1323 4766 1475 4827 parte
1503 4759 1656 4814 fides.

187 4849 460 4919 Quisquis
484 4865 566 4909 es.
591 4850 806 4906 assidue
831 4863 1044 4914 moneo,
1062 4846 1249 4916 jurare
1270 4859 1482 4914 caveto,

274 4937 382 4992 Res
407 4940 531 5008 quia
555 4937 741 5006 jurare
766 4947 870 5002 est,
896 4939 1078 5003 crede,
1108 4939 1357 5008 pavenda
1385 4942 1536 4995 satis.

183 5027 319 5083 Non
348 5031 474 5100 quia
506 5047 594 5086 res
631 5031 772 5086 mala
805 5031 893 5096 sit,
926 5033 1010 5088 vel
1041 5033 1109 5086 ab
1130 5033 1272 5088 alma
1301 5033 1420 5104 lege
1444 5041 1670 5098 remota,

270 5119 376 5175 Sed
404 5123 598 5177 crebro
626 5123 756 5177 dum
788 5121 869 5186 fit,
896 5124 949 5177 in
979 5124 1154 5178 scelus
1198 5125 1308 5178 itur
1333 5125 1510 5178 hians.

181 5209 323 5264 Non
343 5212 446 5266 nisi
473 5213 565 5284 qui
586 5213 828 5282 loquitur
854 5215 1053 5282 poterit
1103 5215 1386 5270 mentirier
1414 5215 1576 5280 ullus,

275 5297 514 5366 Somnia,
539 5302 597 5356 ni
626 5309 850 5367 stertas,
875 5317 1100 5358 cernere
1122 5319 1280 5359 nemo
1303 5304 1471 5358 vales.

175 5391 322 5446 Non
357 5394 514 5448 cadet
534 5393 592 5448 in
619 5393 760 5450 bello
782 5395 888 5450 nisi
914 5395 1005 5464 qui
1031 5394 1145 5451 fera
1173 5395 1357 5466 praelia
1381 5404 1572 5461 tentat,

278 5480 386 5537 Nec
411 5484 512 5538 nisi
544 5492 717 5540 tentet
741 5501 929 5556 aprum
956 5487 1115 5542 dente
1140 5486 1336 5542 feritur
1357 5489 1493 5556 apri.

176 5572 508 5645 Naufragus
533 5584 618 5630 est
636 5577 834 5642 nullus,
862 5578 966 5633 nisi
993 5579 1164 5634 sulcet
1185 5581 1450 5649 puppibus
1475 5581 1666 5643 undas,

271 5661 457 5720 Nullus
481 5665 534 5719 in
565 5667 686 5737 igne
714 5670 876 5736 perit,
913 5670 956 5724 si
985 5671 1055 5725 sit
1079 5673 1145 5725 ab
1174 5672 1295 5741 igne
1324 5672 1526 5741 procul.

450 5764 726 5826 Ριτκοι.
770 5765 901 5827 CV.

1933 508 2087 574 Quod
2114 509 2219 563 nisi
2248 509 2371 577 quis
2401 514 2626 572 metuat,
2653 505 2754 559 hac
2774 504 2860 558 lue
2885 513 3072 574 captus
3107 505 3230 559 erit.

1863 598 1997 653 Cum
2019 599 2162 668 capit
2192 598 2406 652 auditor
2436 597 2603 650 durus
2627 604 2716 649 tua
2742 594 2907 649 verba
2939 595 3022 649 vel
3056 609 3277 664 anceps,

1938 689 2036 742 Est
2061 696 2164 754 est,
2197 697 2252 742 ct
2270 704 2374 742 non
2406 703 2535 753 non,
2565 686 2681 740 hrec
2707 702 2771 740 ea
2803 692 2998 740 cuncta
3026 685 3211 754 ligent.

1869 779 2008 833 Sunt
2043 787 2098 852 et
2121 795 2241 848 qua:
2263 786 2527 832 excusant
2546 775 2764 845 jurandi
2787 776 3025 845 pondera
3047 775 3234 838 verba,

1939 870 2070 936 Quis
2095 869 2175 923 uti
2201 869 2373 938 culpzc
2412 867 2523 922 fors
2551 867 2668 922 sine
2689 867 2850 921 sorde
2878 865 3044 919 vales.

1871 963 1929 1017 Si
1957 969 2164 1032 perstat
2189 976 2462 1025 mussans,
2492 960 2758 1028 exemplis
2788 967 2842 1013 et
2864 958 3099 1022 ratione,

1939 1051 2114 1121 Atque
2137 1049 2469 1120 argumentis
2494 1048 2619 1103 huic
2635 1048 2891 1102 adhibeto
2917 1049 3097 1102 tidem.

1873 1141 1932 1196 Si
1960 1157 2061 1196 nec
2087 1141 2166 1194 sit
2179 1140 2374 1203 credit,
2405 1138 2451 1192 si
2487 1153 2651 1192 saxea
2681 1145 2900 1207 pectora
2924 1146 3121 1206 gestat.

1945 1231 2028 1285 Sit
2063 1231 2158 1284 tibi
2184 1229 2524 1298 linquendus,
2553 1244 2678 1282 mox
2702 1229 2838 1282 bene
2863 1237 3013 1282 tutus
3036 1229 3145 1283 abi.

1872 1323 1939 1375 At
1963 1322 2006 1375 si
2030 1319 2248 1390 jurandi
2279 1329 2332 1374 te
2361 1333 2526 1372 causa
2548 1324 2805 1388 perurget
2825 1325 2881 1372 et
2900 1325 3099 1382 arctat,

1945 1412 2002 1467 Id
2026 1412 2176 1482 puris
2196 1410 2398 1475 verbis,
2424 1409 2476 1462 id
2507 1423 2634 1478 gere
2656 1415 2837 1462 mente
2866 1407 2976 1477 pia.

1877 1505 1989 1560 Nec
2018 1504 2167 1558 verbi
2199 1512 2316 1557 arte
2342 1511 2472 1572 puta
2494 1510 2544 1556 te
2569 1501 2756 1557 fallere
2786 1515 2944 1572 posse
2971 1499 3288 1560 Tonantem.
3353 1495 3358 1500 ’

1944 1593 2042 1648 Cui
2069 1592 2204 1646 nihil
2233 1593 2542 1646 abstrusum
2581 1598 2687 1654 est,
2737 1591 2822 1644 cui
2850 1591 2987 1645 bene
3023 1598 3216 1646 cuncta
3240 1599 3449 1663 patent.

1878 1687 1980 1754 Qui
2004 1701 2111 1740 non
2141 1693 2197 1739 ut
2217 1683 2393 1752 juras,
2426 1683 2520 1738 sed
2547 1689 2609 1736 ut
2630 1682 2676 1736 is
2690 1680 2902 1749 jurasse
2927 1682 3135 1752 putavit

1803 1763 1848 1820 Β
1945 1774 2044 1830 Cui
2068 1773 2218 1842 iuras
2245 1774 2414 1838 audit,
2450 1773 2639 1841 sicque
2668 1785 2728 1824 es
2753 1771 2971 1840 utrique
2995 1772 3148 1826 reus.’

1873 1865 2074 1935 Nempe
2099 1867 2230 1929 Deo,
2263 1865 2318 1919 in
2341 1878 2541 1918 vanum
2562 1859 2716 1926 cuius
2743 1861 2824 1914 vis
2853 1874 3066 1915 sumere
3091 1876 3286 1916 nomen
3309 1881 3322 1916 :
3416 1903 3422 1910 .

1945 1956 2054 2011 Seu
2081 1957 2247 2019 socio,
2281 1970 2440 2024 quem
2466 1965 2584 2008 atra
2612 1952 2802 2007 fallere
2826 1949 3014 2006 fraude
3035 1966 3219 2020 paras.

1877 2047 1934 2101 Si
1965 2046 2143 2101 scelus
2164 2053 2225 2098 ut
2253 2043 2420 2098 facias
2434 2043 2607 2112 jures,
2641 2050 2769 2098 vota
2800 2042 2954 2096 irrita
2984 2050 3176 2095 sunto:

1947 2138 2060 2192 Hoc
2088 2137 2179 2191 illo
2201 2144 2282 2191 est
2317 2135 2558 2206 gravius,
2581 2133 2776 2188 vulnus
2795 2142 3089 2202 utrumque
3119 2141 3323 2190 tamen.

1878 2229 2111 2285 Vulnera
2135 2244 2304 2299 prava
2343 2229 2541 2294 minus,
2567 2226 2739 2297 magis
2767 2235 2821 2280 et
2848 2225 3052 2294 majora
3078 2226 3324 2296 fatigant,

1945 2320 2098 2374 Felix
2118 2321 2209 2389 qui
2233 2320 2380 2374 nullo
2398 2319 2620 2374 vulnere
2644 2318 2804 2373 lzesus
2827 2317 2957 2372 abit.

1878 2409 1934 2464 Si
1959 2425 2188 2464 censura
2214 2410 2390 2479 prius,
2417 2411 2592 2479 pictas
2617 2416 2754 2478 post,
2785 2408 3007 2478 prmmia
3037 2423 3314 2478 nunquam

1949 2499 2069 2554 Sint
2092 2500 2383 2570 injudicio,
2423 2508 2506 2554 est
2527 2514 2739 2569 quoque
2761 2483 3010 2553 Christus
3043 2499 3138 2554 ibi.

1879 2591 1991 2646 Lex
2015 2592 2229 2648 auferre
2249 2593 2403 2660 jubet
2429 2593 2607 2662 capita
2635 2591 2900 2646 scelerata
2936 2606 3173 2645 reorum.

1951 2681 2107 2749 Crus,
2137 2683 2371 2754 genitale
2408 2685 2590 2748 decus,
2631 2683 2860 2746 lumina,
2887 2693 3039 2753 terga
3067 2698 3281 2747 manus,

1881 2772 2120 2828 Membra
2150 2791 2393 2830 cremare
2417 2776 2584 2846 rogis,
2611 2776 2693 2829 ori
2721 2774 3044 2846 perfundere
3065 2775 3369 2844 plumbum,

1953 2864 2050 2918 Vel
2086 2865 2129 2920 si
2159 2881 2265 2935 qua
2295 2866 2532 2920 humana
2556 2865 2773 2919 condita
2805 2864 2922 2934 lege
2954 2874 3198 2918 manent.

1881 2953 2049 3012 Facta
2076 2956 2391 3012 coercendis
2425 2955 2707 3026 probrosis
2729 2956 2943 3010 actibus
2962 2955 3051 3009 illa
3076 2965 3179 3021 est,

1957 3049 2245 3120 Temperet
2279 3049 2420 3104 hanc
2448 3050 2623 3118 pietas
2645 3062 2743 3118 per
2769 3047 3046 3102 mediocre
3077 3048 3279 3102 bonum
3309 3064 3323 3102 :

1801 3112 1847 3173 ο
1883 3139 1953 3196 Ut
1983 3155 2086 3195 nec
2119 3139 2396 3210 probrosis
2425 3139 2499 3194 sit
2529 3138 2876 3194 conniventia
2913 3139 3097 3201 rebus,

1946 3229 2058 3285 Nec
2084 3230 2252 3284 vitam
2280 3237 2373 3283 aut
2399 3238 2552 3283 artus
2579 3227 2793 3282 auferat
2809 3234 2927 3280 atra
2952 3241 3166 3281 manus.

1877 3321 2008 3376 Esto
2033 3321 2144 3375 reis
2167 3320 2312 3384 talis,
2334 3320 2431 3374 tibi
2459 3319 2542 3374 vis
2565 3319 2780 3388 qualem
2805 3333 2926 3372 esse
2956 3317 3279 3380 Tonantem,

1947 3411 2182 3465 Parcere
2209 3410 2331 3477 quis
2357 3409 2576 3462 tandem
2603 3424 2706 3476 qua
2727 3417 2884 3476 potes
2907 3422 3078 3475 usque
3109 3409 3285 3461 stude.

1879 3500 1946 3553 Et
1970 3499 2155 3552 forsan
2181 3497 2322 3551 lecto
2346 3497 2492 3550 dicet
2517 3496 2638 3563 quis
2664 3495 2912 3549 carmine
2936 3502 3148 3557 nostro,

1952 3587 2058 3642 Iste
2081 3587 2239 3656 jubet
2271 3584 2405 3640 nulli
2436 3583 2606 3638 frtena
2636 3593 2824 3639 tenere
2859 3582 3025 3637 malo.

1882 3678 1964 3733 Me
1987 3679 2083 3733 tibi
2105 3677 2390 3733 consilium
2417 3676 2564 3743 legat
2583 3675 2686 3730 hoc
2709 3675 2760 3730 in
2785 3673 3032 3729 carmine
3053 3673 3296 3738 dantem,

1951 3768 2070 3835 Quo
2103 3775 2195 3822 tua
2234 3781 2388 3822 mens
2415 3766 2624 3821 instans
2650 3766 2782 3822 vitet
2809 3766 3065 3835 utrinque
3092 3764 3316 3820 malum.

1879 3861 2025 3916 Neve
2056 3861 2318 3916 remissus
2343 3875 2437 3915 eas
2465 3868 2570 3926 sat,
2603 3874 2706 3914 neu
2757 3859 3091 3915 truculentus
3124 3866 3178 3913 ct
3211 3866 3353 3922 ater,

1947 3954 2200 4010 Proderit
2220 3953 2446 4024 ancipiti
2477 3952 2583 4006 lata
2615 3952 2824 4007 medela
2861 3950 3024 4006 malo.

1879 4045 1994 4098 Non
2017 4043 2104 4114 jus
2131 4043 2424 4107 crudelem,
2459 4057 2566 4098 non
2591 4043 2684 4097 det
2713 4041 2996 4096 miseratio
3018 4055 3264 4110 segnem,

1947 4137 2191 4207 Namque
2213 4135 2450 4207 azquosi
2479 4135 2552 4189 sit
2577 4135 2765 4204 plusve
2796 4133 3063 4194 minusve,
3092 4141 3271 4184 nocet.

1879 4227 2032 4298 Stepe
2059 4228 2194 4284 latet
2219 4228 2339 4284 vitii
2364 4227 2587 4281 virtutis
2614 4226 2851 4296 imagine
2879 4224 3070 4294 pestis,

1947 4317 2016 4370 Et
2040 4317 2212 4386 magis
2242 4316 2367 4370 inde
2394 4323 2573 4379 nocet,
2597 4329 2704 4384 quo
2731 4314 2912 4367 minus
2935 4311 3024 4364 illa
3054 4317 3224 4379 patet.

1881 4405 2104 4461 Scilicet
2128 4415 2189 4458 ut
2208 4405 2426 4474 quidam
2441 4405 2678 4458 crudelia
2701 4411 2851 4474 gesta
2874 4402 3112 4472 peregit,

1951 4494 2183 4550 Justitim
2206 4503 2356 4549 ratus
2376 4502 2460 4548 est
2497 4510 2556 4550 se
2583 4494 2821 4549 tenuisse
2847 4495 3012 4548 viam.

1881 4584 2107 4655 Corripe
2129 4592 2185 4638 tu
2215 4584 2410 4639 vinclis
2445 4584 2756 4648 sceleratos,
2785 4585 2999 4654 corripe
3018 4583 3224 4654 flagris,

1953 4676 2138 4748 Teque
2157 4677 2261 4732 sibi
2291 4675 2486 4732 durum
2508 4677 2662 4748 plebs
2681 4677 2878 4731 vitiosa
2909 4676 3067 4731 sciat.

1882 4765 2134 4822 Attamen
2158 4766 2213 4819 in
2235 4766 2436 4821 misero
2464 4766 2743 4838 chalybem
2768 4781 2835 4821 ne
2859 4767 3004 4838 tinge
3031 4782 3246 4833 cruore,

1953 4856 2209 4913 Hostibus
2231 4865 2286 4913 et
2321 4857 2625 4928 chalybem,
2649 4873 2836 4928 prome
2856 4857 3068 4930 flagella
3093 4859 3222 4914 reis.

1879 4945 1959 5000 Ne
1981 4947 2024 5000 si
2055 4946 2384 5013 dissimules,
2413 4947 2563 5002 vitiis
2586 4947 2770 5002 dicare
2793 4946 2999 5012 favere,

1951 5036 2008 5092 Si
2030 5038 2208 5108 gladio
2237 5039 2432 5104 utaris,
2458 5046 2587 5094 trux
2624 5039 2720 5094 tibi
2746 5055 2940 5094 nomen
2974 5049 3079 5095 eat.

1877 5129 2012 5184 Cum
2039 5130 2258 5184 veniant
2282 5131 2374 5184 alii
2423 5131 2568 5200 leges
2595 5130 2884 5185 defendere
2906 5133 3167 5202 prompti,

1945 5217 2120 5286 Atque
2151 5234 2270 5274 reos
2296 5221 2466 5276 variis
2491 5220 2754 5274 dilaniare
2784 5223 2979 5287 modis,

1883 5305 1950 5358 Et
1976 5305 2180 5372 dicant,
2213 5309 2329 5363 Non
2371 5325 2490 5376 nos,
2515 5311 2612 5365 sed
2647 5310 2734 5364 lex
2765 5312 2866 5367 hos
2889 5315 3065 5383 prisca
3097 5313 3359 5378 trucidat,

1955 5402 2112 5457 Utilis
2140 5403 2256 5458 haec
2287 5420 2392 5461 nex
2422 5413 2523 5471 est,
2548 5421 2668 5474 qua;
2695 5405 2836 5464 mala
2858 5407 3011 5475 plura
3041 5413 3208 5467 vetat,

1882 5491 2078 5548 Nostra
2103 5495 2387 5552 ministerii
2418 5497 2561 5568 leges
2586 5498 2861 5568 complere
2893 5497 3102 5551 securis

1950 5583 2142 5650 Debet,
2169 5594 2224 5640 et
2251 5587 2567 5657 obsequium
2595 5605 2700 5644 non
2729 5587 2910 5643 scelus
2943 5585 3074 5640 illud
3095 5583 3218 5636 erit.

1881 5673 1974 5729 ille
2003 5691 2103 5746 ego
2126 5677 2251 5743 sim,
2274 5673 2532 5733 redimam
2556 5681 2880 5736 miscrorum
2909 5676 3001 5745 qui
3023 5673 3236 5745 agmina
3263 5673 3454 5744 multa,

2939 5769 3016 5828 10
