3998 6182
411 281 514 336 209
1417 278 1801 335 'l'llEODULFl
1843 276 2393 353 AlJRELlANENSIS
2434 279 2644 335 EPISC.
3550 276 3662 333 ζ’»οθ

484 396 577 451 ille
603 409 703 467 ego
725 396 848 461 sim,
870 395 1050 467 plures
1071 396 1160 463 qui
1180 409 1358 459 cruce,
1386 394 1537 448 clade
1566 394 1763 461 levem,
2008 399 2057 456 Α
2155 392 2254 451 Hic
2277 392 2418 449 male
2444 394 2720 458 mentitur,
2758 392 2846 447 hic
2866 391 3005 460 rapit
3029 396 3209 460 atque‘
3236 390 3417 460 clepit.

417 490 587 555 Quem
614 488 766 544 turba
788 484 972 541 infelix
996 485 1311 555 lacrymosis
1333 492 1536 554 spectet
1564 484 1771 550 ocellis,
2090 488 2187 543 liic
2211 487 2351 542 male
2381 487 2657 563 servitium
2686 484 2890 540 studuit
2908 491 3253 538 contemnere
3281 490 3553 549 nostrum,

487 579 722 634 Cernere
746 590 1011 647 quemque
1038 584 1274 629 tremens
1316 582 1490 629 coetus
1536 574 1753 630 anhelet
1808 574 1979 645 inops,
2162 579 2447 634 Proximus
2468 586 2549 633 est
2572 585 2756 632 noster
2782 591 2943 647 quem
2991 574 3128 645 fugit
3159 572 3247 628 ille
3275 572 3387 628 diu.

419 669 537 738 Quo
563 670 678 723 viso
709 674 952 736 repetant
970 674 1371 737 propemortua
1401 680 1630 736 corpora
1670 665 1838 729 vires,
2089 669 2267 739 Stipes
2289 669 2369 723 eis
2402 668 2633 739 plantas,
2664 672 2989 721 conuectant
3018 660 3195 718 vincla
3225 662 3476 728 lacertos,

490 758 625 829 Spes
646 758 766 813 visu
797 766 999 812 crescat
1040 755 1125 811 his
1146 763 1200 809 et
1229 756 1484 827 utrinque
1513 755 1680 810 calor.
2155 761 2320 815 Facta
2340 759 2611 828 ut‘iniqua
2638 766 2853 823 canant,
2874 755 3023 812 lorea
3046 754 3209 827 ﬂagra
3240 755 3438 812 ferant.

419 849 796 905 Submissurus
819 862 990 913 cram,
1018 848 1290 918 petiturus
1314 846 1517 912 littora,
1540 847 1680 913 vela,
2088 851 2237 907 Talia
2270 851 2572 923 persultant
2601 850 2827 905 miseros
2852 864 2974 905 cum
2999 848 3193 903 laedere
3218 848 3446 909 malunt,

486 937 602 1006 Quo
631 937 723 992 tibi
745 934 897 1008 grata
935 934 1092 1008 quies
1117 934 1261 991 fessa
1288 935 1476 994 carina
1507 935 1668 991 foret.
2158 944 2294 999 Cum
2327 958 2384 997 re
2410 957 2514 997 non
2539 940 2687 995 vitiis
2721 941 2822 995 hos
2850 938 3083 1011 spoliare
3103 939 3308 995 volunt.

346 1023 352 1034 ’
416 1026 522 1084 Sed
548 1035 726 1081 tamen
755 1020 979 1096 apparet
1012 1033 1290 1080 transacto
1326 1026 1537 1097 gurgite
1566 1026 1721 1080 nobis
2086 1030 2341 1087 Flebilior
2381 1030 2476 1083 sed
2504 1028 2687 1098 iniqua
2717 1042 2910 1098 gerens
2931 1027 3020 1096 qui
3050 1027 3286 1082 sustinet
3313 1026 3401 1082 illo
3421 1036 3524 1084 est.

480 1115 710 1171 Parvula
738 1132 864 1186 pars
884 1115 1067 1187 magni
1090 1117 1466 1185 praetereunda
1490 1115 1636 1170 freti.
2158 1121 2257 1176 Hic
2278 1120 2419 1189 quod
2448 1119 2653 1187 agendo
2682 1118 2844 1187 perit,
2875 1116 2967 1173 ille
2989 1117 3213 1173 ferendo
3242 1116 3408 1188 viget.

415 1204 512 1261 Est
543 1207 741 1260 merito
764 1204 1041 1277 iungenda
1070 1204 1257 1260 tibide
1285 1220 1520 1278 paupere
1546 1205 1723 1271 turba,
2083 1208 2285 1279 Sicque
2310 1209 2454 1264 bono
2475 1216 2701 1278 prosunt
2735 1208 2974 1264 crudelia
3004 1208 3147 1280 facta
3174 1206 3419 1278 maligni,

481 1296 657 1351 Divite
685 1308 806 1364 quae
830 1295 1121 1364 premitur,
1149 1309 1298 1359 cura,
1327 1293 1528 1359 libelle,
1565 1295 1770 1351 brevis.
2160 1298 2252 1355 Sic
2276 1299 2394 1353 auri
2425 1297 2541 1353 fero
2570 1297 2681 1353 dite
2708 1297 2910 1369 politur
2932 1312 3089 1368 opus.

409 1387 654 1457 Namque
682 1386 907 1458 inopum
935 1401 1124 1441 curam
1159 1386 1369 1445 recinat
1409 1402 1537 1473 pars
1566 1387 1755 1445 ultima
1780 1389 1985 1445 haben-
2089 1390 2334 1459 Namque
2358 1387 2552 1458 iuvare
2572 1387 2707 1442 solet
2724 1402 3017 1457 pravorum
3043 1386 3238 1442 suavior
3259 1399 3391 1441 usus

1744 1476 1911 1550 [dam,
2156 1482 2362 1547 Justos,
2399 1494 2505 1551 quo
2531 1479 2711 1535 alllicti
2741 1479 2929 1535 coalica
2950 1495 3116 1550 regna
3140 1486 3350 1548 petunt.

480 1564 579 1621 Cui
607 1563 760 1636 prior
778 1568 912 1619 artis
933 1574 1052 1619 erat
1071 1562 1198 1637 jura
1218 1566 1453 1622 tenenda
1481 1567 1625 1622 cani.
2088 1573 2206 1642 Quo
2229 1573 2428 1642 premit
2453 1572 2736 1627 Hebraeum
2774 1586 2932 1641 mage
2955 1569 3107 1641 plebs
3153 1569 3497 1640 Memphitica
3528 1585 3662 1641 gem

410 1656 748 1726 Pauperibus
776 1656 1081 1729 quicunque
1113 1647 1305 1729 prices,
1331 1658 1650 1715 mitissimus
1675 1665 1809 1728 esto,
3432 1658 3589 1732 [tem,

482 1747 664 1817 Teque
689 1747 774 1803 his
793 1755 985 1802 natura
1013 1749 1232 1804 noveris
1256 1763 1376 1805 esse
1402 1764 1609 1821 parem.
2016 1744 2062 1803 Β
2157 1754 2241 1809 Ad
2265 1754 2532 1825 promissa
2554 1754 2727 1823 magis
2748 1752 2972 1808 tendere
3000 1765 3129 1807 rura
3153 1759 3330 1822 parat.

410 1838 527 1894 Non
556 1839 658 1895 hos
693 1838 930 1894 conditio
958 1838 1189 1907 tibimet,
1217 1838 1314 1894 sed
1340 1839 1495 1909 culpa
1529 1840 1774 1911 subegit,
2091 1844 2168 1901 Ne
2188 1845 2457 1900 violentus
2476 1859 2569 1899 eas
2589 1844 2821 1909 miseris,
2850 1843 2945 1898 sed
2975 1842 3223 1898 blandior
3248 1849 3394 1909 esto,

478 1931 609 1999 Quae
630 1930 777 1986 dedit
798 1938 860 1985 ut
886 1930 1095 1987 homini
1122 1928 1370 1985 subditus
1405 1938 1549 1987 esset
1572 1931 1758 1987 humo.
2160 1937 2297 1992 Vota
2322 1933 2516 2003 quibus
2542 1932 2727 1987 forsan
2751 1940 2875 1987 sunt
2902 1930 3128 1986 meliora
3154 1931 3284 1995 tuis,

406 2022 605 2078 Horum
630 2030 683 2078 te
711 2021 896 2091 sudor,
923 2021 1122 2077 horum
1145 2021 1337 2079 solatia
1356 2022 1551 2090 ditant,
2090 2027 2201 2082 Hos
2225 2040 2328 2081 nec
2347 2032 2536 2093 operta
2560 2022 2727 2090 fraus,
2750 2036 2851 2077 nec
2878 2029 3063 2093 aperta
3093 2020 3312 2075 licentia
3336 2020 3520 2085 lmdat,

458 2113 730 2197 __Pluribus
754 2115 842 2169 bis
862 2113 1069 2186 junctis
1088 2113 1254 2173 ditior
1280 2130 1422 2170 unus
1445 2116 1581 2175 ines.
2162 2120 2350 2176 Securi
2373 2128 2429 2175 et
2461 2120 2564 2175 tuti
2586 2120 2693 2174 sint
2713 2119 2781 2175 ab
2809 2124 3039 2186 utroque
3064 2115 3228 2179 malo,

408 2198 653 2261 Flumina
680 2222 951 2262 concursu
976 2214 1234 2267 crescunt
1255 2208 1461 2279 majora
1492 2206 1783 2271 minorum,
2090 2210 2169 2266 Ne
2193 2219 2382 2282 reputa
2408 2211 2556 2267 diras
2576 2209 2672 2266 sed
2701 2217 2848 2264 certa
2869 2208 3146 2280 ignoscere
3174 2206 3380 2276 culpas,

480 2297 702 2352 Proﬁcit
721 2305 776 2353 et
796 2299 947 2354 dives
969 2298 1226 2371 pauperis
1248 2306 1443 2353 auctus
1468 2314 1591 2372 ope.
2160 2302 2294 2369 Quis
2319 2303 2437 2358 siue
2465 2302 2522 2357 in
2547 2303 2649 2357 hac
2674 2302 2784 2374 vita
2812 2300 2997 2355 vivere
3020 2313 3180 2353 nemo
3209 2296 3375 2351 valet.

410 2386 650 2457 Corpora
679 2388 1037 2458 pinguescunt
1073 2387 1250 2443 alieno
1273 2401 1504 2459 corpore
1529 2396 1701 2459 pasta,
2091 2391 2283 2447 Debita
2303 2392 2395 2463 qui
2416 2407 2630 2463 semper
2657 2391 2869 2445 tibimet
2911 2387 3139 2442 laxanda
3162 2385 3426 2457 precaris,

478 2479 624 2533 Vivit
646 2486 700 2534 et
721 2473 943 2533 alterius
974 2488 1150 2537 morte
1183 2476 1387 2534 refecta
1416 2492 1565 2533 caro.
2163 2481 2277 2537 Hoc
2301 2483 2448 2552 inopi
2477 2481 2661 2548 facito,
2695 2481 2838 2552 quod
2864 2478 3006 2550 petis
3029 2479 3147 2547 ipse
3174 2477 3307 2531 Deo.

409 2570 628 2625 Fortior
654 2568 972 2635 invalidum,
1006 2568 1262 2638 pusillum
1288 2569 1597 2640 comprimit
1634 2568 1845 2639 ingens,
2092 2571 2169 2628 Ne
2198 2581 2288 2626 tua
2311 2573 2357 2626 si
2384 2572 2643 2627 miserum
2674 2571 2815 2626 levet
2834 2567 3163 2641 indulgentia
3186 2566 3415 2630 nullum,

480 2659 690 2714 Crescit
719 2667 776 2714 et
799 2659 928 2714 hinc
957 2658 1153 2728 major,
1183 2658 1366 2714 deficit
1396 2660 1538 2714 unde
1559 2658 1754 2712 minor.
2160 2666 2296 2721 Cum
2324 2665 2464 2736 petis
2492 2667 2654 2731 hanc,
2685 2664 2802 2735 ejus
2818 2663 3133 2719 destituaris
3154 2676 3274 2732 ope.

404 2748 516 2803 lloc
544 2764 708 2816 capus
740 2748 1108 2819 accipiterque
1134 2756 1331 2819 gerunt
1356 2762 1454 2819 per
1474 2747 1658 2803 littora
1685 2762 1877 2815 curva,
2094 2755 2186 2813 Sic
2219 2756 2346 2812 dum
2369 2771 2631 2812 conservo
2659 2754 2957 2817 contemnit
2980 2767 3207 2823 parcere
3238 2764 3447 2816 servus,

478 2839 591 2894 Hoc
618 2839 774 2910 lupus
804 2840 858 2893 in
884 2840 1053 2903 silvis,
1093 2839 1258 2910 piscis
1280 2839 1335 2894 in
1362 2854 1521 2894 amne
1546 2838 1697 2895 facit.
2161 2846 2304 2901 iram
2334 2847 2389 2901 in
2421 2862 2479 2901 se
2499 2846 2633 2917 justi
2658 2861 2785 2899 mox
2811 2842 3086 2899 revocavit
3106 2842 3247 2897 beri.

406 2928 496 2984 Sic
521 2929 634 2983 fera
664 2943 804 3003 szepe
829 2927 966 2996 fera,
997 2944 1223 3003 serpens
1254 2936 1506 2997 serpente
1533 2937 1781 2996 necatur,
2093 2937 2324 2992 Parcere
2349 2936 2593 2995 mortalis
2620 2933 2937 2989 mortalibus
2964 2946 3063 3002 ego
3091 2939 3301 3002 parato,

478 3018 570 3074 Sic
601 3018 819 3073 imbelle
846 3027 1031 3077 manet
1055 3018 1129 3073 nil
1156 3018 1262 3072 nisi
1286 3018 1469 3087 praeda
1502 3033 1687 3089 pecus.

2026 3090 2059 3097 _
2164 3026 2299 3083 Cum
2327 3028 2449 3097 quis
2476 3034 2682 3082 natura:
2709 3026 2794 3079 lex
2820 3033 3004 3079 manet
3042 3038 3150 3078 una
3190 3022 3306 3077 tibi.

406 3110 451 3165 Ο
475 3125 645 3181 genus
668 3110 977 3181 exemplum
1006 3107 1177 3182 fugito
1204 3108 1431 3163 mortale
1451 3108 1712 3174 ferarum,
2016 3090 2060 3152 ε
2090 3117 2329 3187 Quisque
2343 3090 2450 3172 tuo
2477 3116 2661 3185 dispar
2689 3114 2733 3169 si
2753 3114 2826 3169 sit
2854 3126 2954 3183 per
2973 3127 3229 3183 prospera
3250 3125 3464 3176 cursus,

406 3218 411 3225 '
479 3203 589 3260 Nec
616 3205 779 3259 homo
803 3205 875 3260 sit
894 3204 1100 3260 homini
1128 3203 1273 3279 quod
1295 3202 1409 3263 fera
1440 3212 1590 3260 torva
1607 3202 1755 3259 ferae.
2163 3210 2329 3266 Ortus
2377 3218 2433 3264 et
2463 3223 2688 3263 occasus
2714 3207 2806 3283 qui
2829 3208 2950 3272 tibi,
2982 3222 3084 3275 par
3110 3214 3166 3260 et
3188 3207 3297 3281 eis.

403 3293 523 3349 Non
544 3296 736 3365 Opibus
756 3296 1015 3369 spolietur
1038 3296 1213 3373 inops,
1244 3312 1355 3352 non
1382 3295 1611 3351 crimine
1638 3294 1776 3350 falso

1744 3308 1776 3349 0
2090 3301 2236 3358 Fons
2256 3315 2411 3357 sacer
2436 3300 2536 3355 hos
2569 3307 2743 3354 tecum
2768 3298 2913 3363 beat,
2960 3296 3139 3350 inlinit
3177 3310 3393 3366 unguen
3434 3284 3691 3369 avitum,

481 3384 745 3441 Addictus‘
769 3401 995 3441 censum
1021 3385 1114 3443 det
1140 3387 1309 3444 miser
1332 3386 1446 3456 ipse
1461 3399 1638 3440 suum.
2158 3392 2336 3461 Atque
2354 3390 2478 3460 agni
2508 3389 2671 3444 satiat
2696 3388 2797 3442 bos
2821 3402 2953 3441 caro
2981 3386 3095 3441 sive
3125 3400 3306 3441 cruor.

401 3475 482 3530 Ah
507 3478 519 3529 !
553 3477 767 3547 quoties
792 3478 832 3532 it
859 3494 1023 3533 avara
1045 3477 1161 3534 lues
1187 3479 1288 3535 sub
1308 3478 1526 3537 nomine
1549 3476 1705 3543 recti,
2091 3483 2163 3542 Ut
2181 3497 2280 3554 pro
2301 3489 2354 3537 te
2378 3482 2502 3536 vita:
2523 3488 2628 3545 est,
2652 3494 2754 3549 pro
2800 3478 2889 3533 his
2909 3492 3131 3547 quoque
3173 3467 3421 3532 mortuus
3449 3482 3672 3541 auctor,

474 3566 665 3638 Incipit
692 3576 747 3622 et
767 3584 964 3625 nomen
987 3568 1123 3641 legis
1142 3554 1348 3627 habere
1372 3567 1556 3627 furor!
2159 3571 2438 3640 Quemque
2460 3577 2516 3624 et
2541 3584 2640 3638 pro
2661 3567 2871 3622 meritis
2893 3566 2962 3621 ad
2981 3581 3080 3621 sua
3104 3565 3246 3620 dona
3266 3573 3445 3619 vocat.

408 3657 674 3728 Quodque
703 3658 871 3712 miser
889 3659 1091 3730 perdit,
1121 3659 1437 3729 perhibetur
1460 3657 1691 3727 perdere
1720 3653 1866 3727 iuste
1900 3669 1919 3707 :
2089 3661 2199 3727 Hic.
2223 3660 2611 3717 submittantur
2653 3656 2917 3713 transacti
2944 3657 3173 3711 carbasa
3204 3655 3350 3719 libri,

479 3748 739 3816 Quodque
762 3751 903 3819 rapit
921 3750 1094 3816 dives,
1116 3748 1309 3802 tollere
1322 3747 1448 3817 jure
1471 3754 1645 3818 putat.
2157 3751 2367 3808 Littore
2385 3750 2441 3806 in
2464 3751 2570 3806 hoc
2589 3756 2735 3805 tenet
2763 3750 3001 3805 anchora
3014 3746 3160 3816 jacta
3183 3746 3375 3800 ratein.

408 3840 503 3894 Est
531 3838 637 3903 fur,
664 3847 852 3909 estque
875 3838 1059 3912 fugax,
1084 3838 1212 3894 huic
1234 3836 1443 3901 fraudis
1457 3840 1677 3899 conscia
1703 3854 1857 3895 mens
1878 3846 1982 3906 est,

415 3969 3665 4019 WE.

1561 4130 1863 4219 LIBER
1935 4128 2494 4212 SECUNDUS.

1882 4289 2197 4309 _——

1174 4375 1215 4431 Ῑ·
2006 4378 2062 4441 D
2155 4376 2226 4431 Et
2249 4374 2426 4446 typica
2454 4371 2678 4442 exponit
2696 4369 2838 4425 dona
2858 4367 3033 4425 sacris
3059 4363 3270 4437 typicis.

404 4481 428 4508 ι
460 4482 660 4522 vensos
705 4481 758 4520 IN
809 4458 1017 4520 rnoure
1063 4481 1352 4522 BlBLlORUIl
1407 4481 1524 4530 quis
1566 4482 1680 4524 mss
1737 4482 1977 4524 DESCRIBI
2085 4464 2234 4521 Bella
2256 4464 2507 4532 virosque
2536 4460 2675 4515 liber
2692 4458 2914 4513 Numeri
2934 4454 3274 4515 describitet
3310 4460 3487 4519 actus,

470 4564 474 4567 '
1104 4571 1283 4612 FECIT.
2159 4556 2324 4625 Queis
2346 4554 2556 4625 Moyses
2582 4550 2742 4623 fregit
2766 4550 2930 4616 idola,
2957 4557 3166 4619 stupra,
3188 4549 3375 4603 duces.

403 4650 673 4720 Quidquid
703 4649 772 4704 ab
797 4646 1027 4704 Hebraeo
1051 4646 1222 4718 stylus
1242 4646 1455 4703 Atticus
1488 4655 1652 4717 atque
1685 4645 1909 4702 latinus
2085 4647 2215 4703 Post
2236 4645 2432 4716 repetit
2456 4643 2651 4713 legem,
2680 4639 2880 4713 populo
2899 4638 3190 4704 benedicit,
3225 4644 3283 4692 et
3302 4636 3443 4691 alma

476 4740 739 4810 Sumpsit,
771 4739 826 4792 in
852 4738 957 4793 hoc
986 4745 1158 4791 totum
1187 4737 1395 4803 codice,
1433 4737 1625 4801 lector,
1655 4736 1843 4791 habes.
2156 4733 2286 4790 Iura
2307 4735 2419 4797 dat,
2452 4747 2517 4787 ac
2541 4730 2686 4786 dicto
2709 4729 2950 4785 carmine
2977 4728 3153 4784 vietor
3176 4726 3315 4781 obit.

402 4833 519 4900 Quo
543 4831 660 4885 loca
686 4830 862 4899 prima
885 4836 1034 4882 tenet
1054 4827 1301 4893 Genesis,
1322 4827 1623 4898 primordia
1648 4826 1836 4882 mundi
2086 4825 2287 4881 Dividit
2311 4824 2438 4880 hinc
2458 4822 2678 4893 proprio
2692 4829 2893 4876 terram
2918 4817 3189 4887 Navegius
3213 4815 3376 4870 beroe

474 4919 853 4987 Diluviomque
871 4930 1094 4980 canens,
1126 4924 1385 4988 gestaque
1404 4930 1598 4985 magna
1632 4923 1871 4985 patrum,
2155 4916 2340 4978 Libro,
2364 4913 2553 4969 deletis
2578 4912 2802 4967 urbibus
2827 4920 2990 4979 atque
3016 4907 3173 4963 locis.

402 5010 621 5066 Exodus
655 5006 948 5079 (Egyptum
981 5006 1197 5076 spoliat,
1223 5014 1374 5062 secat
1391 5020 1608 5075 :equora
1632 5005 1839 5073 Rubra,
2085 5008 2300 5064 Pridem
2328 5003 2607 5060 Iudicibus
2625 5002 2749 5074 quis
2780 5009 2838 5056 et
2860 4998 2994 5055 ordo
3022 4997 3265 5053 cucurrit
3293 5002 3348 5050 et
3369 4998 3543 5057 actus,

475 5099 672 5156 Pandit
692 5099 797 5152 iter
828 5098 1015 5163 eremi,
1042 5097 1262 5168 lympha
1292 5096 1366 5152 ibi
1390 5096 1583 5166 lexque
1600 5094 1783 5153 datur.
2154 5099 2513 5155 Continuante
2548 5095 2708 5166 stylo,
2739 5091 2980 5149 concinit
3002 5090 3127 5144 inde
3153 5100 3407 5157 sequens.

398 5192 528 5249 inde
553 5189 897 5247 sacerdotum
923 5196 1136 5259 gentem
1161 5187 1433 5244 Leviticus
1454 5195 1634 5256 ornat,
2082 5190 2316 5260 Moxque
2333 5187 2523 5244 sedent
2552 5199 2677 5255 quas
2705 5182 2853 5238 Ruth
2887 5178 3141 5237 Moabitis
3169 5174 3367 5239 femina
3393 5173 3585 5245 gessit,

470 5298 729 5372 ¢__Verst_ts
781 5295 1042 5372 inﬂante
1080 5297 1398 5372 Bibliorunt.
1455 5297 1683 5372 Perstat
1710 5296 1980 5366 hodieque
2084 5316 2246 5372 quam
2268 5301 2533 5365 hactenus
2556 5294 2957 5372 emendatiores
2983 5290 3194 5345 damus.
3228 5281 3666 5372 Egubigsjersl:

399 5368 455 5424 in
480 5355 1164 5447 Memmianabibliothcca
1188 5368 1391 5447 egregii
1422 5366 1605 5447 operis
1630 5355 1980 5447 illustrame-
2082 5355 2206 5447 tius,
2237 5355 2387 5425 etei
2431 5360 2610 5447 aperis
2648 5355 3500 5447 prmfati-on‘egqtta‘tl't‘

399 5420 918 5511 {sesumam
945 5420 1061 5511 ea;
1076 5420 1390 5494 iamsi-sa
1409 5420 1606 5502 snex,
1616 5449 1784 5511 9m
1807 5433 1981 5511 Theo‘
2081 5420 2884 5511 ip};.'n;‘.a;.uét)',j¢uig_.moa
2922 5420 3126 5511 negat
3151 5420 3333 5511 sua
3350 5420 3661 5511 resoluit}.

401 5489 1806 5578 causasuasiss‘n'JuEEi'ai-aaa“iisdem
1848 5504 1978 5578 ipsis
2081 5489 2541 5578 sagi-555452.32;
2562 5489 2932 5567 liis'librorum
2960 5500 3084 5572 quis
3111 5509 3369 5561 numerus
3412 5500 3469 5551 et
3495 5489 3666 5559 ordo,

401 5574 643 5633 versibus
675 5595 815 5651 quos
839 5578 894 5632 in
938 5578 1063 5635 libri
1110 5579 1288 5634 fronte
1333 5577 1539 5651 aureis
1570 5574 1976 5651 characteribus
2079 5574 2504 5651 perspicere'est.

400 5642 1021 5718 expressos'collocarat,
1052 5664 1297 5721 quosque
1335 5662 1479 5704 nunc
1525 5645 1761 5703 indidem
1804 5642 1975 5699 multo
