3892 6174
256 339 369 404 301

330 456 482 512 Clara
504 453 611 524 piis
637 447 850 506 meritis
875 489 888 514 ,
936 449 1080 504 clara
1110 457 1303 519 nepote
1329 451 1419 520 pio

261 547 695 615 Psalmicanique
723 552 897 607 actus,
928 551 981 598 et
1005 543 1174 611 iniqui
1199 553 1348 612 gesta
1367 542 1544 597 Saulis

327 641 504 695 Prime
529 651 871 707 sequensque
901 635 1040 689 liber
1071 636 1202 689 hinc
1229 633 1497 689 Samuelis
1529 635 1714 688 habes.

263 732 467 788 Tertius
493 737 548 782 et
575 736 802 798 quartus
829 767 844 790 ,
871 709 1156 780 Malachim
1193 725 1348 793 queis
1372 739 1569 778 nomen
1594 723 1826 787 inhaesit,

325 822 531 891 Regum
559 807 911 872 Hebraeorum
939 831 1004 871 ex
1033 817 1220 870 ordine
1242 825 1391 886 gesta
1417 824 1637 870 canunt.

259 911 392 966 Ilinc
417 911 572 965 sedet
591 908 780 971 lsaias,
809 905 1088 960 Christum
1114 907 1180 960 de
1202 906 1410 975 virgine
1434 906 1582 960 nasci

323 1001 425 1068 Qui
453 999 622 1063 canit,
653 1008 706 1051 et
735 1005 923 1068 gentes
951 997 1018 1050 ad
1042 997 1130 1066 pia
1151 996 1274 1066 jura
1298 1004 1472 1050 vocat.

259 1090 404 1146 llunc
429 1105 603 1160 prope
643 1087 910 1143 Jeremias
929 1127 948 1153 ,
977 1088 1070 1156 qui
1097 1087 1302 1156 virgam
1331 1087 1599 1157 ollamque
1626 1094 1825 1151 ωοωτ,

323 1183 524 1238 Ordine
563 1179 899 1250 quadruplici
929 1177 1112 1234 ﬂebile
1149 1179 1285 1233 texit
1309 1194 1467 1248 opus.

258 1275 500 1330 Partibus
529 1273 781 1328 Ezechiel
811 1273 1037 1327 summis
1058 1271 1318 1326 obscurus
1339 1279 1397 1325 et
1416 1271 1564 1336 imis,

319 1366 455 1422 Hinc
485 1373 575 1422 est
599 1365 766 1434 stirps
792 1364 883 1436 qui
911 1363 1148 1418 hominis
1185 1378 1336 1418 more
1363 1370 1589 1418 vocatur
1614 1363 1750 1417 heri.

254 1455 378 1511 Post
397 1457 684 1512 duodenus
710 1455 853 1509 inest
878 1461 1062 1509 vatum
1083 1453 1204 1524 pius
1230 1454 1364 1509 ordo
1391 1454 1682 1518 minorum,

317 1547 500 1618 Longe
531 1545 676 1600 aliud
703 1545 925 1616 signans
962 1561 1124 1613 quam
1162 1560 1260 1599 sua
1289 1545 1455 1600 verba
1477 1554 1690 1600 sonent.

255 1636 379 1691 Nam
401 1638 669 1693 mtuebam
693 1644 749 1690 et
766 1634 970 1705 prolem
1003 1633 1200 1704 Joscph
1231 1636 1423 1690 creber
1443 1635 1650 1689 intonat
1661 1633 1821 1698 Osce,

1583 339 1908 395 CARMINA.
1951 339 2076 394 LIB.
2119 340 2178 394 II.

1861 460 1910 520 Α

2009 451 2136 518 Qua:
2158 453 2301 522 plebi
2324 457 2528 508 extorri
2560 457 2781 526 lausque
2810 460 3082 532 decusque
3112 465 3232 533 fuit,
3371 437 3385 449 '

1931 546 2058 601 Post
2080 547 2215 602 liber
2248 557 2331 602 est
2356 550 2582 618 positus,
2613 552 2700 605 cui
2724 553 2818 606 dat
2841 553 3117 623 Sapientia
3146 577 3363 631 nomen,

2001 637 2150 703 Quod
2175 637 2378 692 Christi
2405 640 2671 696 adventus
2693 659 2945 715 morsque
2967 652 3199 718 patescit
3220 653 3314 710 ibi.

1930 729 2182 785 Protinus
2200 741 2416 800 aptatur
2440 734 2576 788 liber
2598 735 3010 796 Ecclesiastieus
3033 742 3144 807 isti,

1998 820 2114 886 Quo
2137 821 2224 890 pia
2247 819 2372 888 jura
2392 831 2607 888 sonant,
2643 825 2866 896 lausque
2900 827 3055 884 beata
3083 842 3322 902 patrum.

1930 908 2066 964 Ilinc
2093 911 2179 979 pia
2210 913 2520 981 pauperies,
2547 915 2720 982 pietas
2742 925 2797 971 et
2831 919 3028 987 opima,
3061 922 3216 977 beate

2004 1001 2096 1054 Est
2123 1002 2256 1056 Tobi
2285 1003 2426 1056 libro
2455 1004 2558 1057 rite
2581 1016 2762 1060 notata
2791 1016 2906 1062 tuo.

1930 1088 2198 1145 Scribitur
2219 1091 2446 1161 insignis
2473 1093 2663 1148 Judith
2691 1111 2820 1152 mox
2846 1097 3048 1154 femina
3086 1099 3215 1157 facti
3235 1143 3272 1169 ,.

1998 1181 2240 1236 Incestus
2265 1183 2463 1237 cecidit
2489 1199 2594 1252 qua
2619 1183 2846 1241 feriente
2867 1187 3037 1244 furor.

1929 1271 2064 1326 Hinc
2098 1273 2293 1342 gemini
2316 1273 2435 1326 libri
2473 1283 2748 1343 ponuntur
2778 1276 3207 1338 Machabaorum
3234 1324 3249 1348 ,

1995 1361 2160 1417 Gesta
2189 1364 2385 1432 quibus
2415 1363 2646 1418 fratrum
2669 1375 2924 1434 quattuor
2943 1369 3086 1424 alma
3111 1373 3316 1428 sedent.

1927 1450 2133 1506 Promit
2173 1461 2362 1521 aperta
2394 1469 2548 1509 nova:
2585 1454 2862 1511 Christum
2893 1458 3019 1514 hinc
3041 1459 3166 1530 [Μο.
3198 1459 3344 1515 Coto.
3371 1463 3500 1519 hinc

2804 1548 2978 1622 [hinc]
3015 1553 3244 1608 buccina
3273 1554 3426 1624 legis,

1999 1635 2258 1705 Tegmine
2277 1651 2440 1705 quem
2474 1637 2649 1707 typieo
2682 1640 2950 1708 prompsit
2978 1656 3143 1710 opera
3168 1651 3345 1698 vetus.

317 1727 646 1791 Samariam,
665 1717 927 1796 Ephraim
957 1765 973 1790 ,
1015 1723 1309 1781 Gesdrahel
1353 1723 1481 1795 [Ηε.
1510 1723 1663 1794 899.,
1689 1723 1822 1779 Ges-
1849 1795 1887 1801 _
1927 1725 2231 1791 Mattheus,
2257 1728 2490 1794 Marcus,
2517 1729 2713 1795 Lucas,
2740 1738 3064 1801 sanctusque
3087 1733 3326 1790 Joannes
3343 1775 3358 1797 ,

1193 1812 1390 1885 [rahel]
1419 1819 1475 1868 et
1505 1811 1743 1867 viduam.

253 1907 380 1963 llinc
406 1907 526 1963 Joel
546 1921 797 1962 eversum
821 1906 974 1977 prius
998 1906 1133 1960 atris
1158 1905 1401 1960 cladibus
1427 1905 1636 1969 orbem,

314 1999 574 2053 Flaminis
601 1998 894 2053 adventum
913 1995 1154 2051 concinit
1180 1995 1308 2049 inde
1333 1995 1431 2064 pii.

253 2089 487 2156 Quatuor
509 2103 661 2157 asque
681 2087 856 2142 tribus
885 2086 1095 2155 probris
1113 2099 1279 2155 regna
1307 2085 1550 2155 increpat
1562 2085 1746 2147 Amos.

314 2177 384 2232 Se
414 2188 470 2232 et
498 2177 700 2232 vidisse
713 2177 842 2231 boat
859 2176 1089 2246 mystica
1119 2173 1272 2244 plura
1301 2174 1456 2228 satis.

252 2267 484 2324 Percutit
513 2269 714 2322 Abdias
740 2269 889 2323 Edon
914 2266 1043 2321 almi
1070 2267 1294 2336 cuspide
1328 2265 1499 2328 verbi,

311 2357 565 2413 Emulus
595 2366 654 2412 et
688 2356 872 2412 fratris
907 2357 1052 2410 illius
1076 2369 1173 2410 ore
1202 2356 1331 2408 ruit.

248 2446 534 2520 Naufragio
557 2446 710 2504 Jonm
737 2449 982 2518 signatur
1009 2447 1188 2515 passio
1213 2445 1439 2510 Christi,

311 2537 521 2593 Ninivis
556 2548 615 2594 et
639 2540 804 2593 vitam
831 2537 1048 2592 nomine
1072 2537 1301 2591 mundus
1325 2536 1507 2591 habet.

248 2626 370 2682 Filia
416 2627 638 2684 latronis
672 2637 916 2683 vastatur
951 2627 1153 2680 famine
1181 2626 1392 2691 Michae,

307 2716 466 2784 Quod
494 2719 649 2774 ducis
669 2717 835 2772 Israel
862 2717 1064 2772 lmserit
1107 2716 1198 2770 illa
1227 2731 1414 2786 genas.

249 2808 383 2864 Voce
421 2807 590 2862 Naurn
617 2807 796 2877 pulsat
821 2807 1126 2870 constantis
1148 2805 1426 2876 sanguinis
1454 2807 1667 2870 urbem,

308 2899 718 2966 Pacicauosque
738 2897 866 2953 boat
887 2897 1091 2950 montis
1117 2897 1176 2949 in
1197 2911 1322 2949 arce
1348 2894 1533 2963 pedes.

248 2985 532 3043 llabbacuc
557 2989 774 3042 interno
807 2987 860 3040 in
894 3001 1057 3042 cruce
1081 2985 1357 3040 Christum
1381 2991 1591 3052 spectat
1619 2984 1814 3050 ocello,

309 3080 586 3135 Cornibus
614 3078 702 3133 his
718 3078 802 3132 vis
825 3087 926 3140 est,
953 3077 1070 3146 ejus
1091 3085 1278 3146 operta
1301 3073 1610 3148 sonat{Mss
1658 3074 1816 3147 399.,

1055 3166 1227 3238 (Colit.
1255 3176 1304 3221 et
1328 3165 1512 3231 Meam,
1549 3166 1745 3238 tonat].

248 3261 448 3318 Promit
468 3260 778 3330 Sephonias
804 3275 834 3313 a
861 3268 1018 3329 porta
1057 3266 1114 3316 et
1139 3259 1278 3313 colle
1303 3261 1446 3328 quod
1469 3258 1642 3324 audit,

307 3351 632 3421 Plangorem
670 3349 938 3416 indigenis
966 3345 1070 3401 fert
1094 3362 1311 3416 quoque
1337 3347 1444 3416 pila
1473 3347 1598 3401 tuis.

249 3440 461 3511 Aggeus
507 3439 778 3493 instaurat
813 3437 1069 3507 templum
1096 3476 1112 3501 ,
1153 3437 1466 3504 celsumque
1520 3435 1817 3494 Tonantem

311 3530 582 3584 Moturum
612 3529 808 3584 recinit
841 3544 1080 3598 aequora,
1113 3542 1260 3591 rura,
1290 3525 1495 3595 polum.

250 3618 466 3690 Mystica
493 3619 789 3675 Zacharias
822 3626 1107 3688 postquam
1140 3617 1287 3672 videt
1307 3616 1498 3672 ordine
1517 3617 1691 3687 plura,

311 3713 589 3776 Sessorem
615 3714 906 3768 Dominum
934 3713 1084 3778 dicit,
1107 3712 1294 3777 aselle,
1328 3719 1498 3767 tuum.

251 3805 462 3862 Munera
483 3807 780 3862 Malachias
795 3807 979 3876 populi
999 3807 1174 3876 inquit
1198 3807 1389 3861 abacta
1415 3806 1640 3876 prioris,

313 3896 536 3966 Agmina
561 3910 796 3964 cumque
823 3897 938 3950 suis
970 3896 1207 3966 gentium
1235 3904 1412 3950 amata
1450 3897 1587 3950 Deo.

246 3984 337 4042 Job
361 4001 576 4057 quoque
602 3987 770 4041 verba
801 3994 992 4040 tenens
1022 4001 1144 4040 cum
1191 3985 1360 4055 gestis
1386 3985 1510 4041 inde
1535 3985 1748 4040 libellus

307 4077 552 4142 Ponitur,
582 4075 674 4132 hic
701 4090 900 4146 parvus
929 4075 1167 4144 pondera
1195 4089 1389 4145 magna
1414 4075 1580 4130 vehit.

247 4165 358 4220 11ος
383 4167 560 4223 dulcis
585 4167 798 4222 dulcem
826 4166 1095 4236 depromit
1116 4167 1300 4221 cantio
1323 4165 1603 4222 Christum

309 4256 670 4322 Psalmorum,
697 4257 852 4328 lyrici
877 4271 1013 4326 quos
1033 4265 1271 4312 statuere
1293 4257 1479 4325 pedes.

243 4345 494 4403 Protinus
519 4348 705 4404 Ididia:
732 4349 972 4404 resident
998 4358 1108 4403 tres
1136 4349 1326 4403 ordine
1355 4347 1498 4413 libri,

308 4438 404 4493 Cui
430 4453 625 4494 nomen
657 4437 935 4503 Salomon,
965 4439 1081 4493 sive
1101 4437 1329 4493 Cohelet
1353 4439 1514 4493 inest.

242 4528 545 4600 Alloquitur
567 4531 777 4600 primus
794 4533 895 4585 sub
921 4531 1088 4600 prolis
1117 4532 1333 4586 nomine
1362 4540 1607 4597 cunctos,

308 4618 546 4690 Corrigit
571 4628 627 4674 et
655 4634 837 4674 mores
862 4620 1039 4674 ethica
1059 4620 1175 4691 lege
1214 4630 1327 4674 tua.
1409 4681 1412 4684 Α

239 4703 434 4761 Omnia
464 4722 598 4761 vana
625 4707 774 4761 canit
805 4707 969 4762 rutilo
996 4710 1096 4763 sub
1119 4709 1231 4763 sole
1261 4711 1548 4774 secundus,

309 4797 406 4851 Cui
434 4813 521 4852 res
546 4806 630 4852 est
668 4799 921 4869 physicas
939 4814 1263 4854 enumerare
1282 4800 1455 4854 labor.

241 4888 455 4945 Tertius
483 4889 740 4946 Ecclesia:
773 4891 1071 4945 thalamum
1101 4891 1410 4960 Christique
1436 4899 1717 4962 perornat,

309 4978 494 5036 Rebus
521 4987 579 5035 et
597 4980 656 5035 in
677 4979 865 5049 logicis
892 4982 1124 5037 vertitur
1146 4979 1262 5048 ejus
1285 4997 1442 5052 opus.

241 5066 365 5124 Inde
391 5071 766 5139 philistoricus
787 5071 976 5126 Daniel
1009 5081 1094 5126 est
1120 5072 1284 5127 totius
1304 5073 1476 5137 orbis,

311 5159 501 5226 Omnia
531 5163 626 5233 qui
664 5162 892 5232 lapidem
924 5162 1173 5234 frangere
1207 5179 1370 5232 regna
1399 5163 1564 5220 canit.

240 5247 380 5306 Hinc
403 5252 507 5306 duo
538 5262 814 5322 ponuntur
843 5295 856 5318 ,
880 5255 1036 5324 queis
1058 5269 1254 5308 nomen
1278 5254 1454 5308 Verba
1473 5251 1685 5306 dierum
1711 5261 1806 5319 est.

311 5335 565 5398 Promere
592 5346 708 5399 sive
730 5345 888 5400 labor
915 5353 1063 5414 gesta
1082 5359 1356 5415 genusque
1385 5345 1600 5399 dueum.

240 5428 466 5488 Ponitur
496 5433 629 5489 hinc
655 5433 877 5498 Esdras,
901 5435 1073 5506 legem
1097 5435 1462 5505 templumque
1488 5433 1814 5502 reformans,

313 5521 380 5576 Et
409 5526 636 5581 reditum
686 5526 889 5582 Israhel
920 5528 988 5583 ad
1041 5544 1138 5584 sua
1194 5543 1358 5599 regna
1385 5527 1543 5600 [Μοσ.
1574 5527 1728 5600 Reg.,
1771 5539 1818 5583 et

1117 5618 1316 5691 [Colb.,
1349 5617 1499 5690 rura]
1525 5633 1746 5682 canens,

246 5700 604 5778 Ecclesiazque
631 5715 817 5780 typum
865 5709 1110 5767 referens
1142 5725 1265 5765 mox
1297 5709 1553 5765 scribitur
1599 5709 1816 5775 Esther,

1848 1795 1895 1854 Β
1994 1818 2112 1872 V’ox
2138 1827 2288 1873 tonat
2309 1820 2453 1872 hunc
2473 1820 2666 1874 horum
2685 1830 2946 1890 quattuor
2965 1795 3072 1876 una
3099 1823 3278 1879 simul.

1923 1908 2138 1964 Primus
2160 1911 2228 1964 ab
2257 1911 2490 1976 humana
2514 1912 2640 1980 quia
2653 1914 2824 1981 cmpit
2853 1927 3103 1982 promere
3134 1923 3319 1985 gente,

1993 1994 2223 2050 Humani
2250 1996 2480 2051 formam
2502 1997 2798 2054 schematis
2825 1999 2949 2054 inde
2971 2000 3136 2055 vehit.

1919 2087 2054 2140 Avia
2085 2088 2312 2142 terribili
2334 2089 2654 2161 perstringit
2679 2105 2812 2146 voce
2830 2092 3120 2158 secundus,

1992 2176 2260 2233 Scribitur
2295 2187 2352 2233 et
2389 2181 2600 2250 species
2622 2181 2748 2236 inde
2775 2181 2950 2238 leonis
2977 2183 3051 2237 ei.

1919 2265 2121 2335 Estque
2148 2269 2439 2323 sacerdotii
2461 2270 2589 2339 quia
2614 2271 2778 2326 rebus
2805 2272 3003 2328 tertius
3029 2286 3212 2336 orsus,

1989 2357 2186 2412 Forma
2214 2357 2517 2426 juvenealis
2545 2361 2675 2416 hinc
2695 2361 2802 2416 sibi
2827 2362 2932 2418 rite
2948 2362 3130 2418 datur.

1919 2448 1964 2502 It
1992 2448 2120 2516 quia
2141 2449 2431 2503 verborum
2455 2451 2648 2520 pennis
2677 2465 2840 2521 super
2867 2451 3070 2507 aethera
3099 2462 3352 2524 quartus,

1981 2538 2118 2594 lline
2145 2541 2338 2610 aquilae
2359 2543 2632 2611 specimen
2661 2542 2806 2598 celsa
2835 2545 3071 2612 petentis
3098 2544 3278 2600 habet.

1917 2628 2162 2696 Quatuor
2190 2641 2354 2702 atque
2377 2634 2566 2688 decem
2607 2635 2707 2690 hos
2730 2633 2880 2687 Pauli
2923 2635 3122 2704 scripta
3169 2647 3491 2708 sequuntur.

1989 2725 2119 2794 Quae
2139 2728 2258 2782 orbi
2286 2731 2431 2785 misit
2449 2731 2588 2796 ovis,
2614 2733 2706 2800 qui
2734 2731 2891 2801 lupus
2919 2741 3046 2786 ante
3069 2731 3191 2788 fuit.

1919 2817 2233 2873 Romulidas
2264 2827 2482 2874 revocat
2507 2837 2540 2875 a
2566 2821 2700 2892 legis
2729 2822 2968 2892 pondere
2994 2823 3194 2891 prima,

1989 2909 2166 2979 Atque
2188 2911 2554 2980 evangelieam
2591 2921 2782 2968 censet
2811 2914 3015 2969 habere
3042 2914 3220 2970 fidem.

1918 2997 2156 3055 Arcades
2183 2999 2394 3055 illectos
2423 3002 2636 3057 diverso
2660 3018 2848 3059 errore
2885 3005 3124 3059 secunda

1990 3089 2072 3144 Ad
2098 3105 2281 3145 veram
2313 3091 2529 3161 scriptis
2553 3100 2817 3148 convocat
2846 3093 2988 3146 alma
3007 3093 3189 3148 ﬁdem.

1920 3177 2248 3235 Pmnituisse
2274 3179 2474 3249 placet,
2503 3181 2710 3236 solatur
2735 3181 2895 3236 tertia
2918 3183 3160 3246 eosdem,

1989 3265 2348 3336 Laudansque
2371 3269 2617 3324 hortatur
2637 3270 2706 3324 ad
2734 3270 2962 3325 meliora
2993 3271 3173 3325 simul.

1920 3354 2002 3410 Ad
2031 3354 2155 3410 fidei
2171 3355 2393 3410 Galatas
2417 3357 2634 3411 deducit
2658 3367 2852 3426 quarta
2877 3359 3139 3428 vigorem,

1988 3445 2104 3512 Qua
2130 3453 2313 3514 spreta
2345 3460 2547 3514 pronos
2577 3446 2779 3515 grande
2800 3447 3083 3514 premebat
3105 3462 3260 3502 onus.

1917 3536 2116 3604 Quinta
2149 3535 2348 3607 Ephesi
2384 3534 2612 3605 populos
2660 3538 2986 3591 venerandis
3016 3536 3263 3593 laudibus
3314 3538 3489 3608 effert,

1990 3626 2143 3694 Quod
2170 3633 2414 3682 sanctam
2445 3625 2862 3694 haudquaquam
2888 3625 3177 3681 deseruere
3200 3627 3382 3683 ﬁdem.

1919 3714 2082 3770 Sexta
2106 3715 2486 3784 Philippenses
2505 3714 2736 3778 solatur,
2771 3713 2970 3778 laudat,
2993 3724 3051 3769 et
3075 3724 3256 3782 ornat,

1987 3805 2314 3861 Constanter
2343 3806 2468 3861 ﬁdei
2503 3805 2646 3872 quod
2672 3813 2894 3860 tenuere
2925 3805 3108 3860 decus.

1917 3893 2148 3965 Moxque
2171 3894 2522 3951 Colossenses
2547 3902 2855 3964 praevontos
2875 3894 3103 3964 septima
3129 3894 3284 3954 falsis

1981 3987 2206 4042 Vatibus
2219 3987 2475 4052 instituit,
2497 3987 2745 4058 corrigit,
2771 3995 2933 4057 atque
2952 3988 3131 4043 docet.

1918 4075 2176 4132 Thessala
2205 4092 2366 4146 quam
2387 4077 2572 4148 genuit
2595 4076 2739 4132 favet
2758 4077 2886 4132 hinc
2914 4086 3104 4134 octava
3126 4087 3380 4141 catervae.

1990 4169 2253 4239 Tempora
2280 4171 2423 4238 quod
2444 4184 2567 4223 cum
2592 4177 2774 4224 essent
2810 4169 3012 4232 nubila,
3044 4169 3199 4224 firma
3217 4169 3393 4228 stetit.

1915 4257 2129 4312 Extima
2165 4258 2321 4326 queis
2343 4259 2506 4312 etiam
2530 4257 2775 4326 pnedicit
2802 4266 3044 4326 tempora
3074 4273 3239 4323 noua,

1979 4345 2164 4412 Quove
2191 4347 2264 4400 sit
2289 4354 2407 4399 atra
2432 4347 2550 4400 lues
2577 4347 2878 4415 dejicienda
2915 4349 3095 4402 modo.

1916 4433 1987 4486 At
2015 4433 2236 4490 decima:
2256 4441 2438 4489 textus
2461 4435 2803 4490 Timotheum
2825 4435 3098 4500 infamat,
3126 4445 3183 4492 et
3211 4446 3365 4508 aptat

1988 4523 2244 4578 Ecclesia:
2265 4525 2318 4578 in
2333 4524 2515 4589 rebus,
2538 4524 2923 4595 ordinibusque
2942 4527 3132 4582 sacris.

1917 4612 2200 4684 Temporis
2235 4613 2520 4672 undecima
2545 4615 2783 4682 supremi
2807 4615 3006 4684 probra
3029 4624 3319 4686 canuntur,

1987 4706 2386 4774 Instruiturque
2410 4707 2512 4760 viis
2539 4705 2789 4762 clunibus
2811 4706 2900 4762 ille
2927 4708 3103 4763 bonis.

1916 4797 2140 4850 Instruit
2167 4796 2291 4851 inde
2319 4796 2503 4851 Titum
2531 4797 2756 4852 decima:
2781 4796 3069 4866 subiuncta
3094 4801 3354 4868 secunda,

1989 4887 2105 4953 Quo
2130 4889 2264 4943 vitet
2295 4888 2551 4953 haereses,
2571 4889 2856 4959 presbyter
2882 4904 3003 4944 esse
3027 4897 3210 4960 queat.

1918 4979 2103 5034 Tertio
2129 4988 2250 5048 post
2275 4980 2542 5036 decimam
2563 4981 2652 5050 pia
2679 4981 2772 5035 dat
2801 4981 2896 5038 tibi
2918 4981 3083 5038 verba
3109 4981 3415 5049 Philemon,

1989 5070 2116 5136 Quae
2154 5071 2325 5125 Roma
2343 5071 2556 5126 vinctus
2595 5071 2743 5128 misit
2766 5071 2834 5126 ab
2853 5074 2988 5128 urbe
3014 5082 3193 5142 pater,

1919 5161 2119 5215 Ultima
2140 5177 2236 5230 per
2259 5164 2392 5233 legis
2411 5172 2703 5231 vatumque
2722 5165 2942 5220 oracula
2969 5163 3243 5220 Christum

1991 5252 2231 5306 Hebrzeis
2251 5253 2456 5321 prolem
2482 5254 2739 5322 pradicet
2762 5269 2882 5310 esse
2905 5255 3021 5310 Dei.

1921 5339 2016 5397 llis
2041 5352 2166 5398 sunt
2203 5344 2482 5400 catholicae
2505 5345 2803 5416 subiuncta
2829 5361 2896 5402 ex
2919 5347 3111 5402 ordine
3146 5353 3348 5414 septem

1990 5435 2226 5507 Paginze,
2249 5437 2543 5508 apostolico
2569 5453 2706 5507 quas
2725 5440 2867 5507 rapit
2899 5452 2994 5493 ore
3017 5435 3205 5503 stylus.

1921 5523 2139 5581 Scilicet
2175 5541 2278 5579 una
2299 5526 2372 5594 pii
2400 5523 2608 5590 Jacobi,
2632 5526 2887 5594 Petrique
2921 5521 3182 5594 gemelli.

1997 5616 2132 5671 Sunt
2153 5626 2262 5671 tres
2289 5615 2534 5682 Joannis,
2573 5634 2679 5672 una
2702 5619 2776 5672 ibi
2806 5615 2942 5674 Juda
2979 5621 3068 5666 tua
3092 5620 3198 5666 est.

1922 5707 2310 5778 Complentquc
2339 5707 2632 5763 Ecclesiam
2662 5705 2897 5776 generali
2918 5705 3170 5776 dogmate
3192 5709 3380 5762 totam.
