3998 6182
360 362 473 416 ὖὉό

436 472 838 536 lnstituuntque
860 465 1038 528 fidem,
1057 472 1252 530 jusque
1275 456 1464 511 salutis
1485 453 1702 508 habent.

369 567 505 623 Hinc
532 565 600 618 ad
626 559 969 632 apostolicos,
999 567 1134 622 quos
1156 551 1326 604 Lucas
1355 545 1581 616 protulit
1609 546 1797 604 Actus,

438 658 485 711 lt
511 654 701 726 stylus,
734 646 988 704 Ecclesiae
1009 643 1099 713 qui
1132 655 1267 694 nova
1291 647 1443 708 gesta
1469 642 1689 690 canunt.

370 748 519 803 Visio
541 725 729 800 sancta
751 740 935 801 libros,
962 749 1081 804 qua:
1104 739 1291 786 sancto
1319 730 1434 782 visa
1461 725 1657 780 Joanni
1682 733 1785 787 est,

435 836 670 899 Claudit,
693 840 748 888 et
772 842 972 884 arcano
1001 824 1172 878 limite
1203 823 1381 893 signat
1407 835 1521 884 eos,

371 934 484 987 Hoc
514 925 818 984 testamenti
841 921 1162 988 Veterisque
1181 917 1428 986 Novique
1455 914 1556 968 sub
1582 925 1688 964 uno

439 1020 584 1077 Calle
620 1023 811 1086 patens
839 1011 1044 1065 bivium
1070 1009 1218 1063 ducit
1239 1006 1304 1060 ad
1326 1005 1436 1058 alta
1462 1002 1590 1073 poli.

373 1113 473 1168 llic
501 1110 650 1165 cibus
677 1115 883 1162 aeterno
913 1101 1078 1157 satiat
1127 1096 1424 1168 praecordia
1445 1101 1628 1164 pastu,

447 1201 788 1268 Justitizeque
823 1195 1043 1258 famem,
1064 1207 1171 1261 quo
1197 1202 1353 1258 mage
1373 1188 1622 1248 habetur,
1651 1182 1745 1235 alit

372 1290 470 1345 llic
501 1287 882 1360 paradisigeno
906 1282 1130 1336 veniens
1155 1279 1220 1332 de
1242 1275 1452 1347 gurgite
1477 1281 1634 1342 potus
1651 1312 1666 1334 ,

445 1383 617 1450 Quem
654 1392 762 1448 quo
787 1375 904 1446 plus
926 1372 1048 1442 quis
1075 1370 1218 1434 adit,
1258 1368 1380 1438 plus
1404 1366 1519 1420 sitit
1536 1379 1694 1419 omne
1723 1364 1942 1417 bonum.

373 1473 506 1527 Haec
541 1470 672 1523 tuba
698 1463 956 1521 terribilis
990 1461 1161 1528 mugit
1183 1474 1278 1528 per
1299 1456 1534 1525 compita
1565 1452 1770 1517 mundi,

445 1559 613 1614 Mittit
628 1556 956 1626 terrigenum
985 1550 1054 1605 ad
1081 1549 1266 1604 coelica
1293 1562 1457 1617 regna
1487 1560 1675 1615 genus.

377 1652 506 1708 Haec
526 1650 619 1704 lux
642 1645 944 1703 horrendas
963 1655 1207 1697 errorum
1230 1639 1435 1693 decutit
1457 1637 1702 1698 umbras,

445 1743 562 1811 Qua
594 1741 826 1796 retinent
853 1735 1049 1790 mentis
1094 1740 1146 1786 te
1181 1731 1268 1785 via
1293 1738 1441 1784 recta
1470 1727 1655 1798 pedes.

381 1835 520 1891 Sunt
543 1834 631 1887 hic
657 1829 786 1884 Jura
812 1827 906 1882 Dei
933 1824 1173 1881 tenebris
1196 1821 1455 1876 nudantia
1481 1819 1740 1874 mundum
1759 1858 1772 1881 ,

449 1921 822 1995 Splendidiora
849 1916 1033 1981 astris,
1061 1913 1372 1970 candidiora
1397 1912 1537 1965 nive.
1605 1963 1618 1974 ,

377 2016 526 2071 Justa
547 2013 758 2083 jubent,
787 2010 981 2080 injusta
1017 2013 1221 2071 vetant,
1260 2003 1402 2059 mala
1433 2009 1629 2057 cuncta
1657 1999 1925 2063 recidunt,

437 2105 678 2161 Virtutes
711 2102 955 2173 gignunt,
979 2097 1179 2168 probra
1204 2094 1395 2165 fugant
1421 2095 1576 2148 vitia.

374 2197 484 2251 Lex
513 2194 747 2267 pretiosa
774 2191 870 2245 Dei
893 2197 998 2254 est,
1035 2188 1164 2258 quid
1197 2186 1342 2242 enim
1373 2183 1668 2255 pretiosius
1700 2181 1809 2244 illa,

448 2285 624 2352 Quam
654 2280 1053 2344 dat‘fonsvitaz,
1073 2278 1166 2332 lux
1189 2285 1246 2332 et
1264 2276 1416 2346 origo
1437 2273 1602 2329 boni?

379 2375 477 2430 Est
519 2372 762 2428 doctrina
786 2377 978 2440 potens
1006 2408 1020 2434 ,
1057 2379 1426 2436 superansque
1474 2362 1704 2418 scientia
1730 2367 1957 2415 cunctas

1295 2455 1424 2527 [Με.
1456 2453 1612 2525 Reg.,
1646 2450 1883 2524 cuncta],

458 2553 558 2608 Cui
583 2551 727 2606 valet
749 2547 952 2618 aequari
977 2546 1124 2601 nulla
1153 2546 1253 2600 sub
1276 2559 1377 2599 axe
1398 2543 1524 2613 poli.

383 2640 481 2700 Cui
509 2641 555 2696 si
582 2655 744 2710 quam
768 2639 955 2707 cupias
984 2651 1146 2692 sensu
1175 2633 1423 2690 conferre
1452 2631 1535 2686 vel
1559 2638 1696 2697 arto,

447 2733 526 2801 U1,
542 2733 682 2788 caelo
707 2732 884 2797 tellus,
916 2731 1032 2784 haec
1054 2730 1126 2783 ita
1151 2728 1304 2784 cedet
1327 2727 1396 2782 ei.

386 2823 658 2892 Quidquid
686 2823 739 2876 in
767 2820 1014 2892 ingenuis
1039 2820 1312 2874 mundana
1352 2818 1576 2874 discitur
1598 2825 1716 2871 arte

455 2914 699 2977 Artibus,
741 2911 831 2966 hic
851 2911 1022 2965 currit
1063 2910 1315 2964 liberiore
1358 2910 1462 2963 via.

391 3004 541 3072 Quod
568 3003 779 3058 ratione
799 3002 964 3071 viget,
987 3000 1069 3054 vel
1091 2998 1349 3068 quidquid
1371 3006 1583 3052 amatur
1613 2997 1666 3051 in
1693 2995 1822 3060 illis,

460 3092 574 3147 Hoc
595 3107 626 3145 a
651 3091 798 3145 fonte
817 3098 981 3154 meat,
1003 3086 1162 3156 hujus
1189 3087 1257 3140 ab
1270 3101 1427 3140 amne
1451 3085 1587 3140 tluit.

389 3183 630 3250 Cumque
654 3181 754 3236 has
777 3182 828 3234 in
859 3181 1069 3236 cunctis
1104 3179 1306 3244 vincat,
1336 3178 1483 3232 fandi
1517 3177 1710 3232 ordine
1737 3176 1928 3243 vincit,

461 3271 611 3338 Quod
643 3285 890 3325 sermone
913 3284 1024 3324 uno
1050 3269 1215 3323 multa
1251 3269 1485 3322 notanda
1520 3267 1697 3322 docet.

393 3362 691 3418 Verborum
717 3369 881 3431 atque
916 3375 1080 3415 unum
1120 3376 1226 3415 non
1256 3368 1472 3414 mutans
1504 3360 1722 3414 tramite
1751 3358 1963 3423 callem,

466 3451 556 3505 Sic
582 3451 763 3521 plures
785 3465 928 3504 unus
955 3465 1044 3504 res
1068 3451 1205 3504 bene
1232 3463 1409 3504 sermo
1443 3456 1618 3503 tonat.

394 3544 484 3598 Sic
514 3550 700 3596 narrat
729 3550 956 3606 textum,
987 3548 1167 3595 tamen
1197 3550 1255 3593 ut
1285 3541 1542 3610 mysteria
1582 3539 1796 3610 prodat,

467 3632 666 3700 Majora
698 3632 950 3694 insinuat,
981 3631 1108 3684 dum
1131 3630 1289 3684 modo
1316 3645 1511 3700 magna
1535 3629 1700 3683 canit.

398 3725 698 3796 Magnaque
725 3725 804 3778 sic
830 3723 1014 3792 parvis
1042 3722 1334 3789 componit,
1369 3721 1593 3790 parvula
1622 3721 1853 3790 magnis,

470 3817 664 3870 Actum
691 3821 750 3866 ut
773 3827 870 3880 per
902 3811 1063 3864 vilem
1090 3819 1202 3863 tum
1242 3810 1477 3877 pretiosa
1515 3817 1690 3863 sonet.

402 3906 458 3958 ln
490 3919 548 3957 re
571 3901 842 3972 praeterita
868 3908 1134 3952 monstrat
1157 3897 1428 3952 narrando
1457 3897 1715 3962 futuram,

477 3991 604 4046 Haec
633 3989 894 4053 referens,
922 3987 1062 4042 miro
1090 3988 1350 4058 priedicat
1383 3987 1472 4042 illa
1506 3989 1684 4043 modo.

405 4084 538 4138 Acta
565 4083 641 4136 ita
676 4079 956 4142 describit,
990 4087 1048 4132 ut
1079 4078 1269 4147 agendi
1299 4077 1545 4132 conferat
1571 4087 1762 4143 artem,

476 4173 534 4228 In
567 4185 627 4226 re
654 4185 754 4226 ceu
784 4169 926 4224 facta
953 4177 1007 4223 te
1041 4167 1286 4222 facienda
1317 4176 1520 4223 monet.

406 4261 648 4318 Pondere
675 4259 742 4314 de
767 4272 948 4312 rerum
975 4267 1149 4321 taceo,
1172 4255 1295 4325 quis
1323 4256 1530 4327 singula
1559 4255 1721 4311 fando

477 4350 761 4421 Expediat,
785 4350 948 4404 decus
978 4349 1082 4402 hoc
1109 4348 1263 4417 queis
1288 4347 1419 4402 cluit
1447 4358 1610 4418 atque
1629 4348 1810 4419 viget?

409 4447 538 4515 Quae
557 4460 663 4500 non
689 4443 870 4498 clausa
895 4450 1121 4508 metum,
1153 4441 1367 4498 fastidia
1396 4457 1504 4496 non
1537 4442 1630 4496 dat
1658 4450 1843 4511 aperta
1874 4456 1888 4495 :

481 4534 595 4590 Non
617 4534 707 4588 hic
737 4532 972 4587 deterret
1004 4549 1017 4584 :
1051 4546 1155 4588 non
1180 4531 1250 4585 ibi
1278 4531 1400 4585 vilis
1429 4532 1590 4586 inest.

412 4627 509 4682 llic
534 4640 657 4696 spes
683 4623 876 4694 quaerit
893 4638 1034 4688 eam,
1076 4629 1224 4677 tenet
1250 4621 1361 4676 illic
1388 4629 1636 4690 prompta
1663 4619 1911 4684 facultas,

482 4719 600 4785 Quo
621 4719 750 4772 latet
773 4723 1013 4780 exercet,
1036 4729 1143 4783 quo
1164 4721 1316 4782 patet
1348 4713 1450 4767 ista
1476 4713 1645 4767 cibat.

414 4809 660 4863 Fortium
692 4807 744 4859 in
767 4805 1014 4860 obscuris
1034 4811 1252 4858 exercet
1275 4801 1461 4871 praelia
1488 4801 1665 4865 dictis,

489 4895 566 4950 Te
594 4907 843 4949 sermone
869 4893 1059 4947 humili
1087 4891 1312 4959 parvula
1341 4891 1498 4944 turba
1526 4889 1690 4943 fovet.

418 4986 671 5042 Fortibus
697 4992 781 5038 est
804 4983 978 5051 panis,
1009 4980 1216 5049 pusillis
1245 4980 1452 5034 lacteus
1477 4979 1691 5041 humor,

492 5076 603 5131 Hos
630 5073 815 5129 solidis
837 5072 1084 5142 dapibus,
1111 5071 1211 5126 hos
1235 5085 1336 5140 ope
1354 5069 1512 5124 lactis
1539 5068 1651 5123 alit.

421 5168 590 5225 Curat
615 5179 766 5218 more
793 5163 948 5228 meri,
979 5162 1088 5216 ritu
1112 5161 1382 5216 demulcet
1402 5159 1529 5215 olivi

496 5253 810 5312 Multimodo
836 5261 1020 5322 aptatu
1049 5253 1129 5308 sic
1155 5253 1316 5307 datur
1338 5266 1444 5306 una
1472 5251 1636 5306 salus.

425 5348 551 5404 Hinc
577 5346 744 5403 etiam
766 5343 985 5398 assiduo
1009 5341 1224 5397 fastidia
1249 5342 1474 5412 derogat
1501 5356 1624 5402 usu,

495 5438 722 5508 Quoque
752 5435 924 5504 magis
947 5434 1186 5504 capitur,
1213 5431 1474 5502 quaeritur
1495 5430 1619 5486 inde
1643 5430 1834 5499 magis.

428 5527 695 5599 Pluraque
723 5541 849 5583 cum
875 5525 1087 5582 soleant
1117 5522 1376 5578 meditatu
1407 5522 1723 5576 horrescere
1749 5518 1961 5589 grandi,

503 5619 670 5689 Hujus
697 5636 848 5676 amor
871 5634 980 5690 quo
1009 5617 1129 5687 plus
1161 5616 1277 5670 haec
1312 5612 1604 5669 meditatur
1638 5611 1810 5666 adest.

434 5705 662 5777 Adiuvat
690 5711 806 5767 hate
832 5711 1070 5770 animum
1097 5707 1285 5766 humili
1317 5719 1565 5763 sermone
1593 5703 1841 5774 legentis,

1379 338 1766 396 THEODULFI
1808 329 2364 390 AllRELIANENSlS
2405 327 2616 384 EPISC.

1964 452 2013 508 Α
2113 442 2374 498 Sensibus
2399 448 2452 494 et
2474 439 2636 492 celsis
2658 437 2724 492 ad
2752 434 2965 505 potiora
2995 433 3159 493 levat.

3520 320 3624 374 30‘

2043 537 2176 589 Nam
2214 548 2272 588 se
2300 532 2560 587 lectorum
2588 529 2803 583 rudium
2833 528 2969 582 bene
2998 536 3158 580 nosse
3182 532 3402 578 caterva

2113 625 2264 679 Hanc
2287 632 2457 686 ratur,
2481 628 2537 674 at
2559 619 2731 674 doctis
2760 619 2875 672 haec
2897 631 3033 685 nova
3054 628 3268 683 semper
3294 614 3453 681 inest.

2045 718 2184 784 Quid
2215 716 2360 785 quod
2388 714 2456 767 ad
2486 713 2753 766 :ethereas
2775 707 2957 779 populi
2987 713 3145 761 vocat
3164 703 3379 775 agmina
3410 699 3588 764 sedes.

2115 810 2182 862 Et
2203 809 2313 861 vita
2338 805 2575 861 associat
2601 817 2708 857 non
2739 801 2980 871 peritura
3013 797 3147 852 tibi?

2044 903 2158 969 Qua
2188 901 2495 955 mundanus
2520 912 2674 951 amor
2706 892 2926 964 refugit,
2953 890 3257 958 crescitque
3287 900 3576 956 supernus,

2114 990 2291 1044 Vertit
2309 997 2365 1042 et
2401 989 2468 1042 ad
2492 985 2684 1040 melius
2713 983 2874 1038 corda
2897 979 3127 1052 legentis
3146 993 3301 1048 opus.

2045 1082 2192 1138 Adde
2217 1079 2361 1150 quod
2381 1077 2642 1146 exemplis
2671 1074 2970 1129 mundanos
2999 1070 3223 1126 instruit
3250 1075 3425 1130 actus,

2119 1175 2188 1228 Et
2214 1175 2300 1228 via
2323 1171 2567 1228 consiliis
2593 1169 2695 1223 hac
2724 1168 2996 1221 tribuente
3017 1170 3186 1234 patet.

2048 1265 2267 1320 Scilicet
2293 1264 2383 1318 hic
2415 1261 2735 1332 quisquam,
2767 1257 2955 1314 didicit
2982 1257 3108 1311 dum
3138 1261 3288 1326 gesta
3323 1251 3588 1322 priorum,

2115 1355 2254 1421 Quid
2283 1353 2455 1407 vitare
2481 1359 2644 1422 queat
2666 1349 2863 1420 quidve
2891 1355 3147 1416 sequatur
3174 1344 3355 1398 habet.

2047 1445 2241 1500 Erudit
2265 1443 2504 1499 externis
2525 1441 2774 1512 proprios
2803 1440 2882 1494 sic
2911 1437 3121 1492 actibus
3150 1442 3322 1497 actus,

2118 1533 2342 1604 Nonque
2372 1533 2485 1587 suis
2519 1546 2616 1586 sua
2644 1530 2723 1584 sic
2751 1528 2894 1582 dicta
2923 1525 3008 1578 vel
3037 1530 3157 1578 acta
3187 1521 3344 1591 regit.

2051 1624 2273 1695 Singula
2300 1623 2421 1693 quis
2456 1620 2697 1676 referat?
2729 1630 2953 1672 numero
2984 1612 3318 1668 transcendit
3346 1623 3590 1674 arenam,

2124 1716 2187 1768 Et
2215 1714 2407 1784 pluviae
2437 1721 2616 1784 guttas
2649 1711 2784 1781 legis
2809 1709 3021 1778 opimus
3047 1706 3238 1761 honos.

1978 1791 2022 1849 Β
2050 1808 2147 1863 Cui
2172 1809 2261 1877 qui
2291 1807 2559 1862 lecturum
2591 1804 2717 1859 totis
2745 1809 2795 1855 te
2826 1799 3034 1854 nisibus
3062 1796 3234 1860 addis,

2123 1906 2379 1975 Quisquis
2407 1920 2486 1968 es,
2516 1904 2720 1959 intenta
2741 1899 2949 1969 poscito
2972 1904 3153 1952 mente
3173 1894 3360 1949 Deum.

2055 1998 2124 2054 Ut
2148 2005 2239 2051 tua
2268 1996 2563 2050 clementer
2589 2007 2713 2048 cum
2753 1992 2858 2044 hoc
2887 1994 3105 2043 nectare
3133 1985 3297 2040 corda
3327 1982 3549 2043 revisat.

2124 2086 2364 2154 Cumque
2393 2085 2496 2138 hoc
2521 2082 2789 2136 inhabitet
2820 2077 3055 2149 pectoris
3084 2083 3238 2130 antra
3266 2073 3364 2128 tui.

2056 2179 2169 2233 Hac
2193 2177 2448 2232 veniente
2471 2182 2574 2228 tuae
2595 2171 2866 2241 pandatur
2886 2168 3051 2238 janua
3077 2166 3298 2230 mentis,

2128 2267 2243 2334 Qua
2267 2266 2529 2320 nitidante
2557 2261 2706 2318 omni
2737 2259 2896 2316 sorde
2929 2271 3117 2314 carere
3147 2263 3328 2327 queat.

2058 2355 2360 2426 Hospitium
2383 2369 2491 2422 quo
2519 2357 2739 2423 praestet
2761 2351 2812 2404 ei
2832 2349 2925 2418 qui
2951 2348 3191 2404 condidit
3217 2344 3387 2409 illam,

2127 2448 2264 2503 Cum
2285 2447 2402 2517 lege
2423 2447 2565 2500 hanc
2595 2445 2754 2499 adeat
2777 2442 2912 2510 legis
2932 2449 2987 2496 et
3013 2441 3128 2509 ipse
3159 2439 3336 2494 dator.

2060 2537 2180 2593 Non
2204 2544 2256 2591 te
2281 2534 2541 2605 pervadat
2559 2532 2750 2597 fastus,
2783 2545 2891 2585 non
2915 2529 3085 2600 gloria
3111 2527 3298 2590 fallax,

2132 2628 2250 2683 Non
2276 2641 2429 2681 vana:
2455 2632 2550 2680 aut
2573 2638 2756 2678 vacua:
2787 2623 2856 2677 sit
2879 2622 2975 2676 tibi
3000 2619 3174 2675 laudis
3200 2632 3371 2674 amor.

2061 2718 2301 2790 Spiritus
2331 2713 2548 2784 effugiet
2581 2719 2800 2767 sanctus
2830 2709 2944 2766 fera
2971 2716 3192 2779 pectora
3224 2706 3359 2770 (icti,

2134 2811 2245 2867 Nec
2272 2810 2544 2865 habitator
2572 2808 2684 2863 adit
2707 2821 2936 2875 corpora
2953 2818 3143 2875 pressa
3173 2800 3353 2855 malis.

2065 2895 2267 2958 Sit‘tibi
2288 2915 2443 2954 mens
2468 2897 2706 2962 humilis,
2733 2911 2827 2951 cor
2853 2895 3109 2964 prudens,
3135 2891 3277 2946 actio
3305 2889 3530 2953 munda,

2131 2992 2221 3048 Sit
2257 2991 2453 3046 florens
2478 2988 2739 3052 studium,
2770 2986 2843 3039 sit
2861 2984 3079 3054 pietatis
3104 2996 3257 3051 opus.

2067 3085 2270 3142 Crebra
2297 3083 2369 3138 sit
2397 3082 2453 3135 in
2480 3086 2665 3134 sancta
2696 3076 2906 3130 tibimet
2932 3074 3211 3128 meditatio
3244 3071 3382 3141 lege,

2135 3175 2340 3228 Instato
2367 3169 2586 3225 monitis
2613 3174 2771 3222 nocte
2797 3165 2989 3234 dieque
3016 3163 3150 3226 suis,

1983 3277 1986 3284 '
2069 3266 2218 3322 Hanc
2240 3279 2367 3336 gere
2387 3261 2572 3327 corde,
2600 3274 2782 3324 manu,
2805 3256 3025 3327 proprio
3048 3271 3155 3310 non
3175 3253 3316 3309 desit
3343 3253 3412 3306 ab
3437 3264 3556 3315 ore,

2140 3357 2327 3425 Tuque
2352 3354 2581 3409 aliorum
2619 3359 2791 3414 actus,
2823 3347 3061 3417 corrigat
3081 3345 3171 3400 illa
3196 3355 3334 3400 tuos.

2070 3446 2198 3501 Haec
2231 3447 2285 3500 in
2316 3452 2472 3514 parte
2500 3443 2604 3498 tori
2634 3441 2836 3504 sedeat,
2868 3440 3007 3494 hanc
3033 3437 3235 3492 lumina
3267 3443 3511 3500 cernant,

2143 3537 2294 3591 Hanc
2308 3534 2440 3591 colla
2450 3575 2464 3599 ,
2488 3533 2631 3587 hanc
2647 3545 2841 3601 genua,
2859 3529 3000 3583 hanc
3011 3526 3233 3582 brachia
3247 3540 3411 3580 curva
3425 3525 3654 3579 vehant.

2073 3629 2156 3682 Ad
2177 3632 2336 3694 caput
2357 3625 2474 3678 haec
2503 3621 2710 3684 sedeat,
2737 3619 2896 3674 solito
2921 3617 3046 3671 dum
3074 3627 3315 3685 tempore
3337 3613 3542 3677 stertis,

2145 3718 2387 3783 Dumque
2424 3711 2558 3781 fugit
2595 3724 2815 3764 somnus
2841 3715 2893 3762 te
2919 3714 3070 3776 petat
3094 3705 3185 3759 illa
3216 3704 3378 3782 celgr.

2075 3807 2190 3862 Nec
2215 3805 2388 3860 solum
2417 3810 2475 3856 ut
2497 3801 2708 3864 doctus,
2740 3799 2834 3854 sed
2855 3806 2910 3853 et
2932 3805 2991 3851 ut
3017 3797 3092 3851 sis
3115 3797 3293 3866 justus
3317 3803 3520 3858 amato,
3541 3851 3546 3858 ,

2147 3897 2364 3952 Eminet
2397 3907 2564 3948 unum
2595 3890 2722 3955 alio,
2751 3904 2874 3944 cum
2901 3888 2972 3943 sit
2994 3896 3280 3956 utrumque
3303 3886 3524 3940 bonum.

2078 3988 2214 4042 Nam
2245 3987 2343 4042 tibi
2375 3984 2762 4051 Cunctipotens
2789 3989 2943 4034 actus
2967 3994 3073 4034 non
3103 3978 3266 4032 verba
3296 3976 3556 4046 requiret.

2151 4080 2231 4135 Illi
2268 4081 2322 4133 in
2348 4087 2578 4146 utroque
2607 4083 2786 4129 tamen
2808 4072 2921 4141 ipse
2940 4071 3151 4140 placere
3176 4067 3343 4140 vales.

2079 4170 2240 4225 Disce
2267 4169 2474 4237 legens,
2505 4177 2760 4220 assuesce
2783 4161 3054 4230 frequens,
3078 4159 3324 4214 faciendo
3350 4157 3565 4216 doceto.

2156 4257 2344 4328 Sitque
2369 4257 2465 4310 tibi
2495 4255 2584 4334 hic
2610 4262 2814 4308 trames
2836 4251 2971 4321 legis
3004 4250 3057 4304 in
3085 4259 3200 4304 arte
3229 4249 3351 4318 piie.

2084 4350 2358 4416 Quatenus
2379 4344 2593 4402 erudiat
2620 4351 2854 4398 mentem
2887 4342 2980 4396 tibi
3012 4341 3171 4396 lectio
3189 4340 3400 4402 crebra,

2007 4463 2062 4523 D
2156 4441 2362 4509 Detque
2389 4438 2496 4492 tuis
2523 4436 2804 4506 pulchram
2830 4433 3077 4489 sensibus
3099 4432 3188 4486 illa
3215 4431 3379 4484 viam.

2091 4531 2168 4587 Ne
2197 4531 2304 4585 cito
2331 4529 2566 4592 labatur,
2603 4525 2746 4580 vires
2774 4525 2876 4580 sibi
2898 4523 3115 4593 colligat
3141 4536 3264 4587 usu,

2163 4619 2347 4674 Lectio
2373 4616 2564 4672 crebra
2590 4623 2737 4670 tenet
2758 4628 2911 4669 mens
2940 4613 3083 4682 quod
3110 4619 3267 4666 acuta
3292 4609 3454 4679 capit.

2096 4710 2302 4766 Semita
2328 4709 2407 4764 sic
2435 4721 2575 4761 caeso
2599 4706 2837 4761 dumosa:
2864 4705 3058 4760 robore
3087 4701 3254 4766 silvae,

2166 4801 2303 4855 Dum
2330 4799 2541 4862 teritur,
2571 4797 2763 4850 crebro
2792 4794 2853 4848 ﬁt
2871 4795 2958 4848 via
2983 4794 3092 4846 lata
3114 4790 3266 4861 pede.

2101 4893 2299 4948 Sancta
2329 4888 2507 4943 ferant
2533 4886 2735 4942 sanctis
2756 4884 2934 4939 verbis
2954 4880 3197 4950 exempla
3216 4879 3479 4950 vigorem,

2166 4986 2295 5052 Qua:
2316 4983 2467 5038 canis
2494 4993 2548 5036 et
2575 4981 2758 5046 facito,
2779 4994 2898 5049 quae
2925 4977 3057 5032 facis
3082 4976 3197 5044 ipsa
3231 4988 3382 5028 cane.

2097 5077 2214 5150 Non
2239 5073 2418 5128 verbis
2444 5080 2616 5136 actus,
2645 5086 2753 5124 non
2783 5069 2888 5124 illis
2912 5068 3074 5122 verba
3101 5071 3420 5133 repugnent,

2166 5163 2354 5220 Nobile
2376 5178 2476 5231 par
2496 5169 2672 5216 tecum
2700 5166 2884 5214 currat
2902 5164 3192 5223 utrumque
3227 5152 3404 5207 simul.

2097 5254 2250 5322 Quod
2271 5254 2408 5307 bene
2435 5259 2616 5306 mente
2641 5249 2811 5317 capis,
2838 5245 3026 5302 humili
3052 5257 3300 5299 sermone
3326 5238 3562 5312 profare,

2169 5343 2246 5398 Ne
2274 5342 2416 5397 fastu
2442 5341 2681 5406 amittas,
2708 5338 2850 5408 quod
2877 5336 3150 5392 studiosus
3174 5332 3362 5388 habes.

2098 5432 2259 5486 Plura
2281 5429 2483 5485 referre
2519 5443 2668 5482 mora
2697 5433 2797 5488 est,
2830 5425 2885 5480 in
2906 5423 3094 5492 paucis
3121 5420 3312 5490 collige
3339 5417 3531 5480 multa,

2169 5522 2383 5586 Lector,
2409 5519 2495 5574 cui
2523 5517 2727 5571 fulvum
2752 5513 2948 5570 mentis
2974 5525 3200 5566 acumen
3227 5509 3387 5563 inest.

2101 5611 2318 5667 Semine
2341 5610 2423 5664 sic
2450 5621 2660 5662 messor
2684 5604 2902 5675 proviso
2926 5601 3154 5672 plurima
3179 5613 3347 5668 parvo

2171 5701 2352 5757 Grana
2381 5699 2524 5754 vehit
2551 5706 2676 5753 voto
2705 5694 2968 5750 fertiliore
2993 5691 3198 5748 cluens.
