3998 6182
244 301 340 358 305'

1537 290 1862 348 CARMI’NA.
1908 292 2033 350 LIB.
2077 289 2116 343 ll

3377 298 3480 354 505

244 415 476 484 Dumque
495 426 632 484 opus
651 412 707 468 id
726 411 925 479 cernis,
952 411 1146 483 relegis
1173 412 1299 466 dum
1320 411 1564 466 carmina
1587 416 1790 469 nostra.
1823 411 1875 472 Α
1897 406 2267 477 distinguitur,
2306 407 2358 461 id
2383 417 2468 462 est
2492 409 2542 463 in
2574 409 2818 473 historia,
2866 409 2919 464 in
2950 411 3192 466 moribus
3251 420 3306 464 et
3348 412 3482 466 alle-

304 501 584 560 Tbeodulli
606 502 840 559 clemens
872 504 947 559 sis
973 518 1180 558 memor
1204 518 1320 558 oro.
1359 500 1506 556 Vale.

881 609 1161 648 PREFATIO

417 683 605 738 Λευ-εἰσ
633 683 820 737 litteris
849 683 1069 753 prazﬁxa
1097 680 1279 735 Bibliis
1312 680 1605 748 Tlieodulﬁ.

307 774 466 830 Vetus
514 774 921 828 Testamentum
967 773 1087 828 ideo
1119 772 1336 838 dicitur,
1380 772 1507 841 quia
1557 771 1807 826 veniente

244 869 378 924 Novo
411 868 668 933 cessavit,
715 867 782 922 de
827 881 932 936 quo
976 866 1266 937 Apostolus
1312 861 1802 920 meminit’dicens:

194 951 200 958 ’
250 959 425 1014 Vetera
455 958 800 1023 transierunt,
837 973 960 1018 ecce.
997 973 1130 1010 nova
1157 956 1298 1026 facta
1341 965 1466 1010 sunt.
1498 955 1674 1009 omnia
1704 953 1808 1026 (ΙΙ

240 1050 353 1104 Cor.
379 1066 432 1114 v,
463 1049 528 1103 l7
559 1050 600 1121 ).
644 1048 1052 1104 Testamentum
1081 1055 1261 1103 autem
1295 1047 1504 1103 Novum
1530 1047 1651 1102 ideo
1676 1063 1808 1101 nun-

239 1149 483 1210 cupatur,
505 1140 632 1209 quia
661 1138 901 1195 innovat.
948 1139 1066 1193 Non
1100 1140 1245 1194 enim
1274 1138 1426 1193 illum
1459 1138 1676 1193 discunt
1705 1138 1808 1192 nisi

240 1229 481 1282 [nomines
518 1227 762 1283 renovati
789 1243 856 1281 ex
877 1235 1144 1282 vetustate
1175 1243 1271 1298 per
1295 1227 1550 1298 gratiam,
1581 1235 1639 1282 et
1680 1241 1808 1298 per-

240 1322 468 1381 tinentes
501 1320 616 1390 jam
645 1320 712 1374 ad
745 1319 1148 1374 Testamentum
1174 1319 1402 1385 Novum,
1436 1320 1582 1389 quod
1611 1327 1694 1374 est
1722 1334 1808 1373 re-

235 1425 397 1482 gnum
424 1409 705 1465 caelorum.
744 1407 953 1463 Hebraei
991 1418 1172 1464 autem
1214 1409 1379 1464 Vetus
1402 1409 1809 1464 Testamentum

234 1501 367 1559 Esra
400 1508 617 1556 auctore
649 1497 806 1568 juxta
831 1514 1116 1554 numerum
1149 1499 1478 1556 litterarum.
1492 1513 1712 1554 suarum
1759 1499 1812 1553 in

233 1571 424 1663 viginti
451 1591 587 1648 duos
623 1590 792 1646 libros
817 1591 1120 1660 accipiunt,
1165 1590 1466 1646 dividentes
1490 1606 1584 1646 eos
1609 1592 1663 1644 in
1705 1600 1813 1646 tres

230 1683 476 1748 ordines,
527 1681 686 1752 Legis
733 1680 958 1746 scilicet,
990 1689 1042 1735 et
1068 1680 1481 1750 Prophetarum,
1536 1688 1591 1735 et
1618 1679 1816 1749 llagio-

230 1770 582 1840 graphorum.
613 1769 825 1823 Primus
851 1768 987 1824 ordo
1016 1767 1151 1838 legis
1178 1769 1234 1822 in
1268 1768 1506 1838 quinque
1541 1766 1696 1822 libris
1725 1780 1812 1820 ac-
1843 1759 1888 1816 Β

227 1857 452 1928 cipitur,
492 1872 721 1927 quorum
758 1859 964 1927 primus
1000 1866 1083 1914 est
1110 1858 1305 1921 Bresit,
1337 1858 1481 1928 quod
1510 1866 1595 1913 est
1631 1856 1809 1911 Gene-

226 1949 353 2012 sis;
406 1948 675 2003 secundus
701 1948 978 2013 Ellesmot,
1023 1948 1166 2017 quod
1214 1956 1300 2003 est
1340 1948 1587 2013 Exodus;
1623 1947 1814 2002 tertius

225 2038 486 2103 Vasicra,
534 2038 679 2107 quod
723 2047 807 2092 est
842 2037 1146 2103 Leviticus;
1204 2047 1430 2111 quartus
1480 2038 1834 2109 Vagedaber,-

225 2129 387 2198 quod
406 2135 490 2183 est
517 2127 821 2195 Numerus;
851 2130 1072 2198 quintus
1093 2130 1543 2196 Elleaddabarim,
1567 2131 1710 2200 quod
1735 2140 1818 2185 est

229 2219 746 2273 Deuteronomium.
792 2218 858 2273 lli
889 2227 1014 2274 sunt
1041 2220 1279 2290 quinque
1308 2221 1430 2275 libri
1459 2221 1655 2292 MoySI,
1683 2237 1817 2291 quos

224 2312 453 2369 Hebraei
501 2312 725 2378 Torath,
764 2312 941 2367 Latini
993 2313 1192 2384 Legem
1239 2313 1547 2384 appellant;
1601 2315 1820 2384 proprie

227 2409 420 2457 autem
447 2401 559 2456 Lex
581 2401 884 2472 appellatur
909 2418 1030 2473 qua:
1057 2420 1156 2474 per
1177 2404 1418 2476 Moysen)
1446 2405 1568 2458 data
1596 2413 1698 2460 est.
1725 2404 1820 2459 Se-

227 2492 449 2550 cundus
494 2492 629 2547 ordo
677 2493 1107 2562 Prophetarum,
1153 2509 1260 2564 quo
1305 2494 1649 2549 continentur
1697 2494 1818 2549 libri

229 2592 384 2650 octo,
431 2599 660 2654 quorum
705 2585 933 2654 primus.
956 2583 1119 2640 Josue
1161 2585 1263 2639 ben
1300 2585 1460 2651 Nun,
1491 2587 1592 2655 qui
1631 2587 1829 2643 Latine

228 2675 370 2731 Jesu
397 2673 808 2740 Naveidicitur;
843 2676 1112 2732 secundus
1150 2675 1347 2741 Oblim,
1389 2677 1532 2746 quod
1559 2685 1642 2732 est
1669 2675 1819 2732 Judi-

233 2785 399 2835 cum;
437 2770 626 2824 tertius
653 2768 894 2835 Samuel,
925 2769 1017 2840 qui
1043 2778 1128 2824 est
1151 2769 1356 2840 Regum
1382 2771 1618 2841 primus;
1661 2785 1822 2840 quaro

235 2867 334 2913 tus
381 2857 699 2925 Malachjm,
743 2860 835 2937 qui
876 2867 962 2915 est
993 2858 1202 2930 Regum
1247 2861 1546 2926 secundus;
1599 2861 1826 2929 quintus

233 2951 433 3016 Isaias,
475 2958 660 3006 sextus
705 2949 1002 3017 Jeremias,
1042 2953 1302 3022 septimus
1346 2953 1617 3018 Ezechiel,
1667 2961 1817 3007 octa-

240 3057 350 3098 vus
375 3042 659 3110 .Tomra,
683 3045 794 3113 qui-
815 3045 1014 3100 dicitur
1058 3046 1342 3102 duodecim
1389 3047 1813 3117 Prophetarum;

237 3133 338 3205 qui
363 3133 510 3196 ,libri;
537 3135 662 3205 quia
699 3135 802 3190 sibi
841 3150 939 3204 pro
977 3135 1241 3191 brevitate
1272 3115 1511 3205 adiuncti
1533 3145 1680 3203 sunt,
1718 3153 1818 3208 pro
1845 3115 1903 3175 θ

237 3243 354 3283 uno
382 3227 738 3298 accipiuntur.
771 3228 984 3284 Tertius
1011 3237 1096 3284 est
1122 3229 1257 3284 ordo
1293 3229 1816 3300 llagiographorum,

239 3318 300 3374 id
324 3325 412 3380 est
433 3327 618 3374 sancta
657 3319 1033 3385 scribentium,
1064 3319 1120 3373 in
1144 3335 1253 3390 quo
1280 3328 1403 3374 sunt
1442 3320 1563 3374 libri
1600 3335 1817 3384 novem,

241 3425 477 3480 quorum
522 3410 730 3481 primus
770 3409 909 3476 Job,
972 3411 1242 3465 secundus
1299 3410 1505 3475 Nabla,
1550 3412 1696 3481 quod
1741 3419 1827 3465 est

243 3487 607 3564 Psalterium,
659 3501 852 3556 tertius
898 3501 1156 3567 Masloth,
1201 3503 1345 3572 quod
1399 3509 1482 3556 est
1529 3501 1822 3556 Proverbia

245 3589 573 3652 Salomonis,
605 3597 832 3660 quartus
869 3590 1114 3657 Cohelet,
1155 3592 1298 3661 quod
1325 3599 1406 3646 est
1441 3592 1826 3658 Ecclesiastes,

242 3681 470 3756 quintus
514 3680 802 3746 Sirasirin,
859 3683 1002 3752 quod
1046 3692 1129 3738 est
1179 3682 1402 3738 Cantica
1449 3686 1819 3749 canticorum,

245 3779 435 3838 sextus
465 3771 668 3836 Daniel,
697 3773 958 3842 septimus
978 3771 1341 3839 Dabreiamin,
1371 3775 1514 3843 quod
1534 3783 1620 3830 est
1644 3774 1828 3828 Verba

244 3861 477 3926 dierum,
501 3862 604 3915 hoc
637 3869 722 3915 est
747 3862 1215 3932 Paralipomenon,
1265 3872 1490 3919 octavus
1515 3865 1705 3929 Ezras,
1728 3879 1824 3919 no-

245 3964 352 4002 nus
379 3949 596 4002 Esther.
635 3947 737 4014 Qui
778 3950 937 4004 simul
975 3967 1180 4015 omnes,
1225 3953 1461 4022 quinque
1485 3962 1610 4008 octo
1635 3960 1691 4007 et
1727 3968 1826 4009 non

244 4053 396 4103 vem,
423 4037 562 4092 ﬁunt
589 4039 776 4108 viginti
802 4048 856 4094 et
883 4041 1008 4106 duo,
1025 4042 1165 4097 sicut
1190 4043 1437 4111 superius
1465 4044 1822 4113 comprehen-

245 4141 371 4180 sum
396 4137 500 4187 est.
531 4126 761 4194 Quidam
791 4136 970 4184 autem
1011 4130 1174 4197 Ruth,
1213 4139 1268 4185 et
1293 4130 1510 4197 Cinoth,
1554 4133 1698 4202 quod
1724 4132 1825 4186 La-

247 4219 363 4274 tine
397 4219 596 4274 dicitur
624 4220 963 4276 Lamentatio
1006 4221 1272 4288 Jeremize,
1301 4223 1706 4295 Hagiogmphis.
1731 4225 1824 4279 ad-

244 4307 465 4378 iiciunt,
508 4320 565 4368 et
586 4313 776 4384 viginti
812 4322 1044 4382 quatuor
1071 4315 1340 4370 volumina
1363 4317 1697 4373 Testamenti
1722 4319 1826 4374 Ye-

247 4404 386 4460 teris
425 4405 629 4460 faciunt
648 4404 806 4474 juxta
830 4405 1018 4476 viginti
1056 4416 1290 4477 quatuor
1316 4409 1555 4465 seniores
1583 4411 1674 4480 qui
1701 4419 1826 4466 ante

246 4504 604 4566 conspectum
647 4495 744 4552 Dei
794 4497 1073 4552 assistunt.
1119 4496 1494 4564 Quartusest
1543 4501 1683 4568 apud
1729 4515 1828 4554 nos

246 4590 390 4644 ordo
433 4587 644 4644 Veteris
691 4589 1053 4651 Testamenti,
1095 4603 1286 4643 eorum
1334 4589 1596 4644 librorum
1643 4591 1746 4660 qui
1781 4592 1836 4645 in

247 4693 468 4735 canone
509 4678 771 4734 Hebraico
801 4694 909 4734 non
955 4686 1101 4743 sunt,
1126 4693 1355 4748 quorum
1383 4681 1590 4748 primus
1615 4679 1838 4750 Sapien-

251 4770 347 4824 tiae
368 4770 506 4825 liber
532 4779 633 4834 est,
663 4772 932 4826 secundus
964 4769 1428 4835 Ecclesiastieum,
1464 4773 1656 4826 tertius
1680 4772 1832 4837 Tobi,

249 4874 487 4934 quartus
537 4864 748 4932 Judith,
783 4867 1003 4935 quintus
1049 4873 1104 4919 et
1148 4874 1334 4920 sextus
1385 4865 1836 4931 Machabaeorum,

249 4972 396 5025 quos
422 4957 594 5012 libros
631 4955 802 5013 Judaai
835 4957 976 5010 inter
1003 4956 1311 5026 apocrypha
1339 4965 1612 5026 separant,
1656 4956 1840 5012 Eccle-

250 5044 339 5098 sia
369 5053 550 5100 tamen
581 5045 675 5099 Dei
709 5046 852 5100 inter
873 5046 1083 5100 divinas
1119 5045 1425 5116 Scripturas
1445 5055 1499 5102 et
1524 5049 1753 5102 honorat
1786 5056 1842 5102 et

251 5135 539 5202 prmdicat.
584 5135 644 5189 ln
677 5134 826 5190 Novo
858 5144 1036 5191 autem
1085 5137 1431 5192 Testamento
1458 5139 1565 5192 duo
1604 5148 1840 5194 suntor—

250 5223 434 5277 dines.
485 5223 701 5280 Primus
737 5226 1098 5295 evangelicus,
1137 5227 1188 5280 in
1219 5243 1326 5296 quo
1368 5237 1494 5282 sunt
1531 5229 1835 5296 Matthznus,

251 5309 495 5377 Marcus,
541 5312 716 5367 Lucas
767 5321 822 5367 et
871 5313 1136 5381 Joannes;
1165 5317 1455 5379 secundus,
1488 5317 1832 5385 apostolicus,

249 5401 318 5454 in
352 5416 461 5470 quo
489 5411 616 5458 sunt
649 5403 847 5459 Paulus
880 5406 935 5460 in
971 5408 1379 5475 quatuordecim
1421 5408 1698 5479 Epistolis,
1737 5411 1838 5466 Pe-

245 5500 384 5544 trus
410 5486 465 5546 in
494 5493 719 5558 duabus,
749 5493 982 5552 Joannes
1014 5499 1070 5552 in
1103 5498 1293 5564 tribus,
1341 5497 1574 5556 Jacobus
1600 5508 1652 5555 et
1677 5500 1841 5557 Judas

247 5583 320 5643 in
368 5581 628 5656 singulis;
689 5587 855 5644 Actus
905 5589 1305 5659 apostolorum,
1365 5601 1420 5647 et
1468 5591 1838 5664 Apocalypsis.

246 5673 490 5731 Summa
521 5685 703 5734 autem
733 5681 1013 5752 utriusque
1048 5679 1376 5738 Testamenti
1415 5684 1605 5742 divisio
1638 5685 1843 5743 trifarie

1905 497 2073 566 goria.
2102 497 2309 552 Rursus
2337 497 2438 552 ista
2470 498 2574 552 tria
2604 498 2896 554 multifarie
2930 498 3264 566 dividuntur,
3301 499 3352 553 id
3377 511 3482 562 est,

1907 587 2037 656 quid
2064 602 2096 641 a
2128 587 2258 654 Deo,
2305 589 2435 659 quid
2475 591 2542 643 ab
2579 589 2782 659 angelis
2812 591 2894 645 vel
2932 591 3239 649 hominibus
3277 601 3488 663 gestum

1907 679 2222 749 dictumque
2267 681 2358 745 sit,
2409 682 2540 751 quid
2583 698 2613 735 a
2650 683 2928 751 prophetis
2968 684 3372 752 pronuntiatum
3421 687 3488 741 de

1906 768 2125 823 Christo
2154 776 2209 822 et
2237 784 2464 839 corpore
2486 770 2623 839 ejus,
2650 773 2782 841 quid
2808 772 2875 827 de
2907 773 3119 828 diabolo
3147 782 3204 828 et
3234 776 3490 831 membris

1909 854 2094 926 ipsius,
2134 858 2262 926 quid
2291 859 2359 912 de
2389 861 2560 915 veteri
2583 870 2661 915 .et
2691 877 2831 916 novo
2852 863 3067 932 populo,
3100 863 3231 932 quid
3257 865 3322 918 de
3353 880 3492 933 praao

1907 949 2046 1002 senti
2075 949 2271 1004 saeculo
2311 958 2368 1003 et
2407 951 2590 1004 futuro
2631 967 2798 1023 regno
2827 961 2990 1023 atque
3027 953 3252 1023 judicio.
3301 955 3492 1011 Libros

1908 1047 2088 1092 autem
2124 1047 2437 1093 sanctarum
2476 1038 2908 1110 Scripturarum,
2958 1059 3097 1114 quos
3127 1060 3364 1114 praesens
3408 1048 3491 1101 bi—

1907 1129 2179 1184 bliotheca
2226 1130 2510 1196 continet,
2569 1131 2903 1201 subsequens
2949 1134 3256 1189 breviculus
3307 1136 3496 1191 ordine

1909 1219 2116 1287 pandit.

1911 1330 2054 1409 Ordo
2091 1333 2363 1409 librorum
2398 1334 2610 1409 Veteris
2655 1333 2883 1409 et‘Novi
2912 1335 3246 1391 Testamenti
3290 1340 3379 1409 qui
3428 1341 3495 1395 ab

1985 1402 2235 1478 Ecclesia
2260 1405 2611 1472 recipiuntur,
2640 1414 2696 1460 et
2732 1405 2787 1459 in
2825 1407 2929 1464 hoc
2967 1420 3196 1476 corpore
3232 1402 3498 1478 generali-

1985 1481 2067 1527 ter
2092 1474 2458 1530 continentur.

2161 1583 2376 1642 Primus
2404 1585 2537 1639 ordo
2559 1585 2733 1657 Legit,
2761 1587 2814 1642 in
2839 1604 2939 1659 quo
2962 1599 3083 1644 sunt
3113 1588 3255 1646 libri.

1987 1673 2233 1730 Genesis.

1986 1766 2226 1824 Exodus.

1987 1855 2281 1912 Leviticus.

1985 1948 2226 2003 Numeri.

1990 2039 2480 2094 Deuteronomium.

2203 2150 2263 2204 ll.
2291 2149 2695 2220 Prophetarum,
2723 2154 2775 2206 in
2798 2171 2900 2225 quo
2919 2164 3040 2228 sunt
3075 2154 3218 2212 libri.

1986 2246 2112 2301 Jesu
2141 2244 2325 2301 Nave..-

1990 2335 2260 2390 Judicum.

1989 2425 2205 2480 Samuel
2227 2424 2292 2479 ll.

1990 2515 2273 2570 Malachim
2304 2514 2367 2570 ll.

1990 2607 2177 2662 Isaias.

1989 2695 2275 2754 Jcremias.

1991 2789 2278 2844 Ezechiel.-

1993 2867 2283 2935 Duodecim
2323 2883 2732 2952 prophetarum.

2135 2994 2221 3049 111.
2253 2994 2744 3068 Hagiographorum
2765 3038 2780 3065 ,
2810 2999 2863 3052 in
2885 3013 2985 3072 quo
3006 3009 3126 3054 sunt
3153 2997 3286 3053 libri.

1991 3083 2107 3140 Job.

1991 3177 2330 3233 Psalterium.

1991 3266 2429 3323 Proverbiorum.

1993 3356 2367 3412 Ecclesiastes.

1994 3441 2217 3498 Cantica
2243 3446 2603 3502 canticorum.

1997 3534 2208 3588 Daniel.

1995 3624 2462 3696 Paralipomenon.

1994 3715 2182 3772 Ezras.

1994 3806 2207 3863 Esther.

1924 3919 2010 3975 IV.
2058 3921 2502 3995 I.ibrorum,,q3ti
2545 3926 2616 3995 in,
2641 3924 2984 3980 Hebra’ouum
3021 3944 3220 3985 canone
3263 3945 3365 3986 non
3406 3931 3506 3986 ha-

2599 3994 2807 4050 bentur.

1995 4058 2292 4130 Sapientia.

1996 4151 2456 4208 Ecclesiasticu-m.

2005 4241 2161 4296 Tobi.

2003 4331 2209 4386 Judith.

1999 4421 2430 4476 Machabzeorum
2464 4424 2588 4478 libri
2626 4441 2684 4478 ιι.

2131 4504 2136 4509 ’
2215 4511 2358 4567 Ordo
2386 4515 2734 4584 evangelicus,
2762 4519 2818 4571 in
2841 4535 2942 4587 quo
2963 4529 3080 4572 sunt
3107 4517 3262 4575 libri:

2011 4605 2314 4661 Matthzeus.

2010 4695 2242 4752 Marcus.

2011 4787 2203 4842 Lucas.

2010 4875 2266 4932 Joannes.

2225 4966 2368 5022 Ordo
2389 4969 2728 5038 apostolicus,
2751 4971 2805 5024 in
2824 4987 2925 5040 quo
2947 4980 3066 5024 sunt
3089 4969 3231 5030 libri.

2459 5056 2618 5113 Pauli
2637 5059 2864 5131 epistola:
2886 5075 2993 5115 xlv.

2012 5147 2088 5200 Ad
2121 5147 2391 5204 Romanos
2422 5167 2458 5203 ι.

2012 5235 2093 5290 Ad
2121 5235 2429 5292 Corinthios
2456 5254 2514 5292 ιι.

2013 5323 2094 5378 Ad
2121 5323 2339 5381 Galatas
2369 5344 2405 5381 ι.

2015 5415 2097 5469 Ad
2135 5415 2395 5486 Ephesios
2429 5433 2468 5472 ι.

2015 5505 2097 5558 Ad
2125 5499 2496 5576 Philippenses
2527 5522 2565 5560 ι.

2017 5599 2099 5653 Ad
2129 5598 2474 5655 Colossenses
2504 5616 2542 5654 ι.

2020 5688 2099 5744 Ad
2128 5689 2635 5748 Thessalonicenses
2663 5705 2754 5750 ιι..
