3998 6182
362 247 462 301 307

430 359 514 414 Ad
538 355 884 413 Timotheum
917 369 977 408 ιι.

431 452 514 506 Ad
541 449 722 505 Titum
749 464 787 502 ι.

431 543 512 600 Ad
538 541 905 598 Philemonem
937 551 973 589 I.

429 637 514 691 Ad
542 633 797 700 Hebraeos
819 645 857 683 ι.

431 723 580 782 Petri
601 739 666 781 ιι.

431 812 616 870 Jacobi
654 827 696 867 ι.

429 905 652 962 Joannis
680 917 762 957 ιη.

427 994 575 1049 Iudae
603 1008 642 1047 ι.

426 1086 590 1139 Actus
619 1079 1004 1152 apostolorum.

425 1171 796 1244 Apocalypsis.
1117 1235 1155 1289 η

355 1372 553 1412 VERSUS
609 1366 838 1409 ναίει-ἰιι
900 1364 1057 1405 ιςκιενι
1111 1359 1140 1387 ⁸
1193 1359 1492 1409 ClIBONICO,
1553 1357 1690 1406 QUOD
1746 1357 1936 1398 DIBLNS

923 1433 1190 1475 ADJECTUII
1226 1432 1371 1471 FUIT.

357 1536 572 1594 Codicis
601 1534 762 1603 hujus
782 1547 916 1602 opus
943 1529 1139 1585 struxit
1164 1527 1493 1582 Theodqu
1523 1539 1710 1580 amore
1759 1539 1762 1542 '

429 1624 604 1689 Illius,
626 1623 715 1677 hic
743 1619 894 1690 cujus
919 1620 1005 1674 lex
1033 1617 1313 1674 benedicta
1337 1625 1509 1672 tonat.

360 1716 492 1772 Nam
514 1713 649 1770 foris
682 1714 786 1768 hoc
813 1711 1061 1782 gemmis,
1096 1723 1229 1762 auro
1262 1707 1587 1776 splendescit
1623 1717 1683 1761 et.
1703 1713 1873 1769 ostro,

429 1803 801 1876 Splendidiore
836 1809 1017 1857 tamen
1048 1800 1194 1854 intus
1231 1799 1437 1853 honore
1465 1797 1649 1851 micat.

359 1899 473 1967 Quo
500 1906 620 1968 post
646 1896 926 1952 catholica:
961 1892 1269 1949 veneranda
1297 1891 1569 1947 volumina
1595 1891 1730 1961 legis

426 1988 598 2042 Parva
628 1993 778 2040 tenet
803 1984 1074 2040 modicum
1098 1982 1322 2054 scriptio
1350 1994 1510 2036 cerne
1535 1981 1736 2035 locum.

357 2076 576 2133 Scilicet
601 2075 764 2130 initio.
781 2089 1002 2130 sumens
1026 2072 1248 2129 exordia
1274 2072 1343 2127 ab
1370 2072 1509 2141 ipso,

425 2166 529 2222 Per
554 2174 772 2235 patrum
801 2171 858 2219 et
891 2179 1078 2234 regum
1107 2163 1325 2217 nomina
1354 2163 1488 2216 texit
1515 2176 1670 2230 opus.

356 2257 426 2311 Et
449 2265 603 2311 notat
632 2269 898 2309 annorum
931 2258 1417 2318 numerum,notat
1440 2250 1630 2310 ordine
1651 2264 1837 2320 regna.

425 2346 636 2402 Heracli
667 2347 938 2417 princeps,
972 2352 1182 2412 tempus
1211 2344 1279 2397 ad
1307 2355 1480 2412 usque
1509 2350 1683 2397 tuum.

355 2439 626 2508 Gestaque
654 2437 745 2492 dat
764 2434 954 2505 paucis
980 2433 1255 2487 reminisci
1280 2432 1512 2501 plurima
1539 2431 1723 2488 verbis
1747 2449 1770 2485 :.

431 2528 522 2584 Sic
548 2528 760 2584 modico
789 2527 844 2580 in
867 2533 1001 2579 nutu
1029 2523 1232 2594 grande
1258 2531 1480 2578 notatur
1503 2538 1658 2593 opus.

359 2621 494 2676 llinc
528 2619 786 2690 adaperta
826 2617 1017 2672 sedent
1047 2615 1286 2670 Hebraeae
1312 2616 1529 2670 nomina
1555 2614 1778 2686 linguae,

427 2714 557 2782 Quae
579 2727 748 2767 sacrae
775 2711 971 2781 linguae
1001 2708 1237 2779 inclytus
1263 2722 1393 2762 usus
1426 2708 1606 2762 habet.

356 2806 533 2860 Attica
560 2810 684 2875 post
716 2802 976 2868 resident,
1019 2799 1142 2855 fidei
1169 2815 1292 2870 qua:
1317 2799 1500 2870 prisca
1519 2806 1772 2854 vetustas.

434 2895 675 2951 Contulit
706 2893 960 2948 Ecclesiae
990 2891 1144 2962 queis
1173 2891 1479 2946 vocitantur
1505 2906 1652 2962 opes.

356 2985 652 3042 Conficitur
683 2983 839 3038 Latio
869 2982 936 3036 de
963 2980 1181 3036 nomine
1211 2980 1401 3035 silvula
1430 2995 1616 3049 parva,

428 3075 559 3142 Quae
586 3070 766 3144 magni
795 3069 1004 3128 fructus
1031 3070 1270 3141 pondera
1305 3070 1465 3139 digna
1489 3069 1654 3123 vehit.

357 3156 598 3238 Corpore
622 3167 722 3222 sub
745 3180 916 3237 parvo
945 3164 1203 3236 mysteria
1233 3179 1427 3234 magna
1453 3169 1751 3219 retentant.

427 3259 521 3314 Hae
548 3272 660 3324 res,
686 3272 823 3327 quas
853 3257 1010 3312 limes
1036 3256 1238 3311 codicis
1267 3253 1425 3322 hujus
1463 3253 1682 3310 habent.

356 3351 452 3405 llis
478 3348 698 3404 fluvium
722 3348 858 3419 legis
878 3348 1080 3418 poterit
1104 3347 1339 3402 lustrare
1373 3347 1634 3412 lucernis,

428 3441 684 3509 Quaerere
713 3441 804 3511 qui
829 3441 1006 3511 pisces
1030 3440 1166 3509 legis
1190 3439 1244 3494 in
1281 3454 1439 3494 amne
1467 3440 1633 3510 cupit.

358 3532 581 3586 fletibus
606 3530 693 3586 his
716 3530 919 3600 poterit
943 3529 1233 3599 pretiosam
1262 3529 1542 3599 praendere
1568 3531 1829 3600 praedam,

428 3624 532 3678 Ars
553 3632 636 3677 est
667 3623 751 3677 cui
781 3622 836 3674 in
866 3630 1053 3676 sancta
1081 3636 1328 3689 quaerere
1355 3621 1471 3690 lege
1498 3621 1702 3676 cibum.

362 3713 479 3768 Non
507 3713 606 3767 has
635 3711 804 3765 lector
827 3725 995 3763 ovans
1025 3710 1178 3778 quasi
1210 3710 1454 3777 qumdam
1483 3710 1607 3764 vilia
1634 3718 1812 3765 temne
1839 3731 1852 3765 :

428 3802 562 3856 Vilis
589 3815 704 3854 rem
741 3798 1021 3868 pulchram
1051 3812 1212 3867 capsa
1254 3805 1436 3852 tenere
1460 3799 1617 3854 solet.

355 3890 554 3948 Ferrea
583 3904 706 3943 nam
729 3887 917 3952 clavis,
951 3889 1016 3942 dc
1057 3888 1148 3941 vili
1178 3887 1320 3943 facta
1348 3889 1584 3954 metallo,

430 3978 649 4049 Argenti
688 3985 850 4046 atque
876 3976 995 4030 auri
1025 3977 1117 4030 dat
1142 3984 1428 4046 penetrare
1459 3977 1659 4031 locum.

357 4073 595 4140 Qumque
628 4079 710 4123 est
737 4067 973 4122 servanti
1005 4082 1100 4121 seu
1131 4068 1342 4120 sarcina
1369 4081 1533 4137 parva
1563 4065 1778 4134 ferenti,

427 4163 544 4231 Quo
568 4159 748 4232 gravis
777 4167 862 4214 est
884 4157 1044 4229 pretii
1073 4157 1287 4212 sarcina
1315 4164 1582 4212 monstrat
1609 4158 1730 4213 iter.

353 4254 465 4308 Nec
497 4252 592 4307 tibi
621 4249 941 4320 displiceant
971 4248 1226 4317 quoniam
1252 4256 1377 4302 sunt
1402 4263 1630 4318 corpore
1656 4264 1848 4319 parva,

426 4341 684 4413 Tegmine
706 4339 805 4393 sub
832 4351 1001 4408 parvo
1032 4337 1268 4406 pondera
1295 4351 1486 4407 magna
1509 4336 1698 4392 latent.

354 4434 491 4488 Nam
521 4430 749 4486 modicis
783 4429 950 4484 clavis
983 4428 1202 4500 grandis
1228 4436 1499 4484 structura
1531 4436 1760 4495 tenetur,

424 4515 695 4580 Marculns
722 4531 776 4578 et
803 4538 1004 4593 parvus
1034 4537 1231 4593 magna
1259 4522 1476 4578 metalla
1505 4523 1658 4591 polit.

357 4617 447 4672 Sic
474 4626 684 4688 segetes
705 4631 916 4685 magna:
954 4625 1252 4669 nascuntur
1275 4615 1479 4670 semine
1506 4631 1696 4684 parvo,

428 4705 642 4759 Pondus
670 4713 726 4758 et
748 4704 1035 4756 arboreum
1066 4703 1306 4769 germine
1330 4705 1503 4771 deque
1530 4703 1652 4756 levi.

359 4795 620 4848 Olsstl'usa
651 4792 916 4861 aperiunt,
951 4792 1296 4860 panduntque
1320 4792 1539 4846 latentia
1568 4792 1744 4861 plura,

433 4940 466 5009 ιζ
487 4926 744 5009 Chronico
780 4925 1202 5009 ﬂed-adjectum.
1234 4938 1329 5009 est.
1377 4926 1700 5009 Superiores
1747 4945 1937 4985 versus

363 5000 414 5052 in
443 4995 640 5060 fronte,
678 4995 732 5050 lii
765 4996 828 5047 ad
855 4995 1056 5049 calcem
1087 4997 1288 5052 codicis
1316 4995 1499 5066 positi,
1530 5000 1724 5066 quibus
1748 5014 1935 5054 eorum

361 5067 644 5138 utilitatem
687 5066 1204 5138 commcndayquse
1244 5067 1433 5123 Bibliis
1471 5068 1631 5138 adjici
1677 5069 1934 5138 iusserat,

361 5137 687 5192 Clu'onicum
717 5133 970 5208 videlicet
1013 5133 1222 5208 Isidori,
1267 5146 1321 5192 et
1345 5133 1657 5208 opusculum
1677 5133 1936 5195 Eucherii

361 5211 426 5262 de
454 5204 898 5276 interpretatione
927 5205 1310 5262 Hebraicorum
1337 5204 1611 5264 nominum
1640 5218 1693 5264 et
1719 5209 1932 5265 Graeco-

361 5295 500 5339 rum,
526 5275 649 5332 cum
681 5275 854 5341 clave,
897 5285 956 5329 ut
1006 5278 1273 5333 nonnullis
1303 5279 1478 5334 visum
1524 5288 1626 5344 est,
1668 5279 1933 5336 Melilonis

362 5349 596 5418 cpisc0pi
639 5345 942 5418 Sarilensis.

438 5421 464 5459 δ
492 5414 560 5472 hi
590 5418 674 5473 die
709 5414 1038 5470 Palmarum.
1075 5417 1128 5470 In
1179 5432 1274 5472 ore
1306 5420 1543 5475 omnium
1577 5425 1662 5475 est
1689 5420 1793 5474 hoc
1817 5435 1934 5474 car-

367 5504 511 5553 men,
539 5491 632 5544 sed
657 5488 901 5542 mutilum
940 5488 1198 5542 hactenus
1246 5497 1300 5543 et
1341 5490 1674 5554 inchoatum,
1718 5489 1932 5554 plenum

367 5561 615 5627 deinceps
644 5569 802 5631 atque
845 5559 1112 5631 integrum
1147 5560 1257 5631 exit
1281 5561 1335 5615 in
1365 5561 1555 5616 lucem.
1580 5559 1734 5631 Apud
1761 5559 1936 5631 Ande-

369 5643 531 5697 gavos
557 5629 815 5697 scriptum
865 5629 1032 5688 fuisse
1061 5646 1150 5687 res
1173 5630 1429 5703 loquitur,
1453 5640 1508 5689 et
1530 5629 1803 5689 Ludovico
1840 5629 1936 5688 Pio

1369 232 1757 290 THEODULFI
1794 232 1835 286 Α
1846 226 2364 289 URELIANENSIS.
2390 227 2613 282 EPISC-

1961 345 2016 404 Α,
2107 340 2389 408 Parvaque
2430 339 2670 394 velamen
2716 334 2924 408 virgula
2979 335 3107 408 [Ηε.
3166 337 3340 403 60%.,
3391 341 3622 414 ungula}

3508 229 3618 286 308

3091 425 3318 497 [grande
3353 429 3514 486 levat.

2033 521 2286 590 Quosque
2313 527 2494 574 tenent
2518 518 2678 574 ﬂores
2702 517 2961 574 librorum
3000 519 3221 590 grandia
3254 530 3432 590 prata,

2103 611 2183 665 En
2219 609 2381 666 simul
2406 610 2495 665 hic
2522 609 2768 664 calathus
2796 610 2889 663 dat
2914 609 3030 674 tibi,
3063 623 3226 680 carpe
3260 628 3450 668 manu.

2033 700 2202 758 Utere
2226 715 2320 755 seu
2344 699 2492 765 felix,
2515 715 2624 770 quo
2651 698 2761 770 [Id.
2799 717 2921 765 ms.,
2953 699 3036 772 ut]
3067 702 3143 756 sis
3171 701 3381 760 felicior
3410 705 3550 775 ipse.

2104 793 2242 849 Cum
2270 799 2361 847 tua
2391 801 2678 863 perpetuas
2705 793 2817 848 vita
2849 803 3094 863 capesset
3122 809 3273 865 Opes.

2034 885 2101 939 Et
2135 899 2344 939 memor
2373 898 2496 938 esse
2519 883 2624 937 mei
2655 884 2877 955 dignare
2912 899 3012 954 per
3033 888 3216 942 omnia
3235 903 3440 958 quasso,

2102 980 2240 1033 Dum
2261 975 2400 1048 legis
2421 986 2476 1034 et
2503 978 2714 1050 relegis,
2746 980 2982 1049 dumque
3010 981 3127 1036 adis
3149 982 3294 1036 istud
3322 999 3475 1054 opus.

2035 1070 2279 1139 namque
2300 1071 2418 1126 adis
2445 1070 2589 1125 istud
2625 1086 2780 1140 opus,
2805 1073 2948 1141 quod
2974 1073 3217 1128 mndidit
3239 1077 3383 1132 actio
3405 1087 3619 1146 nostra,

2107 1160 2406 1216 Mercedem
2434 1161 2596 1216 studii
2623 1169 2682 1216 tu
2705 1162 2838 1216 mihi
2865 1163 3032 1217 redde
3064 1165 3193 1219 rnei.

2035 1251 2188 1306 lianc
2213 1267 2345 1322 rogo
2367 1253 2672 1308 mercedem
2695 1268 2795 1322 pro
2821 1266 2909 1307 me
2937 1254 3168 1323 deposce
3191 1257 3512 1322 Tonantem,

2107 1345 2178 1401 Ut
2196 1345 2329 1399 mihi
2355 1345 2445 1400 det
2467 1345 2698 1410 veniam,
2727 1359 2826 1399 seu
2848 1345 2972 1414 pius
2997 1345 3161 1401 addat
3182 1362 3365 1417 opem,

2035 1435 2207 1490 Noxia
2231 1434 2480 1504 depellat,
2511 1433 2773 1490 concedat
2797 1448 3056 1504 prospera
3082 1449 3330 1508 quaeque,

2104 1526 2430 1595 Participem
2458 1533 2514 1580 et
2540 1525 2707 1580 faciat
2731 1524 2844 1578 vita
2867 1525 3025 1579 beata
3050 1525 3171 1580 tibi.

2032 1620 2336 1684 Componat
2372 1630 2570 1680 mores,
2602 1617 2781 1670 ﬁrmet
2803 1630 2978 1685 spem,
3008 1617 3245 1687 corrigat
3273 1626 3448 1685 actus,

1962 1698 2010 1756 B
2105 1706 2282 1774 Atque
2309 1707 2504 1760 animae
2529 1705 2779 1762 adveniat
2807 1707 2912 1761 hoc
2935 1707 3205 1761 tribuente
3232 1708 3400 1764 salus.

2039 1795 2219 1865 thue
2242 1796 2315 1849 ita
2340 1809 2428 1849 me
2450 1795 2689 1850 clemens
2712 1796 3024 1865 peccamine
3047 1807 3240 1868 purget
3265 1800 3336 1854 ab
3353 1802 3530 1868 omni,

2108 1886 2179 1942 Ut
2209 1885 2342 1940 mihi
2376 1895 2502 1954 post
2536 1894 2768 1940 mortem
2798 1887 2887 1942 det
2915 1901 3078 1956 super
3111 1897 3258 1943 astra
3289 1890 3484 1949 locum.

2037 1976 2278 2033 Canibus
2303 1974 2563 2046 angelicis
2591 1983 2649 2029 et
2664 1975 2880 2047 jungat,
2910 1993 3136 2034 munere
3161 1979 3317 2048 cujus

2109 2068 2310 2122 Terrea
2337 2067 2628 2137 progenies
2648 2068 2861 2122 scandit
2882 2069 2948 2124 ad
2975 2077 3122 2126 astra
3144 2072 3272 2141 poti.

2671 2158 2980 2212 Distichum.

2038 2250 2170 2305 Vive
2194 2250 2305 2304 Deo
2328 2249 2455 2304 felix
2483 2265 2580 2320 per
2606 2250 2834 2320 plurima
2866 2261 3128 2324 tempora,
3160 2253 3352 2322 lector,

2105 2339 2388 2395 Thcudulﬁ
2414 2355 2516 2395 nec
2542 2341 2620 2395 sis
2639 2340 3045 2396 immemorem
3073 2341 3170 2396 tui.

2193 2501 2195 2503 ι
2738 2430 2921 2485 Aliud.

2038 2523 2190 2577 Finis
2209 2524 2362 2578 adest
2379 2522 2550 2592 operi,
2582 2522 2671 2577 his
2689 2523 2884 2593 quibus
2903 2532 2989 2579 est
3009 2526 3391 2596 peragentibus
3413 2535 3625 2595 actum,

2109 2611 2195 2667 Sit
2222 2625 2352 2683 pax,
2377 2612 2508 2678 vita,
2549 2611 2716 2679 salus,
2746 2620 2802 2667 et
2831 2613 2954 2679 tibi,
2980 2614 3170 2682 lector,
3194 2630 3316 2671 ave.

2785 2730 2871 2785 III.

2036 2837 2238 2880 nasus
2270 2840 2426 2880 FACT!
2467 2841 2536 2880 ur
2577 2843 2609 2880 Α
2647 2841 2832 2880 νυειιιε
2874 2825 2902 2865 b
2939 2841 2993 2879 IN
3043 2841 3129 2880 me
3168 2840 3454 2881 PALIARUII
3489 2841 3622 2882 cm—

2671 2910 2979 2950 TABENTUB.

2038 2983 2242 3051 Gloria,
2268 2983 2385 3040 laus
2405 2991 2464 3040 et
2485 2985 2660 3039 honor
2687 2986 2784 3040 tibi
2810 2986 2896 3048 sit,
2932 3000 3025 3038 rex
3049 2984 3262 3041 Christe
3289 2985 3621 3060 redemptor,

1963 3045 2010 3108 Ο
2108 3075 2206 3132 Cui
2229 3045 2442 3146 puerile
2467 3077 2634 3131 decus
2656 3045 2919 3146 prompsit
2949 3076 3191 3130 hosanna
3221 3077 3392 3147 pium.

2037 3164 2205 3221 Israel
2232 3179 2293 3219 es
2317 3173 2377 3220 tu
2406 3179 2524 3229 rex,
2565 3165 2786 3220 Davidis
2807 3173 2864 3219 et
2887 3165 3087 3235 inclyta
3111 3166 3312 3235 proles,

2106 3253 2334 3310 Nomine
2359 3255 2452 3324 qui
2482 3256 2539 3309 in
2576 3255 2810 3323 Domini,
2841 3271 2938 3310 rex
2958 3256 3266 3324 benedicte,
3295 3258 3474 3314 venis.

2037 3345 2223 3402 Castus
2245 3345 2302 3402 in
2323 3346 2553 3403 excelsis
2582 3355 2636 3402 te
2659 3347 2843 3402 laudat
2866 3348 3088 3404 ccelicus
3108 3350 3306 3415 omnis,

2106 3435 2177 3490 Et
2201 3437 2448 3493 mortalis
2468 3440 2651 3506 homo,
2679 3446 2735 3494 et
2763 3447 2961 3494 cuncta
2987 3448 3172 3495 creata
3197 3439 3380 3495 simul.

2035 3525 2196 3583 Plebs
2223 3527 2445 3584 Hebraea
2475 3529 2574 3584 tibi
2601 3530 2939 3598 cumpalmis
2965 3529 3122 3584 obvia
3145 3531 3322 3597 venit;

2107 3616 2244 3672 Cum
2275 3633 2454 3688 prece,
2493 3625 2638 3683 voto,
2669 3619 2882 3690 hymnis
2910 3620 3168 3674 adsumus
3194 3635 3321 3675 ecce
3349 3620 3466 3676 tibi.

2039 3703 2107 3760 Ili
2135 3705 2235 3761 tibi
2261 3720 2496 3775 passuro
2523 3706 2804 3762 solvebant
2829 3709 3009 3762 munia
3032 3708 3228 3773 laudis,

2106 3795 2216 3852 Nos
2238 3796 2338 3851 tibi
2359 3799 2610 3868 regnanti
2640 3799 2926 3868 pangimus
2952 3813 3079 3855 ecce
3103 3800 3292 3855 melos.

2037 3884 2103 3940 lii
2129 3885 2381 3955 placuere
2411 3887 2526 3952 tibi,
2558 3887 2772 3956 placeat
2790 3889 3004 3944 devotio
3028 3899 3234 3955 nostra,

2106 3974 2224 4030 Rex
2254 3976 2362 4046 pie,
2394 3990 2490 4030 rex
2515 3977 2769 4044 clemens,
2796 3980 2882 4034 cui
2910 3979 3051 4034 bona
3076 3989 3268 4060 cuncta
3294 3981 3529 4052 placent.

2036 4066 2260 4123 Fecerat
2280 4067 2539 4123 Hebrzeos
2559 4069 2658 4124 hos
2681 4069 2850 4139 gloria
2879 4072 3157 4142 sanguinis
3181 4071 3293 4134 alti,

2104 4159 2218 4215 Nos
2244 4155 2375 4214 facit
2394 4159 2650 4216 Hebmos
2677 4161 2939 4217 transitus
2967 4178 3092 4218 ecce
3115 4162 3254 4232 pius.

2034 4249 2242 4320 Inclyta
2262 4251 2494 4304 terrenis
2521 4251 2784 4305 transiwr
2808 4253 2878 4306 ad
2897 4255 3100 4309 aethera
3129 4254 3312 4309 victis.

2110 4343 2297 4398 Virtus
2323 4357 2354 4396 a
2376 4342 2526 4397 vitiis
2548 4359 2650 4398 nos
2672 4343 2818 4412 capit
2847 4343 2988 4398 alma
3016 4345 3189 4399 tetris.

1962 4391 2015 4454 Β
2040 4432 2291 4504 Nequitia
2321 4433 2490 4489 simus
2516 4435 2688 4504 pueri,
2717 4391 2915 4490 vrirtute
2936 4435 3087 4500 victi,

2111 4524 2263 4592 Quod
2292 4533 2513 4580 tenuere
2534 4534 2736 4595 patres,
2766 4525 2834 4581 da
2863 4533 3139 4580 teneamus
3168 4527 3293 4580 iter.

2040 4615 2452 4686 Degeneresque
2473 4623 2688 4685 patrum
2712 4632 2780 4672 ne
2807 4617 2981 4671 simus
3005 4617 3070 4670 ab
3098 4625 3215 4670 arte
3237 4616 3474 4685 piorum,

2110 4706 2220 4761 Nos
2244 4714 2336 4760 tua
2357 4714 2481 4777 post
2505 4707 2623 4762 illos
2651 4708 2822 4778 gratia
2853 4715 3042 4762 sancta
3066 4707 3249 4761 trahat

2037 4795 2118 4850 Tu
2143 4797 2263 4866 pius
2296 4813 2569 4861 ascensor,
2601 4805 2721 4852 tuus
2745 4805 2802 4852 et.
2835 4813 2936 4853 nos
2963 4797 3133 4854 simus
3157 4796 3355 4852 asellus

2037 4935 2294 4997 regnante
2321 4928 2594 4982 conditum
2641 4929 2932 4997 scriptores
2973 4929 3334 4984 consentiunt.
3385 4925 3619 4997 Atuquia

2037 4946 2094 4982 re
2133 4946 2294 4983 name
2321 4946 2594 4982 conantum
2641 4946 2932 4997 SCI‘IplOl‘eS
2973 4946 3334 4984 consentiunt.
3385 4946 3454 4980 Al
3483 4946 3610 4995 quia

2037 4946 2480 5070 huﬁuscarminis
2507 4999 2752 5070 meminit
2786 4999 3046 5054 Alcuinus
3071 4999 3138 5053 de
3172 4998 3366 5070 divinis
3395 4995 3610 5070 ciliciis,

2038 5067 2158 5140 cap.
2191 5067 2279 5132 M,
2311 5077 2365 5121 et
2387 5067 2675 5140 Alcuinum
2712 5078 2919 5140 certum
2946 5077 3046 5140 est
3081 5070 3150 5122 ad
3191 5067 3444 5140 Ludovici
3477 5073 3617 5140 tem-

2038 5136 2169 5207 pora
2206 5153 2312 5193 non
2351 5138 2675 5208 pervenisse,
2721 5139 2853 5193 satis
2902 5139 3028 5194 hinc
3069 5138 3376 5208 argumenti
3395 5136 3618 5208 habere

2039 5204 2140 5262 Sibi
2170 5204 2512 5279 nuper—visus
2538 5217 2626 5279 est
2645 5208 2726 5262 vir
2748 5209 2937 5263 doctus
2965 5218 3026 5263 ut
3063 5225 3093 5263 a
3137 5204 3438 5279 Theodulfo
3463 5220 3617 5259 com-

2037 5277 2270 5350 positum
2315 5285 2554 5350 negaret.
2600 5278 2866 5334 C:eterum
2915 5280 3042 5347 quin
3093 5277 3372 5350 Theodulﬁ
3424 5289 3619 5350 revera

2039 5342 2166 5403 sunt
2195 5349 2268 5424 _hi
2313 5342 2504 5424 vefsus
2531 5350 2824 5424 ambigere,
2861 5342 3051 5403 nt'alia
3079 5348 3290 5424 desint,
3327 5360 3442 5424 .non
3477 5342 3621 5424 licet

2039 5427 2164 5489 post
2195 5417 2329 5487 Lupi
2375 5417 2736 5474 Ferrariensis
2777 5436 2892 5475 :nvo
2941 5419 3172 5488 proximi
3197 5417 3616 5489 testimonium,

2039 5488 2131 5561 qui
2157 5490 2355 5561 diserte
2372 5489 2473 5561 hos
2497 5489 2572 5561 illi
2593 5491 2788 5561 asserit
2814 5489 3037 5559 cpistola
3063 5490 3153 5544 ‘20.
3187 5488 3405 5561 Librum
3431 5493 3618 5561 autem

2043 5551 2190 5613 illum
2240 5558 2307 5617 de
2353 5559 2547 5616 divinis
2586 5560 2786 5618 Ofﬁciis
2815 5551 3024 5616 A'lcuini
3075 5575 3182 5614 non
3212 5573 3330 5616 esse
3369 5555 3482 5625 jam
3523 5551 3615 5606 alii

2044 5631 2412 5685 observarunt.
