3998 6182
1761 94 1788 114 ‘I

409 325 496 384 51]
1419 311 1806 370 THEODULFI
1845 309 2402 367 AURELIANENSIS
2436 311 2655 366 EPlSC.

2005 431 2058 491 Α
2083 427 2191 484 llas
2220 428 2336 484 fera
2364 429 2666 494 barbaries,
2704 434 2955 496 exempto
2986 439 3212 481 munere
3241 426 3414 496 pacis,

403 438 800 512 Discipulisque
830 437 994 506 dapes
1031 433 1246 498 tribuit,
1271 431 1400 485 dant
1423 427 1668 499 plebibus
1691 428 1800 495 illi,

477 532 629 602 Quod
659 533 714 587 hi
741 529 885 587 docti
909 527 997 582 illa
1014 566 1030 594 ,
1053 525 1208 595 plebs
1243 523 1332 592 pia
1359 530 1570 578 constet
1597 521 1705 576 eis.

763 744 787 772 ⁸
824 747 878 786 ιδ
917 744 1128 786 ΑιτΑιιε
1168 741 1357 782 SANCTI
1397 741 1607 781 ANIANI.

403 828 554 883 lianc
591 825 686 880 tibi
723 824 1060 880 Celsitonans
1094 835 1244 875 aram
1276 817 1610 874 Theodulfus
1652 818 1855 873 ador-no
1877 857 1892 881 ,

473 920 542 973 At
570 917 760 984 faveas
781 916 920 971 votis
943 931 1037 970 rex
1068 914 1213 968 Deus
1249 913 1365 983 ipse
1401 912 1560 966 meis.

399 1009 652 1078 Quisquis
677 1023 737 1063 es
763 1009 903 1062 hanc
938 1019 1194 1071 cernens,
1219 1012 1276 1059 et
1318 1012 1378 1057 tu
1418 1001 1758 1058 sanctissime
1786 1001 1982 1071 praesul

470 1100 698 1166 Aniane,
727 1098 911 1168 exigui
938 1097 1017 1152 sis
1040 1110 1252 1151 memor
1276 1109 1375 1149 oro
1399 1095 1528 1149 mei.

1155 1209 1242 1285 vi.

664 1303 693 1343 δ
732 1319 800 1358 an
836 1316 1111 1357 IONACHOS
1149 1315 1338 1355 sucu
1379 1315 1688 1356 BENEDICTI'.

398 1394 449 1459 l,
488 1407 610 1448 mea
635 1393 847 1458 charta,
875 1393 1023 1446 celer
1048 1391 1326 1446 Benedicti
1353 1391 1419 1445 ad
1457 1400 1595 1446 tecta
1627 1391 1800 1456 heati,

470 1484 690 1554 Hocque
726 1483 960 1539 salutato
983 1491 1126 1538 tecta
1157 1483 1333 1538 revise
1353 1494 1592 1553 patrum.

401 1575 539 1630 Huic
565 1575 822 1646 salveque
857 1576 1088 1646 valeque
1129 1591 1332 1641 meum,
1385 1577 1513 1631 huic
1549 1577 1760 1647 singula
1798 1592 1978 1644 narra,

471 1666 738 1736 Prospera
775 1681 896 1736 qua:
930 1666 1086 1721 nobis
1111 1675 1236 1720 sunt
1264 1665 1536 1721 tribuente
1564 1667 1696 1721 Deo.

398 1756 527 1813 lude
556 1757 698 1813 refer
718 1758 914 1813 multas
940 1759 1106 1814 misso
1129 1775 1240 1829 pro,
1257 1773 1483 1814 munere
1511 1768 1715 1830 grates,

471 1849 649 1920 thue
674 1849 850 1906 libens
891 1850 1071 1905 mittat
1091 1851 1248 1923 plura
1273 1865 1501 1920 precare
1538 1851 1731 1907 libens.

405 1943 578 2013 thue
607 1944 754 2014 pium
777 1953 1072 2016 consurgat
1099 1959 1236 2015 opus
1262 1943 1574 2000 fundamine
1591 1944 1762 2014 jacto,

471 2033 625 2100 Quod
662 2033 880 2105 me-j‘am
908 2034 1126 2100 mulcet,
1152 2035 1266 2109 jam
1294 2049 1416 2089 mea
1445 2035 1611 2090 corda
1638 2034 1783 2090 fovet
1815 2055 1828 2089 :

399 2122 484 2178 Sit
527 2123 723 2179 melius
768 2123 998 2190 culmen,
1032 2124 1205 2180 bonus
1243 2132 1326 2180 est
1355 2122 1480 2197 [F.,
1514 2124 1601 2197 et]
1650 2124 1984 2180 fundaminis

1230 2199 1241 2208 ’
1703 2215 1872 2287 [ordo
1892 2256 1906 2279 ,

471 2305 644 2370 Quem
685 2306 887 2376 gemini
925 2308 1136 2362 numeri
1168 2323 1396 2377 sorsque
1436 2309 1711 2378 decusque
1743 2317 1942 2364 sacrat.

400 2394 541 2449 Ecce
563 2395 670 2450 duo
695 2397 946 2450 monachi
973 2397 1078 2452 duo
1105 2407 1230 2452 sunt
1264 2407 1534 2467 prmeepta
1569 2397 1778 2463 salutis,

474 2483 667 2538 Divino
704 2491 766 2540 ut
782 2482 1004 2552 junctus
1034 2486 1104 2540 sit
1128 2501 1343 2556 quoque
1371 2481 1558 2541 fratris
1593 2501 1764 2540 amor.

400 2571 498 2628 Est
525 2572 834 2628 intellectus
864 2575 956 2643 qui
981 2590 1102 2630 sese
1137 2576 1382 2645 operatio
1415 2576 1631 2648 jungit}

474 2663 567 2718 Sic
600 2664 778 2719 ditant
804 2663 1066 2720 famulum
1095 2666 1221 2720 bina
1249 2666 1451 2721 talenta
1478 2667 1698 2720 bonum.
1736 2715 1738 2718 ,

401 2756 645 2826 Suntque
673 2757 793 2812 dua:
817 2757 961 2824 vitae,
991 2773 1128 2827 quas
1153 2759 1296 2813 actio
1326 2758 1452 2813 bina
1493 2773 1741 2814 sororum

471 2848 670 2913 lnnuit,
701 2863 767 2903 ac
803 2850 968 2904 etiam
999 2850 1085 2903 lex
1120 2865 1260 2904 nova
1290 2851 1404 2905 sive
1436 2859 1614 2905 vetus.

400 2939 627 3010 Jamque
647 2955 873 3008 operare
901 2940 1097 3007 libens,
1124 2955 1224 2996 nec
1251 2941 1598 2996 fundamenta
1627 2940 1837 3004 timeto,

471 3032 624 3099 Quod
655 3031 1092 3102 superaddideris
1133 3039 1243 3087 stat
1277 3032 1542 3087 solidante
1567 3031 1701 3086 Deo.

400 3124 614 3180 Addere
639 3125 796 3195 plura
832 3132 1006 3196 potes,
1036 3125 1242 3196 poterit
1269 3125 1480 3180 nescire
1525 3125 1739 3178 ruinam

472 3214 724 3282 Fabrica,
757 3230 921 3286 quam
946 3229 1206 3270 numerus
1233 3215 1466 3270 sustinet
1493 3213 1596 3268 iste
1626 3227 1802 3268 sacer.

402 3306 624 3362 Semina
652 3315 710 3361 tu
742 3313 962 3361 nostros
994 3305 1191 3361 misisti
1229 3321 1397 3376 parva
1428 3321 1527 3376 per
1555 3321 1737 3376 agros,

471 3397 711 3452 Plurima
744 3398 921 3466 mitte,
953 3413 1106 3470 seges
1147 3399 1276 3453 hinc
1312 3397 1408 3453 tibi
1436 3398 1661 3469 grandis
1689 3397 1814 3452 erit.

401 3487 554 3556 Quod
585 3487 688 3543 fuit
713 3488 970 3545 Ausoniis
996 3489 1323 3544 Benedictus
1352 3498 1534 3544 rector
1562 3491 1618 3544 in
1647 3491 1815 3557 arvis,

470 3578 586 3634 Hoc
616 3580 776 3636 modo
802 3587 861 3638 tu
889 3581 945 3636 in
970 3581 1176 3636 nostris
1199 3597 1279 3646 es,
1317 3580 1624 3646 Benedicte,
1667 3581 1821 3636 locis.

402 3671 520 3726 Non
551 3671 718 3726 distes
745 3672 940 3725 merito
961 3671 1116 3741 cujus
1145 3686 1252 3726 non
1282 3671 1500 3725 nomine
1531 3671 1733 3736 distas,
1835 3693 1840 3698 ι

474 3760 719 3815 Nominis
744 3768 798 3814 et
823 3760 1002 3815 meriti
1041 3775 1159 3815 sors
1186 3762 1311 3816 beet
1335 3777 1444 3814 una
1477 3761 1633 3828 duos,

406 3852 480 3908 Ut
507 3853 735 3906 cerebro
766 3850 1039 3920 Euphorbi
1069 3849 1286 3906 Samius
1314 3859 1464 3906 satus
1489 3865 1612 3906 esse
1634 3859 1876 3922 putatur,

480 3944 573 3998 Sic
597 3943 768 3998 Nursi-
785 3943 958 4013 patris
988 3944 1041 3997 in
1073 3952 1125 3999 te
1155 3954 1440 3999 revocatur
1459 3960 1612 4014 opus.

402 4034 482 4100 ,Ut
515 4046 613 4102 per
649 4032 1004 4087 Theodulfum
1037 4032 1317 4088 Thcodulfi
1341 4033 1508 4087 verba
1537 4035 1811 4102 precantis

479 4121 694 4192 lmples,
741 4137 975 4192 cumque
1026 4139 1134 4177 una
1157 4123 1200 4176 it
1228 4122 1357 4177 hinc
1383 4137 1546 4191 prece
1575 4138 1770 4178 nomen
1799 4122 1941 4179 idem
1969 4142 1982 4176 :

414 4214 508 4270 Sic
538 4213 860 4270 Benedictus
887 4215 934 4270 ei
960 4230 1059 4286 per
1085 4223 1160 4281 te,
1190 4213 1505 4278 Benedicte,
1534 4214 1678 4284 quod
1706 4223 1858 4286 optat

478 4304 755 4373 Conferat,
787 4316 844 4361 et
865 4307 980 4361 voti
1014 4314 1072 4360 tu
1100 4305 1367 4360 mediator
1395 4321 1511 4372 eas,

410 4396 671 4468 Quodque
693 4396 818 4464 fuit,
848 4397 1065 4463 Casine,
1105 4395 1200 4451 tibi
1224 4396 1346 4467 pius
1375 4397 1464 4452 hic
1489 4405 1643 4468 pater
1669 4399 1822 4466 olim,

482 4491 594 4547 lloc
620 4491 781 4547 modo
804 4492 876 4547 sit
913 4491 1082 4557 cellae,
1109 4491 1240 4546 urbs
1267 4490 1580 4556 Aureliana,
1618 4499 1742 4546 tuae.

409 4584 580 4652 Quam
609 4584 748 4639 bene
779 4583 1053 4638 Mitiacum
1082 4582 1338 4638 vocitavit
1364 4582 1543 4652 prisca
1565 4589 1834 4646 vetustas,

479 4675 609 4743 Quae
637 4674 740 4729 fuit
774 4675 1077 4744 auspicium
1106 4675 1329 4729 mitibus
1357 4683 1485 4729 ante
1509 4672 1710 4728 choris.

411 4765 738 4819 Maximinus
764 4765 835 4819 ibi
859 4763 1090 4818 fratrum
1118 4772 1381 4817 vernante
1413 4778 1610 4817 corona

484 4854 729 4918 Prmfuit,
755 4855 842 4908 his
869 4855 1080 4908 scandit
1101 4852 1321 4920 junctus
1350 4853 1417 4906 ad
1444 4861 1592 4907 astra
1617 4833 1744 4920 poii.

412 4947 652 5015 Corpora
682 4952 808 4998 sunt
835 4958 1070 5013 quorum
1091 4945 1256 4998 variis
1287 4942 1547 4996 tumulata
1575 4942 1853 5012 sepulcris,

486 5034 625 5088 Sunt
648 5033 842 5088 animae
862 5032 918 5087 in
947 5030 1158 5086 sinibus
1185 5031 1299 5098 sed,
1326 5030 1656 5101 patriarcha,
1687 5032 1812 5086 tuis.

487 5186 512 5213 ι
545 5171 612 5226 lu
637 5171 804 5225 altare
843 5171 1012 5224 sancti
1035 5169 1248 5223 Arriani.
1279 5168 1396 5236 Quo
1421 5168 1478 5222 in
1517 5167 1635 5224 loco
1661 5185 1766 5223 non
1799 5168 1987 5237 liquet.

413 5246 497 5302 Ab
525 5243 716 5298 eodem
760 5241 818 5296 in
845 5242 966 5296 vico
1003 5239 1347 5296 Germiuiaco
1385 5239 1652 5294 conditam
1702 5237 1870 5292 fuisse
1896 5239 1991 5292 ba-

415 5317 626 5374 silicam
651 5313 809 5368 docet
827 5307 1110 5381 inscriptio
1144 5325 1157 5362 :
1470 5325 1472 5328 ν

538 5427 656 5477 Haec
681 5427 730 5476 in
750 5426 936 5476 honore
960 5424 1052 5474 Dei
1077 5423 1426 5484 Theodulphus
1449 5422 1628 5484 templa
1651 5387 1856 5479 sacravi,

600 5489 721 5549 Quae
745 5489 859 5538 dum
884 5487 1109 5548 quisquis
1132 5486 1236 5533 adis
1277 5497 1364 5534 oro
1383 5491 1633 5533 memento
1656 5484 1775 5532 mei.

489 5597 518 5637 δ
550 5595 628 5650 Ad
649 5596 930 5651 monachos
952 5592 1122 5648 sancti
1147 5589 1438 5646 Benedicti.
1471 5588 1772 5659 Collapsam
1813 5587 1866 5642 in
1896 5586 1992 5641 Mi-

422 5666 643 5722 tiaceusi
699 5668 870 5726 sancti
913 5662 1188 5720 Maximini
1233 5660 1482 5718 cmuobio
1536 5659 1872 5726 disciplinam
1934 5667 1992 5710 ut

424 5740 724 5798 restitueret
757 5733 1470 5804 Theodulpbus,monachos
1501 5728 1799 5804 postularat
1829 5745 1857 5785 e
1889 5728 1989 5784 Bc-

2153 519 2360 591 Dejecit
2385 520 2560 586 sedes,
2591 519 2946 588 destituitque
2975 518 3174 572 locum.

2083 613 2184 680 Qui
2213 613 2459 683 proprios
2490 611 2659 666 tenuit
2683 610 2917 676 cineres,
2949 618 3116 678 utque
3143 608 3257 664 ales
3288 608 3437 676 an,

2153 704 2230 758 De
2252 704 2495 758 cinerum
2522 702 2675 770 lapsu
2700 700 2870 755 tendit
2894 699 2960 753 ad
2988 699 3095 752 alta
3124 706 3307 769 caput.

2081 792 2179 848 llis
2203 794 2277 848 ita
2308 793 2494 857 finitis,
2522 789 2754 845 fratrum
2793 797 2917 859 pete
2945 788 3160 843 concita
3191 796 3432 855 cretum,

2154 887 2299 955 Quos
2335 885 2779 956 circumspiciens
2807 896 3009 946 cernua
3035 880 3190 936 ﬂecta
3219 895 3381 950 genu.

2082 977 2259 1032 Pauca
2287 977 2587 1031 locuturum
2615 975 2852 1044 primum
2881 973 3193 1028 benedicier
3215 987 3349 1037 ora,

2150 1067 2281 1122 lnde
2308 1065 2571 1121 morando
2599 1066 2752 1134 prius
2781 1064 2968 1134 accipe
3004 1078 3140 1118 voce
3170 1078 3385 1118 sonum.

2084 1159 2167 1213 Me
2191 1157 2286 1212 tibi
2314 1155 2646 1212 Theodulfus
2679 1155 3001 1220 transmisit,
3029 1154 3189 1208 turba
3213 1154 3396 1220 beata,

2153 1245 2255 1314 Qui
2287 1253 2473 1300 oratus
2500 1245 2673 1300 vestri
2700 1259 2918 1299 sumere
2946 1243 3122 1313 poscit
3151 1258 3330 1313 opem.

2084 1338 2273 1392 Vestra
2307 1337 2420 1391 suis
2441 1344 2655 1391 crescat
2680 1335 2944 1405 plantatio
2969 1335 3165 1405 quaerit
3195 1335 3250 1389 in
3279 1335 3445 1402 arvis,

2154 1430 2228 1486 De
2257 1445 2363 1499 qua
2393 1429 2529 1484 odor
2554 1429 2814 1484 ambrosii
2836 1429 3079 1484 nectaris
3103 1437 3249 1484 astra
3278 1438 3448 1498 petat.

2084 1519 2308 1574 Rivulus
2332 1520 2472 1574 hanc
2496 1527 2693 1573 vestra:
2720 1518 2914 1574 crebro
2936 1519 3116 1588 precis
3139 1519 3330 1588 irriget
3352 1519 3557 1586 almus,

2154 1609 2398 1664 Tendere
2421 1624 2527 1679 quo
2555 1609 2708 1663 radix
2738 1609 2962 1663 brachia
2989 1608 3142 1662 firma
3170 1617 3353 1678 queat.

2083 1701 2325 1756 Desieris
2352 1718 2474 1756 cum
2501 1700 2641 1756 forte
2666 1701 2832 1770 loqui,
2867 1709 2996 1756 tunc
3027 1709 3168 1756 tecta
3195 1701 3437 1758 licenter-

2011 1781 2062 1840 B
2155 1789 2455 1845 Narratura
2477 1789 2702 1844 Patrum
2733 1798 2928 1844 cuncta
2958 1790 3135 1844 revise
3163 1771 3317 1846 mihi.

2085 1882 2202 1952 Quo
2223 1882 2425 1938 dormit
2458 1882 2545 1952 pia
2577 1883 2734 1937 turba
2773 1881 2914 1946 vide,
2944 1897 3054 1951 quo
3095 1883 3321 1954 suscipit
3343 1899 3533 1954 escas,

2154 1975 2272 2042 Quo
2303 1974 2432 2045 legit
2463 1981 2518 2028 et
2547 1973 2749 2044 spallit,
2782 1989 2958 2043 quove
2977 1984 3236 2044 operatur
3261 1978 3373 2032 adi.

2083 2064 2304 2119 Cernito
2331 2064 2638 2134 pistrinum,
2673 2079 2776 2117 nec
2803 2063 3020 2134 despice
3048 2073 3191 2119 tecta
3219 2067 3487 2136 coquinae,

2153 2153 2341 2220 Quove
2362 2151 2546 2220 jacent
2575 2151 2833 2208 membris
2858 2155 2949 2223 qui
2979 2154 3119 2208 bene
3151 2165 3334 2211 mente
3364 2158 3567 2228 vigent.

2084 2243 2314 2315 Hospitii
2342 2259 2467 2298 mox
2495 2258 2656 2298 cerne
2684 2244 2880 2306 locum,
2912 2259 3184 2315 quemque
3213 2247 3410 2302 incolat
3431 2247 3520 2302 ille

2155 2335 2267 2402 Qui
2296 2349 2436 2389 nova
2463 2350 2608 2389 nunc
2631 2334 2868 2404 primum
2903 2335 3061 2390 miles
3096 2336 3149 2389 iu
3175 2351 3323 2390 arma
3349 2338 3515 2392 venit.

2083 2421 2200 2489 Quo
2230 2421 2325 2475 tibi
2355 2422 2567 2490 quaesiti
2598 2421 2772 2475 deerit
2815 2425 3106 2491 praesentia
3136 2423 3343 2490 fratris,

2154 2510 2309 2564 Hunc
2339 2511 2443 2566 iter
2465 2512 2569 2566 hoc
2601 2511 2884 2581 pulchrum
2912 2514 3257 2582 pertimuisse
3285 2515 3434 2571 dole.

2084 2603 2213 2657 inde
2243 2603 2513 2658 salutandi
2538 2603 2764 2660 fratrem
2803 2606 3006 2675 pietate
3032 2607 3228 2674 revise,

2157 2693 2291 2748 Sum
2314 2693 2400 2748 cui
2424 2695 2646 2764 junctus
2671 2711 2770 2765 ego
2798 2698 3035 2762 nomine,
3067 2714 3174 2753 non
3203 2699 3429 2758 merito..

2085 2783 2222 2840 Hinc
2247 2793 2370 2854 pete
2395 2784 2638 2841 Nebridii
2664 2787 2843 2844 Patris
2869 2789 3198 2845 venerabilis
3223 2793 3387 2859 aedes,

2156 2876 2278 2930 Mox
2312 2885 2367 2930 et
2389 2877 2582 2932 Donati
2612 2877 2684 2932 sit
2719 2880 2957 2934 tibivisa
2986 2881 3198 2936 domus.

2087 2963 2194 3020 Sed
2221 2981 2322 3020 nec
2347 2974 2644 3035 praetereas
2677 2969 2849 3023 sancti
2874 2968 2991 3024 loca
3022 2968 3210 3030 fratris
3235 2969 3390 3038 Atili,

2155 3058 2462 3129 Anianique
2490 3061 2597 3115 mei
2633 3071 2774 3116 tecta
2799 3073 3054 3119 verenter
3077 3063 3184 3119 adi.

2009 3155 2055 3217 ρ
2085 3147 2220 3202 Nam
2245 3149 2367 3218 pius
2400 3151 2628 3219 aspiciat
2657 3151 2874 3208 dantem
2905 3154 3012 3210 sibi
3031 3155 3172 3211 dona
3198 3155 3392 3212 salutis

2155 3241 2335 3297 Attala
2366 3247 2420 3297 te
2446 3243 2644 3309 videat,
2676 3244 2889 3314 dieque,
2920 3245 3237 3314 Olemunde,
3266 3248 3427 3308 vale.

2086 3335 2158 3391 At
2178 3337 2223 3390 si
2253 3335 2392 3391 forte
2418 3335 2566 3391 vales
2589 3338 2890 3393 mundanas
2925 3338 3004 3394 ire
3032 3354 3133 3409 per
3156 3341 3339 3406 urbes,

2160 3424 2382 3496 Singula
2412 3425 2748 3496 perlustrans
2771 3427 2988 3498 oppida,
3017 3444 3170 3495 rura,
3198 3443 3377 3495 casas,

2086 3515 2416 3572 Praesulibus
2443 3525 2660 3573 nostras
2693 3517 2748 3571 in
2777 3517 3016 3572 carmine
3041 3518 3224 3588 pande.
3244 3519 3466 3585 salutes,

2156 3605 2332 3676 Atque
2359 3608 2505 3661 omni
2536 3607 2703 3674 clero,
2733 3621 2974 3676 quosque
3001 3606 3208 3663 referre
3233 3623 3386 3662 mora
3413 3618 3517 3664 est.

2086 3697 2275 3763 Attila,
2310 3698 2579 3764 Clarinus,
2611 3699 2957 3766 Teutfredus,
2985 3700 3248 3767 Leubilla,
3275 3709 3332 3757 et
3359 3701 3540 3758 omnis

2159 3787 2340 3844 Turba
2359 3786 2588 3844 Patrum
2619 3798 2864 3844 nostrum
2891 3791 3092 3845 sentiat
3117 3790 3256 3845 alma
3284 3791 3424 3846 vale.

2088 3880 2227 3948 Quid
2252 3880 2347 3934 tibi
2375 3881 2531 3950 plura
2570 3897 2764 3936 canam
2789 3883 2812 3936 ?
2840 3890 3064 3938 cunctos
3095 3897 3164 3936 ex
3194 3897 3328 3937 voce
3353 3881 3560 3948 saluta,

2158 3971 2359 4042 Hisque
2385 3972 2630 4028 salutatis
2659 3981 2715 4029 te
2738 3973 2871 4028 mihi
2899 3974 3064 4030 redde
3089 3973 3272 4028 citam.

2811 4084 2922 4140 Vll.
2947 4123 2952 4130 .

2215 4191 2414 4231 VERSUS
2459 4191 2667 4232 SGIUPTI
2710 4192 2962 4232 ιιττειιιδ
2990 4192 3181 4232 Δυιιειε
3231 4193 3298 4232 DE
3326 4190 3533 4233 δικατο

2707 4283 2982 4330 QUINTINO.

2611 4375 2681 4430 In
2709 4377 2881 4446 prima
2906 4377 3108 4430 tabula.

2012 4524 2067 4584 Β
2091 4487 2227 4543 Cum
2255 4488 2410 4543 denis
2438 4487 2622 4544 lustris
2652 4497 2836 4543 ternos
2871 4488 3054 4543 minus
3084 4487 3320 4558 inclytus
3355 4500 3530 4545 annos

2161 4579 2274 4636 Rex
2307 4588 2492 4650 ageret
2514 4580 2741 4635 Carolus
2767 4590 2980 4651 sceptra
3003 4579 3234 4634 tenendo
3257 4580 3344 4650 pia
3370 4599 3384 4634 :

2091 4671 2270 4726 Rebus
2305 4679 2362 4726 et
2384 4671 2636 4726 humanis
2665 4683 2948 4741 exemptus
2971 4671 3204 4726 culmina
3231 4673 3381 4743 regni

2161 4765 2451 4833 Linqueret
2481 4763 2737 4834 ingentis,
2772 4780 2869 4818 rex
2894 4763 3189 4829 Ludovice,
3219 4765 3317 4818 tibi
3347 4765 3360 4817 l

2091 4855 2304 4924 Datque
2328 4854 2655 4925 octingentis
2687 4853 2889 4911 Christi
2922 4854 3224 4907 incarnatio
3255 4852 3381 4907 felix

2169 4947 2379 5002 Addere
2399 4945 2686 5000 curriculis
2725 4952 2978 5014 quattuor
3006 4953 3168 5013 atque
3195 4944 3418 4998 decem:

2101 5036 2344 5092 Condere
2372 5035 2536 5105 coepit
2557 5050 2692 5104 opus
2717 5033 2874 5103 hujus
2899 5032 3224 5088 venerabilis
3253 5031 3389 5087 aulai

2102 5169 2318 5237 nedicto
2342 5169 2665 5226 Ananiensis
2702 5170 3014 5225 monasterii
3063 5171 3258 5224 abbate
3299 5169 3353 5222 in
3391 5169 3690 5238 provincia

2101 5238 2453 5311 lﬁarbonensi,
2493 5241 2582 5311 qui
2611 5255 2733 5294 cum
2768 5244 2903 5294 duos
2929 5241 3160 5311 primum
3183 5239 3417 5311 misisset
3438 5238 3528 5308 qui
3554 5253 3689 5296 rem

2102 5308 2332 5364 feliciter
2379 5308 2739 5374 inchoarant,
2797 5308 2944 5363 nunc
2986 5309 3166 5378 plures
3210 5309 3351 5363 mitti
3399 5316 3581 5378 rogat”
3608 5318 3694 5365 ut

2103 5389 2276 5450 empta
2327 5380 2626 5450 perficiant.
2688 5379 2802 5450 Qua
2851 5378 2918 5433 de
2962 5377 3020 5433 re
3062 5379 3248 5450 paucis
3293 5377 3485 5450 auctor
3523 5377 3688 5450 Vita:

2102 5447 2275 5537 salicti
2323 5447 2646 5537 Maximini”:
2687 5469 2716 5532 t.
2760 5449 2896 5537 Cum
2940 5447 3081 5537 a‘plud
3117 5447 3690 5537 ‘M'iti‘acum,.iiiquit,

2101 5518 2332 5590 collapsa
2391 5528 2536 5575 esset
2585 5519 2908 5590 disciplina,“
2951 5517 3332 5590 'l‘heodulphus
3383 5517 3697 5590 episcopus

2099 5588 2489 5716 canLZrestituit
2513 5588 2747 5661 acceptis
2771 5604 2839 5644 ex
2877 5588 3207 5658 Septimania
3243 5588 3521 5660 provincia
3549 5602 3690 5641 ωυ..

2099 5673 2198 5715 nac
2237 5676 2303 5716 is.
2334 5680 2352 5713 ι

2099 5673 2303 5716 uacuis.
2334 5680 2352 5713 1
