3998 6182
239 326 337 386 5‘13

306 455 328 483 ι
354 437 537 495 Abba:
563 433 830 490 Ful‘radus
855 434 1136 489 nobilitate
1161 434 1367 489 cluens.

236 531 466 598 Namque
491 525 616 580 huic
644 523 1019 595 Hieronymus,
1045 523 1269 578 Carolus
1287 531 1442 592 pater
1468 517 1676 574 exstitit
1697 519 1792 583 illi,

302 621 397 687 Qui
426 617 657 689 propria:
681 617 958 686 specimen
985 616 1158 686 gentis
1187 616 1253 669 ad
1280 614 1386 667 alta
1426 612 1562 666 tulit.

235 710 370 767 Bella
412 722 606 779 gerens
629 720 926 777 pacemque
947 714 1126 771 tuens,
1154 705 1245 772 qui
1270 703 1505 758 culmina
1533 701 1685 771 regni

297 800 373 855 Ad
396 797 604 870 prolem
632 797 781 853 misit
814 796 1110 850 auxiliante
1143 795 1271 849 Deo.

927 905 1058 960 Vlll‘.

740 997 808 1051 In
836 997 1064 1052 secunda
1089 995 1288 1049 tabula.

228 1088 471 1161 Martyris
496 1088 694 1159 egregii
718 1087 960 1154 Quintini
992 1087 1082 1140 hic
1108 1085 1351 1141 membra
1377 1083 1680 1153 quiescunt,

295 1181 442 1236 Mens
466 1181 636 1235 haeret
657 1179 874 1236 Christo
899 1178 1050 1246 cujus
1079 1179 1135 1232 in
1170 1192 1295 1232 arce
1322 1177 1450 1245 poli.

225 1271 393 1342 Hujus
419 1273 625 1326 honore
647 1271 737 1340 pio
760 1269 931 1327 veteri
956 1267 1269 1322 fundamine
1299 1265 1556 1335 templum

293 1361 672 1417 Constructum
698 1362 800 1415 hoc
829 1359 1020 1424 fuerat,
1054 1357 1299 1412 constitit
1325 1366 1485 1424 atque
1512 1353 1621 1407 diu.

200 1450 328 1506 Sed
352 1453 480 1506 dum
502 1451 671 1506 scissa
695 1451 850 1505 dares
878 1449 1058 1518 paries
1087 1447 1201 1502 fera
1225 1446 1378 1516 signa
1406 1443 1596 1506 ruinae,

291 1540 560 1611 Surgendi
597 1555 789 1596 causas
815 1539 883 1593 ad
905 1537 1128 1593 meliora
1158 1536 1348 1592 dabas.

214 1630 460 1700 Namque
484 1612 592 1701 piis
615 1630 782 1695 votis,
799 1628 1026 1683 Domino
1053 1626 1343 1690 tribuente,
1383 1622 1564 1694 peregi

285 1721 403 1777 Hoc
423 1737 523 1792 ego
555 1719 823 1775 Fulradus
848 1728 910 1773 ut
934 1717 1073 1773 foret
1105 1716 1246 1772 istud
1274 1731 1429 1785 opus.

211 1811 442 1867 Scilicet
474 1820 540 1865 ut
561 1812 735 1881 major
760 1811 1043 1878 studioque
1065 1809 1346 1878 operosior
1374 1807 1521 1862 enini

276 1900 335 1954 A
373 1900 739 1956 fundamentis
767 1908 1010 1969 surgeret
1038 1900 1145 1952 ista
1175 1899 1390 1952 domus.

203 1993 401 2062 Quam
429 1993 555 2046 dum
581 1991 828 2060 quisquis
856 1989 972 2043 adis
1007 1989 1235 2043 Domino
1267 1996 1360 2040 tua
1391 1994 1516 2041 vota
1542 1987 1794 2053 daturus,

283 2081 449 2137 Votis
472 2096 560 2136 me
583 2088 637 2135 et
659 2080 912 2148 precibus
932 2077 1150 2149 jungito
1174 2092 1355 2148 quzeso
1377 2077 1500 2132 tuis.

955 2190 1052 2245 1X.

766 2279 834 2333 In
861 2281 1014 2334 tertia
1051 2279 1252 2335 tabula.

204 2367 354 2422 Haec
377 2367 568 2423 domus
595 2367 736 2424 alma
765 2368 863 2424 Dei
904 2377 989 2424 est
1007 2369 1092 2423 via
1123 2385 1229 2440 qua
1255 2370 1364 2424 itur
1386 2369 1453 2424 ad
1481 2371 1621 2424 atria
1645 2371 1788 2437 eteli,

276 2457 390 2512 Hic
413 2463 566 2527 patet
591 2472 720 2512 ecce
746 2457 904 2513 bonis
939 2468 1093 2528 porta
1124 2474 1314 2513 serena
1343 2459 1474 2528 poli.

205 2546 347 2602 Haec
375 2547 485 2612 via,
510 2546 640 2612 vita,
668 2545 834 2601 salus.
862 2547 1109 2602 Christus
1129 2563 1226 2602 sua
1250 2548 1446 2617 templa
1477 2549 1681 2616 revisit,

282 2637 577 2693 Justorum
602 2646 893 2709 acceptans
921 2641 1123 2704 munia,
1153 2646 1298 2704 vota,
1330 2654 1539 2708 preces.

207 2730 324 2784 llic
352 2728 487 2784 bene
512 2728 755 2796 Quintini
789 2730 1135 2798 requiescunt
1161 2744 1284 2784 ossa
1311 2729 1478 2796 beati,

278 2820 393 2886 Qui
422 2821 626 2876 studuit
654 2821 880 2876 Domino
899 2821 1004 2876 rite
1027 2821 1242 2890 placere
1263 2837 1380 2878 suo.

210 2914 495 2984 Sanguine
517 2914 607 2984 qui
634 2914 854 2984 prop-rio
888 2921 973 2968 est
999 2921 1271 2970 mercatus
1296 2914 1484 2968 cmlica
1510 2929 1678 2985 regna

276 3005 465 3075 Atque
489 3004 671 3059 locum
699 3004 916 3059 sibimet
939 3003 1072 3058 emit
1098 3004 1153 3058 in
1183 3019 1310 3058 arce
1336 3003 1462 3074 poli.

206 3098 384 3168 Cujus
405 3098 726 3170 martyrium
755 3099 946 3153 devota
980 3106 1160 3153 mente
1189 3097 1516 3167 frequentat,

283 3192 446 3247 Plebs
473 3192 687 3256 vivens,
717 3205 964 3260 quaerens
987 3199 1042 3244 et
1064 3190 1385 3260 peregrinus
1412 3205 1588 3260 opem.

208 3283 366 3350 Quos
389 3296 662 3337 memores
688 3282 862 3336 nostri
901 3281 1169 3335 Fulradus
1197 3297 1428 3335 cernuus
1453 3288 1582 3349 opto

287 3373 363 3430 Ut
387 3374 555 3430 vestri
583 3387 797 3443 semper
833 3372 906 3428 sit
933 3387 1145 3426 memor
1169 3372 1284 3442 ipse
1309 3372 1476 3426 Deus.

969 3483 1088 3537 X.‘

527 3575 558 3615 1³
596 3587 650 3628 tu
671 3587 938 3629 SEPULCRO
965 3587 1151 3627 sane"
1180 3587 1471 3626 multum.

212 3664 424 3735 Martyr
450 3677 690 3730 amtene,
712 3670 836 3717 tuos
863 3662 952 3716 hic
983 3660 1230 3717 Christus
1262 3659 1501 3716 condidit
1532 3667 1687 3714 artus

287 3755 356 3810 Et
382 3765 475 3809 tua
503 3767 658 3809 mens
681 3753 853 3809 centri
879 3751 1093 3807 scandit
1117 3752 1184 3807 ad
1214 3751 1320 3805 alta
1347 3751 1555 3809 volans.

211 3845 304 3906 Tu
331 3841 587 3900 Tiberina
623 3844 730 3899 tuis
758 3843 971 3898 lustrati
998 3842 1180 3897 littera
1209 3841 1394 3912 gestis,

287 3936 356 3990 Et
378 3951 525 3990 nunc
549 3933 876 3989 Rhenicolas
913 3933 1054 3989 ossis
1079 3934 1285 3988 honore
1317 3933 1468 3987 beas.

214 4027 413 4091 Roma,
444 4025 666 4082 favente
693 4023 829 4089 Deo,
862 4023 1045 4078 vidisti
1076 4023 1130 4077 in
1157 4031 1396 4092 martyre
1424 4021 1599 4092 signa,

292 4117 446 4172 Nunc
479 4114 749 4172 Germana
771 4115 968 4168 cohors
993 4112 1172 4167 cernis
1198 4112 1251 4166 id
1278 4109 1421 4166 istud
1445 4125 1602 4182 opus.

212 4205 405 4262 Aulica
427 4203 667 4260 silvestri
693 4202 916 4258 delubra
940 4202 996 4256 in
1026 4215 1152 4255 rure
1179 4200 1371 4255 locasti

290 4295 519 4366 Martyr,
549 4301 606 4350 et
632 4293 690 4348 in
713 4291 902 4347 vacuis
924 4291 1166 4362 syrtibus
1204 4290 1327 4344 aula
1355 4289 1541 4344 micat.

220 4386 524 4442 Nazarium
550 4385 757 4440 vocitat
781 4383 926 4437 hunc
952 4381 1139 4437 florem
1164 4381 1312 4435 natio
1333 4388 1548 4436 cuncta.

295 4534 322 4562 ι
360 4520 537 4575 Abba;
587 4517 878 4573 Fulradus.
915 4519 1032 4573 Duo
1059 4516 1220 4587 hujus
1255 4519 1487 4573 nominis
1509 4517 1794 4572 clarissimi

215 4591 447 4647 abbates
499 4589 738 4645 fuerunt.
777 4589 934 4642 Prior
959 4590 1125 4644 abbas
1152 4588 1234 4658 ,S.
1283 4589 1550 4658 Dionysii,
1581 4587 1794 4658 Pippini

217 4661 368 4732 regis
403 4661 736 4732 capellanus,
788 4658 953 4713 rebus
984 4659 1084 4732 sub
1129 4657 1225 4732 illo
1249 4665 1306 4712 et
1324 4657 1516 4712 Carolo
1545 4658 1596 4732 in
1645 4657 1796 4710 Italia

257 4726 392 4787 estis
439 4726 781 4791 notissimus,
809 4744 970 4798 quem
1015 4728 1123 4781 vita
1157 4727 1402 4782 functum
1429 4726 1652 4798 annales
1679 4734 1794 4798 traj

263 4810 359 4855 unt
385 4816 528 4856 anno
547 4799 673 4855 784.
713 4795 864 4853 Alter
900 4797 990 4852 hic
1009 4805 1213 4861 noster,
1267 4799 1434 4851 abbas
1463 4796 1520 4850 8.
1556 4795 1799 4862 Quintilii

216 4871 368 4952 apud
404 4869 824 4934 Viromanduos,
865 4866 1044 4924 Caroli
1092 4866 1318 4920 Martelli
1362 4881 1429 4921 ex
1472 4865 1799 4935 Hieronymo

214 4940 437 4995 Pmnini
459 4941 607 4995 regis
640 4939 809 4994 fratre
838 4952 1022 4995 nenos.
1060 4936 1142 4992 Ab
1193 4938 1296 4991 hoc
1325 4951 1454 4995 ergo
1481 4944 1794 4990 renovatam

220 4953 437 5010 Puppim
459 4956 607 5011 regis
640 4953 809 4994 tratre
838 4953 1022 5008 nepos.
1060 4953 1142 4992 AD
1193 4953 1296 4991 uoc
1325 4953 1454 5007 ergo
1481 4953 1794 4990 renovatam

220 5013 306 5064 ait
330 5011 615 5068 basilicam
671 5008 728 5064 8.
797 5008 1075 5085 (ὶιιὶιιιίμιίι
1107 5022 1280 5085 eoque
1320 5023 1462 5085 anno
1484 5006 1798 5085 inchoatum

221 5095 384 5164 opus,
439 5097 549 5152 quo
593 5074 1023 5204 regare'cmpit
1054 5074 1358 5160 Ludovicus
1393 5077 1544 5156 Pius,
1597 5074 1799 5129 Christi

220 5152 479 5207 Videlicet
509 5151 634 5206 8M.
723 5165 786 5203 ec
811 5149 1026 5204 dubium
1055 5155 1138 5201 est
1183 5163 1312 5217 quin
1338 5146 1572 5217 mde__sit
1610 5144 1800 5217 Fulraf

225 5221 348 5284 dus,
381 5237 543 5290 quem
574 5237 699 5276 cum
738 5219 856 5274 aliis
897 5219 1179 5290 abbatibus
1201 5213 1410 5290 synodo
1437 5213 1801 5290 _Noviome_n-si

221 5285 420 5362 eodem
450 5291 571 5362 ipso
599 5305 742 5346 anno
767 5287 1078 5362 interfuisse
1107 5285 1295 5342 narrat
1320 5285 1679 5351 Flodoardus,
1705 5285 1801 5340 lib.

224 5375 272 5416 ιι
302 5359 576 5426 Historiae,
607 5374 728 5428 cap.
760 5361 848 5428 18.

307 5430 336 5471 δ
373 5430 440 5486 In
462 5424 701 5503 sepulcro
726 5429 786 5484 S.
829 5426 1073 5503 Νριαςξί.
1098 5424 1632 5503 ln_-_Laures_hamensi
1655 5440 1804 5503 nem-

226 5513 303 5574 pe
329 5494 687 5574 monasterio,
707 5499 867 5574 _q_uod
891 5495 951 5551 S.
982 5495 1199 5574 Nazarii
1239 5495 1473 5574 exinde“
1489 5510 1685 5574 nomen
1704 5494 1805 5574 2h-

231 5563 416 5624 iinuit.
459 5563 679 5625 Paulus
707 5563 974 5622 Diaconos
1014 5566 1079 5620 de
1105 5565 1386 5636 Episcopis
1420 5563 1679 5636 rlletensis
1704 5563 1805 5636 Ec-

233 5639 416 5709 clesia:
444 5641 498 5695 in
524 5640 909 5709 Chrodegango
939 5654 952 5690 :
993 5655 1012 5686 ‹
1048 5632 1282 5706 Expetiit
1303 5632 1537 5702 denique
1567 5649 1596 5686 a
1642 5632 1804 5686 Paulo

239 5707 485 5773 Romano
539 5707 792 5782 pontiﬁce
835 5707 936 5762 tria
980 5722 1206 5777 corpora
1245 5711 1554 5763 sanctorum
1604 5711 1805 5772 marty-

1545 312 1888 372 CARMINAa
1910 313 2038 368 LIB.
2079 313 2140 368 ll.

1823 431 1874 487 Α
1972 428 2104 482 Nam
2140 444 2306 483 nazar
2341 428 2566 486 Hebr-tea
2595 429 2693 487 flos
2720 433 2857 488 bene
2880 434 3060 505 lingua
3088 445 3272 502 vocat,

1815 1756 1864 1815 B

3363 325 3470 382 ω

1899 519 2052 574 Hunc
2081 535 2182 591 ego
2205 519 2568 593 Wangionum
2591 525 2812 580 veniens
2846 524 3166 583 festinusab
3190 529 3326 585 urbe

1967 609 2106 663 Dum
2135 617 2397 680 peterem,
2423 612 2531 666 vidi
2555 614 2698 669 nube
2723 614 2898 668 nivem
2928 615 3142 673 cadere.

1895 697 2132 752 Pisciﬂui
2161 698 2336 754 Rheni
2359 701 2584 756 transivi
2608 703 2661 756 in
2699 704 2892 759 robore
2922 704 3089 774 ripas,

1965 788 2034 844 Ut
2058 790 2221 845 citius
2245 805 2462 860 possem
2496 791 2614 860 ejus
2645 795 2794 850 adire
2817 795 3026 851 locum.

2624 903 2714 957 XI.

2156 998 2179 1027 θ
2216 1004 2539 1044 EPITAPIIIUII
2564 1008 2853 1048 PASTBADE
2880 1011 3108 1051 RECINE.

1887 1075 2091 1146 Inclyta
2117 1077 2394 1132 Fastradaa
2423 1080 2623 1150 regina:
2645 1081 2734 1136 hic
2764 1086 3002 1138 membra
3029 1086 3344 1156 quiescunt,

1955 1163 2032 1220 De
2059 1166 2234 1220 medio
2271 1182 2433 1236 quam
2461 1183 2608 1222 mors
2637 1168 2832 1239 frigida
2862 1171 2992 1248 flore
3021 1176 3165 1229 tulit.

1889 1254 2088 1310 Nobilis
2110 1257 2231 1326 ipsa
2249 1258 2350 1311 viri
2381 1259 2624 1315 thalamo
2647 1262 2929 1328 conjuncta
2962 1266 3218 1332 potentis,

1959 1347 2065 1402 Sed
2091 1349 2249 1403 modo
2270 1350 2479 1404 caelesti
2514 1351 2745 1404 nobilior
2781 1352 3036 1407 thalamo.

1886 1439 2019 1494 Pars
2044 1441 2236 1495 anima:
2264 1443 2454 1496 melior
2487 1443 2712 1500 Carolus
2742 1462 2837 1500 rex
2864 1447 2979 1516 ipse
3016 1451 3321 1518 remansit,

1957 1528 2055 1584 Cui
2079 1522 2258 1586 tradat
2289 1532 2444 1586 mitis
2471 1541 2710 1603 tempora
2737 1536 2882 1608 larga
2913 1537 3071 1593 Deus.

2607 1647 2722 1702 ΧΠ.

2414 1753 2469 1791 IN
2505 1753 2712 1792 FRONTE
2750 1754 2941 1794 DOIUS.

1892 1824 1992 1892 Qui
2015 1833 2145 1886 stas,
2172 1825 2332 1894 quive
2367 1827 2542 1889 sedes.
2572 1829 2663 1895 qui
2695 1843 2824 1881 rura
2877 1838 2932 1883 et
2959 1837 3096 1885 tecta
3131 1847 3414 1902 peragras,

1962 1914 2226 1982 Tempora
2249 1917 2522 1971 consumis
2555 1917 2764 1972 actibus
2790 1926 2845 1971 et
2876 1918 3057 1974 variis.

1890 2001 1975 2056 Nil
2004 2016 2132 2072 gere
2169 2012 2341 2073 turpe,
2367 2005 2508 2073 quod
2535 2005 2640 2059 hoc
2674 2005 2820 2060 celsa
2857 2008 2979 2075 quis
3013 2009 3310 2077 spectetab
3327 2010 3468 2075 ede,

1961 2093 2060 2147 Est
2080 2093 2202 2156 hoc,
2243 2103 2326 2148 est
2351 2093 2493 2147 aliud
2523 2095 2666 2162 quod
2698 2110 2854 2164 mage
2886 2103 2942 2149 tu
2983 2103 3196 2150 timeas.

1894 2183 1987 2239 Est
2011 2198 2174 2254 super
2199 2193 2346 2237 astra
2369 2183 2510 2238 Deus
2534 2201 2547 2235 ε
2585 2185 2712 2252 quid
2744 2193 2867 2254 agat
2899 2186 3132 2241 humana
3161 2201 3398 2260 propago

1961 2274 2195 2330 Laturus
2217 2275 2368 2329 librae
2391 2273 2628 2343 pondera
2649 2274 2797 2343 justa
2820 2275 2986 2329 videt.

2614 2384 2744 2438 Xlll.

2189 2490 2292 2530 ουκ
2327 2490 2470 2530 110υο
2507 2490 2742 2529 CABMINA
2783 2492 2886 2530 NON
2921 2491 3166 2532 SCRIBAT.

1891 2565 2139 2622 Carmina
2172 2579 2313 2634 saepe
2341 2564 2493 2628 mihi,
2529 2563 2745 2629 fratres,
2776 2574 3026 2636 pergrata
3053 2567 3287 2624 tulistis:

1963 2655 2030 2710 Et
2051 2671 2191 2710 nunc
2217 2671 2337 2726 quae
2360 2654 2533 2720 fertis,
2563 2656 2786 2720 credite,
2815 2655 2971 2711 valde
2993 2657 3226 2725 placent.

1891 2746 1987 2802 His
2009 2746 2247 2801 delector
2269 2745 2413 2801 enim
2432 2787 2446 2811 ,
2497 2746 2667 2801 vestri
2694 2746 3037 2816 studiumque
3067 2747 3270 2804 laboris

1960 2837 2255 2902 Conlaudo,
2286 2845 2342 2892 et
2374 2853 2569 2892 moneo
2594 2853 2691 2891 vos
2719 2836 2928 2905 potiora
2957 2836 3131 2906 sequi.

1889 2928 2146 2984 Crescitis
2183 2930 2236 2984 in
2267 2930 2485 2995 melius,
2508 2929 2664 2984 nobis
2695 2928 2821 2983 hinc
2843 2928 3039 2998 gaudia
3063 2935 3317 2984 crescunt
3349 2947 3365 2985 :

1961 3019 2032 3074 Ut
2057 3019 2228 3089 magis
2250 3028 2411 3089 atque
2433 3019 2604 3090 magis
2634 3021 2687 3074 id
2719 3017 2932 3074 faciatis
2962 3035 3104 3074 amo.

1889 3111 1989 3176 Qui
2024 3127 2087 3166 ex
2119 3111 2262 3166 facili
2291 3111 2496 3180 pridem
2536 3120 2777 3181 poteram
2805 3115 3122 3181 depromere
3147 3128 3355 3177 versus,

1961 3199 2174 3262 IEstuo,
2198 3216 2298 3256 nec
2322 3203 2495 3256 condo
2523 3210 2582 3254 ut
2608 3203 2729 3255 volo
2749 3203 2902 3257 dulce
2933 3204 3119 3256 melos.

1889 3289 2142 3355 Quaeritis
2168 3292 2288 3354 hoc,
2316 3291 2533 3359 quando
2578 3306 2749 3344 novus
2777 3291 2864 3345 hic
2889 3292 3149 3345 successit
3188 3291 3475 3346 habendus-

1965 3375 2124 3440 Usus,
2149 3387 2390 3430 nostram
2412 3377 2576 3429 Erato
2602 3378 2693 3445 qui
2725 3379 2952 3431 reticere
2982 3380 3130 3432 facit.

1848 3518 1854 3524 ,
1893 3465 2032 3520 Sunt
2057 3464 2188 3516 mihi
2215 3479 2357 3517 nunc
2375 3464 2628 3532 lacrymis
2657 3465 2834 3532 potius
2861 3465 3102 3518 deflenda
3131 3467 3326 3534 piacla,

1961 3556 2216 3612 Carmine
2249 3553 2368 3627 [F.,
2400 3553 2668 3626 Culmina]
2697 3570 2859 3624 quam
2890 3555 3058 3625 lyrico
3083 3571 3275 3626 nempe
3303 3559 3470 3613 boan-

2115 3641 2117 3643 ’
3129 3646 3218 3720 [da
3240 3648 3395 3719 pede.

1890 3740 2009 3796 Non
2031 3754 2186 3794 amor
2220 3739 2335 3810 ipse
2363 3754 2516 3794 meus
2537 3737 2791 3794 Christus
2832 3754 2952 3795 mea
2980 3740 3221 3794 carmina
3244 3747 3469 3810 quaeret.

1962 3832 2070 3888 Sed
2092 3848 2247 3903 mage
2268 3833 2544 3888 commissi
2570 3833 2794 3904 grandia
2843 3833 2993 3888 lucra
3022 3835 3220 3904 gregis.

1890 3925 1996 3980 Pro
2023 3940 2152 3995 quo,
2176 3938 2381 3994 proque
2411 3924 2545 3979 meis
2577 3939 2736 3980 orare
2771 3917 3042 3980 erratibus
3062 3934 3190 3996 opto
3219 3944 3232 3980 :

1961 4017 2214 4072 Carmina
2240 4017 2298 4070 ni
2326 4031 2584 4087 pangam,
2609 4017 2839 4072 crimina
2867 4019 3012 4073 nulla
3042 4034 3191 4089 gero.

1892 4108 2084 4163 Ludite
2103 4122 2222 4173 vos,
2243 4106 2417 4177 pueri,
2443 4107 2671 4161 metrica
2699 4116 2784 4161 sat
2805 4107 3031 4162 lusimus
3061 4117 3180 4162 arte
3205 4125 3220 4160 :

1963 4196 2144 4251 Prima
2165 4211 2284 4266 qua:
2309 4195 2635 4264 cupitisjam
2660 4197 2790 4252 mihi
2821 4205 2975 4266 parta
3011 4205 3255 4251 manent.

1895 4287 2092 4341 Discite
2111 4286 2211 4349 sic,
2238 4284 2457 4348 fratres,
2476 4285 2617 4338 docti
2641 4293 2700 4338 ut
2729 4285 2948 4354 possitis
2976 4284 3188 4349 haberi,

1964 4379 2034 4433 Et
2059 4378 2179 4432 ﬁeri
2201 4377 2334 4431 socii
2358 4375 2565 4431 civibus
2596 4376 2869 4431 aathereis.

1901 4525 2044 4574 rum,
2073 4507 2126 4561 id
2155 4513 2237 4560 est
2261 4504 2322 4558 Β.
2355 4504 2629 4574 Gorgonii,
2658 4506 2803 4574 quod
2832 4505 2885 4557 in
2913 4505 3108 4559 Gorzia
3137 4504 3428 4573 requiescit
3460 4523 3476 4568 ς

1898 4589 1952 4634 et
1978 4573 2041 4633 Β.
2065 4577 2318 4639 Naboris,
2342 4573 2567 4639 quodin
2629 4573 2900 4628 Hilariaco
2929 4575 3260 4628 monasterio
3283 4575 3473 4629 condi-

1898 4658 2014 4703 tum
2041 4657 2156 4713 est;
2186 4656 2242 4699 et
2271 4645 2335 4700 B.
2361 4639 2611 4706 Naaarii,
2645 4644 2785 4714 quod
2808 4643 2946 4696 ultra
2979 4644 3246 4714 Rhenum,
3278 4639 3475 4698 in‘mo—

1898 4719 2139 4774 nasterio
2197 4715 2341 4783 quod
2375 4720 2604 4766 vocatur
2633 4713 2961 4776 Lerisliaim,
2990 4713 3251 4767 mdilicata
3282 4714 3336 4767 in
3365 4714 3466 4767 ho-

1900 4803 2087 4860 norem
2117 4786 2290 4860 jpsius
2317 4783 2577 4854 martyris
2626 4784 2750 4839 miri
2781 4784 2994 4838 decoris
3025 4784 3266 4848 basilica,
3305 4783 3471 4838 collo—

1902 4859 2064 4914 cavit.
2115 4859 2132 4908 5

1974 4940 2023 5009 ξι.
2043 4927 2384 5009 Epitaphium
2398 4923 2694 5009 Διπαιινιιιιιε
2722 4924 2934 5009 reginae.
2976 4923 3332 5009 fastlradam.
3347 4932 3470 5005 post

1902 4991 2244 5067 Hildegardis
2301 4996 2505 5067 obitum
2559 4991 3027 5067 uxoremDCaro‘li‘
3072 4993 3246 5067 Magni
3308 4991 3476 5067 fuisse

1905 5061 2152 5124 scribunt
2178 5080 2384 5119 omnes.
2427 5062 2690 5118 Francam
2721 5063 2936 5118 natione
2957 5063 3144 5128 fuisse,
3165 5061 3331 5117 filiam
3365 5061 3472 5115 ltu—

1907 5138 2032 5194 dolfi
2063 5136 2298 5198 comitis,
2324 5136 2480 5189 docet
2507 5133 2868 5203 Eginhardus,
2916 5133 3166 5202 idemque
3185 5141 3374 5188 auctor
3392 5138 3476 5185 est

1909 5208 2156 5264 eamdem
2188 5204 2553 5267 Francofurti,
2579 5219 2699 5257 cum
2730 5203 2800 5256 ibi
2827 5203 3070 5273 synodus
3113 5211 3280 5266 esset,
3323 5216 3469 5273 mor-

1911 5289 2060 5334 tuam
2091 5293 2155 5331 ac
2175 5275 2462 5344 Moguntize
2482 5273 2746 5344 sepultam
2774 5267 2913 5342 apud
2961 5271 3020 5326 S.
3048 5272 3334 5344 Albanum:
3374 5267 3475 5344 Se-

1905 5349 2091 5420 pulcrp
2120 5335 2446 5420 insculptum
2498 5335 2826 5420 fueratboc'
2845 5357 3062 5402 carmen
3095 5335 3428 5420 Theodul‘phi
3456 5353 3470 5388 :

1906 5405 1999 5474 sed
2039 5416 2096 5471 S.
2128 5405 2320 5471 Albani
2349 5414 2463 5486 aede
2500 5412 3119 5486 flammis_consum_pta,
3175 5405 3476 5486 translatis-

1906 5503 2009 5557 que
2035 5487 2088 5541 in
2134 5484 2603 5557 metropolitanam
2651 5481 2936 5557 ecclesiam
2970 5479 3244 5557 lfastradre
3278 5479 3474 5555 cineri-

1905 5547 2028 5622 bus,
2057 5556 2201 5611 aliud
2249 5547 2407 5623 longe
2453 5553 2725 5623 diversum
2757 5547 3042 5623 deterioris
3072 5556 3233 5623 nota:
3256 5547 3471 5623 apposi-

1907 5615 2026 5682 tum
2042 5636 2127 5682 est
2153 5615 2503 5694 epitaphium,
2531 5621 2677 5694 quod
2705 5618 2847 5687 apud
2874 5693 2878 5694 ί
2903 5615 3178 5672 Serarium
3224 5621 3466 5670 nostrum

1909 5699 1961 5753 in
1997 5690 2225 5752 Historia
2255 5690 2562 5761 Moguntina
2591 5690 2775 5747 videre
2805 5693 2916 5743 est.
