  <div class='ocr_page' id='page_1' title='image "/cluster/home/n/w/nwhite01/storage/ocr_20150623/105/hvd.32044054759709/164.png"; bbox 0 0 3998 6182; ppageno 0'>
   <div class='ocr_carea' id='block_1_1' title="bbox 187 323 278 380">
    <p class='ocr_par' dir='ltr' id='par_1_1' title="bbox 187 323 278 380">
     <span class='ocr_line' id='line_1_1' title="bbox 187 323 278 380; baseline -0.011 0"><span class='ocrx_word' id='word_1_1' title='bbox 187 323 278 380; x_wconf 70' lang='grc'><strong>317</strong></span> 
     </span>
    </p>
   </div>
   <div class='ocr_carea' id='block_1_2' title="bbox 249 418 1428 500">
    <p class='ocr_par' dir='ltr' id='par_1_2' title="bbox 249 418 1428 500">
     <span class='ocr_line' id='line_1_2' title="bbox 249 418 1428 500; baseline -0.01 -13"><span class='ocrx_word' id='word_1_2' title='bbox 249 433 369 500; x_wconf 85' lang='lat' dir='ltr'><strong>Quas</strong></span> <span class='ocrx_word' id='word_1_3' title='bbox 392 427 473 486; x_wconf 87' lang='lat' dir='ltr'><strong>tibi</strong></span> <span class='ocrx_word' id='word_1_4' title='bbox 494 418 799 482; x_wconf 79' lang='lat' dir='ltr'><strong>Pabnonico</strong></span> <span class='ocrx_word' id='word_1_5' title='bbox 830 423 999 479; x_wconf 96' lang='lat' dir='ltr'><strong>mittit</strong></span> <span class='ocrx_word' id='word_1_6' title='bbox 1022 423 1090 478; x_wconf 88' lang='lat' dir='ltr'><strong>ab</strong></span> <span class='ocrx_word' id='word_1_7' title='bbox 1115 423 1248 478; x_wconf 84' lang='lat' dir='ltr'><strong>orbe</strong></span> <span class='ocrx_word' id='word_1_8' title='bbox 1269 421 1428 499; x_wconf 80' lang='lat' dir='ltr'><strong>Deus.</strong></span> 
     </span>
    </p>
   </div>
   <div class='ocr_carea' id='block_1_3' title="bbox 179 512 1314 590">
    <p class='ocr_par' dir='ltr' id='par_1_3' title="bbox 179 512 1314 590">
     <span class='ocr_line' id='line_1_3' title="bbox 179 512 1314 590; baseline -0.011 -14"><span class='ocrx_word' id='word_1_9' title='bbox 179 522 292 576; x_wconf 86' lang='lat' dir='ltr'><strong>lude</strong></span> <span class='ocrx_word' id='word_1_10' title='bbox 311 520 408 590; x_wconf 88' lang='lat' dir='ltr'><strong>pias</strong></span> <span class='ocrx_word' id='word_1_11' title='bbox 431 518 567 572; x_wconf 90' lang='lat' dir='ltr'><strong>celso</strong></span> <span class='ocrx_word' id='word_1_12' title='bbox 590 524 770 587; x_wconf 89' lang='lat' dir='ltr'><strong>grates</strong></span> <span class='ocrx_word' id='word_1_13' title='bbox 792 513 1038 584; x_wconf 86' lang='lat' dir='ltr'><strong>persolve</strong></span> <span class='ocrx_word' id='word_1_14' title='bbox 1063 512 1314 577; x_wconf 76' lang='lat' dir='ltr'><strong>Tonanti,</strong></span> 
     </span>
    </p>
   </div>
   <div class='ocr_carea' id='block_1_4' title="bbox 243 601 1732 673">
    <p class='ocr_par' dir='ltr' id='par_1_4' title="bbox 243 601 1732 673">
     <span class='ocr_line' id='line_1_4' title="bbox 243 601 1732 673; baseline -0.008 -9"><span class='ocrx_word' id='word_1_15' title='bbox 243 607 325 664; x_wconf 85' lang='lat' dir='ltr'><strong>Cui</strong></span> <span class='ocrx_word' id='word_1_16' title='bbox 349 605 464 662; x_wconf 85' lang='lat' dir='ltr'><strong>solet</strong></span> <span class='ocrx_word' id='word_1_17' title='bbox 487 614 544 659; x_wconf 90' lang='lat' dir='ltr'><strong>ut</strong></span> <span class='ocrx_word' id='word_1_18' title='bbox 573 618 786 673; x_wconf 79' lang='lat' dir='ltr'><strong>semper</strong></span> <span class='ocrx_word' id='word_1_19' title='bbox 813 603 884 658; x_wconf 91' lang='lat' dir='ltr'><strong>sit</strong></span> <span class='ocrx_word' id='word_1_20' title='bbox 905 611 994 655; x_wconf 90' lang='lat' dir='ltr'><strong>tua</strong></span> <span class='ocrx_word' id='word_1_21' title='bbox 1020 601 1168 672; x_wconf 91' lang='lat' dir='ltr'><strong>larga</strong></span> <span class='ocrx_word' id='word_1_22' title='bbox 1200 614 1410 654; x_wconf 90' lang='lat' dir='ltr'><strong>manus.</strong></span> <span class='ocrx_word' id='word_1_23' title='bbox 1697 636 1732 652; x_wconf 49' lang='grc' dir='ltr'><strong>κ</strong></span> 
     </span>
    </p>
   </div>
   <div class='ocr_carea' id='block_1_5' title="bbox 175 692 1427 766">
    <p class='ocr_par' dir='ltr' id='par_1_5' title="bbox 175 692 1427 766">
     <span class='ocr_line' id='line_1_5' title="bbox 175 692 1427 766; baseline -0.008 -13"><span class='ocrx_word' id='word_1_24' title='bbox 175 712 203 740; x_wconf 74' lang='grc' dir='ltr'><strong>ο</strong></span> <span class='ocrx_word' id='word_1_25' title='bbox 229 697 488 752; x_wconf 81' lang='lat' dir='ltr'><strong>Adveniunt</strong></span> <span class='ocrx_word' id='word_1_26' title='bbox 507 703 698 766; x_wconf 81' lang='lat' dir='ltr'><strong>gentes</strong></span> <span class='ocrx_word' id='word_1_27' title='bbox 728 693 946 749; x_wconf 78' lang='lat' dir='ltr'><strong>Christo</strong></span> <span class='ocrx_word' id='word_1_28' title='bbox 974 692 1179 748; x_wconf 75' lang='lat' dir='ltr'><strong>servire</strong></span> <span class='ocrx_word' id='word_1_29' title='bbox 1201 699 1427 761; x_wconf 60' lang='lat' dir='ltr'><strong>paratae,</strong></span> 
     </span>
    </p>
   </div>
   <div class='ocr_carea' id='block_1_6' title="bbox 245 781 1497 855">
    <p class='ocr_par' dir='ltr' id='par_1_6' title="bbox 245 781 1497 855">
     <span class='ocr_line' id='line_1_6' title="bbox 245 781 1497 855; baseline -0.01 -13"><span class='ocrx_word' id='word_1_30' title='bbox 245 787 366 855; x_wconf 87' lang='lat' dir='ltr'><strong>Quas</strong></span> <span class='ocrx_word' id='word_1_31' title='bbox 383 787 555 842; x_wconf 81' lang='lat' dir='ltr'><strong>dextra</strong></span> <span class='ocrx_word' id='word_1_32' title='bbox 581 785 649 840; x_wconf 90' lang='lat' dir='ltr'><strong>ad</strong></span> <span class='ocrx_word' id='word_1_33' title='bbox 675 784 953 840; x_wconf 80' lang='lat' dir='ltr'><strong>Christum</strong></span> <span class='ocrx_word' id='word_1_34' title='bbox 973 781 1291 837; x_wconf 78' lang='lat' dir='ltr'><strong>sollicitante</strong></span> <span class='ocrx_word' id='word_1_35' title='bbox 1323 793 1497 833; x_wconf 86' lang='lat' dir='ltr'><strong>vocas.</strong></span> 
     </span>
    </p>
   </div>
   <div class='ocr_carea' id='block_1_7' title="bbox 173 869 1573 932">
    <p class='ocr_par' dir='ltr' id='par_1_7' title="bbox 173 869 1573 932">
     <span class='ocr_line' id='line_1_7' title="bbox 173 869 1573 932; baseline -0.006 -3"><span class='ocrx_word' id='word_1_36' title='bbox 173 875 306 932; x_wconf 87' lang='lat' dir='ltr'><strong>Pone</strong></span> <span class='ocrx_word' id='word_1_37' title='bbox 325 876 450 931; x_wconf 84' lang='lat' dir='ltr'><strong>venit</strong></span> <span class='ocrx_word' id='word_1_38' title='bbox 471 875 634 930; x_wconf 76' lang='lat' dir='ltr'><strong>textis</strong></span> <span class='ocrx_word' id='word_1_39' title='bbox 651 875 721 929; x_wconf 89' lang='lat' dir='ltr'><strong>ad</strong></span> <span class='ocrx_word' id='word_1_40' title='bbox 742 873 1020 928; x_wconf 84' lang='lat' dir='ltr'><strong>Christum</strong></span> <span class='ocrx_word' id='word_1_41' title='bbox 1063 871 1303 926; x_wconf 83' lang='lat' dir='ltr'><strong>crinibus</strong></span> <span class='ocrx_word' id='word_1_42' title='bbox 1329 869 1573 931; x_wconf 86' lang='lat' dir='ltr'><strong>Iluunus,</strong></span> 
     </span>
    </p>
   </div>
   <div class='ocr_carea' id='block_1_8' title="bbox 238 958 1416 1037">
    <p class='ocr_par' dir='ltr' id='par_1_8' title="bbox 238 958 1416 1037">
     <span class='ocr_line' id='line_1_8' title="bbox 238 958 1416 1037; baseline -0.008 -16"><span class='ocrx_word' id='word_1_43' title='bbox 238 967 410 1037; x_wconf 77' lang='lat' dir='ltr'><strong>Estque</strong></span> <span class='ocrx_word' id='word_1_44' title='bbox 433 965 646 1020; x_wconf 82' lang='lat' dir='ltr'><strong>humilis</strong></span> <span class='ocrx_word' id='word_1_45' title='bbox 673 963 821 1029; x_wconf 83' lang='lat' dir='ltr'><strong>ﬁdei,</strong></span> <span class='ocrx_word' id='word_1_46' title='bbox 844 963 936 1033; x_wconf 85' lang='lat' dir='ltr'><strong>qui</strong></span> <span class='ocrx_word' id='word_1_47' title='bbox 960 961 1062 1017; x_wconf 82' lang='lat' dir='ltr'><strong>fuit</strong></span> <span class='ocrx_word' id='word_1_48' title='bbox 1089 970 1218 1016; x_wconf 85' lang='lat' dir='ltr'><strong>ante</strong></span> <span class='ocrx_word' id='word_1_49' title='bbox 1244 958 1416 1015; x_wconf 76' lang='lat' dir='ltr'><strong>ferox.</strong></span> 
     </span>
    </p>
   </div>
   <div class='ocr_carea' id='block_1_9' title="bbox 171 1052 1644 1124">
    <p class='ocr_par' dir='ltr' id='par_1_9' title="bbox 171 1052 1644 1124">
     <span class='ocr_line' id='line_1_9' title="bbox 171 1052 1644 1124; baseline -0.005 -14"><span class='ocrx_word' id='word_1_50' title='bbox 171 1056 294 1112; x_wconf 83' lang='lat' dir='ltr'><strong>Huic</strong></span> <span class='ocrx_word' id='word_1_51' title='bbox 313 1057 527 1112; x_wconf 87' lang='lat' dir='ltr'><strong>societur</strong></span> <span class='ocrx_word' id='word_1_52' title='bbox 544 1056 745 1120; x_wconf 84' lang='lat' dir='ltr'><strong>Arabs,</strong></span> <span class='ocrx_word' id='word_1_53' title='bbox 786 1053 1016 1124; x_wconf 89' lang='lat' dir='ltr'><strong>populus</strong></span> <span class='ocrx_word' id='word_1_54' title='bbox 1042 1052 1272 1107; x_wconf 85' lang='lat' dir='ltr'><strong>crinitus</strong></span> <span class='ocrx_word' id='word_1_55' title='bbox 1295 1059 1519 1119; x_wconf 88' lang='lat' dir='ltr'><strong>uterque</strong></span> <span class='ocrx_word' id='word_1_56' title='bbox 1540 1057 1644 1111; x_wconf 87' lang='lat' dir='ltr'><strong>est,</strong></span> 
     </span>
    </p>
   </div>
   <div class='ocr_carea' id='block_1_10' title="bbox 237 1145 1220 1212">
    <p class='ocr_par' dir='ltr' id='par_1_10' title="bbox 237 1145 1220 1212">
     <span class='ocr_line' id='line_1_10' title="bbox 237 1145 1220 1212; baseline -0.005 -10"><span class='ocrx_word' id='word_1_57' title='bbox 237 1149 321 1204; x_wconf 88' lang='lat' dir='ltr'><strong>llic</strong></span> <span class='ocrx_word' id='word_1_58' title='bbox 343 1155 500 1204; x_wconf 80' lang='lat' dir='ltr'><strong>textus</strong></span> <span class='ocrx_word' id='word_1_59' title='bbox 522 1147 724 1212; x_wconf 83' lang='lat' dir='ltr'><strong>crines,</strong></span> <span class='ocrx_word' id='word_1_60' title='bbox 759 1146 849 1200; x_wconf 90' lang='lat' dir='ltr'><strong>ille</strong></span> <span class='ocrx_word' id='word_1_61' title='bbox 873 1145 1083 1200; x_wconf 86' lang='lat' dir='ltr'><strong>solutus</strong></span> <span class='ocrx_word' id='word_1_62' title='bbox 1110 1151 1220 1200; x_wconf 83' lang='lat' dir='ltr'><strong>eat.</strong></span> 
     </span>
    </p>
   </div>
   <div class='ocr_carea' id='block_1_11' title="bbox 166 1234 1376 1306">
    <p class='ocr_par' dir='ltr' id='par_1_11' title="bbox 166 1234 1376 1306">
     <span class='ocr_line' id='line_1_11' title="bbox 166 1234 1376 1306; baseline -0.008 -14"><span class='ocrx_word' id='word_1_63' title='bbox 166 1235 406 1302; x_wconf 91' lang='lat' dir='ltr'><strong>Cordoba,</strong></span> <span class='ocrx_word' id='word_1_64' title='bbox 439 1235 646 1306; x_wconf 82' lang='lat' dir='ltr'><strong>prolixo</strong></span> <span class='ocrx_word' id='word_1_65' title='bbox 668 1234 919 1290; x_wconf 86' lang='lat' dir='ltr'><strong>collectas</strong></span> <span class='ocrx_word' id='word_1_66' title='bbox 951 1244 1193 1304; x_wconf 89' lang='lat' dir='ltr'><strong>tempore</strong></span> <span class='ocrx_word' id='word_1_67' title='bbox 1214 1245 1376 1302; x_wconf 86' lang='lat' dir='ltr'><strong>gazas</strong></span> 
     </span>
    </p>
   </div>
   <div class='ocr_carea' id='block_1_12' title="bbox 234 1322 1430 1401">
    <p class='ocr_par' dir='ltr' id='par_1_12' title="bbox 234 1322 1430 1401">
     <span class='ocr_line' id='line_1_12' title="bbox 234 1322 1430 1401; baseline -0.006 -23"><span class='ocrx_word' id='word_1_68' title='bbox 234 1325 365 1380; x_wconf 83' lang='lat' dir='ltr'><strong>Mitte</strong></span> <span class='ocrx_word' id='word_1_69' title='bbox 388 1325 523 1380; x_wconf 90' lang='lat' dir='ltr'><strong>celer</strong></span> <span class='ocrx_word' id='word_1_70' title='bbox 545 1324 660 1395; x_wconf 83' lang='lat' dir='ltr'><strong>regi</strong></span> <span class='ocrx_word' id='word_1_71' title='bbox 681 1339 840 1401; x_wconf 80' lang='lat' dir='ltr'><strong>quem</strong></span> <span class='ocrx_word' id='word_1_72' title='bbox 859 1323 1012 1378; x_wconf 83' lang='lat' dir='ltr'><strong>decet</strong></span> <span class='ocrx_word' id='word_1_73' title='bbox 1035 1337 1195 1377; x_wconf 89' lang='lat' dir='ltr'><strong>omne</strong></span> <span class='ocrx_word' id='word_1_74' title='bbox 1215 1322 1430 1376; x_wconf 90' lang='lat' dir='ltr'><strong>decens.</strong></span> 
     </span>
    </p>
   </div>
   <div class='ocr_carea' id='block_1_13' title="bbox 159 1408 1616 1482">
    <p class='ocr_par' dir='ltr' id='par_1_13' title="bbox 159 1408 1616 1482">
     <span class='ocr_line' id='line_1_13' title="bbox 159 1408 1616 1482; baseline -0.004 -12"><span class='ocrx_word' id='word_1_75' title='bbox 159 1415 188 1455; x_wconf 67' lang='grc' dir='ltr'>δ</span> <span class='ocrx_word' id='word_1_76' title='bbox 214 1414 278 1470; x_wconf 83' lang='lat' dir='ltr'><strong>Ut</strong></span> <span class='ocrx_word' id='word_1_77' title='bbox 300 1417 502 1471; x_wconf 88' lang='lat' dir='ltr'><strong>veniunt</strong></span> <span class='ocrx_word' id='word_1_78' title='bbox 521 1416 751 1480; x_wconf 78' lang='lat' dir='ltr'><strong>Arabes,</strong></span> <span class='ocrx_word' id='word_1_79' title='bbox 775 1413 982 1468; x_wconf 80' lang='lat' dir='ltr'><strong>Arabes</strong></span> <span class='ocrx_word' id='word_1_80' title='bbox 1007 1413 1374 1482; x_wconf 83' lang='lat' dir='ltr'><strong>nomadesque</strong></span> <span class='ocrx_word' id='word_1_81' title='bbox 1413 1408 1616 1464; x_wconf 83' lang='lat' dir='ltr'><strong>venite.</strong></span> 
     </span>
    </p>
   </div>
   <div class='ocr_carea' id='block_1_14' title="bbox 231 1504 1366 1576">
    <p class='ocr_par' dir='ltr' id='par_1_14' title="bbox 231 1504 1366 1576">
     <span class='ocr_line' id='line_1_14' title="bbox 231 1504 1366 1576; baseline -0.003 -18"><span class='ocrx_word' id='word_1_82' title='bbox 231 1505 374 1576; x_wconf 88' lang='lat' dir='ltr'><strong>Regis</strong></span> <span class='ocrx_word' id='word_1_83' title='bbox 393 1513 442 1560; x_wconf 91' lang='lat' dir='ltr'><strong>et</strong></span> <span class='ocrx_word' id='word_1_84' title='bbox 465 1514 590 1560; x_wconf 89' lang='lat' dir='ltr'><strong>ante</strong></span> <span class='ocrx_word' id='word_1_85' title='bbox 612 1505 781 1576; x_wconf 86' lang='lat' dir='ltr'><strong>pedes</strong></span> <span class='ocrx_word' id='word_1_86' title='bbox 804 1505 1008 1561; x_wconf 82' lang='lat' dir='ltr'><strong>ﬂectite</strong></span> <span class='ocrx_word' id='word_1_87' title='bbox 1042 1504 1177 1560; x_wconf 83' lang='lat' dir='ltr'><strong>colla</strong></span> <span class='ocrx_word' id='word_1_88' title='bbox 1205 1518 1366 1574; x_wconf 90' lang='lat' dir='ltr'><strong>genu.</strong></span> 
     </span>
    </p>
   </div>
   <div class='ocr_carea' id='block_1_15' title="bbox 151 1593 1604 1668">
    <p class='ocr_par' dir='ltr' id='par_1_15' title="bbox 151 1593 1604 1668">
     <span class='ocr_line' id='line_1_15' title="bbox 151 1593 1604 1668; baseline 0 -16"><span class='ocrx_word' id='word_1_89' title='bbox 151 1597 262 1653; x_wconf 79' lang='lat' dir='ltr'><strong>Nec</strong></span> <span class='ocrx_word' id='word_1_90' title='bbox 278 1599 438 1653; x_wconf 88' lang='lat' dir='ltr'><strong>minus</strong></span> <span class='ocrx_word' id='word_1_91' title='bbox 462 1599 517 1653; x_wconf 90' lang='lat' dir='ltr'><strong>hi</strong></span> <span class='ocrx_word' id='word_1_92' title='bbox 543 1614 706 1668; x_wconf 89' lang='lat' dir='ltr'><strong>quam</strong></span> <span class='ocrx_word' id='word_1_93' title='bbox 733 1613 832 1653; x_wconf 80' lang='lat' dir='ltr'><strong>vos</strong></span> <span class='ocrx_word' id='word_1_94' title='bbox 856 1598 1092 1666; x_wconf 60' lang='lat' dir='ltr'><strong>saevique</strong></span> <span class='ocrx_word' id='word_1_95' title='bbox 1119 1605 1408 1664; x_wconf 83' lang='lat' dir='ltr'><strong>trucesque</strong></span> <span class='ocrx_word' id='word_1_96' title='bbox 1433 1593 1604 1652; x_wconf 75' lang='lat' dir='ltr'><strong>fuere.</strong></span> 
     </span>
    </p>
   </div>
   <div class='ocr_carea' id='block_1_16' title="bbox 226 1687 1386 1760">
    <p class='ocr_par' dir='ltr' id='par_1_16' title="bbox 226 1687 1386 1760">
     <span class='ocr_line' id='line_1_16' title="bbox 226 1687 1386 1760; baseline -0.003 -16"><span class='ocrx_word' id='word_1_97' title='bbox 226 1689 321 1744; x_wconf 88' lang='lat' dir='ltr'><strong>Sed</strong></span> <span class='ocrx_word' id='word_1_98' title='bbox 347 1690 437 1744; x_wconf 87' lang='lat' dir='ltr'><strong>hos</strong></span> <span class='ocrx_word' id='word_1_99' title='bbox 459 1690 550 1760; x_wconf 89' lang='lat' dir='ltr'><strong>qui</strong></span> <span class='ocrx_word' id='word_1_100' title='bbox 579 1689 785 1744; x_wconf 88' lang='lat' dir='ltr'><strong>domuit</strong></span> <span class='ocrx_word' id='word_1_101' title='bbox 817 1704 913 1744; x_wconf 88' lang='lat' dir='ltr'><strong>vos</strong></span> <span class='ocrx_word' id='word_1_102' title='bbox 937 1687 1244 1743; x_wconf 81' lang='lat' dir='ltr'><strong>domiturus</strong></span> <span class='ocrx_word' id='word_1_103' title='bbox 1263 1687 1386 1741; x_wconf 88' lang='lat' dir='ltr'><strong>erit.</strong></span> 
     </span>
    </p>
   </div>
   <div class='ocr_carea' id='block_1_17' title="bbox 150 1777 1549 1848">
    <p class='ocr_par' dir='ltr' id='par_1_17' title="bbox 150 1777 1549 1848">
     <span class='ocr_line' id='line_1_17' title="bbox 150 1777 1549 1848; baseline -0.001 -16"><span class='ocrx_word' id='word_1_104' title='bbox 150 1777 360 1833; x_wconf 82' lang='lat' dir='ltr'><strong>Scilicet</strong></span> <span class='ocrx_word' id='word_1_105' title='bbox 391 1778 443 1832; x_wconf 91' lang='lat' dir='ltr'><strong>in</strong></span> <span class='ocrx_word' id='word_1_106' title='bbox 466 1777 604 1833; x_wconf 81' lang='lat' dir='ltr'><strong>coelo</strong></span> <span class='ocrx_word' id='word_1_107' title='bbox 631 1778 897 1844; x_wconf 85' lang='lat' dir='ltr'><strong>residens,</strong></span> <span class='ocrx_word' id='word_1_108' title='bbox 941 1793 1040 1848; x_wconf 87' lang='lat' dir='ltr'><strong>per</strong></span> <span class='ocrx_word' id='word_1_109' title='bbox 1063 1786 1268 1832; x_wconf 80' lang='lat' dir='ltr'><strong>tartara</strong></span> <span class='ocrx_word' id='word_1_110' title='bbox 1292 1791 1549 1846; x_wconf 87' lang='lat' dir='ltr'><strong>regnans,</strong></span> 
     </span>
    </p>
   </div>
   <div class='ocr_carea' id='block_1_18' title="bbox 218 1864 1704 1940">
    <p class='ocr_par' dir='ltr' id='par_1_18' title="bbox 218 1864 1704 1940">
     <span class='ocr_line' id='line_1_18' title="bbox 218 1864 1704 1940; baseline -0.002 -18"><span class='ocrx_word' id='word_1_111' title='bbox 218 1867 313 1935; x_wconf 84' lang='lat' dir='ltr'><strong>Qui</strong></span> <span class='ocrx_word' id='word_1_112' title='bbox 325 1884 484 1935; x_wconf 85' lang='lat' dir='ltr'><strong>mare,</strong></span> <span class='ocrx_word' id='word_1_113' title='bbox 499 1868 590 1939; x_wconf 87' lang='lat' dir='ltr'><strong>qui</strong></span> <span class='ocrx_word' id='word_1_114' title='bbox 606 1876 798 1934; x_wconf 84' lang='lat' dir='ltr'><strong>terras,</strong></span> <span class='ocrx_word' id='word_1_115' title='bbox 811 1869 904 1939; x_wconf 89' lang='lat' dir='ltr'><strong>qui</strong></span> <span class='ocrx_word' id='word_1_116' title='bbox 921 1869 1058 1940; x_wconf 85' lang='lat' dir='ltr'><strong>regit</strong></span> <span class='ocrx_word' id='word_1_117' title='bbox 1069 1877 1214 1923; x_wconf 89' lang='lat' dir='ltr'><strong>astra</strong></span> <span class='ocrx_word' id='word_1_118' title='bbox 1226 1867 1410 1935; x_wconf 88' lang='lat' dir='ltr'><strong>polum</strong></span> <span class='ocrx_word' id='word_1_119' title='bbox 1424 1865 1516 1938; x_wconf 86' lang='lat' dir='ltr'><strong>[F.</strong></span> <span class='ocrx_word' id='word_1_120' title='bbox 1527 1864 1704 1937; x_wconf 84' lang='lat' dir='ltr'><strong>,poli].</strong></span> 
     </span>
    </p>
   </div>
   <div class='ocr_carea' id='block_1_19' title="bbox 146 1960 1570 2033">
    <p class='ocr_par' dir='ltr' id='par_1_19' title="bbox 146 1960 1570 2033">
     <span class='ocr_line' id='line_1_19' title="bbox 146 1960 1570 2033; baseline 0.002 -21"><span class='ocrx_word' id='word_1_121' title='bbox 146 1960 256 2013; x_wconf 79' lang='lat' dir='ltr'><strong>Ver</strong></span> <span class='ocrx_word' id='word_1_122' title='bbox 284 1961 421 2016; x_wconf 87' lang='lat' dir='ltr'><strong>venit</strong></span> <span class='ocrx_word' id='word_1_123' title='bbox 446 1976 574 2016; x_wconf 89' lang='lat' dir='ltr'><strong>ecce</strong></span> <span class='ocrx_word' id='word_1_124' title='bbox 598 1977 820 2026; x_wconf 82' lang='lat' dir='ltr'><strong>novum,</strong></span> <span class='ocrx_word' id='word_1_125' title='bbox 861 1976 984 2016; x_wconf 90' lang='lat' dir='ltr'><strong>cum</strong></span> <span class='ocrx_word' id='word_1_126' title='bbox 1005 1977 1114 2033; x_wconf 83' lang='lat' dir='ltr'><strong>quo</strong></span> <span class='ocrx_word' id='word_1_127' title='bbox 1144 1960 1319 2016; x_wconf 82' lang='lat' dir='ltr'><strong>felicia</strong></span> <span class='ocrx_word' id='word_1_128' title='bbox 1349 1969 1570 2026; x_wconf 86' lang='lat' dir='ltr'><strong>cuncta,</strong></span> 
     </span>
    </p>
   </div>
   <div class='ocr_carea' id='block_1_20' title="bbox 213 2049 1555 2121">
    <p class='ocr_par' dir='ltr' id='par_1_20' title="bbox 213 2049 1555 2121">
     <span class='ocr_line' id='line_1_20' title="bbox 213 2049 1555 2121; baseline 0.002 -17"><span class='ocrx_word' id='word_1_129' title='bbox 213 2049 394 2120; x_wconf 81' lang='lat' dir='ltr'><strong>Teque</strong></span> <span class='ocrx_word' id='word_1_130' title='bbox 423 2059 649 2121; x_wconf 84' lang='lat' dir='ltr'><strong>tuosque</strong></span> <span class='ocrx_word' id='word_1_131' title='bbox 671 2053 889 2117; x_wconf 81' lang='lat' dir='ltr'><strong>adeant,</strong></span> <span class='ocrx_word' id='word_1_132' title='bbox 918 2069 1036 2118; x_wconf 73' lang='lat' dir='ltr'><strong>rex,</strong></span> <span class='ocrx_word' id='word_1_133' title='bbox 1071 2054 1343 2107; x_wconf 85' lang='lat' dir='ltr'><strong>tribuente</strong></span> <span class='ocrx_word' id='word_1_134' title='bbox 1369 2054 1499 2107; x_wconf 89' lang='lat' dir='ltr'><strong>Deo.</strong></span> <span class='ocrx_word' id='word_1_135' title='bbox 1552 2117 1555 2120; x_wconf 29' lang='grc' dir='ltr'><strong><em>η</em></strong></span> 
     </span>
    </p>
   </div>
   <div class='ocr_carea' id='block_1_21' title="bbox 139 2141 1432 2212">
    <p class='ocr_par' dir='ltr' id='par_1_21' title="bbox 139 2141 1432 2212">
     <span class='ocr_line' id='line_1_21' title="bbox 139 2141 1432 2212; baseline 0.002 -18"><span class='ocrx_word' id='word_1_136' title='bbox 139 2141 218 2194; x_wconf 85' lang='lat' dir='ltr'><strong>En</strong></span> <span class='ocrx_word' id='word_1_137' title='bbox 252 2150 537 2196; x_wconf 87' lang='lat' dir='ltr'><strong>renovatur</strong></span> <span class='ocrx_word' id='word_1_138' title='bbox 559 2157 728 2196; x_wconf 87' lang='lat' dir='ltr'><strong>ovans</strong></span> <span class='ocrx_word' id='word_1_139' title='bbox 754 2141 974 2197; x_wconf 81' lang='lat' dir='ltr'><strong>aeternis</strong></span> <span class='ocrx_word' id='word_1_140' title='bbox 998 2142 1210 2212; x_wconf 75' lang='lat' dir='ltr'><strong>legibus</strong></span> <span class='ocrx_word' id='word_1_141' title='bbox 1230 2157 1432 2206; x_wconf 87' lang='lat' dir='ltr'><strong>annus,</strong></span> 
     </span>
    </p>
   </div>
   <div class='ocr_carea' id='block_1_22' title="bbox 211 2229 1498 2300">
    <p class='ocr_par' dir='ltr' id='par_1_22' title="bbox 211 2229 1498 2300">
     <span class='ocr_line' id='line_1_22' title="bbox 211 2229 1498 2300; baseline 0 -16"><span class='ocrx_word' id='word_1_142' title='bbox 211 2229 280 2284; x_wconf 89' lang='lat' dir='ltr'><strong>Et</strong></span> <span class='ocrx_word' id='word_1_143' title='bbox 305 2244 400 2282; x_wconf 90' lang='lat' dir='ltr'><strong>sua</strong></span> <span class='ocrx_word' id='word_1_144' title='bbox 423 2244 565 2284; x_wconf 92' lang='lat' dir='ltr'><strong>nunc</strong></span> <span class='ocrx_word' id='word_1_145' title='bbox 593 2239 766 2284; x_wconf 87' lang='lat' dir='ltr'><strong>mater</strong></span> <span class='ocrx_word' id='word_1_146' title='bbox 785 2231 1027 2300; x_wconf 76' lang='lat' dir='ltr'><strong>germina</strong></span> <span class='ocrx_word' id='word_1_147' title='bbox 1057 2231 1259 2299; x_wconf 86' lang='lat' dir='ltr'><strong>promit</strong></span> <span class='ocrx_word' id='word_1_148' title='bbox 1279 2232 1498 2286; x_wconf 82' lang='lat' dir='ltr'><strong>humus.</strong></span> 
     </span>
    </p>
   </div>
   <div class='ocr_carea' id='block_1_23' title="bbox 141 2315 1462 2383">
    <p class='ocr_par' dir='ltr' id='par_1_23' title="bbox 141 2315 1462 2383">
     <span class='ocr_line' id='line_1_23' title="bbox 141 2315 1462 2383; baseline -0.001 -10"><span class='ocrx_word' id='word_1_149' title='bbox 141 2319 305 2373; x_wconf 65' lang='lat' dir='ltr'><strong>Silvae</strong></span> <span class='ocrx_word' id='word_1_150' title='bbox 326 2315 515 2372; x_wconf 80' lang='lat' dir='ltr'><strong>fronde</strong></span> <span class='ocrx_word' id='word_1_151' title='bbox 539 2317 736 2382; x_wconf 86' lang='lat' dir='ltr'><strong>virent,</strong></span> <span class='ocrx_word' id='word_1_152' title='bbox 766 2325 1032 2374; x_wconf 82' lang='lat' dir='ltr'><strong>ornantur</strong></span> <span class='ocrx_word' id='word_1_153' title='bbox 1058 2317 1282 2374; x_wconf 81' lang='lat' dir='ltr'><strong>ﬂoribus</strong></span> <span class='ocrx_word' id='word_1_154' title='bbox 1308 2334 1462 2383; x_wconf 87' lang='lat' dir='ltr'><strong>arva,</strong></span> 
     </span>
    </p>
   </div>
   <div class='ocr_carea' id='block_1_24' title="bbox 215 2410 1379 2479">
    <p class='ocr_par' dir='ltr' id='par_1_24' title="bbox 215 2410 1379 2479">
     <span class='ocr_line' id='line_1_24' title="bbox 215 2410 1379 2479; baseline 0.003 -15"><span class='ocrx_word' id='word_1_155' title='bbox 215 2410 404 2479; x_wconf 89' lang='lat' dir='ltr'><strong>Sicque</strong></span> <span class='ocrx_word' id='word_1_156' title='bbox 427 2411 571 2465; x_wconf 86' lang='lat' dir='ltr'><strong>vices</strong></span> <span class='ocrx_word' id='word_1_157' title='bbox 598 2419 826 2466; x_wconf 86' lang='lat' dir='ltr'><strong>servant</strong></span> <span class='ocrx_word' id='word_1_158' title='bbox 842 2427 911 2467; x_wconf 90' lang='lat' dir='ltr'><strong>en</strong></span> <span class='ocrx_word' id='word_1_159' title='bbox 941 2413 1210 2468; x_wconf 87' lang='lat' dir='ltr'><strong>elementa</strong></span> <span class='ocrx_word' id='word_1_160' title='bbox 1231 2429 1379 2468; x_wconf 84' lang='lat' dir='ltr'><strong>suas.</strong></span> 
     </span>
    </p>
   </div>
   <div class='ocr_carea' id='block_1_25' title="bbox 140 2501 1541 2574">
    <p class='ocr_par' dir='ltr' id='par_1_25' title="bbox 140 2501 1541 2574">
     <span class='ocr_line' id='line_1_25' title="bbox 140 2501 1541 2574; baseline 0.001 -16"><span class='ocrx_word' id='word_1_161' title='bbox 140 2503 388 2571; x_wconf 82' lang='lat' dir='ltr'><strong>Undique</strong></span> <span class='ocrx_word' id='word_1_162' title='bbox 421 2501 582 2573; x_wconf 86' lang='lat' dir='ltr'><strong>legati</strong></span> <span class='ocrx_word' id='word_1_163' title='bbox 625 2505 843 2558; x_wconf 84' lang='lat' dir='ltr'><strong>veniant</strong></span> <span class='ocrx_word' id='word_1_164' title='bbox 866 2504 960 2572; x_wconf 89' lang='lat' dir='ltr'><strong>qui</strong></span> <span class='ocrx_word' id='word_1_165' title='bbox 987 2520 1247 2574; x_wconf 68' lang='lat' dir='ltr'><strong>prospera</strong></span> <span class='ocrx_word' id='word_1_166' title='bbox 1277 2515 1499 2559; x_wconf 85' lang='lat' dir='ltr'><strong>narrent</strong></span> <span class='ocrx_word' id='word_1_167' title='bbox 1526 2524 1541 2558; x_wconf 73' lang='grc' dir='ltr'>ε</span> 
     </span>
    </p>
   </div>
   <div class='ocr_carea' id='block_1_26' title="bbox 217 2592 1390 2663">
    <p class='ocr_par' dir='ltr' id='par_1_26' title="bbox 217 2592 1390 2663">
     <span class='ocr_line' id='line_1_26' title="bbox 217 2592 1390 2663; baseline 0.003 -18"><span class='ocrx_word' id='word_1_168' title='bbox 217 2592 433 2647; x_wconf 86' lang='lat' dir='ltr'><strong>Praemia</strong></span> <span class='ocrx_word' id='word_1_169' title='bbox 461 2594 571 2648; x_wconf 91' lang='lat' dir='ltr'><strong>sint</strong></span> <span class='ocrx_word' id='word_1_170' title='bbox 599 2595 769 2663; x_wconf 88' lang='lat' dir='ltr'><strong>pacis,</strong></span> <span class='ocrx_word' id='word_1_171' title='bbox 799 2595 976 2650; x_wconf 89' lang='lat' dir='ltr'><strong>omnis</strong></span> <span class='ocrx_word' id='word_1_172' title='bbox 998 2596 1190 2650; x_wconf 87' lang='lat' dir='ltr'><strong>abesto</strong></span> <span class='ocrx_word' id='word_1_173' title='bbox 1223 2595 1390 2650; x_wconf 81' lang='lat' dir='ltr'><strong>furor.</strong></span> 
     </span>
    </p>
   </div>
   <div class='ocr_carea' id='block_1_27' title="bbox 138 2682 1624 2752">
    <p class='ocr_par' dir='ltr' id='par_1_27' title="bbox 138 2682 1624 2752">
     <span class='ocr_line' id='line_1_27' title="bbox 138 2682 1624 2752; baseline 0.003 -16"><span class='ocrx_word' id='word_1_174' title='bbox 138 2682 264 2736; x_wconf 70' lang='lat' dir='ltr'><strong>310x</strong></span> <span class='ocrx_word' id='word_1_175' title='bbox 287 2682 452 2736; x_wconf 90' lang='lat' dir='ltr'><strong>oculis</strong></span> <span class='ocrx_word' id='word_1_176' title='bbox 478 2698 603 2737; x_wconf 86' lang='lat' dir='ltr'><strong>cum</strong></span> <span class='ocrx_word' id='word_1_177' title='bbox 631 2692 810 2737; x_wconf 87' lang='lat' dir='ltr'><strong>mente</strong></span> <span class='ocrx_word' id='word_1_178' title='bbox 839 2683 1002 2738; x_wconf 87' lang='lat' dir='ltr'><strong>simul</strong></span> <span class='ocrx_word' id='word_1_179' title='bbox 1049 2684 1402 2752; x_wconf 84' lang='lat' dir='ltr'><strong>manibusque</strong></span> <span class='ocrx_word' id='word_1_180' title='bbox 1427 2683 1624 2740; x_wconf 76' lang='lat' dir='ltr'><strong>levatis</strong></span> 
     </span>
    </p>
   </div>
   <div class='ocr_carea' id='block_1_28' title="bbox 213 2774 1426 2846">
    <p class='ocr_par' dir='ltr' id='par_1_28' title="bbox 213 2774 1426 2846">
     <span class='ocr_line' id='line_1_28' title="bbox 213 2774 1426 2846; baseline 0.002 -18"><span class='ocrx_word' id='word_1_181' title='bbox 213 2774 291 2828; x_wconf 77' lang='lat' dir='ltr'><strong>Ad</strong></span> <span class='ocrx_word' id='word_1_182' title='bbox 322 2774 533 2841; x_wconf 68' lang='lat' dir='ltr'><strong>caelum,</strong></span> <span class='ocrx_word' id='word_1_183' title='bbox 564 2783 747 2846; x_wconf 90' lang='lat' dir='ltr'><strong>grates</strong></span> <span class='ocrx_word' id='word_1_184' title='bbox 769 2775 980 2846; x_wconf 81' lang='lat' dir='ltr'><strong>fertque</strong></span> <span class='ocrx_word' id='word_1_185' title='bbox 1007 2775 1278 2844; x_wconf 78' lang='lat' dir='ltr'><strong>refertque</strong></span> <span class='ocrx_word' id='word_1_186' title='bbox 1297 2776 1426 2830; x_wconf 88' lang='lat' dir='ltr'><strong>Deo.</strong></span> 
     </span>
    </p>
   </div>
   <div class='ocr_carea' id='block_1_29' title="bbox 138 2865 1354 2930">
    <p class='ocr_par' dir='ltr' id='par_1_29' title="bbox 138 2865 1354 2930">
     <span class='ocr_line' id='line_1_29' title="bbox 138 2865 1354 2930; baseline -0.001 -9"><span class='ocrx_word' id='word_1_187' title='bbox 138 2865 361 2921; x_wconf 85' lang='lat' dir='ltr'><strong>Consilii</strong></span> <span class='ocrx_word' id='word_1_188' title='bbox 390 2866 691 2919; x_wconf 84' lang='lat' dir='ltr'><strong>celebretur</strong></span> <span class='ocrx_word' id='word_1_189' title='bbox 717 2868 910 2930; x_wconf 88' lang='lat' dir='ltr'><strong>honos,</strong></span> <span class='ocrx_word' id='word_1_190' title='bbox 935 2876 1122 2921; x_wconf 88' lang='lat' dir='ltr'><strong>oretur</strong></span> <span class='ocrx_word' id='word_1_191' title='bbox 1153 2867 1206 2921; x_wconf 89' lang='lat' dir='ltr'><strong>in</strong></span> <span class='ocrx_word' id='word_1_192' title='bbox 1235 2867 1354 2922; x_wconf 86' lang='lat' dir='ltr'><strong>aula</strong></span> 
     </span>
    </p>
   </div>
   <div class='ocr_carea' id='block_1_30' title="bbox 213 2955 1392 3026">
    <p class='ocr_par' dir='ltr' id='par_1_30' title="bbox 213 2955 1392 3026">
     <span class='ocr_line' id='line_1_30' title="bbox 213 2955 1392 3026; baseline 0.002 -17"><span class='ocrx_word' id='word_1_193' title='bbox 213 2955 323 3021; x_wconf 87' lang='lat' dir='ltr'><strong>Qua</strong></span> <span class='ocrx_word' id='word_1_194' title='bbox 352 2956 503 3010; x_wconf 88' lang='lat' dir='ltr'><strong>miris</strong></span> <span class='ocrx_word' id='word_1_195' title='bbox 532 2957 702 3025; x_wconf 83' lang='lat' dir='ltr'><strong>surgit</strong></span> <span class='ocrx_word' id='word_1_196' title='bbox 736 2955 941 3010; x_wconf 81' lang='lat' dir='ltr'><strong>fabrica</strong></span> <span class='ocrx_word' id='word_1_197' title='bbox 963 2957 1185 3026; x_wconf 86' lang='lat' dir='ltr'><strong>pulchra</strong></span> <span class='ocrx_word' id='word_1_198' title='bbox 1212 2958 1392 3012; x_wconf 81' lang='lat' dir='ltr'><strong>tholis.</strong></span> 
     </span>
    </p>
   </div>
   <div class='ocr_carea' id='block_1_31' title="bbox 136 3049 1358 3120">
    <p class='ocr_par' dir='ltr' id='par_1_31' title="bbox 136 3049 1358 3120">
     <span class='ocr_line' id='line_1_31' title="bbox 136 3049 1358 3120; baseline 0.005 -17"><span class='ocrx_word' id='word_1_199' title='bbox 136 3049 266 3104; x_wconf 81' lang='lat' dir='ltr'><strong>inde</strong></span> <span class='ocrx_word' id='word_1_200' title='bbox 289 3049 535 3119; x_wconf 69' lang='lat' dir='ltr'><strong>palatina:</strong></span> <span class='ocrx_word' id='word_1_201' title='bbox 571 3061 886 3120; x_wconf 83' lang='lat' dir='ltr'><strong>repetantur</strong></span> <span class='ocrx_word' id='word_1_202' title='bbox 911 3053 1147 3107; x_wconf 83' lang='lat' dir='ltr'><strong>culmina</strong></span> <span class='ocrx_word' id='word_1_203' title='bbox 1192 3055 1358 3119; x_wconf 81' lang='lat' dir='ltr'><strong>sedis,</strong></span> 
     </span>
    </p>
   </div>
   <div class='ocr_carea' id='block_1_32' title="bbox 215 3139 1341 3214">
    <p class='ocr_par' dir='ltr' id='par_1_32' title="bbox 215 3139 1341 3214">
     <span class='ocr_line' id='line_1_32' title="bbox 215 3139 1341 3214; baseline 0.002 -20"><span class='ocrx_word' id='word_1_204' title='bbox 215 3139 368 3195; x_wconf 86' lang='lat' dir='ltr'><strong>Plebs</strong></span> <span class='ocrx_word' id='word_1_205' title='bbox 397 3149 486 3195; x_wconf 89' lang='lat' dir='ltr'><strong>eat</strong></span> <span class='ocrx_word' id='word_1_206' title='bbox 508 3149 564 3196; x_wconf 90' lang='lat' dir='ltr'><strong>et</strong></span> <span class='ocrx_word' id='word_1_207' title='bbox 584 3142 769 3196; x_wconf 81' lang='lat' dir='ltr'><strong>redeat</strong></span> <span class='ocrx_word' id='word_1_208' title='bbox 797 3144 935 3196; x_wconf 85' lang='lat' dir='ltr'><strong>atria</strong></span> <span class='ocrx_word' id='word_1_209' title='bbox 959 3143 1114 3214; x_wconf 79' lang='lat' dir='ltr'><strong>longa</strong></span> <span class='ocrx_word' id='word_1_210' title='bbox 1143 3152 1341 3198; x_wconf 88' lang='lat' dir='ltr'><strong>terens.</strong></span> 
     </span>
    </p>
   </div>
   <div class='ocr_carea' id='block_1_33' title="bbox 135 3234 1520 3304">
    <p class='ocr_par' dir='ltr' id='par_1_33' title="bbox 135 3234 1520 3304">
     <span class='ocr_line' id='line_1_33' title="bbox 135 3234 1520 3304; baseline 0 -15"><span class='ocrx_word' id='word_1_211' title='bbox 135 3234 313 3289; x_wconf 82' lang='lat' dir='ltr'><strong>Janua</strong></span> <span class='ocrx_word' id='word_1_212' title='bbox 335 3234 618 3304; x_wconf 84' lang='lat' dir='ltr'><strong>pandatur,</strong></span> <span class='ocrx_word' id='word_1_213' title='bbox 663 3235 953 3304; x_wconf 86' lang='lat' dir='ltr'><strong>multisque</strong></span> <span class='ocrx_word' id='word_1_214' title='bbox 983 3236 1287 3290; x_wconf 88' lang='lat' dir='ltr'><strong>volentibus</strong></span> <span class='ocrx_word' id='word_1_215' title='bbox 1317 3237 1520 3291; x_wconf 87' lang='lat' dir='ltr'><strong>intrent</strong></span> 
     </span>
    </p>
   </div>
   <div class='ocr_carea' id='block_1_34' title="bbox 214 3321 1401 3394">
    <p class='ocr_par' dir='ltr' id='par_1_34' title="bbox 214 3321 1401 3394">
     <span class='ocr_line' id='line_1_34' title="bbox 214 3321 1401 3394; baseline 0.001 -19"><span class='ocrx_word' id='word_1_216' title='bbox 214 3321 399 3388; x_wconf 83' lang='lat' dir='ltr'><strong>Pauci,</strong></span> <span class='ocrx_word' id='word_1_217' title='bbox 435 3339 570 3394; x_wconf 86' lang='lat' dir='ltr'><strong>quos</strong></span> <span class='ocrx_word' id='word_1_218' title='bbox 599 3339 812 3378; x_wconf 83' lang='lat' dir='ltr'><strong>sursum</strong></span> <span class='ocrx_word' id='word_1_219' title='bbox 840 3325 1067 3394; x_wconf 86' lang='lat' dir='ltr'><strong>quilibet</strong></span> <span class='ocrx_word' id='word_1_220' title='bbox 1101 3325 1232 3379; x_wconf 90' lang='lat' dir='ltr'><strong>ordo</strong></span> <span class='ocrx_word' id='word_1_221' title='bbox 1261 3325 1401 3377; x_wconf 90' lang='lat' dir='ltr'><strong>tulit.</strong></span> 
     </span>
    </p>
   </div>
   <div class='ocr_carea' id='block_1_35' title="bbox 137 3413 1596 3484">
    <p class='ocr_par' dir='ltr' id='par_1_35' title="bbox 137 3413 1596 3484">
     <span class='ocr_line' id='line_1_35' title="bbox 137 3413 1596 3484; baseline -0.002 -15"><span class='ocrx_word' id='word_1_222' title='bbox 137 3427 158 3453; x_wconf 77' lang='grc' dir='ltr'><strong>ε</strong></span> <span class='ocrx_word' id='word_1_223' title='bbox 200 3413 508 3469; x_wconf 79' lang='lat' dir='ltr'><strong>Circumdet</strong></span> <span class='ocrx_word' id='word_1_224' title='bbox 525 3414 811 3484; x_wconf 79' lang='lat' dir='ltr'><strong>pulchrum</strong></span> <span class='ocrx_word' id='word_1_225' title='bbox 833 3415 1012 3484; x_wconf 87' lang='lat' dir='ltr'><strong>proles</strong></span> <span class='ocrx_word' id='word_1_226' title='bbox 1041 3414 1360 3468; x_wconf 83' lang='lat' dir='ltr'><strong>charissima</strong></span> <span class='ocrx_word' id='word_1_227' title='bbox 1395 3427 1596 3483; x_wconf 85' lang='lat' dir='ltr'><strong>regem,</strong></span> 
     </span>
    </p>
   </div>
   <div class='ocr_carea' id='block_1_36' title="bbox 210 3508 1363 3576">
    <p class='ocr_par' dir='ltr' id='par_1_36' title="bbox 210 3508 1363 3576">
     <span class='ocr_line' id='line_1_36' title="bbox 210 3508 1363 3576; baseline -0.005 -10"><span class='ocrx_word' id='word_1_228' title='bbox 210 3509 472 3566; x_wconf 85' lang='lat' dir='ltr'><strong>Omnibus</strong></span> <span class='ocrx_word' id='word_1_229' title='bbox 498 3511 748 3576; x_wconf 86' lang='lat' dir='ltr'><strong>emineat,</strong></span> <span class='ocrx_word' id='word_1_230' title='bbox 779 3511 858 3565; x_wconf 88' lang='lat' dir='ltr'><strong>sol</strong></span> <span class='ocrx_word' id='word_1_231' title='bbox 882 3518 944 3563; x_wconf 92' lang='lat' dir='ltr'><strong>ut</strong></span> <span class='ocrx_word' id='word_1_232' title='bbox 971 3510 1024 3563; x_wconf 92' lang='lat' dir='ltr'><strong>in</strong></span> <span class='ocrx_word' id='word_1_233' title='bbox 1054 3523 1178 3563; x_wconf 86' lang='lat' dir='ltr'><strong>arce</strong></span> <span class='ocrx_word' id='word_1_234' title='bbox 1209 3508 1363 3562; x_wconf 89' lang='lat' dir='ltr'><strong>solet.</strong></span> 
     </span>
    </p>
   </div>
   <div class='ocr_carea' id='block_1_37' title="bbox 132 3599 1444 3674">
    <p class='ocr_par' dir='ltr' id='par_1_37' title="bbox 132 3599 1444 3674">
     <span class='ocr_line' id='line_1_37' title="bbox 132 3599 1444 3674; baseline -0.006 -14"><span class='ocrx_word' id='word_1_235' title='bbox 132 3605 279 3660; x_wconf 80' lang='lat' dir='ltr'><strong>Hinc</strong></span> <span class='ocrx_word' id='word_1_236' title='bbox 307 3613 487 3660; x_wconf 82' lang='lat' dir='ltr'><strong>astent</strong></span> <span class='ocrx_word' id='word_1_237' title='bbox 506 3604 678 3674; x_wconf 87' lang='lat' dir='ltr'><strong>pueri,</strong></span> <span class='ocrx_word' id='word_1_238' title='bbox 711 3605 1066 3659; x_wconf 85' lang='lat' dir='ltr'><strong>circumstent</strong></span> <span class='ocrx_word' id='word_1_239' title='bbox 1092 3602 1216 3656; x_wconf 90' lang='lat' dir='ltr'><strong>inde</strong></span> <span class='ocrx_word' id='word_1_240' title='bbox 1237 3599 1444 3671; x_wconf 83' lang='lat' dir='ltr'><strong>puellae,</strong></span> 
     </span>
    </p>
   </div>
   <div class='ocr_carea' id='block_1_38' title="bbox 127 3751 1718 3828">
    <p class='ocr_par' dir='ltr' id='par_1_38' title="bbox 127 3751 1718 3828">
     <span class='ocr_line' id='line_1_38' title="bbox 127 3751 1718 3828; baseline -0.003 -18"><span class='ocrx_word' id='word_1_241' title='bbox 127 3765 294 3826; x_wconf 81' lang='lat' dir='ltr'><strong>parta</strong></span> <span class='ocrx_word' id='word_1_242' title='bbox 323 3757 599 3828; x_wconf 74' lang='lat' dir='ltr'><strong>eleganter</strong></span> <span class='ocrx_word' id='word_1_243' title='bbox 626 3765 681 3813; x_wconf 88' lang='lat' dir='ltr'><strong>et</strong></span> <span class='ocrx_word' id='word_1_244' title='bbox 721 3756 960 3827; x_wconf 75' lang='lat' dir='ltr'><strong>graviter</strong></span> <span class='ocrx_word' id='word_1_245' title='bbox 983 3770 1135 3809; x_wconf 90' lang='lat' dir='ltr'><strong>more</strong></span> <span class='ocrx_word' id='word_1_246' title='bbox 1162 3751 1628 3828; x_wconf 47' lang='lat' dir='ltr'><strong>malignum-dus</strong></span> <span class='ocrx_word' id='word_1_247' title='bbox 1663 3752 1718 3806; x_wconf 88' lang='lat' dir='ltr'><strong>in</strong></span> 
     </span>
    </p>
   </div>
   <div class='ocr_carea' id='block_1_39' title="bbox 131 3821 1714 3897">
    <p class='ocr_par' dir='ltr' id='par_1_39' title="bbox 131 3821 1714 3897">
     <span class='ocr_line' id='line_1_39' title="bbox 131 3821 1714 3897; baseline -0.003 -15"><span class='ocrx_word' id='word_1_248' title='bbox 131 3821 262 3882; x_wconf 62' lang='lat' dir='ltr'><strong>Vita</strong></span> <span class='ocrx_word' id='word_1_249' title='bbox 292 3821 494 3892; x_wconf 74' lang='lat' dir='ltr'><strong>Caroli,</strong></span> <span class='ocrx_word' id='word_1_250' title='bbox 527 3828 613 3881; x_wconf 90' lang='lat' dir='ltr'><strong>alii</strong></span> <span class='ocrx_word' id='word_1_251' title='bbox 653 3821 864 3897; x_wconf 75' lang='lat' dir='ltr'><strong>quoque</strong></span> <span class='ocrx_word' id='word_1_252' title='bbox 893 3840 1080 3897; x_wconf 87' lang='lat' dir='ltr'><strong>omnes</strong></span> <span class='ocrx_word' id='word_1_253' title='bbox 1118 3821 1496 3878; x_wconf 78' lang='lat' dir='ltr'><strong>meminerunt.</strong></span> <span class='ocrx_word' id='word_1_254' title='bbox 1539 3821 1714 3878; x_wconf 79' lang='lat' dir='ltr'><strong>Saxo-</strong></span> 
     </span>
    </p>
   </div>
   <div class='ocr_carea' id='block_1_40' title="bbox 129 3896 1081 3981">
    <p class='ocr_par' dir='ltr' id='par_1_40' title="bbox 129 3896 1081 3981">
     <span class='ocr_line' id='line_1_40' title="bbox 129 3896 1081 3981; baseline -0.001 -30"><span class='ocrx_word' id='word_1_255' title='bbox 129 3914 293 3981; x_wconf 69' lang='lat' dir='ltr'><strong>nicus</strong></span> <span class='ocrx_word' id='word_1_256' title='bbox 325 3898 492 3952; x_wconf 87' lang='lat' dir='ltr'><strong>etiam</strong></span> <span class='ocrx_word' id='word_1_257' title='bbox 521 3896 678 3966; x_wconf 78' lang='lat' dir='ltr'><strong>poeta</strong></span> <span class='ocrx_word' id='word_1_258' title='bbox 700 3898 785 3952; x_wconf 89' lang='lat' dir='ltr'><strong>his</strong></span> <span class='ocrx_word' id='word_1_259' title='bbox 808 3896 1081 3951; x_wconf 81' lang='lat' dir='ltr'><strong>versibus;</strong></span> 
     </span>
    </p>
   </div>
   <div class='ocr_carea' id='block_1_41' title="bbox 197 4005 1388 4069">
    <p class='ocr_par' dir='ltr' id='par_1_41' title="bbox 197 4005 1388 4069">
     <span class='ocr_line' id='line_1_41' title="bbox 197 4005 1388 4069; baseline -0.002 -14"><span class='ocrx_word' id='word_1_260' title='bbox 197 4007 324 4056; x_wconf 74' lang='lat' dir='ltr'><strong>Nam</strong></span> <span class='ocrx_word' id='word_1_261' title='bbox 349 4007 553 4069; x_wconf 73' lang='lat' dir='ltr'><strong>spoliata</strong></span> <span class='ocrx_word' id='word_1_262' title='bbox 578 4008 676 4069; x_wconf 77' lang='lat' dir='ltr'><strong>fuit</strong></span> <span class='ocrx_word' id='word_1_263' title='bbox 689 4007 955 4069; x_wconf 20' lang='lat' dir='ltr'><strong>Hunorum,</strong></span> <span class='ocrx_word' id='word_1_264' title='bbox 966 4007 1124 4069; x_wconf 79' lang='lat' dir='ltr'><strong>regia,</strong></span> <span class='ocrx_word' id='word_1_265' title='bbox 1149 4005 1388 4066; x_wconf 83' lang='lat' dir='ltr'><strong>Hringum</strong></span> 
     </span>
    </p>
   </div>
   <div class='ocr_carea' id='block_1_42' title="bbox 197 4067 1596 4128">
    <p class='ocr_par' dir='ltr' id='par_1_42' title="bbox 197 4067 1596 4128">
     <span class='ocr_line' id='line_1_42' title="bbox 197 4067 1596 4128; baseline 0.001 -15"><span class='ocrx_word' id='word_1_266' title='bbox 197 4071 358 4124; x_wconf 79' lang='lat' dir='ltr'><strong>Onam</strong></span> <span class='ocrx_word' id='word_1_267' title='bbox 382 4067 616 4118; x_wconf 79' lang='lat' dir='ltr'><strong>vocitant.</strong></span> <span class='ocrx_word' id='word_1_268' title='bbox 641 4068 773 4118; x_wconf 85' lang='lat' dir='ltr'><strong>Hanc</strong></span> <span class='ocrx_word' id='word_1_269' title='bbox 795 4069 893 4116; x_wconf 85' lang='lat' dir='ltr'><strong>dux</strong></span> <span class='ocrx_word' id='word_1_270' title='bbox 922 4068 1090 4115; x_wconf 81' lang='lat' dir='ltr'><strong>Ericus</strong></span> <span class='ocrx_word' id='word_1_271' title='bbox 1117 4067 1205 4114; x_wconf 92' lang='lat' dir='ltr'><strong>hoc</strong></span> <span class='ocrx_word' id='word_1_272' title='bbox 1229 4071 1431 4128; x_wconf 85' lang='lat' dir='ltr'><strong>ceperat</strong></span> <span class='ocrx_word' id='word_1_273' title='bbox 1451 4078 1596 4127; x_wconf 77' lang='lat' dir='ltr'><strong>anno,</strong></span> 
     </span>
    </p>
   </div>
   <div class='ocr_carea' id='block_1_43' title="bbox 197 4128 1263 4189">
    <p class='ocr_par' dir='ltr' id='par_1_43' title="bbox 197 4128 1263 4189">
     <span class='ocr_line' id='line_1_43' title="bbox 197 4128 1263 4189; baseline -0.003 -11"><span class='ocrx_word' id='word_1_274' title='bbox 197 4130 529 4180; x_wconf 77' lang='lat' dir='ltr'><strong>Multimodos</strong></span> <span class='ocrx_word' id='word_1_275' title='bbox 552 4132 697 4178; x_wconf 85' lang='lat' dir='ltr'><strong>etiam</strong></span> <span class='ocrx_word' id='word_1_276' title='bbox 724 4133 833 4189; x_wconf 82' lang='lat' dir='ltr'><strong>regi</strong></span> <span class='ocrx_word' id='word_1_277' title='bbox 853 4129 1125 4177; x_wconf 84' lang='lat' dir='ltr'><strong>devexerat</strong></span> <span class='ocrx_word' id='word_1_278' title='bbox 1145 4128 1263 4176; x_wconf 86' lang='lat' dir='ltr'><strong>inde</strong></span> 
     </span>
    </p>
   </div>
   <div class='ocr_carea' id='block_1_44' title="bbox 192 4189 1274 4251">
    <p class='ocr_par' dir='ltr' id='par_1_44' title="bbox 192 4189 1274 4251">
     <span class='ocr_line' id='line_1_44' title="bbox 192 4189 1274 4251; baseline -0.005 -11"><span class='ocrx_word' id='word_1_279' title='bbox 192 4192 507 4250; x_wconf 76' lang='lat' dir='ltr'><strong>Thesauros,</strong></span> <span class='ocrx_word' id='word_1_280' title='bbox 537 4204 640 4239; x_wconf 70' lang='lat' dir='ltr'><strong>arvo</strong></span> <span class='ocrx_word' id='word_1_281' title='bbox 662 4203 786 4251; x_wconf 84' lang='lat' dir='ltr'><strong>quos</strong></span> <span class='ocrx_word' id='word_1_282' title='bbox 806 4189 1056 4249; x_wconf 85' lang='lat' dir='ltr'><strong>collegere</strong></span> <span class='ocrx_word' id='word_1_283' title='bbox 1078 4193 1274 4251; x_wconf 72' lang='lat' dir='ltr'><strong>vetusto</strong></span> 
     </span>
    </p>
   </div>
   <div class='ocr_carea' id='block_1_45' title="bbox 191 4247 1322 4313">
    <p class='ocr_par' dir='ltr' id='par_1_45' title="bbox 191 4247 1322 4313">
     <span class='ocr_line' id='line_1_45' title="bbox 191 4247 1322 4313; baseline -0.005 -11"><span class='ocrx_word' id='word_1_284' title='bbox 191 4247 660 4302; x_wconf 28' lang='lat' dir='ltr'><strong>innumeris—erebo</strong></span> <span class='ocrx_word' id='word_1_285' title='bbox 680 4247 902 4313; x_wconf 76' lang='lat' dir='ltr'><strong>spoliatis</strong></span> <span class='ocrx_word' id='word_1_286' title='bbox 919 4247 1152 4311; x_wconf 74' lang='lat' dir='ltr'><strong>gentibus</strong></span> <span class='ocrx_word' id='word_1_287' title='bbox 1176 4247 1322 4297; x_wconf 73' lang='lat' dir='ltr'><strong>Huni.</strong></span> 
     </span>
    </p>
   </div>
   <div class='ocr_carea' id='block_1_46' title="bbox 199 4349 1724 4429">
    <p class='ocr_par' dir='ltr' id='par_1_46' title="bbox 199 4349 1724 4429">
     <span class='ocr_line' id='line_1_46' title="bbox 199 4349 1724 4429; baseline -0.006 -16"><span class='ocrx_word' id='word_1_288' title='bbox 199 4374 227 4400; x_wconf 72' lang='grc' dir='ltr'>τι</span> <span class='ocrx_word' id='word_1_289' title='bbox 266 4359 574 4414; x_wconf 75' lang='lat' dir='ltr'><strong>Adueniant</strong></span> <span class='ocrx_word' id='word_1_290' title='bbox 602 4365 775 4429; x_wconf 71' lang='lat' dir='ltr'><strong>gentes</strong></span> <span class='ocrx_word' id='word_1_291' title='bbox 796 4355 1039 4429; x_wconf 81' lang='lat' dir='ltr'><strong>_Christo._</strong></span> <span class='ocrx_word' id='word_1_292' title='bbox 1062 4353 1140 4408; x_wconf 89' lang='lat' dir='ltr'><strong>De</strong></span> <span class='ocrx_word' id='word_1_293' title='bbox 1169 4351 1448 4429; x_wconf 71' lang='lat' dir='ltr'><strong>Hunorum</strong></span> <span class='ocrx_word' id='word_1_294' title='bbox 1475 4350 1549 4429; x_wconf 83' lang='lat' dir='ltr'><strong>ad_</strong></span> <span class='ocrx_word' id='word_1_295' title='bbox 1571 4349 1724 4429; x_wconf 60' lang='lat' dir='ltr'><strong>ChEi-</strong></span> 
     </span>
    </p>
   </div>
   <div class='ocr_carea' id='block_1_47' title="bbox 1432 303 2060 364">
    <p class='ocr_par' dir='ltr' id='par_1_47' title="bbox 1432 303 2060 364">
     <span class='ocr_line' id='line_1_47' title="bbox 1432 303 2060 364; baseline -0.006 0"><span class='ocrx_word' id='word_1_296' title='bbox 1432 304 1764 364; x_wconf 65' lang='lat' dir='ltr'><strong>CARMKNA.</strong></span> <span class='ocrx_word' id='word_1_297' title='bbox 1805 303 1933 359; x_wconf 76' lang='lat' dir='ltr'><strong>LIB.</strong></span> <span class='ocrx_word' id='word_1_298' title='bbox 1974 305 2060 360; x_wconf 77' lang='lat' dir='ltr'><strong>III.</strong></span> 
     </span>
    </p>
   </div>
   <div class='ocr_carea' id='block_1_48' title="bbox 1725 419 2998 492">
    <p class='ocr_par' dir='ltr' id='par_1_48' title="bbox 1725 419 2998 492">
     <span class='ocr_line' id='line_1_48' title="bbox 1725 419 2998 492; baseline 0.002 -18"><span class='ocrx_word' id='word_1_299' title='bbox 1725 424 1774 481; x_wconf 76' lang='grc' dir='ltr'><strong>Α</strong></span> <span class='ocrx_word' id='word_1_300' title='bbox 1874 421 2041 474; x_wconf 83' lang='lat' dir='ltr'><strong>Vinea</strong></span> <span class='ocrx_word' id='word_1_301' title='bbox 2066 419 2302 474; x_wconf 69' lang='lat' dir='ltr'><strong>lzetilicet</strong></span> <span class='ocrx_word' id='word_1_302' title='bbox 2323 421 2507 489; x_wconf 86' lang='lat' dir='ltr'><strong>sicque</strong></span> <span class='ocrx_word' id='word_1_303' title='bbox 2533 422 2740 476; x_wconf 89' lang='lat' dir='ltr'><strong>novella</strong></span> <span class='ocrx_word' id='word_1_304' title='bbox 2769 431 2998 492; x_wconf 88' lang='lat' dir='ltr'><strong>patrem.</strong></span> 
     </span>
    </p>
   </div>
   <div class='ocr_carea' id='block_1_49' title="bbox 1804 509 3388 582">
    <p class='ocr_par' dir='ltr' id='par_1_49' title="bbox 1804 509 3388 582">
     <span class='ocr_line' id='line_1_49' title="bbox 1804 509 3388 582; baseline 0.006 -19"><span class='ocrx_word' id='word_1_305' title='bbox 1804 509 1962 564; x_wconf 91' lang='lat' dir='ltr'><strong>Stent</strong></span> <span class='ocrx_word' id='word_1_306' title='bbox 2013 509 2238 566; x_wconf 88' lang='lat' dir='ltr'><strong>Carolus</strong></span> <span class='ocrx_word' id='word_1_307' title='bbox 2292 509 2638 580; x_wconf 88' lang='lat' dir='ltr'><strong>Ludovicque</strong></span> <span class='ocrx_word' id='word_1_308' title='bbox 2688 512 2889 578; x_wconf 90' lang='lat' dir='ltr'><strong>simul,</strong></span> <span class='ocrx_word' id='word_1_309' title='bbox 2943 528 3171 582; x_wconf 89' lang='lat' dir='ltr'><strong>quorum</strong></span> <span class='ocrx_word' id='word_1_310' title='bbox 3236 531 3388 572; x_wconf 81' lang='lat' dir='ltr'><strong>unus</strong></span> 
     </span>
    </p>
   </div>
   <div class='ocr_carea' id='block_1_50' title="bbox 3271 313 3376 368">
    <p class='ocr_par' dir='ltr' id='par_1_50' title="bbox 3271 313 3376 368">
     <span class='ocr_line' id='line_1_50' title="bbox 3271 313 3376 368; baseline 0.019 -2"><span class='ocrx_word' id='word_1_311' title='bbox 3271 313 3376 368; x_wconf 81' lang='lat' dir='ltr'><strong>3i8</strong></span> 
     </span>
    </p>
   </div>
   <div class='ocr_carea' id='block_1_51' title="bbox 3017 603 3298 676">
    <p class='ocr_par' dir='ltr' id='par_1_51' title="bbox 3017 603 3298 676">
     <span class='ocr_line' id='line_1_51' title="bbox 3017 603 3298 676; baseline 0.007 -18"><span class='ocrx_word' id='word_1_312' title='bbox 3017 603 3298 676; x_wconf 62' lang='lat' dir='ltr'><strong>lephebus.</strong></span> 
     </span>
    </p>
   </div>
   <div class='ocr_carea' id='block_1_52' title="bbox 1869 689 2990 765">
    <p class='ocr_par' dir='ltr' id='par_1_52' title="bbox 1869 689 2990 765">
     <span class='ocr_line' id='line_1_52' title="bbox 1869 689 2990 765; baseline 0.005 -21"><span class='ocrx_word' id='word_1_313' title='bbox 1869 689 1988 744; x_wconf 69' lang='lat' dir='ltr'><strong>iam</strong></span> <span class='ocrx_word' id='word_1_314' title='bbox 2013 693 2163 747; x_wconf 86' lang='lat' dir='ltr'><strong>vehit</strong></span> <span class='ocrx_word' id='word_1_315' title='bbox 2193 693 2418 749; x_wconf 88' lang='lat' dir='ltr'><strong>alterius</strong></span> <span class='ocrx_word' id='word_1_316' title='bbox 2442 709 2503 749; x_wconf 90' lang='lat' dir='ltr'><strong>os</strong></span> <span class='ocrx_word' id='word_1_317' title='bbox 2527 694 2780 765; x_wconf 88' lang='lat' dir='ltr'><strong>juvenale</strong></span> <span class='ocrx_word' id='word_1_318' title='bbox 2807 694 2990 750; x_wconf 89' lang='lat' dir='ltr'><strong>decus.</strong></span> 
     </span>
    </p>
   </div>
   <div class='ocr_carea' id='block_1_53' title="bbox 1800 782 3212 857">
    <p class='ocr_par' dir='ltr' id='par_1_53' title="bbox 1800 782 3212 857">
     <span class='ocr_line' id='line_1_53' title="bbox 1800 782 3212 857; baseline 0.006 -21"><span class='ocrx_word' id='word_1_319' title='bbox 1800 782 2040 851; x_wconf 88' lang='lat' dir='ltr'><strong>Corpore</strong></span> <span class='ocrx_word' id='word_1_320' title='bbox 2063 786 2356 853; x_wconf 67' lang='lat' dir='ltr'><strong>prmvalido</strong></span> <span class='ocrx_word' id='word_1_321' title='bbox 2393 787 2590 856; x_wconf 86' lang='lat' dir='ltr'><strong>quibus</strong></span> <span class='ocrx_word' id='word_1_322' title='bbox 2616 796 2700 844; x_wconf 90' lang='lat' dir='ltr'><strong>est</strong></span> <span class='ocrx_word' id='word_1_323' title='bbox 2723 804 2948 843; x_wconf 89' lang='lat' dir='ltr'><strong>nervosa</strong></span> <span class='ocrx_word' id='word_1_324' title='bbox 2969 786 3212 857; x_wconf 76' lang='lat' dir='ltr'><strong>juventa,</strong></span> 
     </span>
    </p>
   </div>
   <div class='ocr_carea' id='block_1_54' title="bbox 1870 869 3057 947">
    <p class='ocr_par' dir='ltr' id='par_1_54' title="bbox 1870 869 3057 947">
     <span class='ocr_line' id='line_1_54' title="bbox 1870 869 3057 947; baseline 0.008 -23"><span class='ocrx_word' id='word_1_325' title='bbox 1870 869 2083 940; x_wconf 90' lang='lat' dir='ltr'><strong>Corque</strong></span> <span class='ocrx_word' id='word_1_326' title='bbox 2112 888 2284 943; x_wconf 78' lang='lat' dir='ltr'><strong>capax</strong></span> <span class='ocrx_word' id='word_1_327' title='bbox 2311 875 2498 938; x_wconf 85' lang='lat' dir='ltr'><strong>studii.</strong></span> <span class='ocrx_word' id='word_1_328' title='bbox 2527 878 2850 947; x_wconf 88' lang='lat' dir='ltr'><strong>consiliique</strong></span> <span class='ocrx_word' id='word_1_329' title='bbox 2878 887 3057 933; x_wconf 84' lang='lat' dir='ltr'><strong>tenax.</strong></span> 
     </span>
    </p>
   </div>
   <div class='ocr_carea' id='block_1_55' title="bbox 1802 961 3259 1037">
    <p class='ocr_par' dir='ltr' id='par_1_55' title="bbox 1802 961 3259 1037">
     <span class='ocr_line' id='line_1_55' title="bbox 1802 961 3259 1037; baseline 0.007 -23"><span class='ocrx_word' id='word_1_330' title='bbox 1802 961 1977 1017; x_wconf 81' lang='lat' dir='ltr'><strong>Mente</strong></span> <span class='ocrx_word' id='word_1_331' title='bbox 2010 963 2214 1034; x_wconf 83' lang='lat' dir='ltr'><strong>vigent,</strong></span> <span class='ocrx_word' id='word_1_332' title='bbox 2239 966 2437 1019; x_wconf 87' lang='lat' dir='ltr'><strong>virtute</strong></span> <span class='ocrx_word' id='word_1_333' title='bbox 2468 966 2675 1030; x_wconf 89' lang='lat' dir='ltr'><strong>eluunt,</strong></span> <span class='ocrx_word' id='word_1_334' title='bbox 2707 969 2907 1037; x_wconf 88' lang='lat' dir='ltr'><strong>pietate</strong></span> <span class='ocrx_word' id='word_1_335' title='bbox 2940 971 3259 1035; x_wconf 89' lang='lat' dir='ltr'><strong>redundant,</strong></span> 
     </span>
    </p>
   </div>
   <div class='ocr_carea' id='block_1_56' title="bbox 1871 1051 3173 1131">
    <p class='ocr_par' dir='ltr' id='par_1_56' title="bbox 1871 1051 3173 1131">
     <span class='ocr_line' id='line_1_56' title="bbox 1871 1051 3173 1131; baseline 0.007 -26"><span class='ocrx_word' id='word_1_336' title='bbox 1871 1051 2061 1106; x_wconf 91' lang='lat' dir='ltr'><strong>Gentis</strong></span> <span class='ocrx_word' id='word_1_337' title='bbox 2088 1062 2315 1123; x_wconf 88' lang='lat' dir='ltr'><strong>uterque</strong></span> <span class='ocrx_word' id='word_1_338' title='bbox 2342 1055 2528 1121; x_wconf 88' lang='lat' dir='ltr'><strong>decor,</strong></span> <span class='ocrx_word' id='word_1_339' title='bbox 2560 1057 2732 1111; x_wconf 90' lang='lat' dir='ltr'><strong>dulcis</strong></span> <span class='ocrx_word' id='word_1_340' title='bbox 2761 1069 2988 1128; x_wconf 89' lang='lat' dir='ltr'><strong>uterque</strong></span> <span class='ocrx_word' id='word_1_341' title='bbox 3010 1062 3173 1131; x_wconf 88' lang='lat' dir='ltr'><strong>patri,</strong></span> 
     </span>
    </p>
   </div>
   <div class='ocr_carea' id='block_1_57' title="bbox 1802 1142 3090 1216">
    <p class='ocr_par' dir='ltr' id='par_1_57' title="bbox 1802 1142 3090 1216">
     <span class='ocr_line' id='line_1_57' title="bbox 1802 1142 3090 1216; baseline 0.008 -20"><span class='ocrx_word' id='word_1_342' title='bbox 1802 1142 1868 1196; x_wconf 87' lang='lat' dir='ltr'><strong>Et</strong></span> <span class='ocrx_word' id='word_1_343' title='bbox 1900 1160 2041 1199; x_wconf 91' lang='lat' dir='ltr'><strong>nunc</strong></span> <span class='ocrx_word' id='word_1_344' title='bbox 2060 1145 2314 1204; x_wconf 86' lang='lat' dir='ltr'><strong>ardentes</strong></span> <span class='ocrx_word' id='word_1_345' title='bbox 2355 1161 2452 1200; x_wconf 77' lang='lat' dir='ltr'><strong>rex</strong></span> <span class='ocrx_word' id='word_1_346' title='bbox 2478 1145 2623 1202; x_wconf 87' lang='lat' dir='ltr'><strong>acies</strong></span> <span class='ocrx_word' id='word_1_347' title='bbox 2649 1146 2828 1202; x_wconf 84' lang='lat' dir='ltr'><strong>ﬂectat</strong></span> <span class='ocrx_word' id='word_1_348' title='bbox 2858 1151 2924 1204; x_wconf 91' lang='lat' dir='ltr'><strong>ad</strong></span> <span class='ocrx_word' id='word_1_349' title='bbox 2948 1151 3090 1216; x_wconf 90' lang='lat' dir='ltr'><strong>illos,</strong></span> 
     </span>
    </p>
   </div>
   <div class='ocr_carea' id='block_1_58' title="bbox 1873 1236 3209 1310">
    <p class='ocr_par' dir='ltr' id='par_1_58' title="bbox 1873 1236 3209 1310">
     <span class='ocr_line' id='line_1_58' title="bbox 1873 1236 3209 1310; baseline 0.005 -20"><span class='ocrx_word' id='word_1_350' title='bbox 1873 1236 2025 1292; x_wconf 87' lang='lat' dir='ltr'><strong>Nunc</strong></span> <span class='ocrx_word' id='word_1_351' title='bbox 2045 1237 2113 1291; x_wconf 92' lang='lat' dir='ltr'><strong>ad</strong></span> <span class='ocrx_word' id='word_1_352' title='bbox 2142 1238 2442 1309; x_wconf 86' lang='lat' dir='ltr'><strong>virgineum</strong></span> <span class='ocrx_word' id='word_1_353' title='bbox 2471 1237 2651 1293; x_wconf 83' lang='lat' dir='ltr'><strong>ﬂectat</strong></span> <span class='ocrx_word' id='word_1_354' title='bbox 2674 1241 2928 1310; x_wconf 87' lang='lat' dir='ltr'><strong>utrinque</strong></span> <span class='ocrx_word' id='word_1_355' title='bbox 2959 1243 3209 1307; x_wconf 86' lang='lat' dir='ltr'><strong>chorum,</strong></span> 
     </span>
    </p>
   </div>
   <div class='ocr_carea' id='block_1_59' title="bbox 1817 1325 3388 1400">
    <p class='ocr_par' dir='ltr' id='par_1_59' title="bbox 1817 1325 3388 1400">
     <span class='ocr_line' id='line_1_59' title="bbox 1817 1325 3388 1400; baseline 0.003 -17"><span class='ocrx_word' id='word_1_356' title='bbox 1817 1325 2117 1397; x_wconf 69' lang='lat' dir='ltr'><strong>Virgineum</strong></span> <span class='ocrx_word' id='word_1_357' title='bbox 2161 1329 2228 1382; x_wconf 84' lang='lat' dir='ltr'><strong>ad</strong></span> <span class='ocrx_word' id='word_1_358' title='bbox 2260 1337 2486 1394; x_wconf 85' lang='lat' dir='ltr'><strong>coetum,</strong></span> <span class='ocrx_word' id='word_1_359' title='bbox 2522 1343 2630 1398; x_wconf 89' lang='lat' dir='ltr'><strong>quo</strong></span> <span class='ocrx_word' id='word_1_360' title='bbox 2657 1344 2766 1384; x_wconf 94' lang='lat' dir='ltr'><strong>non</strong></span> <span class='ocrx_word' id='word_1_361' title='bbox 2793 1337 2878 1384; x_wconf 87' lang='lat' dir='ltr'><strong>est</strong></span> <span class='ocrx_word' id='word_1_362' title='bbox 2917 1331 3196 1400; x_wconf 88' lang='lat' dir='ltr'><strong>pulchrior</strong></span> <span class='ocrx_word' id='word_1_363' title='bbox 3225 1331 3388 1397; x_wconf 86' lang='lat' dir='ltr'><strong>alter,</strong></span> 
     </span>
    </p>
   </div>
   <div class='ocr_carea' id='block_1_60' title="bbox 1876 1416 3165 1488">
    <p class='ocr_par' dir='ltr' id='par_1_60' title="bbox 1876 1416 3165 1488">
     <span class='ocr_line' id='line_1_60' title="bbox 1876 1416 3165 1488; baseline 0.001 -17"><span class='ocrx_word' id='word_1_364' title='bbox 1876 1417 2054 1480; x_wconf 77' lang='lat' dir='ltr'><strong>Veste,</strong></span> <span class='ocrx_word' id='word_1_365' title='bbox 2087 1416 2293 1483; x_wconf 86' lang='lat' dir='ltr'><strong>habitu,</strong></span> <span class='ocrx_word' id='word_1_366' title='bbox 2319 1418 2520 1487; x_wconf 82' lang='lat' dir='ltr'><strong>Specie,</strong></span> <span class='ocrx_word' id='word_1_367' title='bbox 2561 1433 2809 1488; x_wconf 91' lang='lat' dir='ltr'><strong>corpore,</strong></span> <span class='ocrx_word' id='word_1_368' title='bbox 2834 1420 3016 1484; x_wconf 89' lang='lat' dir='ltr'><strong>corde,</strong></span> <span class='ocrx_word' id='word_1_369' title='bbox 3041 1418 3165 1474; x_wconf 81' lang='lat' dir='ltr'><strong>ﬁde.</strong></span> 
     </span>
    </p>
   </div>
   <div class='ocr_carea' id='block_1_61' title="bbox 1811 1504 3390 1576">
    <p class='ocr_par' dir='ltr' id='par_1_61' title="bbox 1811 1504 3390 1576">
     <span class='ocr_line' id='line_1_61' title="bbox 1811 1504 3390 1576; baseline 0.001 -16"><span class='ocrx_word' id='word_1_370' title='bbox 1811 1504 2031 1561; x_wconf 91' lang='lat' dir='ltr'><strong>Scilicet</strong></span> <span class='ocrx_word' id='word_1_371' title='bbox 2076 1505 2144 1559; x_wconf 87' lang='lat' dir='ltr'><strong>ad</strong></span> <span class='ocrx_word' id='word_1_372' title='bbox 2171 1504 2388 1559; x_wconf 88' lang='lat' dir='ltr'><strong>Bertam</strong></span> <span class='ocrx_word' id='word_1_373' title='bbox 2414 1545 2430 1570; x_wconf 88' lang='lat'><strong>,</strong></span> <span class='ocrx_word' id='word_1_374' title='bbox 2481 1513 2536 1560; x_wconf 91' lang='lat' dir='ltr'><strong>et</strong></span> <span class='ocrx_word' id='word_1_375' title='bbox 2571 1505 2814 1562; x_wconf 80' lang='lat' dir='ltr'><strong>Rodtrud</strong></span> <span class='ocrx_word' id='word_1_376' title='bbox 2840 1547 2855 1571; x_wconf 89' lang='lat'><strong>,</strong></span> <span class='ocrx_word' id='word_1_377' title='bbox 2911 1508 3000 1564; x_wconf 91' lang='lat' dir='ltr'><strong>ubi</strong></span> <span class='ocrx_word' id='word_1_378' title='bbox 3051 1507 3124 1562; x_wconf 93' lang='lat' dir='ltr'><strong>sit</strong></span> <span class='ocrx_word' id='word_1_379' title='bbox 3172 1521 3390 1576; x_wconf 89' lang='lat' dir='ltr'><strong>quoque</strong></span> 
     </span>
    </p>
   </div>
   <div class='ocr_carea' id='block_1_62' title="bbox 3142 1591 3338 1671">
    <p class='ocr_par' dir='ltr' id='par_1_62' title="bbox 3142 1591 3338 1671">
     <span class='ocr_line' id='line_1_62' title="bbox 3142 1591 3338 1671; baseline 0 -17"><span class='ocrx_word' id='word_1_380' title='bbox 3142 1591 3338 1671; x_wconf 88' lang='lat' dir='ltr'><strong>[Cisla,</strong></span> 
     </span>
    </p>
   </div>
   <div class='ocr_carea' id='block_1_63' title="bbox 1878 1675 3354 1755">
    <p class='ocr_par' dir='ltr' id='par_1_63' title="bbox 1878 1675 3354 1755">
     <span class='ocr_line' id='line_1_63' title="bbox 1878 1675 3354 1755; baseline 0.001 -12"><span class='ocrx_word' id='word_1_381' title='bbox 1878 1688 2234 1743; x_wconf 85' lang='lat' dir='ltr'><strong>Pulchrarum</strong></span> <span class='ocrx_word' id='word_1_382' title='bbox 2265 1703 2368 1742; x_wconf 89' lang='lat' dir='ltr'><strong>una</strong></span> <span class='ocrx_word' id='word_1_383' title='bbox 2406 1703 2562 1743; x_wconf 89' lang='lat' dir='ltr'><strong>soror</strong></span> <span class='ocrx_word' id='word_1_384' title='bbox 2588 1688 2659 1743; x_wconf 88' lang='lat' dir='ltr'><strong>sit</strong></span> <span class='ocrx_word' id='word_1_385' title='bbox 2688 1690 2885 1755; x_wconf 90' lang='lat' dir='ltr'><strong>minor,</strong></span> <span class='ocrx_word' id='word_1_386' title='bbox 2915 1691 3048 1746; x_wconf 89' lang='lat' dir='ltr'><strong>ordo</strong></span> <span class='ocrx_word' id='word_1_387' title='bbox 3078 1691 3262 1745; x_wconf 91' lang='lat' dir='ltr'><strong>trium.</strong></span> 
     </span>
    </p>
   </div>
   <div class='ocr_carea' id='block_1_64' title="bbox 1730 1757 3266 1853">
    <p class='ocr_par' dir='ltr' id='par_1_64' title="bbox 1730 1757 3266 1853">
     <span class='ocr_line' id='line_1_64' title="bbox 1730 1757 3266 1853; baseline 0 -17"><span class='ocrx_word' id='word_1_388' title='bbox 1730 1757 1778 1816; x_wconf 76' lang='grc' dir='ltr'><strong>Β</strong></span> <span class='ocrx_word' id='word_1_389' title='bbox 1805 1781 1902 1836; x_wconf 83' lang='lat' dir='ltr'><strong>Est</strong></span> <span class='ocrx_word' id='word_1_390' title='bbox 1937 1778 2140 1834; x_wconf 87' lang='lat' dir='ltr'><strong>sociata</strong></span> <span class='ocrx_word' id='word_1_391' title='bbox 2171 1779 2369 1848; x_wconf 86' lang='lat' dir='ltr'><strong>quibus</strong></span> <span class='ocrx_word' id='word_1_392' title='bbox 2396 1779 2421 1817; x_wconf 73' lang='grc' dir='ltr'>ἀ</span> <span class='ocrx_word' id='word_1_393' title='bbox 2455 1779 2779 1849; x_wconf 86' lang='lat' dir='ltr'><strong>Leutgardis</strong></span> <span class='ocrx_word' id='word_1_394' title='bbox 2799 1780 3027 1849; x_wconf 88' lang='lat' dir='ltr'><strong>pulchra</strong></span> <span class='ocrx_word' id='word_1_395' title='bbox 3061 1781 3266 1853; x_wconf 87' lang='lat' dir='ltr'><strong>virago,</strong></span> 
     </span>
    </p>
   </div>
   <div class='ocr_carea' id='block_1_65' title="bbox 1878 1869 2984 1940">
    <p class='ocr_par' dir='ltr' id='par_1_65' title="bbox 1878 1869 2984 1940">
     <span class='ocr_line' id='line_1_65' title="bbox 1878 1869 2984 1940; baseline 0.001 -17"><span class='ocrx_word' id='word_1_396' title='bbox 1878 1869 2008 1937; x_wconf 68' lang='lat' dir='ltr'><strong>Quae</strong></span> <span class='ocrx_word' id='word_1_397' title='bbox 2030 1870 2194 1924; x_wconf 89' lang='lat' dir='ltr'><strong>micat</strong></span> <span class='ocrx_word' id='word_1_398' title='bbox 2214 1869 2429 1940; x_wconf 88' lang='lat' dir='ltr'><strong>ingenio</strong></span> <span class='ocrx_word' id='word_1_399' title='bbox 2456 1885 2578 1924; x_wconf 89' lang='lat' dir='ltr'><strong>cum</strong></span> <span class='ocrx_word' id='word_1_400' title='bbox 2618 1869 2835 1938; x_wconf 90' lang='lat' dir='ltr'><strong>pietatis</strong></span> <span class='ocrx_word' id='word_1_401' title='bbox 2864 1884 2984 1938; x_wconf 91' lang='lat' dir='ltr'><strong>ope.</strong></span> 
     </span>
    </p>
   </div>
   <div class='ocr_carea' id='block_1_66' title="bbox 1809 1960 3190 2031">
    <p class='ocr_par' dir='ltr' id='par_1_66' title="bbox 1809 1960 3190 2031">
     <span class='ocr_line' id='line_1_66' title="bbox 1809 1960 3190 2031; baseline 0 -17"><span class='ocrx_word' id='word_1_402' title='bbox 1809 1961 2045 2017; x_wconf 89' lang='lat' dir='ltr'><strong>Pulchra</strong></span> <span class='ocrx_word' id='word_1_403' title='bbox 2071 1960 2206 2014; x_wconf 88' lang='lat' dir='ltr'><strong>satis</strong></span> <span class='ocrx_word' id='word_1_404' title='bbox 2240 1960 2410 2025; x_wconf 91' lang='lat' dir='ltr'><strong>cultu,</strong></span> <span class='ocrx_word' id='word_1_405' title='bbox 2438 1962 2532 2016; x_wconf 90' lang='lat' dir='ltr'><strong>sed</strong></span> <span class='ocrx_word' id='word_1_406' title='bbox 2553 1961 2714 2031; x_wconf 91' lang='lat' dir='ltr'><strong>digno</strong></span> <span class='ocrx_word' id='word_1_407' title='bbox 2743 1960 3022 2030; x_wconf 91' lang='lat' dir='ltr'><strong>pulchrior</strong></span> <span class='ocrx_word' id='word_1_408' title='bbox 3046 1969 3190 2027; x_wconf 91' lang='lat' dir='ltr'><strong>actu,</strong></span> 
     </span>
    </p>
   </div>
   <div class='ocr_carea' id='block_1_67' title="bbox 1881 2050 3155 2121">
    <p class='ocr_par' dir='ltr' id='par_1_67' title="bbox 1881 2050 3155 2121">
     <span class='ocr_line' id='line_1_67' title="bbox 1881 2050 3155 2121; baseline 0 -15"><span class='ocrx_word' id='word_1_409' title='bbox 1881 2050 2014 2106; x_wconf 92' lang='lat' dir='ltr'><strong>Cum</strong></span> <span class='ocrx_word' id='word_1_410' title='bbox 2043 2051 2241 2121; x_wconf 91' lang='lat' dir='ltr'><strong>populo</strong></span> <span class='ocrx_word' id='word_1_411' title='bbox 2265 2061 2320 2106; x_wconf 93' lang='lat' dir='ltr'><strong>et</strong></span> <span class='ocrx_word' id='word_1_412' title='bbox 2340 2052 2564 2107; x_wconf 91' lang='lat' dir='ltr'><strong>ducibus</strong></span> <span class='ocrx_word' id='word_1_413' title='bbox 2587 2052 2839 2107; x_wconf 89' lang='lat' dir='ltr'><strong>omnibus</strong></span> <span class='ocrx_word' id='word_1_414' title='bbox 2860 2068 2966 2106; x_wconf 91' lang='lat' dir='ltr'><strong>una</strong></span> <span class='ocrx_word' id='word_1_415' title='bbox 2993 2052 3155 2118; x_wconf 81' lang='lat' dir='ltr'><strong>favet,</strong></span> 
     </span>
    </p>
   </div>
   <div class='ocr_carea' id='block_1_68' title="bbox 1811 2139 3294 2213">
    <p class='ocr_par' dir='ltr' id='par_1_68' title="bbox 1811 2139 3294 2213">
     <span class='ocr_line' id='line_1_68' title="bbox 1811 2139 3294 2213; baseline 0.001 -17"><span class='ocrx_word' id='word_1_416' title='bbox 1811 2141 1984 2213; x_wconf 89' lang='lat' dir='ltr'><strong>Larga</strong></span> <span class='ocrx_word' id='word_1_417' title='bbox 2003 2157 2187 2207; x_wconf 89' lang='lat' dir='ltr'><strong>manu,</strong></span> <span class='ocrx_word' id='word_1_418' title='bbox 2219 2141 2456 2197; x_wconf 88' lang='lat' dir='ltr'><strong>clemens</strong></span> <span class='ocrx_word' id='word_1_419' title='bbox 2483 2142 2685 2207; x_wconf 91' lang='lat' dir='ltr'><strong>animo,</strong></span> <span class='ocrx_word' id='word_1_420' title='bbox 2712 2139 3068 2196; x_wconf 90' lang='lat' dir='ltr'><strong>blandissima</strong></span> <span class='ocrx_word' id='word_1_421' title='bbox 3092 2141 3294 2208; x_wconf 84' lang='lat' dir='ltr'><strong>verbis,</strong></span> 
     </span>
    </p>
   </div>
   <div class='ocr_carea' id='block_1_69' title="bbox 1882 2234 3173 2303">
    <p class='ocr_par' dir='ltr' id='par_1_69' title="bbox 1882 2234 3173 2303">
     <span class='ocr_line' id='line_1_69' title="bbox 1882 2234 3173 2303; baseline -0.001 -14"><span class='ocrx_word' id='word_1_422' title='bbox 1882 2234 2146 2289; x_wconf 91' lang='lat' dir='ltr'><strong>Prodesse</strong></span> <span class='ocrx_word' id='word_1_423' title='bbox 2182 2242 2237 2289; x_wconf 91' lang='lat' dir='ltr'><strong>et</strong></span> <span class='ocrx_word' id='word_1_424' title='bbox 2267 2235 2507 2300; x_wconf 88' lang='lat' dir='ltr'><strong>cunctis,</strong></span> <span class='ocrx_word' id='word_1_425' title='bbox 2539 2234 2744 2288; x_wconf 87' lang='lat' dir='ltr'><strong>net&#39;nini</strong></span> <span class='ocrx_word' id='word_1_426' title='bbox 2773 2234 2965 2290; x_wconf 90' lang='lat' dir='ltr'><strong>obesse</strong></span> <span class='ocrx_word' id='word_1_427' title='bbox 2996 2242 3173 2303; x_wconf 89' lang='lat' dir='ltr'><strong>parat.</strong></span> 
     </span>
    </p>
   </div>
   <div class='ocr_carea' id='block_1_70' title="bbox 1813 2323 3109 2392">
    <p class='ocr_par' dir='ltr' id='par_1_70' title="bbox 1813 2323 3109 2392">
     <span class='ocr_line' id='line_1_70' title="bbox 1813 2323 3109 2392; baseline -0.001 -14"><span class='ocrx_word' id='word_1_428' title='bbox 1813 2323 1942 2392; x_wconf 57' lang='lat' dir='ltr'><strong>Quae</strong></span> <span class='ocrx_word' id='word_1_429' title='bbox 1962 2326 2099 2380; x_wconf 88' lang='lat' dir='ltr'><strong>bene</strong></span> <span class='ocrx_word' id='word_1_430' title='bbox 2129 2325 2370 2379; x_wconf 91' lang='lat' dir='ltr'><strong>discendi</strong></span> <span class='ocrx_word' id='word_1_431' title='bbox 2391 2323 2584 2379; x_wconf 88' lang='lat' dir='ltr'><strong>studiis</strong></span> <span class='ocrx_word' id='word_1_432' title='bbox 2613 2324 2854 2378; x_wconf 90' lang='lat' dir='ltr'><strong>studiosa</strong></span> <span class='ocrx_word' id='word_1_433' title='bbox 2877 2323 3109 2390; x_wconf 85' lang='lat' dir='ltr'><strong>laborat,</strong></span> 
     </span>
    </p>
   </div>
   <div class='ocr_carea' id='block_1_71' title="bbox 1884 2411 3083 2483">
    <p class='ocr_par' dir='ltr' id='par_1_71' title="bbox 1884 2411 3083 2483">
     <span class='ocr_line' id='line_1_71' title="bbox 1884 2411 3083 2483; baseline 0 -15"><span class='ocrx_word' id='word_1_434' title='bbox 1884 2414 2255 2483; x_wconf 89' lang='lat' dir='ltr'><strong>lngenuasque</strong></span> <span class='ocrx_word' id='word_1_435' title='bbox 2290 2420 2434 2467; x_wconf 88' lang='lat' dir='ltr'><strong>artes</strong></span> <span class='ocrx_word' id='word_1_436' title='bbox 2456 2415 2654 2468; x_wconf 90' lang='lat' dir='ltr'><strong>mentis</strong></span> <span class='ocrx_word' id='word_1_437' title='bbox 2685 2412 2739 2466; x_wconf 92' lang='lat' dir='ltr'><strong>in</strong></span> <span class='ocrx_word' id='word_1_438' title='bbox 2761 2428 2890 2468; x_wconf 90' lang='lat' dir='ltr'><strong>arce</strong></span> <span class='ocrx_word' id='word_1_439' title='bbox 2921 2411 3083 2468; x_wconf 90' lang='lat' dir='ltr'><strong>locat.</strong></span> 
     </span>
    </p>
   </div>
   <div class='ocr_carea' id='block_1_72' title="bbox 1815 2503 3210 2575">
    <p class='ocr_par' dir='ltr' id='par_1_72' title="bbox 1815 2503 3210 2575">
     <span class='ocr_line' id='line_1_72' title="bbox 1815 2503 3210 2575; baseline 0.001 -17"><span class='ocrx_word' id='word_1_440' title='bbox 1815 2503 2069 2574; x_wconf 87' lang='lat' dir='ltr'><strong>Prompta</strong></span> <span class='ocrx_word' id='word_1_441' title='bbox 2097 2505 2168 2559; x_wconf 90' lang='lat' dir='ltr'><strong>sit</strong></span> <span class='ocrx_word' id='word_1_442' title='bbox 2187 2503 2449 2573; x_wconf 84' lang='lat' dir='ltr'><strong>obsequio</strong></span> <span class='ocrx_word' id='word_1_443' title='bbox 2475 2504 2688 2560; x_wconf 90' lang='lat' dir='ltr'><strong>soboles</strong></span> <span class='ocrx_word' id='word_1_444' title='bbox 2716 2506 3023 2575; x_wconf 89' lang='lat' dir='ltr'><strong>gratissima</strong></span> <span class='ocrx_word' id='word_1_445' title='bbox 3047 2504 3210 2574; x_wconf 84' lang='lat' dir='ltr'><strong>regis,</strong></span> 
     </span>
    </p>
   </div>
   <div class='ocr_carea' id='block_1_73' title="bbox 1886 2595 3057 2666">
    <p class='ocr_par' dir='ltr' id='par_1_73' title="bbox 1886 2595 3057 2666">
     <span class='ocr_line' id='line_1_73' title="bbox 1886 2595 3057 2666; baseline -0.002 -14"><span class='ocrx_word' id='word_1_446' title='bbox 1886 2595 2061 2664; x_wconf 83' lang='lat' dir='ltr'><strong>thue</strong></span> <span class='ocrx_word' id='word_1_447' title='bbox 2097 2597 2269 2666; x_wconf 89' lang='lat' dir='ltr'><strong>magis</strong></span> <span class='ocrx_word' id='word_1_448' title='bbox 2292 2596 2506 2664; x_wconf 89' lang='lat' dir='ltr'><strong>placeat</strong></span> <span class='ocrx_word' id='word_1_449' title='bbox 2530 2604 2701 2650; x_wconf 89' lang='lat' dir='ltr'><strong>certet</strong></span> <span class='ocrx_word' id='word_1_450' title='bbox 2728 2610 2912 2650; x_wconf 90' lang='lat' dir='ltr'><strong>amore</strong></span> <span class='ocrx_word' id='word_1_451' title='bbox 2947 2596 3057 2666; x_wconf 89' lang='lat' dir='ltr'><strong>pio.</strong></span> 
     </span>
    </p>
   </div>
   <div class='ocr_carea' id='block_1_74' title="bbox 1812 2685 3282 2758">
    <p class='ocr_par' dir='ltr' id='par_1_74' title="bbox 1812 2685 3282 2758">
     <span class='ocr_line' id='line_1_74' title="bbox 1812 2685 3282 2758; baseline -0.001 -17"><span class='ocrx_word' id='word_1_452' title='bbox 1812 2686 1980 2741; x_wconf 90' lang='lat' dir='ltr'><strong>Pallia</strong></span> <span class='ocrx_word' id='word_1_453' title='bbox 2013 2687 2170 2757; x_wconf 88' lang='lat' dir='ltr'><strong>dupla</strong></span> <span class='ocrx_word' id='word_1_454' title='bbox 2196 2687 2363 2752; x_wconf 90' lang='lat' dir='ltr'><strong>celer,</strong></span> <span class='ocrx_word' id='word_1_455' title='bbox 2407 2703 2662 2741; x_wconf 91' lang='lat' dir='ltr'><strong>manuum</strong></span> <span class='ocrx_word' id='word_1_456' title='bbox 2687 2703 2782 2742; x_wconf 90' lang='lat' dir='ltr'><strong>seu</strong></span> <span class='ocrx_word' id='word_1_457' title='bbox 2805 2687 3038 2758; x_wconf 88' lang='lat' dir='ltr'><strong>tegmina</strong></span> <span class='ocrx_word' id='word_1_458' title='bbox 3064 2685 3282 2753; x_wconf 84' lang='lat' dir='ltr'><strong>blanda,</strong></span> 
     </span>
    </p>
   </div>
   <div class='ocr_carea' id='block_1_75' title="bbox 1885 2775 3082 2848">
    <p class='ocr_par' dir='ltr' id='par_1_75' title="bbox 1885 2775 3082 2848">
     <span class='ocr_line' id='line_1_75' title="bbox 1885 2775 3082 2848; baseline 0.001 -17"><span class='ocrx_word' id='word_1_459' title='bbox 1885 2775 2156 2846; x_wconf 90' lang='lat' dir='ltr'><strong>Suscipiat</strong></span> <span class='ocrx_word' id='word_1_460' title='bbox 2173 2775 2419 2843; x_wconf 88' lang='lat' dir='ltr'><strong>Carolus,</strong></span> <span class='ocrx_word' id='word_1_461' title='bbox 2465 2785 2522 2831; x_wconf 93' lang='lat' dir='ltr'><strong>et</strong></span> <span class='ocrx_word' id='word_1_462' title='bbox 2544 2777 2782 2848; x_wconf 87' lang='lat' dir='ltr'><strong>gladium</strong></span> <span class='ocrx_word' id='word_1_463' title='bbox 2821 2777 3082 2832; x_wconf 84' lang='lat' dir='ltr'><strong>Ludoich.</strong></span> 
     </span>
    </p>
   </div>
   <div class='ocr_carea' id='block_1_76' title="bbox 1815 2865 3201 2936">
    <p class='ocr_par' dir='ltr' id='par_1_76' title="bbox 1815 2865 3201 2936">
     <span class='ocr_line' id='line_1_76' title="bbox 1815 2865 3201 2936; baseline 0.002 -17"><span class='ocrx_word' id='word_1_464' title='bbox 1815 2865 1932 2932; x_wconf 85' lang='lat' dir='ltr'><strong>Quo</strong></span> <span class='ocrx_word' id='word_1_465' title='bbox 1962 2866 2251 2930; x_wconf 86' lang='lat' dir='ltr'><strong>residente,</strong></span> <span class='ocrx_word' id='word_1_466' title='bbox 2300 2869 2458 2922; x_wconf 86' lang='lat' dir='ltr'><strong>suum</strong></span> <span class='ocrx_word' id='word_1_467' title='bbox 2485 2874 2638 2936; x_wconf 84' lang='lat' dir='ltr'><strong>grata</strong></span> <span class='ocrx_word' id='word_1_468' title='bbox 2663 2866 2805 2922; x_wconf 89' lang='lat' dir='ltr'><strong>inter</strong></span> <span class='ocrx_word' id='word_1_469' title='bbox 2827 2867 2976 2921; x_wconf 88' lang='lat' dir='ltr'><strong>basia</strong></span> <span class='ocrx_word' id='word_1_470' title='bbox 3006 2883 3201 2922; x_wconf 89' lang='lat' dir='ltr'><strong>munus</strong></span> 
     </span>
    </p>
   </div>
   <div class='ocr_carea' id='block_1_77' title="bbox 1886 2957 3247 3027">
    <p class='ocr_par' dir='ltr' id='par_1_77' title="bbox 1886 2957 3247 3027">
     <span class='ocr_line' id='line_1_77' title="bbox 1886 2957 3247 3027; baseline 0.001 -17"><span class='ocrx_word' id='word_1_471' title='bbox 1886 2957 2024 3010; x_wconf 90' lang='lat' dir='ltr'><strong>Dent</strong></span> <span class='ocrx_word' id='word_1_472' title='bbox 2050 2965 2191 3010; x_wconf 78' lang='lat' dir='ltr'><strong>natae</strong></span> <span class='ocrx_word' id='word_1_473' title='bbox 2219 2957 2466 3027; x_wconf 67' lang='lat' dir='ltr'><strong>egregiae,</strong></span> <span class='ocrx_word' id='word_1_474' title='bbox 2492 2957 2585 3011; x_wconf 88' lang='lat' dir='ltr'><strong>det</strong></span> <span class='ocrx_word' id='word_1_475' title='bbox 2611 2972 2828 3027; x_wconf 86' lang='lat' dir='ltr'><strong>quoque</strong></span> <span class='ocrx_word' id='word_1_476' title='bbox 2851 2958 3050 3012; x_wconf 88' lang='lat' dir='ltr'><strong>charus</strong></span> <span class='ocrx_word' id='word_1_477' title='bbox 3074 2972 3247 3012; x_wconf 78' lang='lat' dir='ltr'><strong>amor.</strong></span> 
     </span>
    </p>
   </div>
   <div class='ocr_carea' id='block_1_78' title="bbox 1816 3043 3204 3111">
    <p class='ocr_par' dir='ltr' id='par_1_78' title="bbox 1816 3043 3204 3111">
     <span class='ocr_line' id='line_1_78' title="bbox 1816 3043 3204 3111; baseline 0.001 -13"><span class='ocrx_word' id='word_1_478' title='bbox 1816 3043 1974 3098; x_wconf 85' lang='lat' dir='ltr'><strong>Berta</strong></span> <span class='ocrx_word' id='word_1_479' title='bbox 2003 3059 2179 3109; x_wconf 82' lang='lat' dir='ltr'><strong>rosas,</strong></span> <span class='ocrx_word' id='word_1_480' title='bbox 2222 3045 2563 3100; x_wconf 84' lang='lat' dir='ltr'><strong>Chrodtrudh</strong></span> <span class='ocrx_word' id='word_1_481' title='bbox 2592 3045 2784 3111; x_wconf 86' lang='lat' dir='ltr'><strong>violas,</strong></span> <span class='ocrx_word' id='word_1_482' title='bbox 2817 3052 2871 3100; x_wconf 82' lang='lat' dir='ltr'><strong>et</strong></span> <span class='ocrx_word' id='word_1_483' title='bbox 2899 3045 3011 3100; x_wconf 81' lang='lat' dir='ltr'><strong>lilia</strong></span> <span class='ocrx_word' id='word_1_484' title='bbox 3033 3045 3204 3111; x_wconf 82' lang='lat' dir='ltr'><strong>Gisia,</strong></span> 
     </span>
    </p>
   </div>
   <div class='ocr_carea' id='block_1_79' title="bbox 1883 3137 3095 3208">
    <p class='ocr_par' dir='ltr' id='par_1_79' title="bbox 1883 3137 3095 3208">
     <span class='ocr_line' id='line_1_79' title="bbox 1883 3137 3095 3208; baseline 0.001 -17"><span class='ocrx_word' id='word_1_485' title='bbox 1883 3137 2128 3192; x_wconf 81' lang='lat' dir='ltr'><strong>Nectaris</strong></span> <span class='ocrx_word' id='word_1_486' title='bbox 2155 3138 2411 3192; x_wconf 89' lang='lat' dir='ltr'><strong>ambrosii</strong></span> <span class='ocrx_word' id='word_1_487' title='bbox 2441 3138 2664 3206; x_wconf 81' lang='lat' dir='ltr'><strong>praemia</strong></span> <span class='ocrx_word' id='word_1_488' title='bbox 2689 3152 2916 3208; x_wconf 64' lang='lat' dir='ltr'><strong>quaeque</strong></span> <span class='ocrx_word' id='word_1_489' title='bbox 2937 3137 3095 3193; x_wconf 84' lang='lat' dir='ltr'><strong>ferat.</strong></span> 
     </span>
    </p>
   </div>
   <div class='ocr_carea' id='block_1_80' title="bbox 1813 3226 3398 3300">
    <p class='ocr_par' dir='ltr' id='par_1_80' title="bbox 1813 3226 3398 3300">
     <span class='ocr_line' id='line_1_80' title="bbox 1813 3226 3398 3300; baseline 0.003 -19"><span class='ocrx_word' id='word_1_490' title='bbox 1813 3227 2084 3282; x_wconf 77' lang='lat' dir='ltr'><strong>Rothaidh</strong></span> <span class='ocrx_word' id='word_1_491' title='bbox 2105 3242 2286 3296; x_wconf 83' lang='lat' dir='ltr'><strong>poma,</strong></span> <span class='ocrx_word' id='word_1_492' title='bbox 2301 3226 2552 3282; x_wconf 86' lang='lat' dir='ltr'><strong>lliltrudb</strong></span> <span class='ocrx_word' id='word_1_493' title='bbox 2567 3226 2843 3293; x_wconf 89' lang='lat' dir='ltr'><strong>Cererem,</strong></span> <span class='ocrx_word' id='word_1_494' title='bbox 2868 3227 3138 3284; x_wconf 87' lang='lat' dir='ltr'><strong>Tetdrada</strong></span> <span class='ocrx_word' id='word_1_495' title='bbox 3153 3230 3398 3300; x_wconf 64' lang='lat' dir='ltr'><strong>Lyaeum,</strong></span> 
     </span>
    </p>
   </div>
   <div class='ocr_carea' id='block_1_81' title="bbox 1883 3319 3138 3387">
    <p class='ocr_par' dir='ltr' id='par_1_81' title="bbox 1883 3319 3138 3387">
     <span class='ocr_line' id='line_1_81' title="bbox 1883 3319 3138 3387; baseline 0 -15"><span class='ocrx_word' id='word_1_496' title='bbox 1883 3319 2016 3385; x_wconf 80' lang='lat' dir='ltr'><strong>Quis</strong></span> <span class='ocrx_word' id='word_1_497' title='bbox 2050 3320 2200 3373; x_wconf 81' lang='lat' dir='ltr'><strong>varia</strong></span> <span class='ocrx_word' id='word_1_498' title='bbox 2229 3320 2460 3387; x_wconf 86' lang='lat' dir='ltr'><strong>species,</strong></span> <span class='ocrx_word' id='word_1_499' title='bbox 2492 3320 2588 3375; x_wconf 86' lang='lat' dir='ltr'><strong>sed</strong></span> <span class='ocrx_word' id='word_1_500' title='bbox 2619 3321 2780 3374; x_wconf 88' lang='lat' dir='ltr'><strong>decor</strong></span> <span class='ocrx_word' id='word_1_501' title='bbox 2811 3335 2950 3374; x_wconf 86' lang='lat' dir='ltr'><strong>unus</strong></span> <span class='ocrx_word' id='word_1_502' title='bbox 2977 3319 3138 3373; x_wconf 83' lang='lat' dir='ltr'><strong>inest.</strong></span> 
     </span>
    </p>
   </div>
   <div class='ocr_carea' id='block_1_82' title="bbox 1815 3406 3192 3476">
    <p class='ocr_par' dir='ltr' id='par_1_82' title="bbox 1815 3406 3192 3476">
     <span class='ocr_line' id='line_1_82' title="bbox 1815 3406 3192 3476; baseline 0.001 -16"><span class='ocrx_word' id='word_1_503' title='bbox 1815 3406 1920 3460; x_wconf 85' lang='lat' dir='ltr'><strong>Ista</strong></span> <span class='ocrx_word' id='word_1_504' title='bbox 1953 3407 2092 3459; x_wconf 85' lang='lat' dir='ltr'><strong>nitet</strong></span> <span class='ocrx_word' id='word_1_505' title='bbox 2121 3408 2368 3474; x_wconf 85' lang='lat' dir='ltr'><strong>gemmis,</strong></span> <span class='ocrx_word' id='word_1_506' title='bbox 2399 3422 2530 3460; x_wconf 87' lang='lat' dir='ltr'><strong>auro</strong></span> <span class='ocrx_word' id='word_1_507' title='bbox 2561 3407 2650 3459; x_wconf 89' lang='lat' dir='ltr'><strong>illa</strong></span> <span class='ocrx_word' id='word_1_508' title='bbox 2679 3408 2922 3476; x_wconf 86' lang='lat' dir='ltr'><strong>splendet</strong></span> <span class='ocrx_word' id='word_1_509' title='bbox 2948 3415 3003 3460; x_wconf 90' lang='lat' dir='ltr'><strong>et</strong></span> <span class='ocrx_word' id='word_1_510' title='bbox 3021 3416 3192 3473; x_wconf 92' lang='lat' dir='ltr'><strong>ostro,</strong></span> 
     </span>
    </p>
   </div>
   <div class='ocr_carea' id='block_1_83' title="bbox 1885 3493 3039 3564">
    <p class='ocr_par' dir='ltr' id='par_1_83' title="bbox 1885 3493 3039 3564">
     <span class='ocr_line' id='line_1_83' title="bbox 1885 3493 3039 3564; baseline -0.003 -16"><span class='ocrx_word' id='word_1_511' title='bbox 1885 3495 2010 3549; x_wconf 66' lang='lat' dir='ltr'><strong>llaec</strong></span> <span class='ocrx_word' id='word_1_512' title='bbox 2026 3508 2238 3564; x_wconf 86' lang='lat' dir='ltr'><strong>gemma</strong></span> <span class='ocrx_word' id='word_1_513' title='bbox 2262 3493 2418 3546; x_wconf 87' lang='lat' dir='ltr'><strong>viridi</strong></span> <span class='ocrx_word' id='word_1_514' title='bbox 2448 3493 2713 3561; x_wconf 73' lang='lat' dir='ltr'><strong>prtenitet,</strong></span> <span class='ocrx_word' id='word_1_515' title='bbox 2744 3493 2831 3545; x_wconf 88' lang='lat' dir='ltr'><strong>illa</strong></span> <span class='ocrx_word' id='word_1_516' title='bbox 2859 3494 3039 3545; x_wconf 87' lang='lat' dir='ltr'><strong>rubra.</strong></span> 
     </span>
    </p>
   </div>
   <div class='ocr_carea' id='block_1_84' title="bbox 1817 3583 3175 3655">
    <p class='ocr_par' dir='ltr' id='par_1_84' title="bbox 1817 3583 3175 3655">
     <span class='ocr_line' id='line_1_84' title="bbox 1817 3583 3175 3655; baseline -0.005 -13"><span class='ocrx_word' id='word_1_517' title='bbox 1817 3587 2008 3643; x_wconf 86' lang='lat' dir='ltr'><strong>Fibula</strong></span> <span class='ocrx_word' id='word_1_518' title='bbox 2036 3586 2312 3655; x_wconf 91' lang='lat' dir='ltr'><strong>componit</strong></span> <span class='ocrx_word' id='word_1_519' title='bbox 2338 3584 2500 3650; x_wconf 88' lang='lat' dir='ltr'><strong>hanc,</strong></span> <span class='ocrx_word' id='word_1_520' title='bbox 2534 3583 2681 3638; x_wconf 89' lang='lat' dir='ltr'><strong>illam</strong></span> <span class='ocrx_word' id='word_1_521' title='bbox 2703 3583 2902 3638; x_wconf 90' lang='lat' dir='ltr'><strong>limbus</strong></span> <span class='ocrx_word' id='word_1_522' title='bbox 2929 3583 3175 3637; x_wconf 89' lang='lat' dir='ltr'><strong>adornat.</strong></span> 
     </span>
    </p>
   </div>
   <div class='ocr_carea' id='block_1_85' title="bbox 1889 3732 3405 3806">
    <p class='ocr_par' dir='ltr' id='par_1_85' title="bbox 1889 3732 3405 3806">
     <span class='ocr_line' id='line_1_85' title="bbox 1889 3732 3405 3806; baseline -0.003 -14"><span class='ocrx_word' id='word_1_523' title='bbox 1889 3750 1913 3778; x_wconf 79' lang='grc' dir='ltr'><strong>ο</strong></span> <span class='ocrx_word' id='word_1_524' title='bbox 1945 3735 2238 3792; x_wconf 80' lang='lat' dir='ltr'><strong>Circumdet</strong></span> <span class='ocrx_word' id='word_1_525' title='bbox 2263 3733 2432 3806; x_wconf 81' lang='lat' dir='ltr'><strong>proles</strong></span> <span class='ocrx_word' id='word_1_526' title='bbox 2450 3733 2662 3806; x_wconf 77' lang='lat' dir='ltr'><strong>Regem.</strong></span> <span class='ocrx_word' id='word_1_527' title='bbox 2693 3734 3014 3805; x_wconf 80' lang='lat' dir='ltr'><strong>Progeniem</strong></span> <span class='ocrx_word' id='word_1_528' title='bbox 3031 3732 3210 3806; x_wconf 72' lang='lat' dir='ltr'><strong>Caroli</strong></span> <span class='ocrx_word' id='word_1_529' title='bbox 3227 3733 3405 3806; x_wconf 75' lang='lat' dir='ltr'><strong>Magni</strong></span> 
     </span>
    </p>
   </div>
   <div class='ocr_carea' id='block_1_86' title="bbox 1819 3802 3403 3874">
    <p class='ocr_par' dir='ltr' id='par_1_86' title="bbox 1819 3802 3403 3874">
     <span class='ocr_line' id='line_1_86' title="bbox 1819 3802 3403 3874; baseline -0.004 -10"><span class='ocrx_word' id='word_1_530' title='bbox 1819 3817 1932 3864; x_wconf 87' lang='lat' dir='ltr'><strong>tum</strong></span> <span class='ocrx_word' id='word_1_531' title='bbox 1962 3802 2300 3869; x_wconf 60' lang='lat' dir='ltr'><strong>masculam&#39;,</strong></span> <span class='ocrx_word' id='word_1_532' title='bbox 2348 3813 2461 3859; x_wconf 91' lang='lat' dir='ltr'><strong>tum</strong></span> <span class='ocrx_word' id='word_1_533' title='bbox 2507 3802 2824 3870; x_wconf 67' lang='lat' dir='ltr'><strong>femineam,</strong></span> <span class='ocrx_word' id='word_1_534' title='bbox 2852 3820 2972 3874; x_wconf 73' lang='lat' dir='ltr'><strong>quae</strong></span> <span class='ocrx_word' id='word_1_535' title='bbox 3017 3802 3101 3858; x_wconf 87' lang='lat' dir='ltr'><strong>vel</strong></span> <span class='ocrx_word' id='word_1_536' title='bbox 3132 3813 3278 3870; x_wconf 86' lang='lat' dir='ltr'><strong>nata,</strong></span> <span class='ocrx_word' id='word_1_537' title='bbox 3317 3802 3403 3859; x_wconf 71' lang='lat' dir='ltr'><strong>vel</strong></span> 
     </span>
    </p>
   </div>
   <div class='ocr_carea' id='block_1_87' title="bbox 1819 3874 3406 3949">
    <p class='ocr_par' dir='ltr' id='par_1_87' title="bbox 1819 3874 3406 3949">
     <span class='ocr_line' id='line_1_87' title="bbox 1819 3874 3406 3949; baseline -0.003 -15"><span class='ocrx_word' id='word_1_538' title='bbox 1819 3887 2094 3949; x_wconf 81' lang='lat' dir='ltr'><strong>superstes</strong></span> <span class='ocrx_word' id='word_1_539' title='bbox 2131 3883 2248 3930; x_wconf 87' lang='lat' dir='ltr'><strong>erat</strong></span> <span class='ocrx_word' id='word_1_540' title='bbox 2274 3891 2403 3949; x_wconf 69' lang='lat' dir='ltr'><strong>cum</strong></span> <span class='ocrx_word' id='word_1_541' title='bbox 2440 3874 2702 3949; x_wconf 70' lang='lat' dir='ltr'><strong>scriberet</strong></span> <span class='ocrx_word' id='word_1_542' title='bbox 2727 3875 3104 3949; x_wconf 85' lang='lat' dir='ltr'><strong>,__universam</strong></span> <span class='ocrx_word' id='word_1_543' title='bbox 3148 3875 3406 3949; x_wconf 71' lang='lat' dir='ltr'><strong>deinceps</strong></span> 
     </span>
    </p>
   </div>
   <div class='ocr_carea' id='block_1_88' title="bbox 1819 3945 3402 4016">
    <p class='ocr_par' dir='ltr' id='par_1_88' title="bbox 1819 3945 3402 4016">
     <span class='ocr_line' id='line_1_88' title="bbox 1819 3945 3402 4016; baseline -0.003 -12"><span class='ocrx_word' id='word_1_544' title='bbox 1819 3945 2103 4005; x_wconf 80' lang='lat' dir='ltr'><strong>enumerat</strong></span> <span class='ocrx_word' id='word_1_545' title='bbox 2131 3953 2328 4016; x_wconf 65' lang='lat' dir='ltr'><strong>praeter</strong></span> <span class='ocrx_word' id='word_1_546' title='bbox 2347 3945 2631 4016; x_wconf 83' lang='lat' dir='ltr'><strong>Pippinum</strong></span> <span class='ocrx_word' id='word_1_547' title='bbox 2675 3945 2840 4000; x_wconf 68' lang='lat' dir='ltr'><strong>Italiae</strong></span> <span class='ocrx_word' id='word_1_548' title='bbox 2868 3960 3045 4016; x_wconf 69' lang='lat' dir='ltr'><strong>regem</strong></span> <span class='ocrx_word' id='word_1_549' title='bbox 3070 3945 3402 4016; x_wconf 80' lang='lat' dir='ltr'><strong>quiaberat,</strong></span> 
     </span>
    </p>
   </div>
   <div class='ocr_carea' id='block_1_89' title="bbox 1819 4015 3407 4086">
    <p class='ocr_par' dir='ltr' id='par_1_89' title="bbox 1819 4015 3407 4086">
     <span class='ocr_line' id='line_1_89' title="bbox 1819 4015 3407 4086; baseline -0.005 -11"><span class='ocrx_word' id='word_1_550' title='bbox 1819 4034 1942 4075; x_wconf 86' lang='lat' dir='ltr'><strong>cum</strong></span> <span class='ocrx_word' id='word_1_551' title='bbox 1973 4017 2155 4072; x_wconf 64' lang='lat' dir='ltr'><strong>caeteri</strong></span> <span class='ocrx_word' id='word_1_552' title='bbox 2182 4031 2371 4072; x_wconf 90' lang='lat' dir='ltr'><strong>omnes</strong></span> <span class='ocrx_word' id='word_1_553' title='bbox 2395 4015 2536 4086; x_wconf 85' lang='lat' dir='ltr'><strong>patri</strong></span> <span class='ocrx_word' id='word_1_554' title='bbox 2561 4015 2855 4086; x_wconf 73' lang='lat' dir='ltr'><strong>adessent.</strong></span> <span class='ocrx_word' id='word_1_555' title='bbox 2883 4015 2964 4068; x_wconf 86' lang='lat' dir='ltr'><strong>Ad</strong></span> <span class='ocrx_word' id='word_1_556' title='bbox 2988 4015 3407 4086; x_wconf 13' lang='lat' dir='ltr'><strong>i&#39;l&#39;beoduliiau-</strong></span> 
     </span>
    </p>
   </div>
   <div class='ocr_carea' id='block_1_90' title="bbox 1823 4084 3407 4154">
    <p class='ocr_par' dir='ltr' id='par_1_90' title="bbox 1823 4084 3407 4154">
     <span class='ocr_line' id='line_1_90' title="bbox 1823 4084 3407 4154; baseline -0.003 -12"><span class='ocrx_word' id='word_1_557' title='bbox 1823 4099 1927 4143; x_wconf 88' lang='lat' dir='ltr'><strong>tem</strong></span> <span class='ocrx_word' id='word_1_558' title='bbox 1954 4102 2147 4142; x_wconf 88' lang='lat' dir='ltr'><strong>versus</strong></span> <span class='ocrx_word' id='word_1_559' title='bbox 2178 4086 2354 4140; x_wconf 88' lang='lat' dir='ltr'><strong>lucem</strong></span> <span class='ocrx_word' id='word_1_560' title='bbox 2382 4084 2608 4140; x_wconf 70' lang='lat' dir='ltr'><strong>afferent</strong></span> <span class='ocrx_word' id='word_1_561' title='bbox 2656 4087 2818 4139; x_wconf 85' lang='lat' dir='ltr'><strong>verba</strong></span> <span class='ocrx_word' id='word_1_562' title='bbox 2849 4085 3140 4154; x_wconf 86' lang='lat' dir='ltr'><strong>Eginhardi</strong></span> <span class='ocrx_word' id='word_1_563' title='bbox 3165 4102 3180 4138; x_wconf 91' lang='lat'><strong>:</strong></span> <span class='ocrx_word' id='word_1_564' title='bbox 3241 4103 3273 4154; x_wconf 15' lang='grc' dir='ltr'><strong>«ν</strong></span> <span class='ocrx_word' id='word_1_565' title='bbox 3293 4084 3407 4137; x_wconf 86' lang='lat' dir='ltr'><strong>Hil-</strong></span> 
     </span>
    </p>
   </div>
   <div class='ocr_carea' id='block_1_91' title="bbox 1822 4153 3404 4228">
    <p class='ocr_par' dir='ltr' id='par_1_91' title="bbox 1822 4153 3404 4228">
     <span class='ocr_line' id='line_1_91' title="bbox 1822 4153 3404 4228; baseline -0.004 -15"><span class='ocrx_word' id='word_1_566' title='bbox 1822 4158 2130 4228; x_wconf 84' lang='lat' dir='ltr'><strong>degardem,</strong></span> <span class='ocrx_word' id='word_1_567' title='bbox 2159 4157 2378 4228; x_wconf 60' lang='lat' dir='ltr'><strong>inquit,</strong></span> <span class='ocrx_word' id='word_1_568' title='bbox 2426 4157 2492 4228; x_wconf 87' lang='lat' dir='ltr'><strong>de</strong></span> <span class='ocrx_word' id='word_1_569' title='bbox 2539 4163 2698 4228; x_wconf 79' lang='lat' dir='ltr'><strong>gente</strong></span> <span class='ocrx_word' id='word_1_570' title='bbox 2742 4153 3062 4228; x_wconf 78' lang='lat' dir='ltr'><strong>sueverum,</strong></span> <span class='ocrx_word' id='word_1_571' title='bbox 3104 4153 3404 4228; x_wconf 49' lang='lat' dir='ltr'><strong>praecipuae</strong></span> 
     </span>
    </p>
   </div>
   <div class='ocr_carea' id='block_1_92' title="bbox 1824 4221 3407 4291">
    <p class='ocr_par' dir='ltr' id='par_1_92' title="bbox 1824 4221 3407 4291">
     <span class='ocr_line' id='line_1_92' title="bbox 1824 4221 3407 4291; baseline -0.004 -8"><span class='ocrx_word' id='word_1_572' title='bbox 1824 4221 2120 4283; x_wconf 67' lang='lat' dir='ltr'><strong>nobilitatis</strong></span> <span class='ocrx_word' id='word_1_573' title='bbox 2150 4221 2404 4280; x_wconf 81' lang='lat' dir='ltr'><strong>feminam</strong></span> <span class='ocrx_word' id='word_1_574' title='bbox 2428 4225 2484 4278; x_wconf 91' lang='lat' dir='ltr'><strong>in</strong></span> <span class='ocrx_word' id='word_1_575' title='bbox 2513 4221 2915 4278; x_wconf 78' lang='lat' dir='ltr'><strong>matrimonium</strong></span> <span class='ocrx_word' id='word_1_576' title='bbox 2933 4221 3164 4291; x_wconf 83' lang='lat' dir='ltr'><strong>accepit.</strong></span> <span class='ocrx_word' id='word_1_577' title='bbox 3194 4221 3273 4275; x_wconf 88' lang='lat' dir='ltr'><strong>De</strong></span> <span class='ocrx_word' id='word_1_578' title='bbox 3295 4235 3407 4288; x_wconf 86' lang='lat' dir='ltr'><strong>qua</strong></span> 
     </span>
    </p>
   </div>
   <div class='ocr_carea' id='block_1_93' title="bbox 1825 4291 3411 4361">
    <p class='ocr_par' dir='ltr' id='par_1_93' title="bbox 1825 4291 3411 4361">
     <span class='ocr_line' id='line_1_93' title="bbox 1825 4291 3411 4361; baseline -0.006 -11"><span class='ocrx_word' id='word_1_579' title='bbox 1825 4308 1936 4351; x_wconf 89' lang='lat' dir='ltr'><strong>tres</strong></span> <span class='ocrx_word' id='word_1_580' title='bbox 1959 4297 2100 4351; x_wconf 80' lang='lat' dir='ltr'><strong>ﬁlios</strong></span> <span class='ocrx_word' id='word_1_581' title='bbox 2124 4336 2138 4360; x_wconf 92' lang='lat'><strong>,</strong></span> <span class='ocrx_word' id='word_1_582' title='bbox 2194 4294 2448 4349; x_wconf 89' lang='lat' dir='ltr'><strong>Carolum</strong></span> <span class='ocrx_word' id='word_1_583' title='bbox 2473 4294 2745 4356; x_wconf 85' lang='lat' dir='ltr'><strong>videlicet,</strong></span> <span class='ocrx_word' id='word_1_584' title='bbox 2784 4292 3065 4361; x_wconf 88' lang='lat' dir='ltr'><strong>Pippinum</strong></span> <span class='ocrx_word' id='word_1_585' title='bbox 3101 4298 3154 4344; x_wconf 85' lang='lat' dir='ltr'><strong>et</strong></span> <span class='ocrx_word' id='word_1_586' title='bbox 3183 4291 3411 4361; x_wconf 68' lang='lat' dir='ltr'><strong>Ludpvi-</strong></span> 
     </span>
    </p>
   </div>
   <div class='ocr_carea' id='block_1_94' title="bbox 1827 4357 3407 4432">
    <p class='ocr_par' dir='ltr' id='par_1_94' title="bbox 1827 4357 3407 4432">
     <span class='ocr_line' id='line_1_94' title="bbox 1827 4357 3407 4432; baseline -0.004 -12"><span class='ocrx_word' id='word_1_587' title='bbox 1827 4381 1970 4430; x_wconf 89' lang='lat' dir='ltr'><strong>cum,</strong></span> <span class='ocrx_word' id='word_1_588' title='bbox 2009 4357 2342 4432; x_wconf 83' lang='lat' dir='ltr'><strong>totidemque</strong></span> <span class='ocrx_word' id='word_1_589' title='bbox 2385 4363 2525 4415; x_wconf 82' lang='lat' dir='ltr'><strong>ﬁlias</strong></span> <span class='ocrx_word' id='word_1_590' title='bbox 2552 4357 2907 4432; x_wconf 21' lang='lat' dir='ltr'><strong>ARotgmdim,</strong></span> <span class='ocrx_word' id='word_1_591' title='bbox 2959 4361 3257 4432; x_wconf 48' lang='lat' dir='ltr'><strong>Bel-tamet</strong></span> <span class='ocrx_word' id='word_1_592' title='bbox 3279 4357 3407 4432; x_wconf 82' lang='lat' dir='ltr'><strong>Gis-</strong></span> 
     </span>
    </p>
   </div>
   <div class='ocr_carea' id='block_1_95' title="bbox 123 4420 1726 4506">
    <p class='ocr_par' dir='ltr' id='par_1_95' title="bbox 123 4420 1722 4506">
     <span class='ocr_line' id='line_1_95' title="bbox 123 4420 1722 4506; baseline -0.007 -21"><span class='ocrx_word' id='word_1_593' title='bbox 123 4431 390 4506; x_wconf 80' lang='lat' dir='ltr'><strong>sti_iidem</strong></span> <span class='ocrx_word' id='word_1_594' title='bbox 409 4420 637 4506; x_wconf 60' lang='lat' dir='ltr'><strong>accessu</strong></span> <span class='ocrx_word' id='word_1_595' title='bbox 657 4424 1166 4506; x_wconf 48' lang='lat' dir='ltr'><strong>Carolo‘gratula&#39;tur</strong></span> <span class='ocrx_word' id='word_1_596' title='bbox 1186 4422 1443 4475; x_wconf 86' lang='lat' dir='ltr'><strong>Alcuinus</strong></span> <span class='ocrx_word' id='word_1_597' title='bbox 1468 4421 1626 4506; x_wconf 78' lang='lat' dir='ltr'><strong>epist.</strong></span> <span class='ocrx_word' id='word_1_598' title='bbox 1652 4420 1682 4506; x_wconf 60' lang='grc' dir='ltr'><em>Ζ</em></span> <span class='ocrx_word' id='word_1_599' title='bbox 1709 4438 1722 4474; x_wconf 91' lang='lat'><strong>:</strong></span> 
     </span>
    </p>
   </div>
   <div class='ocr_carea' id='block_1_96' title="bbox 1824 4420 3414 4506">
    <p class='ocr_par' dir='ltr' id='par_1_96' title="bbox 1829 4420 3414 4506">
     <span class='ocr_line' id='line_1_96' title="bbox 1829 4420 3414 4506; baseline -0.004 -18"><span class='ocrx_word' id='word_1_600' title='bbox 1829 4420 2164 4506; x_wconf 9' lang='lat' dir='ltr'><strong>lamr&#39;genuit.</strong></span> <span class='ocrx_word' id='word_1_601' title='bbox 2219 4420 2416 4506; x_wconf 62' lang='lat' dir='ltr'><strong>[inbuit</strong></span> <span class='ocrx_word' id='word_1_602' title='bbox 2437 4439 2491 4506; x_wconf 75' lang='lat' dir='ltr'><strong>et</strong></span> <span class='ocrx_word' id='word_1_603' title='bbox 2510 4430 2652 4506; x_wconf 89' lang='lat' dir='ltr'><strong>_alias</strong></span> <span class='ocrx_word' id='word_1_604' title='bbox 2677 4420 2788 4506; x_wconf 67' lang='lat' dir='ltr'><strong>ires</strong></span> <span class='ocrx_word' id='word_1_605' title='bbox 2814 4420 2972 4506; x_wconf 54' lang='lat' dir='ltr'><strong>tilias,</strong></span> <span class='ocrx_word' id='word_1_606' title='bbox 3009 4428 3414 4506; x_wconf 70' lang='lat' dir='ltr'><strong>Theqdradam,</strong></span> 
     </span>
    </p>
   </div>
   <div class='ocr_carea' id='block_1_97' title="bbox 127 4488 1728 4567">
    <p class='ocr_par' dir='ltr' id='par_1_97' title="bbox 127 4488 1728 4567">
     <span class='ocr_line' id='line_1_97' title="bbox 127 4488 1728 4567; baseline -0.004 -17"><span class='ocrx_word' id='word_1_607' title='bbox 127 4523 146 4550; x_wconf 73' lang='grc' dir='ltr'><strong>ε</strong></span> <span class='ocrx_word' id='word_1_608' title='bbox 183 4501 419 4563; x_wconf 86' lang='lat' dir='ltr'><strong>Gentes,</strong></span> <span class='ocrx_word' id='word_1_609' title='bbox 468 4499 664 4567; x_wconf 89' lang='lat' dir='ltr'><strong>inquit,</strong></span> <span class='ocrx_word' id='word_1_610' title='bbox 709 4488 1376 4567; x_wconf 12' lang='lat' dir='ltr'><strong>populosquegilunorum,</strong></span> <span class='ocrx_word' id='word_1_611' title='bbox 1404 4488 1624 4567; x_wconf 79' lang='lat' dir='ltr'><strong>antiqua</strong></span> <span class='ocrx_word' id='word_1_612' title='bbox 1651 4488 1728 4567; x_wconf 46' lang='lat' dir='ltr'><strong>fe:</strong></span> 
     </span>
    </p>
   </div>
   <div class='ocr_carea' id='block_1_98' title="bbox 123 4561 1728 4625">
    <p class='ocr_par' dir='ltr' id='par_1_98' title="bbox 123 4561 1728 4625">
     <span class='ocr_line' id='line_1_98' title="bbox 123 4561 1728 4625; baseline -0.007 0"><span class='ocrx_word' id='word_1_613' title='bbox 123 4573 300 4625; x_wconf 87' lang='lat' dir='ltr'><strong>ritate</strong></span> <span class='ocrx_word' id='word_1_614' title='bbox 344 4561 412 4624; x_wconf 75' lang='lat' dir='ltr'><strong>et</strong></span> <span class='ocrx_word' id='word_1_615' title='bbox 457 4561 1184 4623; x_wconf 50' lang='lat' dir='ltr'><strong>fortitudine-formidabiles</strong></span> <span class='ocrx_word' id='word_1_616' title='bbox 1207 4602 1222 4625; x_wconf 92' lang='lat'><strong>,</strong></span> <span class='ocrx_word' id='word_1_617' title='bbox 1266 4561 1374 4616; x_wconf 91' lang='lat' dir='ltr'><strong>tuis</strong></span> <span class='ocrx_word' id='word_1_618' title='bbox 1409 4577 1505 4615; x_wconf 90' lang='lat' dir='ltr'><strong>suo</strong></span> <span class='ocrx_word' id='word_1_619' title='bbox 1537 4561 1728 4615; x_wconf 87' lang='lat' dir='ltr'><strong>honori</strong></span> 
     </span>
    </p>
   </div>
   <div class='ocr_carea' id='block_1_99' title="bbox 123 4630 1730 4704">
    <p class='ocr_par' dir='ltr' id='par_1_99' title="bbox 123 4630 1730 4704">
     <span class='ocr_line' id='line_1_99' title="bbox 123 4630 1730 4704; baseline -0.008 -9"><span class='ocrx_word' id='word_1_620' title='bbox 123 4641 510 4695; x_wconf 84' lang='lat' dir='ltr'><strong>militantibus</strong></span> <span class='ocrx_word' id='word_1_621' title='bbox 550 4636 785 4693; x_wconf 88' lang='lat' dir='ltr'><strong>subdidit</strong></span> <span class='ocrx_word' id='word_1_622' title='bbox 814 4635 1042 4704; x_wconf 84' lang='lat' dir='ltr'><strong>sceptris</strong></span> <span class='ocrx_word' id='word_1_623' title='bbox 1063 4631 1310 4704; x_wconf 85' lang='lat' dir='ltr'><strong>Christus</strong></span> <span class='ocrx_word' id='word_1_624' title='bbox 1337 4671 1350 4695; x_wconf 94' lang='lat'><strong>,</strong></span> <span class='ocrx_word' id='word_1_625' title='bbox 1395 4630 1730 4704; x_wconf 79' lang='lat' dir='ltr'><strong>pr:_cven_ien-</strong></span> 
     </span>
    </p>
   </div>
   <div class='ocr_carea' id='block_1_100' title="bbox 123 4698 1728 4794">
    <p class='ocr_par' dir='ltr' id='par_1_100' title="bbox 123 4698 1728 4794">
     <span class='ocr_line' id='line_1_100' title="bbox 123 4698 1728 4794; baseline -0.006 -30"><span class='ocrx_word' id='word_1_626' title='bbox 123 4723 293 4794; x_wconf 61' lang='lat' dir='ltr'><strong>teque</strong></span> <span class='ocrx_word' id='word_1_627' title='bbox 324 4711 512 4794; x_wconf 79' lang='lat' dir='ltr'><strong>gratia</strong></span> <span class='ocrx_word' id='word_1_628' title='bbox 537 4708 673 4790; x_wconf 77' lang='lat' dir='ltr'><strong>colla</strong></span> <span class='ocrx_word' id='word_1_629' title='bbox 711 4707 803 4794; x_wconf 57' lang='lat' dir='ltr'><strong>dig</strong></span> <span class='ocrx_word' id='word_1_630' title='bbox 831 4698 1215 4794; x_wconf 64' lang='lat' dir='ltr'><strong>superbissima</strong></span> <span class='ocrx_word' id='word_1_631' title='bbox 1250 4716 1425 4794; x_wconf 52' lang='lat' dir='ltr'><strong>sacra:</strong></span> <span class='ocrx_word' id='word_1_632' title='bbox 1456 4699 1580 4794; x_wconf 56' lang='lat' dir='ltr'><strong>fidei</strong></span> <span class='ocrx_word' id='word_1_633' title='bbox 1597 4698 1728 4794; x_wconf 72' lang='lat' dir='ltr'><strong>quo</strong></span> 
     </span>
    </p>
   </div>
   <div class='ocr_carea' id='block_1_101' title="bbox 124 4769 1730 4846">
    <p class='ocr_par' dir='ltr' id='par_1_101' title="bbox 124 4769 1730 4846">
     <span class='ocr_line' id='line_1_101' title="bbox 124 4769 1730 4846; baseline -0.009 -11"><span class='ocrx_word' id='word_1_634' title='bbox 124 4769 411 4846; x_wconf 57' lang='lat' dir='ltr'><strong>Jev&#39;inxit,</strong></span> <span class='ocrx_word' id='word_1_635' title='bbox 453 4788 512 4834; x_wconf 85' lang='lat' dir='ltr'><strong>et</strong></span> <span class='ocrx_word' id='word_1_636' title='bbox 543 4779 700 4835; x_wconf 70' lang='lat' dir='ltr'><strong>caecis</strong></span> <span class='ocrx_word' id='word_1_637' title='bbox 735 4777 802 4831; x_wconf 90' lang='lat' dir='ltr'><strong>ab</strong></span> <span class='ocrx_word' id='word_1_638' title='bbox 823 4769 1045 4846; x_wconf 78' lang='lat' dir='ltr'><strong>antiquo</strong></span> <span class='ocrx_word' id='word_1_639' title='bbox 1062 4780 1315 4846; x_wconf 84' lang='lat' dir='ltr'><strong>tempore</strong></span> <span class='ocrx_word' id='word_1_640' title='bbox 1341 4769 1609 4823; x_wconf 90' lang='lat' dir='ltr'><strong>mentibus</strong></span> <span class='ocrx_word' id='word_1_641' title='bbox 1649 4769 1730 4822; x_wconf 91' lang='lat' dir='ltr'><strong>lu-</strong></span> 
     </span>
    </p>
   </div>
   <div class='ocr_carea' id='block_1_102' title="bbox 123 4843 1727 4906">
    <p class='ocr_par' dir='ltr' id='par_1_102' title="bbox 123 4843 1727 4906">
     <span class='ocr_line' id='line_1_102' title="bbox 123 4843 1727 4906; baseline -0.009 -1"><span class='ocrx_word' id='word_1_642' title='bbox 123 4868 248 4906; x_wconf 60' lang='lat' dir='ltr'><strong>inen</strong></span> <span class='ocrx_word' id='word_1_643' title='bbox 305 4843 572 4906; x_wconf 78' lang='lat' dir='ltr'><strong>veritatis</strong></span> <span class='ocrx_word' id='word_1_644' title='bbox 609 4847 820 4904; x_wconf 74' lang='lat' dir='ltr'><strong>infudit.</strong></span> <span class='ocrx_word' id='word_1_645' title='bbox 854 4867 872 4898; x_wconf 76' lang='grc' dir='ltr'><strong>ι</strong></span> <span class='ocrx_word' id='word_1_646' title='bbox 931 4844 1007 4898; x_wconf 92' lang='lat' dir='ltr'><strong>Dc</strong></span> <span class='ocrx_word' id='word_1_647' title='bbox 1045 4843 1281 4896; x_wconf 87' lang='lat' dir='ltr'><strong>Avarum</strong></span> <span class='ocrx_word' id='word_1_648' title='bbox 1331 4853 1459 4893; x_wconf 86' lang='lat' dir='ltr'><strong>vero</strong></span> <span class='ocrx_word' id='word_1_649' title='bbox 1499 4852 1727 4893; x_wconf 89' lang='lat' dir='ltr'><strong>conver-</strong></span> 
     </span>
    </p>
   </div>
   <div class='ocr_carea' id='block_1_103' title="bbox 123 4909 1724 4984">
    <p class='ocr_par' dir='ltr' id='par_1_103' title="bbox 123 4909 1724 4984">
     <span class='ocr_line' id='line_1_103' title="bbox 123 4909 1724 4984; baseline -0.007 -11"><span class='ocrx_word' id='word_1_650' title='bbox 123 4922 304 4984; x_wconf 70' lang='lat' dir='ltr'><strong>sione,</strong></span> <span class='ocrx_word' id='word_1_651' title='bbox 329 4921 687 4984; x_wconf 87' lang='lat' dir='ltr'><strong>nominatim,</strong></span> <span class='ocrx_word' id='word_1_652' title='bbox 721 4925 909 4971; x_wconf 89' lang='lat' dir='ltr'><strong>auctor</strong></span> <span class='ocrx_word' id='word_1_653' title='bbox 930 4909 1386 4984; x_wconf 79' lang='lat' dir='ltr'><strong>Engolismensis:</strong></span> <span class='ocrx_word' id='word_1_654' title='bbox 1423 4928 1440 4959; x_wconf 77' lang='grc' dir='ltr'><strong>ι</strong></span> <span class='ocrx_word' id='word_1_655' title='bbox 1472 4909 1610 4978; x_wconf 88' lang='lat' dir='ltr'><strong>ipso,</strong></span> <span class='ocrx_word' id='word_1_656' title='bbox 1644 4909 1724 4984; x_wconf 51' lang='lat' dir='ltr'><strong>in:</strong></span> 
     </span>
    </p>
   </div>
   <div class='ocr_carea' id='block_1_104' title="bbox 124 4976 1722 5058">
    <p class='ocr_par' dir='ltr' id='par_1_104' title="bbox 124 4976 1722 5058">
     <span class='ocr_line' id='line_1_104' title="bbox 124 4976 1722 5058; baseline -0.008 -15"><span class='ocrx_word' id='word_1_657' title='bbox 124 4991 260 5058; x_wconf 62' lang='lat' dir='ltr'><strong>quit,</strong></span> <span class='ocrx_word' id='word_1_658' title='bbox 288 4976 476 5044; x_wconf 70' lang='grc' dir='ltr'><strong>’ωιηο</strong></span> <span class='ocrx_word' id='word_1_659' title='bbox 529 4976 1275 5058; x_wconf 29' lang='lat' dir='ltr'><strong>Tuduincumrmu&#39;ltitudine</strong></span> <span class='ocrx_word' id='word_1_660' title='bbox 1324 4976 1622 5058; x_wconf 72' lang='lat' dir='ltr'><strong>Avaroruin</strong></span> <span class='ocrx_word' id='word_1_661' title='bbox 1655 4976 1722 5031; x_wconf 88' lang='lat' dir='ltr'><strong>ad</strong></span> 
     </span>
    </p>
   </div>
   <div class='ocr_carea' id='block_1_105' title="bbox 123 5050 1720 5132">
    <p class='ocr_par' dir='ltr' id='par_1_105' title="bbox 123 5050 1720 5132">
     <span class='ocr_line' id='line_1_105' title="bbox 123 5050 1720 5132; baseline -0.006 -21"><span class='ocrx_word' id='word_1_662' title='bbox 123 5050 316 5130; x_wconf 45' lang='lat' dir='ltr'><strong>negem</strong></span> <span class='ocrx_word' id='word_1_663' title='bbox 345 5061 533 5123; x_wconf 86' lang='lat' dir='ltr'><strong>venit,</strong></span> <span class='ocrx_word' id='word_1_664' title='bbox 561 5067 613 5113; x_wconf 87' lang='lat' dir='ltr'><strong>et</strong></span> <span class='ocrx_word' id='word_1_665' title='bbox 635 5071 693 5132; x_wconf 82' lang='lat' dir='ltr'><strong>se</strong></span> <span class='ocrx_word' id='word_1_666' title='bbox 720 5057 768 5111; x_wconf 90' lang='lat' dir='ltr'><strong>ei</strong></span> <span class='ocrx_word' id='word_1_667' title='bbox 792 5055 937 5132; x_wconf 82' lang='lat' dir='ltr'><strong>dedit</strong></span> <span class='ocrx_word' id='word_1_668' title='bbox 961 5068 1084 5132; x_wconf 63' lang='lat' dir='ltr'><strong>eum</strong></span> <span class='ocrx_word' id='word_1_669' title='bbox 1112 5050 1720 5132; x_wconf 67' lang='lat' dir='ltr'><strong>populqetpatriasua,</strong></span> 
     </span>
    </p>
   </div>
   <div class='ocr_carea' id='block_1_106' title="bbox 124 5119 1725 5200">
    <p class='ocr_par' dir='ltr' id='par_1_106' title="bbox 124 5119 1725 5200">
     <span class='ocr_line' id='line_1_106' title="bbox 124 5119 1725 5200; baseline -0.005 -20"><span class='ocrx_word' id='word_1_670' title='bbox 124 5119 357 5200; x_wconf 56' lang='lat' dir='ltr'><strong>rtvipse</strong></span> <span class='ocrx_word' id='word_1_671' title='bbox 413 5138 473 5184; x_wconf 88' lang='lat' dir='ltr'><strong>et</strong></span> <span class='ocrx_word' id='word_1_672' title='bbox 522 5119 754 5200; x_wconf 79' lang='lat' dir='ltr'><strong>populus</strong></span> <span class='ocrx_word' id='word_1_673' title='bbox 801 5125 917 5195; x_wconf 85' lang='lat' dir='ltr'><strong>ejus</strong></span> <span class='ocrx_word' id='word_1_674' title='bbox 960 5119 1254 5178; x_wconf 84' lang='lat' dir='ltr'><strong>Christiani</strong></span> <span class='ocrx_word' id='word_1_675' title='bbox 1288 5119 1415 5176; x_wconf 82' lang='lat' dir='ltr'><strong>facti</strong></span> <span class='ocrx_word' id='word_1_676' title='bbox 1465 5119 1725 5189; x_wconf 74' lang='lat' dir='ltr'><strong>baptizati</strong></span> 
     </span>
    </p>
   </div>
   <div class='ocr_carea' id='block_1_107' title="bbox 123 5198 685 5264">
    <p class='ocr_par' dir='ltr' id='par_1_107' title="bbox 123 5198 685 5264">
     <span class='ocr_line' id='line_1_107' title="bbox 123 5198 685 5264; baseline 0.002 -15"><span class='ocrx_word' id='word_1_677' title='bbox 123 5198 272 5264; x_wconf 58' lang='lat' dir='ltr'><strong>unt;</strong></span> <span class='ocrx_word' id='word_1_678' title='bbox 317 5220 337 5251; x_wconf 74' lang='grc' dir='ltr'><strong>ι</strong></span> <span class='ocrx_word' id='word_1_679' title='bbox 374 5198 542 5254; x_wconf 71' lang='lat' dir='ltr'><strong>anno</strong></span> <span class='ocrx_word' id='word_1_680' title='bbox 563 5198 685 5253; x_wconf 85' lang='lat'><strong>797.</strong></span> 
     </span>
    </p>
   </div>
   <div class='ocr_carea' id='block_1_108' title="bbox 183 5256 1727 5331">
    <p class='ocr_par' dir='ltr' id='par_1_108' title="bbox 183 5256 1727 5331">
     <span class='ocr_line' id='line_1_108' title="bbox 183 5256 1727 5331; baseline -0.008 -6"><span class='ocrx_word' id='word_1_681' title='bbox 183 5271 214 5309; x_wconf 73' lang='grc' dir='ltr'>δ</span> <span class='ocrx_word' id='word_1_682' title='bbox 257 5256 342 5324; x_wconf 69' lang='lat' dir='ltr'><strong>Ut</strong></span> <span class='ocrx_word' id='word_1_683' title='bbox 393 5271 613 5324; x_wconf 80' lang='lat' dir='ltr'><strong>veniunt</strong></span> <span class='ocrx_word' id='word_1_684' title='bbox 653 5265 868 5322; x_wconf 80' lang='lat' dir='ltr'><strong>Arabes.</strong></span> <span class='ocrx_word' id='word_1_685' title='bbox 920 5262 1027 5317; x_wconf 81' lang='lat' dir='ltr'><strong>Res</strong></span> <span class='ocrx_word' id='word_1_686' title='bbox 1073 5261 1242 5331; x_wconf 83' lang='lat' dir='ltr'><strong>exigit</strong></span> <span class='ocrx_word' id='word_1_687' title='bbox 1289 5267 1346 5314; x_wconf 91' lang='lat' dir='ltr'><strong>ut</strong></span> <span class='ocrx_word' id='word_1_688' title='bbox 1392 5275 1490 5329; x_wconf 91' lang='lat' dir='ltr'><strong>pro</strong></span> <span class='ocrx_word' id='word_1_689' title='bbox 1531 5256 1727 5331; x_wconf 66' lang='lat' dir='ltr'><strong>Arabes</strong></span> 
     </span>
    </p>
   </div>
   <div class='ocr_carea' id='block_1_109' title="bbox 123 5329 1729 5409">
    <p class='ocr_par' dir='ltr' id='par_1_109' title="bbox 123 5329 1729 5409">
     <span class='ocr_line' id='line_1_109' title="bbox 123 5329 1729 5409; baseline -0.007 -15"><span class='ocrx_word' id='word_1_690' title='bbox 123 5356 383 5409; x_wconf 82' lang='lat' dir='ltr'><strong>egamus</strong></span> <span class='ocrx_word' id='word_1_691' title='bbox 434 5340 638 5393; x_wconf 78' lang='lat' dir='ltr'><strong>Abares</strong></span> <span class='ocrx_word' id='word_1_692' title='bbox 669 5353 762 5392; x_wconf 88' lang='lat' dir='ltr'><strong>seu</strong></span> <span class='ocrx_word' id='word_1_693' title='bbox 799 5335 1011 5409; x_wconf 66' lang='lat' dir='ltr'><strong>Avafes,</strong></span> <span class='ocrx_word' id='word_1_694' title='bbox 1041 5329 1186 5401; x_wconf 82' lang='lat' dir='ltr'><strong>quod</strong></span> <span class='ocrx_word' id='word_1_695' title='bbox 1208 5331 1376 5400; x_wconf 87' lang='lat' dir='ltr'><strong>liquet</strong></span> <span class='ocrx_word' id='word_1_696' title='bbox 1419 5337 1530 5409; x_wconf 81' lang='lat' dir='ltr'><strong>tum</strong></span> <span class='ocrx_word' id='word_1_697' title='bbox 1565 5343 1632 5409; x_wconf 56' lang='lat' dir='ltr'><strong>es</strong></span> <span class='ocrx_word' id='word_1_698' title='bbox 1665 5329 1729 5383; x_wconf 89' lang='lat' dir='ltr'><strong>iis</strong></span> 
     </span>
    </p>
   </div>
   <div class='ocr_carea' id='block_1_110' title="bbox 123 5400 1727 5480">
    <p class='ocr_par' dir='ltr' id='par_1_110' title="bbox 123 5400 1727 5480">
     <span class='ocr_line' id='line_1_110' title="bbox 123 5400 1727 5480; baseline -0.008 -15"><span class='ocrx_word' id='word_1_699' title='bbox 123 5400 236 5477; x_wconf 52' lang='lat' dir='ltr'><strong>[nire</strong></span> <span class='ocrx_word' id='word_1_700' title='bbox 268 5411 547 5480; x_wconf 79' lang='lat' dir='ltr'><strong>proxime</strong></span> <span class='ocrx_word' id='word_1_701' title='bbox 576 5409 718 5480; x_wconf 80' lang='lat' dir='ltr'><strong>dicta</strong></span> <span class='ocrx_word' id='word_1_702' title='bbox 739 5413 861 5480; x_wconf 80' lang='lat' dir='ltr'><strong>sunt</strong></span> <span class='ocrx_word' id='word_1_703' title='bbox 883 5404 948 5457; x_wconf 89' lang='lat' dir='ltr'><strong>de</strong></span> <span class='ocrx_word' id='word_1_704' title='bbox 964 5400 1199 5480; x_wconf 71' lang='lat' dir='ltr'><strong>Avarum</strong></span> <span class='ocrx_word' id='word_1_705' title='bbox 1221 5400 1592 5480; x_wconf 69' lang='lat' dir='ltr'><strong>conversione,</strong></span> <span class='ocrx_word' id='word_1_706' title='bbox 1611 5405 1727 5480; x_wconf 67' lang='lat' dir='ltr'><strong>tum</strong></span> 
     </span>
    </p>
   </div>
   <div class='ocr_carea' id='block_1_111' title="bbox 123 5467 1733 5549">
    <p class='ocr_par' dir='ltr' id='par_1_111' title="bbox 123 5467 1733 5549">
     <span class='ocr_line' id='line_1_111' title="bbox 123 5467 1733 5549; baseline -0.008 -18"><span class='ocrx_word' id='word_1_707' title='bbox 123 5467 243 5549; x_wconf 67' lang='lat' dir='ltr'><strong>inin</strong></span> <span class='ocrx_word' id='word_1_708' title='bbox 268 5467 487 5535; x_wconf 61' lang='lat' dir='ltr'><strong>inanis</strong></span> <span class='ocrx_word' id='word_1_709' title='bbox 520 5480 651 5534; x_wconf 86' lang='lat' dir='ltr'><strong>alias</strong></span> <span class='ocrx_word' id='word_1_710' title='bbox 681 5478 785 5549; x_wconf 82' lang='lat' dir='ltr'><strong>hoc</strong></span> <span class='ocrx_word' id='word_1_711' title='bbox 823 5475 940 5549; x_wconf 68' lang='lat'><strong>1099</strong></span> <span class='ocrx_word' id='word_1_712' title='bbox 988 5482 1043 5528; x_wconf 88' lang='lat' dir='ltr'><strong>et</strong></span> <span class='ocrx_word' id='word_1_713' title='bbox 1069 5472 1188 5526; x_wconf 92' lang='lat' dir='ltr'><strong>sine</strong></span> <span class='ocrx_word' id='word_1_714' title='bbox 1232 5485 1395 5549; x_wconf 82' lang='lat' dir='ltr'><strong>sensu</strong></span> <span class='ocrx_word' id='word_1_715' title='bbox 1425 5467 1562 5549; x_wconf 74' lang='lat' dir='ltr'><strong>foret</strong></span> <span class='ocrx_word' id='word_1_716' title='bbox 1597 5467 1733 5519; x_wconf 87' lang='lat' dir='ltr'><strong>Ara-</strong></span> 
     </span>
    </p>
   </div>
   <div class='ocr_carea' id='block_1_112' title="bbox 123 5537 1732 5619">
    <p class='ocr_par' dir='ltr' id='par_1_112' title="bbox 123 5537 1732 5619">
     <span class='ocr_line' id='line_1_112' title="bbox 123 5537 1732 5619; baseline -0.008 -18"><span class='ocrx_word' id='word_1_717' title='bbox 123 5537 244 5603; x_wconf 73' lang='grc' dir='ltr'>ῖιιιη</span> <span class='ocrx_word' id='word_1_718' title='bbox 282 5550 508 5604; x_wconf 85' lang='lat' dir='ltr'><strong>iterata</strong></span> <span class='ocrx_word' id='word_1_719' title='bbox 562 5547 841 5619; x_wconf 57' lang='lat' dir='ltr'><strong>repetitio.</strong></span> <span class='ocrx_word' id='word_1_720' title='bbox 880 5541 1137 5619; x_wconf 81' lang='lat' dir='ltr'><strong>Hortatur</strong></span> <span class='ocrx_word' id='word_1_721' title='bbox 1170 5542 1365 5619; x_wconf 54' lang='lat' dir='ltr'><strong>quippe</strong></span> <span class='ocrx_word' id='word_1_722' title='bbox 1413 5546 1473 5619; x_wconf 82' lang='lat' dir='ltr'><strong>ut</strong></span> <span class='ocrx_word' id='word_1_723' title='bbox 1499 5537 1732 5591; x_wconf 88' lang='lat' dir='ltr'><strong>Avarum</strong></span> 
     </span>
    </p>
   </div>
   <div class='ocr_carea' id='block_1_113' title="bbox 133 5611 1731 5688">
    <p class='ocr_par' dir='ltr' id='par_1_113' title="bbox 133 5611 1731 5688">
     <span class='ocr_line' id='line_1_113' title="bbox 133 5611 1731 5688; baseline -0.009 -16"><span class='ocrx_word' id='word_1_724' title='bbox 133 5621 454 5688; x_wconf 64' lang='lat' dir='ltr'><strong>xemplum</strong></span> <span class='ocrx_word' id='word_1_725' title='bbox 487 5611 785 5688; x_wconf 70' lang='lat' dir='ltr'><strong>sequantur</strong></span> <span class='ocrx_word' id='word_1_726' title='bbox 819 5615 1024 5688; x_wconf 75' lang='lat' dir='ltr'><strong>Arabes</strong></span> <span class='ocrx_word' id='word_1_727' title='bbox 1050 5613 1162 5688; x_wconf 70' lang='lat' dir='ltr'><strong>sive</strong></span> <span class='ocrx_word' id='word_1_728' title='bbox 1193 5611 1471 5674; x_wconf 82' lang='lat' dir='ltr'><strong>Saraceni,</strong></span> <span class='ocrx_word' id='word_1_729' title='bbox 1503 5621 1731 5678; x_wconf 88' lang='lat' dir='ltr'><strong>quorum</strong></span> 
     </span>
    </p>
   </div>
   <div class='ocr_carea' id='block_1_114' title="bbox 127 5681 1210 5761">
    <p class='ocr_par' dir='ltr' id='par_1_114' title="bbox 127 5681 1210 5761">
     <span class='ocr_line' id='line_1_114' title="bbox 127 5681 1210 5761; baseline -0.008 -18"><span class='ocrx_word' id='word_1_730' title='bbox 127 5681 453 5760; x_wconf 58' lang='lat' dir='ltr'><strong>egia&#39;tnnc</strong></span> <span class='ocrx_word' id='word_1_731' title='bbox 486 5681 626 5761; x_wconf 77' lang='lat' dir='ltr'><strong>apud</strong></span> <span class='ocrx_word' id='word_1_732' title='bbox 654 5689 916 5759; x_wconf 79' lang='lat' dir='ltr'><strong>Hispanos</strong></span> <span class='ocrx_word' id='word_1_733' title='bbox 945 5681 1210 5739; x_wconf 81' lang='lat' dir='ltr'><strong>Corduba.</strong></span> 
     </span>
    </p>
   </div>
   <div class='ocr_carea' id='block_1_115' title="bbox 1830 4498 3406 4565">
    <p class='ocr_par' dir='ltr' id='par_1_115' title="bbox 1830 4498 3406 4565">
     <span class='ocr_line' id='line_1_115' title="bbox 1830 4498 3406 4565; baseline -0.006 -5"><span class='ocrx_word' id='word_1_734' title='bbox 1830 4498 2164 4565; x_wconf 62' lang='lat' dir='ltr'><strong>Hildfudem,</strong></span> <span class='ocrx_word' id='word_1_735' title='bbox 2204 4513 2259 4555; x_wconf 92' lang='lat' dir='ltr'><strong>et</strong></span> <span class='ocrx_word' id='word_1_736' title='bbox 2295 4500 2636 4562; x_wconf 82' lang='lat' dir='ltr'><strong>Lothaidem,</strong></span> <span class='ocrx_word' id='word_1_737' title='bbox 2667 4501 2802 4553; x_wconf 82' lang='lat' dir='ltr'><strong>duas</strong></span> <span class='ocrx_word' id='word_1_738' title='bbox 2829 4500 2893 4553; x_wconf 86' lang='lat' dir='ltr'><strong>de</strong></span> <span class='ocrx_word' id='word_1_739' title='bbox 2932 4498 3191 4552; x_wconf 84' lang='lat' dir='ltr'><strong>Fastrada</strong></span> <span class='ocrx_word' id='word_1_740' title='bbox 3217 4511 3406 4563; x_wconf 72' lang='lat' dir='ltr'><strong>uxore,</strong></span> 
     </span>
    </p>
   </div>
   <div class='ocr_carea' id='block_1_116' title="bbox 1828 4566 3411 4645">
    <p class='ocr_par' dir='ltr' id='par_1_116' title="bbox 1828 4566 3411 4645">
     <span class='ocr_line' id='line_1_116' title="bbox 1828 4566 3411 4645; baseline -0.006 -15"><span class='ocrx_word' id='word_1_741' title='bbox 1828 4591 1948 4645; x_wconf 80' lang='lat' dir='ltr'><strong>quae</strong></span> <span class='ocrx_word' id='word_1_742' title='bbox 1976 4575 2043 4629; x_wconf 86' lang='lat' dir='ltr'><strong>de</strong></span> <span class='ocrx_word' id='word_1_743' title='bbox 2071 4571 2414 4626; x_wconf 84' lang='lat' dir='ltr'><strong>orientalium</strong></span> <span class='ocrx_word' id='word_1_744' title='bbox 2443 4571 2794 4645; x_wconf 71' lang='lat' dir='ltr'><strong>Francorum,</strong></span> <span class='ocrx_word' id='word_1_745' title='bbox 2835 4569 3226 4645; x_wconf 70' lang='lat' dir='ltr'><strong>Germanorum</strong></span> <span class='ocrx_word' id='word_1_746' title='bbox 3258 4566 3411 4620; x_wconf 84' lang='lat' dir='ltr'><strong>vide-</strong></span> 
     </span>
    </p>
   </div>
   <div class='ocr_carea' id='block_1_117' title="bbox 1828 4637 3412 4714">
    <p class='ocr_par' dir='ltr' id='par_1_117' title="bbox 1828 4637 3412 4714">
     <span class='ocr_line' id='line_1_117' title="bbox 1828 4637 3412 4714; baseline -0.006 -16"><span class='ocrx_word' id='word_1_747' title='bbox 1828 4637 1972 4710; x_wconf 77' lang='lat' dir='ltr'><strong>licet,</strong></span> <span class='ocrx_word' id='word_1_748' title='bbox 2005 4650 2166 4714; x_wconf 91' lang='lat' dir='ltr'><strong>gente</strong></span> <span class='ocrx_word' id='word_1_749' title='bbox 2183 4649 2341 4714; x_wconf 77' lang='lat' dir='ltr'><strong>erat;</strong></span> <span class='ocrx_word' id='word_1_750' title='bbox 2373 4640 2681 4714; x_wconf 84' lang='lat' dir='ltr'><strong>tertia~m_de</strong></span> <span class='ocrx_word' id='word_1_751' title='bbox 2707 4638 3004 4692; x_wconf 77' lang='lat' dir='ltr'><strong>concubina</strong></span> <span class='ocrx_word' id='word_1_752' title='bbox 3035 4637 3285 4714; x_wconf 68' lang='lat' dir='ltr'><strong>quadam,</strong></span> <span class='ocrx_word' id='word_1_753' title='bbox 3315 4649 3412 4688; x_wconf 83' lang='lat' dir='ltr'><strong>eu-</strong></span> 
     </span>
    </p>
   </div>
   <div class='ocr_carea' id='block_1_118' title="bbox 1823 4704 3408 4782">
    <p class='ocr_par' dir='ltr' id='par_1_118' title="bbox 1823 4704 3408 4782">
     <span class='ocr_line' id='line_1_118' title="bbox 1823 4704 3408 4782; baseline -0.006 -12"><span class='ocrx_word' id='word_1_754' title='bbox 1823 4715 1914 4782; x_wconf 89' lang='lat' dir='ltr'><strong>jus</strong></span> <span class='ocrx_word' id='word_1_755' title='bbox 1945 4704 2140 4768; x_wconf 64' lang='lat' dir='ltr'><strong>nomen</strong></span> <span class='ocrx_word' id='word_1_756' title='bbox 2180 4711 2340 4782; x_wconf 81' lang='lat' dir='ltr'><strong>modo</strong></span> <span class='ocrx_word' id='word_1_757' title='bbox 2370 4708 2647 4782; x_wconf 64' lang='lat' dir='ltr'><strong>memoriae</strong></span> <span class='ocrx_word' id='word_1_758' title='bbox 2689 4724 2795 4762; x_wconf 87' lang='lat' dir='ltr'><strong>non</strong></span> <span class='ocrx_word' id='word_1_759' title='bbox 2841 4704 3408 4782; x_wconf 75' lang='lat' dir='ltr'><strong>occurrit._Defuncta</strong></span> 
     </span>
    </p>
   </div>
   <div class='ocr_carea' id='block_1_119' title="bbox 1829 4776 3416 4851">
    <p class='ocr_par' dir='ltr' id='par_1_119' title="bbox 1829 4776 3416 4851">
     <span class='ocr_line' id='line_1_119' title="bbox 1829 4776 3416 4851; baseline -0.007 -11"><span class='ocrx_word' id='word_1_760' title='bbox 1829 4776 2095 4840; x_wconf 69' lang='lat' dir='ltr'><strong>Fastrada</strong></span> <span class='ocrx_word' id='word_1_761' title='bbox 2129 4781 2478 4851; x_wconf 84' lang='lat' dir='ltr'><strong>Luidgardim</strong></span> <span class='ocrx_word' id='word_1_762' title='bbox 2509 4779 2862 4834; x_wconf 75' lang='lat' dir='ltr'><strong>Alamannam</strong></span> <span class='ocrx_word' id='word_1_763' title='bbox 2889 4777 3062 4842; x_wconf 81' lang='lat' dir='ltr'><strong>duxit,</strong></span> <span class='ocrx_word' id='word_1_764' title='bbox 3096 4777 3161 4830; x_wconf 87' lang='lat' dir='ltr'><strong>de</strong></span> <span class='ocrx_word' id='word_1_765' title='bbox 3189 4789 3295 4846; x_wconf 80' lang='lat' dir='ltr'><strong>qua</strong></span> <span class='ocrx_word' id='word_1_766' title='bbox 3321 4776 3416 4830; x_wconf 79' lang='lat' dir='ltr'><strong>ni-</strong></span> 
     </span>
    </p>
   </div>
   <div class='ocr_carea' id='block_1_120' title="bbox 1832 4852 2456 4911">
    <p class='ocr_par' dir='ltr' id='par_1_120' title="bbox 1832 4852 2456 4911">
     <span class='ocr_line' id='line_1_120' title="bbox 1832 4852 2456 4911; baseline -0.008 -1"><span class='ocrx_word' id='word_1_767' title='bbox 1832 4856 1910 4911; x_wconf 89' lang='lat' dir='ltr'><strong>hil</strong></span> <span class='ocrx_word' id='word_1_768' title='bbox 1937 4856 2230 4908; x_wconf 89' lang='lat' dir='ltr'><strong>liberorum</strong></span> <span class='ocrx_word' id='word_1_769' title='bbox 2260 4852 2402 4906; x_wconf 84' lang='lat' dir='ltr'><strong>tulit.</strong></span> <span class='ocrx_word' id='word_1_770' title='bbox 2437 4871 2456 4904; x_wconf 74' lang='grc' dir='ltr'><strong>ι</strong></span> 
     </span>
    </p>
   </div>
   <div class='ocr_carea' id='block_1_121' title="bbox 1898 4914 3413 4992">
    <p class='ocr_par' dir='ltr' id='par_1_121' title="bbox 1898 4914 3413 4992">
     <span class='ocr_line' id='line_1_121' title="bbox 1898 4914 3413 4992; baseline -0.006 -15"><span class='ocrx_word' id='word_1_771' title='bbox 1898 4925 1925 4964; x_wconf 75' lang='grc' dir='ltr'><strong><em>ἀ</em></strong></span> <span class='ocrx_word' id='word_1_772' title='bbox 1956 4923 2264 4992; x_wconf 77' lang='lat' dir='ltr'><strong>Leutgardis</strong></span> <span class='ocrx_word' id='word_1_773' title='bbox 2287 4922 2507 4992; x_wconf 72' lang='lat' dir='ltr'><strong>pulchra</strong></span> <span class='ocrx_word' id='word_1_774' title='bbox 2535 4921 2731 4992; x_wconf 64' lang='lat' dir='ltr'><strong>virago.</strong></span> <span class='ocrx_word' id='word_1_775' title='bbox 2748 4917 2896 4973; x_wconf 80' lang='lat' dir='ltr'><strong>Uxor</strong></span> <span class='ocrx_word' id='word_1_776' title='bbox 2917 4914 3091 4992; x_wconf 79' lang='lat' dir='ltr'><strong>Caroli</strong></span> <span class='ocrx_word' id='word_1_777' title='bbox 3111 4924 3413 4992; x_wconf 77' lang='lat' dir='ltr'><strong>postrema,</strong></span> 
     </span>
    </p>
   </div>
   <div class='ocr_carea' id='block_1_122' title="bbox 1829 4985 3410 5060">
    <p class='ocr_par' dir='ltr' id='par_1_122' title="bbox 1829 4985 3410 5060">
     <span class='ocr_line' id='line_1_122' title="bbox 1829 4985 3410 5060; baseline -0.006 -12"><span class='ocrx_word' id='word_1_778' title='bbox 1829 5003 1890 5048; x_wconf 89' lang='lat' dir='ltr'><strong>ut</strong></span> <span class='ocrx_word' id='word_1_779' title='bbox 1909 4985 2112 5049; x_wconf 77' lang='lat' dir='ltr'><strong>dictum</strong></span> <span class='ocrx_word' id='word_1_780' title='bbox 2139 5003 2239 5047; x_wconf 91' lang='lat' dir='ltr'><strong>est.</strong></span> <span class='ocrx_word' id='word_1_781' title='bbox 2267 4985 2369 5048; x_wconf 86' lang='lat' dir='ltr'><strong>Ubi</strong></span> <span class='ocrx_word' id='word_1_782' title='bbox 2401 4985 2690 5060; x_wconf 63' lang='lat' dir='ltr'><strong>etquamle</strong></span> <span class='ocrx_word' id='word_1_783' title='bbox 2716 4989 2828 5043; x_wconf 59' lang='lat' dir='ltr'><strong>haec</strong></span> <span class='ocrx_word' id='word_1_784' title='bbox 2863 4987 3107 5057; x_wconf 89' lang='lat' dir='ltr'><strong>nupserit</strong></span> <span class='ocrx_word' id='word_1_785' title='bbox 3134 4985 3410 5060; x_wconf 68' lang='lat' dir='ltr'><strong>nemoon</strong></span> 
     </span>
    </p>
   </div>
   <div class='ocr_carea' id='block_1_123' title="bbox 1831 5054 3410 5119">
    <p class='ocr_par' dir='ltr' id='par_1_123' title="bbox 1831 5054 3410 5119">
     <span class='ocr_line' id='line_1_123' title="bbox 1831 5054 3410 5119; baseline -0.007 0"><span class='ocrx_word' id='word_1_786' title='bbox 1831 5074 1954 5119; x_wconf 89' lang='lat' dir='ltr'><strong>cet:</strong></span> <span class='ocrx_word' id='word_1_787' title='bbox 1987 5062 2218 5117; x_wconf 89' lang='lat' dir='ltr'><strong>Turonis</strong></span> <span class='ocrx_word' id='word_1_788' title='bbox 2258 5054 2562 5116; x_wconf 74' lang='lat' dir='ltr'><strong>defunctam</strong></span> <span class='ocrx_word' id='word_1_789' title='bbox 2593 5057 2858 5112; x_wconf 78' lang='lat' dir='ltr'><strong>allirmant</strong></span> <span class='ocrx_word' id='word_1_790' title='bbox 2885 5054 3075 5111; x_wconf 75' lang='lat' dir='ltr'><strong>omnes</strong></span> <span class='ocrx_word' id='word_1_791' title='bbox 3114 5071 3254 5109; x_wconf 87' lang='lat' dir='ltr'><strong>anno</strong></span> <span class='ocrx_word' id='word_1_792' title='bbox 3282 5054 3410 5110; x_wconf 77' lang='grc'><strong>801.</strong></span> 
     </span>
    </p>
   </div>
   <div class='ocr_carea' id='block_1_124' title="bbox 1833 5125 3414 5204">
    <p class='ocr_par' dir='ltr' id='par_1_124' title="bbox 1833 5125 3414 5204">
     <span class='ocr_line' id='line_1_124' title="bbox 1833 5125 3414 5204; baseline -0.006 -15"><span class='ocrx_word' id='word_1_793' title='bbox 1833 5134 1962 5204; x_wconf 83' lang='lat' dir='ltr'><strong>Ejus</strong></span> <span class='ocrx_word' id='word_1_794' title='bbox 1984 5131 2394 5204; x_wconf 71' lang='lat' dir='ltr'><strong>porroformam</strong></span> <span class='ocrx_word' id='word_1_795' title='bbox 2421 5138 2495 5204; x_wconf 88' lang='lat' dir='ltr'><strong>et_._</strong></span> <span class='ocrx_word' id='word_1_796' title='bbox 2516 5125 3309 5204; x_wconf 41' lang='lat' dir='ltr'><strong>mores_laudant_etiam.alii,</strong></span> <span class='ocrx_word' id='word_1_797' title='bbox 3347 5130 3414 5179; x_wconf 73' lang='lat' dir='ltr'><strong>ut</strong></span> 
     </span>
    </p>
   </div>
   <div class='ocr_carea' id='block_1_125' title="bbox 1833 5194 3415 5268">
    <p class='ocr_par' dir='ltr' id='par_1_125' title="bbox 1833 5194 3415 5268">
     <span class='ocr_line' id='line_1_125' title="bbox 1833 5194 3415 5268; baseline -0.008 -10"><span class='ocrx_word' id='word_1_798' title='bbox 1833 5194 2090 5258; x_wconf 72' lang='lat' dir='ltr'><strong>Alcuihus</strong></span> <span class='ocrx_word' id='word_1_799' title='bbox 2129 5201 2195 5256; x_wconf 92' lang='lat' dir='ltr'><strong>de</strong></span> <span class='ocrx_word' id='word_1_800' title='bbox 2222 5201 2418 5256; x_wconf 84' lang='lat' dir='ltr'><strong>Leonis</strong></span> <span class='ocrx_word' id='word_1_801' title='bbox 2463 5199 2621 5268; x_wconf 80' lang='lat' dir='ltr'><strong>Papae</strong></span> <span class='ocrx_word' id='word_1_802' title='bbox 2655 5198 2884 5252; x_wconf 88' lang='lat' dir='ltr'><strong>adventu</strong></span> <span class='ocrx_word' id='word_1_803' title='bbox 2920 5197 2988 5250; x_wconf 86' lang='lat' dir='ltr'><strong>ad</strong></span> <span class='ocrx_word' id='word_1_804' title='bbox 3032 5194 3282 5250; x_wconf 85' lang='lat' dir='ltr'><strong>Carolum</strong></span> <span class='ocrx_word' id='word_1_805' title='bbox 3324 5207 3415 5247; x_wconf 71' lang='grc' dir='ltr'><strong>τε·</strong></span> 
     </span>
    </p>
   </div>
   <div class='ocr_carea' id='block_1_126' title="bbox 1836 5289 1999 5345">
    <p class='ocr_par' dir='ltr' id='par_1_126' title="bbox 1836 5289 1999 5345">
     <span class='ocr_line' id='line_1_126' title="bbox 1836 5289 1999 5345; baseline -0.006 -17"><span class='ocrx_word' id='word_1_806' title='bbox 1836 5289 1954 5345; x_wconf 89' lang='lat' dir='ltr'><strong>gem</strong></span> <span class='ocrx_word' id='word_1_807' title='bbox 1987 5289 1999 5327; x_wconf 85' lang='lat'><strong>:</strong></span> 
     </span>
    </p>
   </div>
   <div class='ocr_carea' id='block_1_127' title="bbox 1958 5360 3118 5428">
    <p class='ocr_par' dir='ltr' id='par_1_127' title="bbox 1958 5360 3118 5428">
     <span class='ocr_line' id='line_1_127' title="bbox 1958 5360 3118 5428; baseline -0.009 -13"><span class='ocrx_word' id='word_1_808' title='bbox 1958 5365 2185 5428; x_wconf 75' lang='lat' dir='ltr'><strong>Procedit</strong></span> <span class='ocrx_word' id='word_1_809' title='bbox 2207 5361 2358 5428; x_wconf 65' lang='lat' dir='ltr'><strong>multa</strong></span> <span class='ocrx_word' id='word_1_810' title='bbox 2381 5363 2568 5428; x_wconf 74' lang='lat' dir='ltr'><strong>circum</strong></span> <span class='ocrx_word' id='word_1_811' title='bbox 2584 5360 2846 5428; x_wconf 75' lang='lat' dir='ltr'><strong>comitante</strong></span> <span class='ocrx_word' id='word_1_812' title='bbox 2872 5367 3069 5428; x_wconf 76' lang='lat' dir='ltr'><strong>caterva</strong></span> <span class='ocrx_word' id='word_1_813' title='bbox 3106 5414 3118 5428; x_wconf 50' lang='lat'><em>.</em></span> 
     </span>
    </p>
   </div>
   <div class='ocr_carea' id='block_1_128' title="bbox 1958 5419 3224 5488">
    <p class='ocr_par' dir='ltr' id='par_1_128' title="bbox 1958 5419 3224 5488">
     <span class='ocr_line' id='line_1_128' title="bbox 1958 5419 3224 5488; baseline -0.011 -12"><span class='ocrx_word' id='word_1_814' title='bbox 1958 5426 2248 5488; x_wconf 81' lang='lat' dir='ltr'><strong>Luitgardus</strong></span> <span class='ocrx_word' id='word_1_815' title='bbox 2262 5423 2416 5478; x_wconf 86' lang='lat' dir='ltr'><strong>Caroli</strong></span> <span class='ocrx_word' id='word_1_816' title='bbox 2443 5423 2772 5485; x_wconf 86' lang='lat' dir='ltr'><strong>pulcherrima</strong></span> <span class='ocrx_word' id='word_1_817' title='bbox 2793 5419 2989 5470; x_wconf 88' lang='lat' dir='ltr'><strong>nomine</strong></span> <span class='ocrx_word' id='word_1_818' title='bbox 3012 5419 3188 5477; x_wconf 80' lang='lat' dir='ltr'><strong>coniux</strong></span> <span class='ocrx_word' id='word_1_819' title='bbox 3210 5427 3224 5462; x_wconf 89' lang='lat'><strong>:</strong></span> 
     </span>
    </p>
   </div>
   <div class='ocr_carea' id='block_1_129' title="bbox 1833 5503 3086 5579">
    <p class='ocr_par' dir='ltr' id='par_1_129' title="bbox 1833 5503 3086 5579">
     <span class='ocr_line' id='line_1_129' title="bbox 1833 5503 3086 5579; baseline -0.003 -15"><span class='ocrx_word' id='word_1_820' title='bbox 1833 5517 1887 5564; x_wconf 92' lang='lat' dir='ltr'><strong>et</strong></span> <span class='ocrx_word' id='word_1_821' title='bbox 1908 5518 2066 5579; x_wconf 87' lang='lat' dir='ltr'><strong>poeta</strong></span> <span class='ocrx_word' id='word_1_822' title='bbox 2097 5507 2398 5564; x_wconf 70' lang='lat' dir='ltr'><strong>Saxonicus</strong></span> <span class='ocrx_word' id='word_1_823' title='bbox 2423 5505 2490 5560; x_wconf 89' lang='lat' dir='ltr'><strong>de</strong></span> <span class='ocrx_word' id='word_1_824' title='bbox 2517 5504 2637 5574; x_wconf 84' lang='lat' dir='ltr'><strong>ejus</strong></span> <span class='ocrx_word' id='word_1_825' title='bbox 2663 5505 2826 5560; x_wconf 71' lang='lat' dir='ltr'><strong>obitu</strong></span> <span class='ocrx_word' id='word_1_826' title='bbox 2842 5503 3086 5569; x_wconf 72' lang='lat' dir='ltr'><strong>loquens.</strong></span> 
     </span>
    </p>
   </div>
   <div class='ocr_carea' id='block_1_130' title="bbox 1959 5613 3031 5670">
    <p class='ocr_par' dir='ltr' id='par_1_130' title="bbox 1959 5613 3031 5670">
     <span class='ocr_line' id='line_1_130' title="bbox 1959 5613 3031 5670; baseline -0.012 -1"><span class='ocrx_word' id='word_1_827' title='bbox 1959 5619 2178 5670; x_wconf 76' lang='lat' dir='ltr'><strong>Moribus</strong></span> <span class='ocrx_word' id='word_1_828' title='bbox 2203 5623 2254 5667; x_wconf 87' lang='lat' dir='ltr'><strong>et</strong></span> <span class='ocrx_word' id='word_1_829' title='bbox 2282 5619 2389 5666; x_wconf 71' lang='lat' dir='ltr'><strong>vitae</strong></span> <span class='ocrx_word' id='word_1_830' title='bbox 2412 5618 2588 5666; x_wconf 86' lang='lat' dir='ltr'><strong>merito</strong></span> <span class='ocrx_word' id='word_1_831' title='bbox 2613 5613 2864 5663; x_wconf 83' lang='lat' dir='ltr'><strong>laudabilis</strong></span> <span class='ocrx_word' id='word_1_832' title='bbox 2885 5621 3031 5665; x_wconf 75' lang='lat' dir='ltr'><strong>omni,</strong></span> 
     </span>
    </p>
   </div>
   <div class='ocr_carea' id='block_1_131' title="bbox 1960 5679 2682 5740">
    <p class='ocr_par' dir='ltr' id='par_1_131' title="bbox 1960 5679 2682 5740">
     <span class='ocr_line' id='line_1_131' title="bbox 1960 5679 2682 5740; baseline -0.014 -8"><span class='ocrx_word' id='word_1_833' title='bbox 1960 5684 2242 5732; x_wconf 78' lang='lat' dir='ltr'><strong>Cuinomen</strong></span> <span class='ocrx_word' id='word_1_834' title='bbox 2267 5679 2542 5740; x_wconf 83' lang='lat' dir='ltr'><strong>Luitgardis</strong></span> <span class='ocrx_word' id='word_1_835' title='bbox 2561 5684 2682 5726; x_wconf 87' lang='lat' dir='ltr'><strong>erat.</strong></span> 
     </span>
    </p>
   </div>
  </div>
