3998 6182
233 272 310 324 iiii
1470 276 1800 333 CARMINA.
1842 279 1971 334 LIB.
2010 278 2094 334 Ill.

289 389 374 441 Res
397 402 566 455 magna
594 398 647 444 et
671 390 820 459 parvi
842 391 1078 460 pectoris
1101 399 1255 446 antra
1282 391 1426 446 colit.
1473 421 1478 428 κ

230 477 280 530 Et
305 493 422 532 nunc
444 479 524 533 ille
549 479 715 534 libros
743 495 1024 550 operosus,
1053 496 1196 534 nunc
1221 481 1359 534 ferat
1384 490 1438 535 et
1467 495 1575 544 res,

284 568 566 637 Spiculaque
589 571 663 624 ad
693 569 862 625 Scotti
891 585 1033 624 nunc
1055 578 1209 640 paret
1227 579 1351 639 apta
1379 584 1584 625 necem.

221 660 302 716 Cui
327 662 430 716 dum
453 662 554 716 vita
585 678 766 718 comes
790 662 953 717 fuerit
972 664 1090 716 hmc
1111 663 1295 716 oscula
1325 663 1528 718 tradam
1545 703 1561 727 ,

280 752 400 806 Trux
427 753 594 807 aurite
622 752 716 808 tibi
745 769 865 823 qua:
886 753 979 808 dat
1002 753 1166 808 aselle
1187 753 1366 822 lupus.

216 843 332 897 Ante
364 845 494 914 cauis
521 844 734 914 lepores
767 845 904 909 'alet,
936 855 1028 899 aut
1062 845 1217 914 lupus
1241 845 1515 914 improbus
1550 857 1736 914 agnos,

272 932 366 986 Aut
385 933 556 988 timido
582 935 723 988 muri
752 936 924 989 musio
955 945 1101 1006 terga
1130 934 1294 997 dabit,
1573 951 1583 960 ·
1686 997 1694 1007 _

209 1021 356 1090 Quam
387 1022 508 1078 Geta
536 1040 660 1079 cum
691 1024 877 1081 Scotto
902 1026 990 1096 pia
1021 1027 1170 1095 pacis
1196 1026 1399 1081 fmdera
1420 1034 1632 1096 iungat,

269 1113 382 1178 Quae
405 1115 444 1168 si
468 1113 602 1170 forte
624 1116 750 1170 velit
769 1117 1017 1187 jungere,
1043 1125 1238 1172 ventus
1266 1118 1392 1171 erit.

206 1200 292 1257 Hic
313 1219 544 1273 pmnasve
567 1206 717 1259 dabit
747 1207 986 1277 fugietne
1015 1209 1318 1262 simillimus
1342 1208 1562 1272 Austro,

268 1292 420 1361 thue
443 1294 508 1348 sit
532 1294 620 1349 hic
647 1295 811 1361 aliud,
849 1297 923 1350 nil
953 1299 1056 1352 nisi
1085 1298 1304 1354 Scottus
1332 1299 1453 1352 erit.

202 1383 287 1438 Cui
314 1385 353 1439 si
382 1385 660 1441 litterulam
686 1404 805 1458 qua:
831 1398 914 1444 est
943 1390 1130 1444 ordine
1151 1392 1308 1444 tertia
1340 1391 1517 1454 tollas,

259 1473 407 1544 Inque
429 1476 658 1532 secunda
683 1493 782 1532 suo
805 1479 1022 1534 nomine
1051 1479 1189 1534 forte
1217 1480 1388 1545 sedet,

196 1560 311 1628 Qum
329 1573 470 1618 sonat
488 1565 539 1618 in
565 1566 702 1620 caelo
723 1568 915 1636 prima,
939 1577 993 1622 et
1020 1584 1140 1638 qua»:
1167 1570 1222 1624 in
1252 1569 1463 1625 Scando
1486 1570 1738 1634 secunda,

258 1653 419 1710 Tertia
448 1657 499 1710 in
532 1658 799 1725 Ascensu,
826 1670 1017 1729 quarta
1041 1662 1096 1716 in
1125 1663 1414 1718 Amicitiis.

190 1743 350 1810 Quam
378 1748 501 1803 satis
529 1748 749 1804 oll‘endit
774 1767 872 1820 pro
909 1768 1013 1822 qua
1051 1761 1103 1809 te
1131 1754 1310 1809 littera
1341 1754 1509 1810 Salvi.

253 1834 438 1902 Utitur,
464 1839 605 1892 haud
639 1840 859 1894 dubium
893 1853 917 1880 ιι
951 1843 1092 1911 quod
1123 1853 1278 1898 sonat
1304 1845 1406 1899 hoc
1430 1852 1486 1899 et
1512 1846 1635 1899 erit.

183 1924 211 1962 1)
240 1922 353 1980 Stet
376 1926 552 1981 Levita
578 1929 776 1983 decens
801 1929 1060 2000 Fredegis
1087 1933 1324 1987 sociatus
1354 1931 1559 1998 Osulfo,

248 2013 455 2068 Gnarus
479 2023 703 2085 uterque
731 2019 882 2080 artis,
911 2020 1101 2075 doctus
1124 2031 1352 2090 uterque
1376 2022 1532 2078 bene.

175 2112 202 2140 ο
239 2101 444 2157 Nardus
471 2112 523 2158 et
558 2105 879 2162 Ercambald
906 2109 952 2162 si
983 2109 1376 2181 coniungantur
1398 2111 1601 2179 Osuli‘o,

251 2189 381 2244 Tres
410 2195 607 2247 mensae
635 2203 892 2262 poterunt
917 2198 1077 2254 unius
1102 2214 1222 2254 esse
1253 2202 1406 2270 pede.

172 2279 426 2349 Pinguior
449 2281 534 2335 hic
563 2283 657 2337 illo
681 2293 784 2349 est,
819 2287 909 2341 hic
937 2298 1019 2342 est
1043 2305 1258 2359 quoque
1288 2292 1502 2346 tenuior
1525 2293 1636 2357 illo,

243 2369 345 2422 Sed
374 2385 622 2426 mensura
653 2373 804 2430 dedit
830 2377 992 2433 altior
1015 2395 1134 2434 esse
1158 2396 1334 2449 pares.

169 2461 426 2517 Pomiﬂua
457 2464 626 2520 solers
650 2468 832 2522 veniat
857 2470 925 2524 de
954 2472 1078 2526 sede
1109 2472 1397 2538 Menalcas,

242 2550 499 2608 Sudorem
527 2555 843 2626 abstergens
869 2557 1063 2614 frontis
1093 2560 1161 2614 ab
1189 2577 1317 2618 arce
1343 2580 1525 2619 manu.

165 2640 336 2708 Quam
362 2658 500 2712 saepe
523 2645 830 2714 ingrediens
858 2649 1127 2717 pistorum
1153 2653 1265 2707 sive
1285 2669 1581 2724 coquorum

240 2732 475 2790 Vallatus
503 2737 687 2792 cuneis
703 2738 794 2807 jus
820 2741 1078 2810 synodale
1104 2745 1260 2812 gerit.

161 2824 461 2880 Prudenter
485 2827 574 2895 qui
599 2835 791 2883 cuncta
821 2845 1034 2900 gerens,
1062 2834 1356 2904 epulasque
1381 2836 1656 2906 dapesque

231 2913 391 2984 Regis
416 2916 737 2972 honoratum
773 2918 981 2976 deferat
1019 2931 1144 2978 ante
1178 2925 1452 2980 thronum.

157 3005 426 3060 Adveniat
457 3007 720 3076 .pincerna
747 3018 942 3080 potens
969 3012 1226 3082 Eppinus,
1258 3023 1313 3069 et
1343 3016 1457 3086 ipse

228 3093 567 3166 Pulchraque
596 3113 723 3153 vasa
751 3115 943 3166 manu,
975 3103 1202 3172 vinaque
1233 3114 1383 3175 grata
1411 3107 1590 3162 vehat.

157 3182 278 3238 Jam
309 3185 743 3243 circumsedeant
767 3191 967 3260 regalia
994 3195 1217 3262 prandia
1240 3194 1403 3262 jussi,

228 3273 458 3330 Laetitia:
479 3275 638 3332 detur
664 3295 860 3335 munus
885 3283 954 3336 ab
986 3298 1086 3337 axe
1114 3285 1239 3353 poli.

155 3365 222 3418 Et
248 3374 404 3434 pater
424 3366 655 3424 Albinus
681 3371 867 3425 sedeat
892 3373 980 3440 pia
1006 3375 1168 3427 verba
1199 3376 1441 3431 daturus.

225 3455 662 3530 Sumpturusque
685 3460 836 3515 cibos
857 3476 953 3516 ore
982 3477 1252 3531 manuque
1279 3464 1470 3520 libens.

151 3552 263 3604 Aut
288 3551 356 3614 si,
387 3549 620 3617 Bacche,
654 3553 751 3618 tui,
779 3563 873 3608 aut
899 3553 1138 3610 Cerealis
1162 3555 1315 3624 pocla
1341 3557 1567 3627 liquoris

221 3638 465 3710 Porgere
493 3643 784 3712 praecipiat,
820 3643 935 3699 fors
962 3652 1018 3698 et
1043 3651 1334 3715 utrumque
1360 3647 1520 3702 volet.

151 3731 273 3797 Quo
299 3731 503 3787 melius
525 3732 746 3799 doceat,
774 3734 966 3790 melius
995 3751 1093 3790 sua
1120 3737 1300 3792 ﬁstula
1325 3747 1528 3804 cantet,

218 3822 281 3876 Si
319 3824 641 3880 doctrinalis
676 3826 910 3895 pectoris
937 3835 1093 3880 antra
1128 3827 1284 3898 riget.

151 3911 245 3970 Est
276 3914 472 3982 procul
502 3915 699 3984 pultes,
727 3923 782 3971 et
806 3915 963 3972 lactis
991 3932 1168 3971 massa
1196 3920 1390 3984 coacti,

213 4003 330 4058 Sed
356 4004 683 4075 pigmentati
713 4005 790 4060 sis
819 4019 986 4075 prope
1013 4021 1198 4062 mensa
1228 4007 1354 4062 cibi.

151 4092 494 4162 Participent
527 4108 745 4149 mensas
771 4094 963 4165 epulis,
993 4104 1048 4150 et
1075 4095 1252 4152 dulcia
1280 4107 1498 4153 sumant

209 4182 454 4247 Pabula,
483 4183 609 4236 vina
637 4181 827 4240 Bibent
854 4192 1110 4254 stansque
1139 4186 1438 4257 sedensque
1470 4189 1651 4244 simul.

151 4273 240 4326 iis
270 4273 417 4328 bene
443 4273 696 4343 patratis,
727 4275 929 4330 mensis
960 4277 1294 4347 dapibusque
1323 4281 1564 4346 remotis,

208 4362 425 4433 Pergat
457 4363 646 4418 lzetitia
670 4365 822 4434 plebs
851 4366 1145 4423 comitante
1175 4367 1338 4425 foras.

207 4528 237 4555 ει
285 4514 455 4580 Quod
488 4526 638 4570 sonat
673 4518 770 4572 hoc
802 4526 852 4572 et
873 4521 993 4573 erit.
1025 4518 1264 4575 Stolidus
1292 4521 1562 4576 videlicet.
1591 4521 1748 4578 Scot-

153 4600 225 4640 us
256 4586 450 4650 enim,
478 4587 524 4640 si
551 4603 578 4639 ο
602 4587 837 4642 litteram
872 4591 1108 4654 eximas,
1149 4590 1209 4643 fit
1243 4599 1450 4655 sottus,
1495 4607 1614 4655 quae
1638 4609 1743 4648 vox

151 4671 250 4729 am
277 4656 685 4729 tumubardum
723 4667 793 4729 et,
817 4657 1456 4729 stolidumAsigniﬁcabat.
1491 4656 1745 4718 Carmine

151 4727 158 4773 ι
187 4723 368 4792 hujus
397 4723 618 4798 libriad
644 4727 1035 4798 Angilbertum,
1065 4723 1176 4781 11ἱέ
1189 4727 1395 4784 Scottus
1417 4739 1601 4784 sottus.
1627 4732 1744 4798 Quo

151 4809 347 4866 genere
376 4795 566 4848 cavilli
597 4795 891 4866 appetitum
917 4798 1168 4852 similiter
1189 4814 1218 4852 a
1248 4798 1442 4855 Carolo
1469 4799 1633 4855 Calvo
1651 4795 1742 4857 Te.

151 4871 268 4916 ‘unt
298 4861 563 4918 Scottum
596 4861 820 4921 alterum
846 4866 1106 4940 Joannem
1124 4869 1456 4940 _Erigenam,
1489 4871 1581 4940 sed
1619 4871 1740 4926 Eri-

151 4948 343 5005 :enam
378 4944 550 5005 acuto
566 4951 823 5005 responso
851 4939 1093 4993 elusisse.
1123 4938 1198 4993 De
1224 4938 1325 4994 hoc
1354 4949 1532 4994 autem
1557 4939 1742 4996 Scotto

157 5005 252 5056 ivc
285 5003 566 5078 Scot_ello,
593 5003 754 5076 quem
784 5007 981 5061 iterum
1007 5017 1189 5078 postea
1219 5017 1398 5072 vexat,
1432 5011 1665 5065 fueritne
1698 5013 1743 5066 is

152 5088 389 5145 oannes
419 5072 646 5145 Scottus
665 5116 680 5140 ,
712 5091 872 5145 quem
897 5072 1154 5144 una'cwn
1185 5079 1410 5134 Alcuino
1439 5081 1494 5134 in
1515 5079 1741 5136 Galliam

155 5143 364 5216 eruisse
393 5143 644 5216 tradunt,
682 5143 788 5200 non
819 5147 990 5202 habeo
1014 5143 1156 5216 quod
1187 5148 1466 5203 afﬁrmem.

198 5213 230 5249 δ
257 5211 404 5286 _Stet
453 5214 614 5286 levita
657 5216 840 5270 decens
885 5211 1151 5286 Fredegis.
1195 5219 1384 5272 Exstat
1424 5218 1636 5273 Alcuini
1676 5220 1742 5274 ad

151 5281 518 5357 'red_e_gisum
555 5283 698 5340 hunc
737 5285 979 5357 libellus,
1022 5281 1075 5340 iu
1116 5302 1222 5356 quo
1259 5289 1550 5357 propositis
1583 5291 1650 5342 ab
1679 5304 1744 5343 eo

151 5366 186 5404 e
214 5351 538 5422 iTrinitate
580 5355 966 5422 quaestionibus
1003 5351 1310 5422 respondet.
1360 5351 1562 5412 Fuerat
1597 5359 1742 5412 enim

152 5421 308 5475 isius
360 5421 704 5503 discipulus,
750 5433 810 5503 ut_
854 5433 911 5503 et
946 5421 1184 5503 qulfus.
1237 5427 1424 5503 Exstat
1470 5427 1743 5503 Fredegisi

151 5505 362 5566 uqque
392 5493 576 5566 ipsius
603 5495 815 5566 diaconi
848 5497 912 5566 de
946 5495 1124 5550 Nihilo
1155 5505 1210 5552 et
1236 5498 1302 5552 de
1337 5497 1596 5552 Tenebris
1632 5493 1744 5566 epi-

152 5559 574 5632 .ola_'notidum
601 5564 765 5629 edita,
787 5563 950 5632 cujus
977 5567 1080 5620 hoc
1108 5575 1190 5620 est
1225 5567 1531 5630 exordium,
1560 5559 1746 5620 Omni-

151 5645 215 5680 us
247 5629 531 5696 ﬁdelibus
555 5641 600 5686 et
628 5621 806 5689 damni
828 5621 990 5690 nostri
1017 5637 1330 5691 serenissimi
1357 5621 1606 5707 principis
1641 5635 1747 5690 Ca-

3304 298 3420 356 ἕ)Ξᾶ

1759 395 1808 454 Α
1836 392 2055 462 liaeque
2095 394 2242 452 intus
2284 406 2628 464 remanente,
2662 410 2819 455 sonet
2857 399 3205 461 Theodullica
3243 407 3415 477 Musa.

1911 480 2042 547 Qua.-
2072 482 2252 539 foveat
2280 501 2455 556 reges,
2483 487 2716 544 mulceat
2745 500 2800 546 et
2825 508 3114 562 proceres;

1838 572 2037 628 Audiat
2069 575 2210 630 hanc
2240 577 2422 634 forsan
2454 583 2790 639 membrosus
2817 585 3079 643 Wibodus
3104 589 3288 655 heros,

1909 663 2195 722 Concutiat
2222 684 2469 726 crassum
2499 681 2688 744 terque
2715 689 3014 747 quaterque
3039 689 3222 750 caput.

1839 752 1907 806 Et
1936 762 2148 810 torvum
2173 760 2443 826 aspiciens
2473 764 2730 834 vultuque
2757 775 2812 822 et
2841 783 2972 823 voce
2993 770 3251 834 minetur,

1908 844 2310 929 Absentemque
2334 852 2448 905 suis
2470 867 2560 907 me
2588 856 2779 912 obruat
2801 859 2891 914 ille
2924 861 3085 916 minis
3122 879 3136 914 :

1837 931 2008 998 Quem
2035 934 2081 988 si
2109 934 2248 991 forte
2269 948 2424 993 vocet
2446 941 2626 1008 pietas
2648 947 2956 1014 gratissima
2980 950 3146 1020 regis,

1908 1022 2106 1079 Gressu
2133 1035 2222 1080 eat
2251 1027 2471 1096 obliquo
2496 1030 2580 1084 vel
2609 1033 2874 1088 titubante
2909 1052 3068 1106 genu.

1840 1111 1906 1164 Et
1937 1128 2033 1165 sua
2063 1115 2334 1182 prtecedat
2363 1119 2690 1175 tumefactus
2717 1132 2937 1190 pectora
2966 1135 3178 1193 venter,

1912 1201 1979 1254 Et
1999 1203 2140 1271 pede
2175 1204 2493 1272 Vulcanum,
2521 1223 2653 1263 voce
2679 1209 2866 1284 Jovem
2896 1213 3115 1268 referat.

1843 1289 1967 1344 lich
1997 1291 2070 1344 ita
2101 1293 2228 1347 dum
2252 1295 2406 1360 fiunt,
2433 1296 2560 1351 dum
2589 1299 2830 1353 carmina
2857 1311 3044 1355 nostra
3080 1304 3350 1374 leguntur,

1915 1378 2034 1434 Stet
2061 1381 2349 1437 Scottellus
2377 1385 2472 1449 ibi,
2505 1400 2592 1440 res
2614 1387 2732 1441 sine
2767 1388 2882 1458 lege
2908 1389 3113 1453 furens,

1844 1465 1952 1521 Res
1977 1469 2115 1534 dira,
2153 1472 2325 1526 hostis
2349 1481 2502 1526 atrox
2523 1514 2538 1537 ,
2566 1475 2732 1530 hebes
2759 1478 2968 1543 horror,
3002 1482 3170 1549 pestis
3205 1485 3422 1548 acerba,

1915 1556 2172 1628 Litigiosa
2202 1561 2319 1615 lues
2338 1601 2353 1625 ,
2387 1579 2475 1616 res
2497 1562 2634 1629 fera,
2661 1568 2862 1634 grande
2891 1568 3062 1624 nefas.

1847 1649 1955 1706 Res
1976 1653 2114 1718 fera,
2145 1670 2232 1709 res
2254 1656 2446 1724 turpis,
2477 1672 2565 1711 res
2594 1660 2796 1728 segnis,
2825 1676 3017 1732 resque
3045 1663 3294 1729 nefanda,

1768 1737 1818 1796 B
1917 1743 2025 1797 Res
2053 1743 2249 1798 infesta
2273 1746 2400 1814 piis,
2428 1762 2517 1802 res
2545 1748 2763 1804 inimica
2794 1749 2969 1806 bonis.

1846 1833 1913 1887 Et
1937 1834 2187 1890 manibus
2212 1837 2413 1900 curvis,
2445 1837 2666 1906 paulum
2695 1839 2906 1894 cervice
2934 1840 3155 1908 reﬂexa,

1914 1921 2034 1974 Non
2065 1931 2212 1978 recta
2244 1924 2313 1978 ad
2345 1925 2598 1980 stolidum
2626 1928 2850 1982 brachia
2875 1938 3063 1998 pectus
3089 1940 3235 1986 eant.

1845 2009 2090 2079 Anceps,
2122 2013 2415 2078 attonitus,
2461 2015 2754 2081 tremulus,
2795 2015 3148 2085 furibundus,
3182 2021 3430 2089 anhelus,

1917 2097 2035 2153 Stet
2064 2101 2196 2155 levis
2221 2117 2370 2167 aure,
2407 2119 2588 2167 manu,
2614 2104 2837 2170 lumine,
2867 2117 3067 2174 mente,
3099 2111 3253 2179 pede,

1844 2187 1912 2245 Et
1938 2192 2100 2246 celeri
2132 2203 2280 2248 motu
2311 2211 2454 2250 nunc
2484 2196 2583 2251 bos
2608 2213 2750 2252 nunc
2777 2200 3098 2269 comprimat
3123 2202 3265 2269 illos,

1913 2282 2067 2338 Nunc
2095 2287 2327 2354 gemitus
2355 2294 2588 2351 tantum,
2619 2303 2763 2342 nunc
2789 2288 2904 2342 fera
2933 2290 3094 2344 verba
3124 2301 3300 2346 sonet.

1844 2371 1998 2429 Nunc
2027 2375 2095 2428 ad
2125 2375 2404 2442 lectorem,
2439 2393 2581 2432 nunc
2611 2393 2669 2433 se
2697 2387 2978 2433 convertat
3006 2381 3071 2435 ad
3097 2398 3289 2438 omnes

1912 2462 2206 2519 Adstantes
2233 2480 2508 2536 proceres,
2543 2467 2616 2520 nil
2645 2468 2852 2522 ratione
2881 2484 3092 2539 gerens.

1842 2549 1908 2605 Et
1932 2554 2358 2623 reprehendendi
2391 2555 2568 2609 studio
2599 2555 2746 2612 ferus
2775 2564 2967 2612 aestuet
2993 2559 3190 2624 hostis,

1913 2641 2011 2696 Cui
2041 2642 2111 2696 sit
2134 2658 2294 2713 posse
2320 2644 2536 2713 procul.
2561 2645 2673 2714 jam
2705 2647 2830 2715 quia
2856 2647 2994 2701 velle
3018 2663 3185 2718 prope
3213 2656 3316 2703 est.

1842 2731 2080 2785 Plurima
2104 2733 2196 2802 qui
2227 2733 2437 2798 didicit,
2465 2733 2539 2787 nil
2571 2734 2760 2799 ﬁxum,
2785 2734 2859 2789 nil
2887 2751 3100 2806 quoque
3126 2745 3356 2805 certum,

1911 2823 2041 2889 Quae
2075 2833 2256 2878 tamen
2283 2825 2519 2894 ignorat,
2545 2827 2727 2880 omnia
2767 2842 2928 2881 nosce
2956 2835 3129 2896 putat.

1839 2909 1956 2965 Non
1995 2913 2117 2966 ideo
2151 2913 2359 2977 didicit,
2393 2914 2608 2982 sapiens
2637 2923 2697 2968 ut
2720 2915 2892 2983 possit
2917 2914 3127 2979 haberi,

1910 3001 2016 3056 Sed
2047 3004 2405 3057 contendendi
2433 3013 2491 3057 ut
2515 3013 2798 3074 promptus
2827 3003 2895 3058 ad
2925 3018 3076 3057 arma
3104 3002 3265 3059 foret.

1763 3077 1808 3138 C
1840 3093 2003 3150 Multa
2035 3097 2143 3151 scis
2177 3104 2233 3152 et
2267 3097 2408 3151 nulla
2443 3098 2610 3166 sapis,
2637 3097 2812 3167 plura,
2845 3098 3036 3163 inscie,
3068 3100 3232 3164 nosti,

1913 3191 2053 3258 Quid
2097 3193 2270 3246 dicam
2301 3193 2426 3247 inde
2454 3197 2663 3265 magis?
2688 3211 2795 3248 non
2837 3196 3012 3265 sapis,
3057 3204 3221 3265 atque
3260 3196 3429 3265 sapis.

1842 3282 1957 3336 Rex
1985 3298 2081 3336 sua
2109 3283 2278 3336 fulcra
2307 3293 2484 3353 petat,
2514 3286 2712 3339 habeat
2741 3301 2836 3339 sua
2872 3287 3082 3340 mansio
3114 3301 3382 3355 quemque
3410 3302 3429 3341 :

1917 3371 2029 3424 Rex
2059 3371 2200 3423 bene
2223 3371 2378 3424 ltetus
2403 3379 2512 3435 eat,
2546 3373 2700 3439 plebs
2724 3374 2860 3426 bene
2887 3373 2993 3426 lata
3025 3381 3186 3427 meet.

1843 3458 1915 3512 At
1940 3464 1998 3510 tu
2023 3472 2187 3525 posce
2211 3457 2300 3526 pio
2325 3458 2558 3511 reditum
2588 3473 2706 3512 mea
2738 3458 2916 3512 fistula
2947 3459 3081 3528 regi,

1914 3547 1983 3601 Et
2011 3547 2222 3601 cunctis
2247 3547 2459 3600 veniam
2482 3563 2619 3616 quos
2647 3547 2752 3601 ciet
2781 3547 2882 3601 iste
2902 3547 3053 3602 locus
3089 3546 3204 3618 [F.,
3227 3545 3429 3624 iocus].

1845 3637 1947 3705 Qui
1972 3654 2041 3693 ne
2066 3653 2226 3706 quem
2252 3637 2510 3702 offendat,
2540 3639 2751 3708 placeat
2779 3638 2998 3694 dilectio
3026 3638 3249 3703 Christi,

1915 3729 2106 3785 Omnia
2135 3745 2253 3798 qua:
2279 3729 2488 3796 suﬂ‘ert,
2521 3732 2606 3786 cui
2633 3731 2776 3786 bona
2805 3740 2998 3787 cuncta
3026 3731 3260 3801 placent.

1845 3818 1960 3874 Hac
1988 3835 2090 3890 ope
2115 3821 2206 3888 qui
2235 3836 2456 3886 vacuus,
2485 3822 2576 3892 qui
2608 3829 2758 3877 tanto
2787 3830 2871 3878 est
2897 3838 3120 3878 munere
3147 3823 3346 3882 nudus.

1919 3911 2003 3966 Sit
2024 3913 2150 3968 licet
2175 3913 2436 3980 infensus,
2464 3923 2548 3969 est
2577 3915 2708 3969 mihi
2734 3931 2864 3970 cura
2894 3915 3048 3971 levis.

1845 4003 1947 4070 Qui
1984 4012 2035 4058 te
2065 4006 2322 4061 mundani
2350 4008 2522 4076 regni,
2554 4024 2670 4070 rex,
2701 4008 2896 4063 extulit
2921 4025 3068 4075 arce,

1918 4093 2146 4149 Praemia
2174 4097 2418 4166 perpetui
2450 4098 2540 4151 det
2567 4098 2789 4153 meliora
2817 4098 2931 4152 tibi.

2129 4275 2155 4314 δ
2193 4291 2358 4329 SUPER
2389 4289 2697 4327 sermonum
2722 4289 2937 4328 ADRIANI
2963 4290 3129 4328 ρΑΜε.

1847 4362 2025 4417 Aurea
2051 4361 2330 4414 funereum
2358 4359 2670 4428 complectit
2695 4359 2876 4412 littera
2902 4373 3144 4421 carmen,

1847 4512 1947 4565 roli
1977 4512 2030 4566 in
2069 4527 2219 4566 sacro
2257 4511 2370 4579 ejus
2400 4508 2596 4580 palatio
2635 4508 3069 4580 consistentibus,
3111 4507 3430 4580 redegt'sus

1846 4582 2120 4635 diaconus.
2151 4577 2418 4649 Agitutam
2459 4579 2753 4649 diutissime
2791 4594 2823 4630 a
2857 4577 3251 4649 quampiuribus
3276 4577 3427 4649 qua.

1845 4652 2067 4704 stionem
2092 4650 2156 4703 de
2184 4637 2384 4712 Nihilo,
2413 4655 2520 4702 etc.
2543 4647 2805 4702 Abbatem
2835 4637 3026 4717 postea
3049 4646 3214 4702 fuisse
3244 4637 3430 4706 mena.

1845 4720 1993 4774 sterii
2017 4719 2074 4774 S.
2105 4719 2345 4782 Martini,
2377 4726 2432 4772 et
2455 4717 2854 4779 cancellarium,
2880 4731 2948 4771 ex
2976 4717 3140 4772 variis
3165 4717 3424 4776 Ludovici

1843 4789 1924 4844 Pii
1952 4790 2330 4857 diplomatibus
2353 4796 2684 4857 compertum
2715 4794 2813 4840 est.

1921 4871 1943 4899 ο
1986 4856 2224 4913 Nardus.
2257 4858 2358 4925 Qui
2389 4856 2548 4925 supra
2583 4856 2850 4911 Nardulus
2886 4856 2955 4912 ob
2990 4857 3208 4913 brevem
3249 4866 3419 4916 statu-

1848 4943 1986 4983 ram.
2019 4927 2278 4983 Alcuinus
2303 4943 2471 4982 carm.
2497 4927 2602 4981 256
2639 4945 2650 4980 :

1909 5041 2061 5103 Janua
2087 5055 2228 5103 parva
2251 5044 2468 5102 quidem,
2492 5047 2543 5090 et
2571 5055 2744 5100 parvus
2762 5042 3003 5092 habitator
3027 5045 3074 5091 in
3102 5042 3210 5094 sede
3234 5049 3346 5103 est;

1911 5102 2016 5151 Non
2037 5102 2240 5165 spernas
2262 5103 2495 5165 Nardum,
2521 5103 2692 5160 lector,
2711 5105 2756 5151 in
2781 5118 2983 5165 corpore
3005 5117 3172 5160 parvo.

1915 5165 2036 5224 Nam
2065 5164 2256 5213 redolet
2274 5164 2448 5212 nardus
2470 5167 2654 5224 spirate
2677 5168 2896 5222 gramine
2930 5165 3150 5222 multum,

1925 5223 2004 5273 Me
2030 5226 2148 5286 lapis
2173 5229 2430 5285 egregium
2459 5223 2614 5282 uertat
2636 5227 2720 5273 tibi
2745 5237 2948 5286 corpore
2973 5239 3156 5286 parvo:

1914 5285 2065 5332 Parva
2083 5285 2278 5345 quidem
2301 5297 2384 5334 res
2408 5292 2482 5332 est
2504 5285 2768 5343 oculorum,
2793 5285 3188 5346 cerne,’pupilla.

1913 5345 2013 5394 Sed
2037 5351 2167 5406 regit
2190 5346 2393 5405 imperio
2417 5349 2594 5392 vivacis
2611 5347 2827 5405 corporis
2847 5356 3000 5393 actus.

1913 5406 1992 5454 Sic
2015 5410 2144 5465 regit
2168 5409 2273 5468 ipse
2293 5407 2486 5454 domum
2513 5413 2658 5454 totam
2681 5409 2772 5456 sibi
2797 5407 3036 5468 Nardulus
3059 5406 3214 5468 istam.

1912 5468 2146 5528 Nardule,
2163 5464 2239 5517 die
2265 5467 2418 5517 lector
2443 5481 2680 5530 pergens,
2701 5476 2751 5516 tu
2779 5466 3001 5529 parvule,
3020 5464 3176 5512 salve.

1919 5571 1946 5610 ἀ
1988 5571 2159 5648 Super
2185 5572 2482 5648 sepulcrum
2509 5573 2732 5648 Adriani
2756 5585 2924 5648 paper.
2965 5565 3081 5619 Non
3109 5564 3324 5648 videtur
3351 5572 3430 5622 u-

1848 5656 1972 5697 men
2003 5635 2224 5697 Adriani
2241 5635 2500 5712 sepulcro
2533 5635 2842 5709 impositum
2867 5638 2968 5693 hoc
2994 5648 3212 5691 carmen
3236 5635 3424 5704 fuisse,
