3998 6182
483 351 588 407 3‘23

484 557 742 612 Promere
772 567 891 621 qna
925 545 1176 602 Carolum
1203 538 1478 609 compellit
1504 547 1766 602 amorque
1795 532 2052 600 dolorque

558 646 641 699 Me
663 653 808 706 tuus,
833 638 1064 693 Adriane
1089 631 1284 703 prasul
1312 635 1489 682 amate
1513 626 1696 680 nimis.

487 733 806 788 Pontiﬁcum
829 727 1120 796 Specimen,
1151 721 1242 774 lux
1271 717 1460 788 plebis,
1490 729 1682 770 norma
1710 711 1920 775 salutis,

565 823 654 878 Vir
684 820 790 889 pie,
815 817 899 869 vir
921 814 1159 883 sapiens,
1179 811 1268 864 vir
1289 805 1594 862 venerande
1621 802 1772 856 satis.

490 911 665 965 Mente
693 909 896 972 nitens,
924 904 1204 973 formaque
1235 901 1463 963 decens,
1492 910 1760 964 sensuque
1783 893 2056 958 renidens,

557 999 761 1070 lnclyto
787 1011 970 1051 amore
1000 996 1205 1064 vigens,
1235 1005 1438 1060 speque
1463 988 1673 1056 ﬁdeque
1705 985 1912 1039 cluens.

489 1091 567 1146 Tu
591 1090 753 1143 decus
775 1086 1048 1150 Ecclesia,
1075 1083 1166 1136 fax
1195 1079 1480 1150 splendens
1511 1069 1662 1130 urbis
1695 1083 1752 1129 et
1782 1074 1951 1137 orbis,

556 1178 786 1233 Charior
818 1174 1034 1244 egregie
1070 1181 1127 1226 tu
1155 1169 1287 1223 mihi
1321 1168 1436 1221 luce
1460 1165 1642 1229 Pater,

487 1267 658 1335 Quem
685 1281 808 1318 cum
837 1263 953 1317 dira
974 1263 1090 1316 dies
1111 1275 1220 1313 non
1243 1257 1552 1311 exhibitura
1584 1261 1922 1322 sequentem,

561 1353 774 1422 Eripuit
801 1351 968 1414 vivis,
997 1364 1086 1403 res
1113 1347 1393 1418 patuitque
1415 1343 1571 1406 mihi,

490 1443 749 1497 Protinus
780 1439 976 1509 agnovi
1000 1437 1200 1491 veteris
1222 1434 1447 1504 vestigia
1481 1434 1673 1496 luctus,

567 1532 818 1598 Morsque
843 1537 1126 1598 parentum
1154 1525 1325 1580 oculis
1351 1531 1432 1578 est
1461 1529 1712 1576 revocata
1740 1519 1893 1573 meis.

495 1621 677 1676 Taedia
702 1619 911 1689 Pippini
933 1618 1077 1674 sensi
1098 1615 1365 1671 venientia
1389 1623 1581 1675 morte,

569 1703 994 1773 Bertradamque
1019 1701 1189 1764 dolor,
1219 1700 1357 1769 proh
1387 1699 1574 1753 dolor!
1613 1699 1711 1753 iste
1737 1698 1922 1754 refert.

495 1793 738 1864 Cumque
763 1793 840 1847 tui
873 1800 1144 1863 aspectus,
1169 1791 1510 1845 sanctissime
1535 1804 1693 1859 papa,
1718 1789 1994 1851 recordor,

570 1883 780 1952 Corque
803 1882 1092 1950 oculosque
1115 1895 1266 1936 meos
1292 1880 1366 1933 nil
1389 1880 1493 1936 nisi
1517 1880 1689 1934 luctus
1713 1880 1896 1934 habet.

497 1977 715 2032 Munera
735 1983 887 2045 grata
913 1975 1010 2030 tibi
1041 1974 1298 2028 incolumi
1329 1973 1588 2028 mittenda
1618 1973 1894 2042 parabam,

566 2067 766 2121 Tristia
795 2056 936 2120 nunc
969 2073 1165 2119 masto
1192 2071 1411 2134 pectore
1439 2063 1576 2118 dona
1602 2078 1756 2132 paro.

497 2155 766 2210 Marmora
797 2170 896 2224 pro
921 2155 1141 2217 tunicis,
1163 2168 1371 2223 proque
1399 2168 1530 2208 auro
1555 2153 1731 2207 ﬂebile
1758 2166 1999 2216 carmen,

567 2246 697 2312 Quae
721 2255 875 2316 gerat
895 2260 1028 2301 urna
1047 2260 1220 2314 capax
1248 2244 1356 2313 iam
1387 2253 1474 2299 tua
1497 2259 1662 2313 parva
1683 2243 1893 2297 domus.

499 2335 674 2401 Quam
701 2336 828 2403 quis
854 2337 922 2389 ab
949 2349 1144 2388 occasu
1171 2350 1472 2404 properans
1497 2334 1580 2388 vel
1600 2333 1843 2402 quisquis
1865 2331 1933 2385 ab
1951 2338 2076 2386 ortu

573 2427 876 2496 Conspicis,
913 2427 1003 2481 hic
1038 2441 1234 2480 munus
1262 2425 1405 2493 quod
1432 2424 1711 2480 venereris
1745 2416 1931 2477 habes.

503 2518 678 2574 Sexus
695 2529 942 2588 uterque,
963 2533 1148 2582 senex,
1164 2515 1376 2584 juvenis
1394 2529 1548 2586 puer,
1573 2517 1796 2580 advena,
1817 2515 1972 2580 civis,

571 2610 826 2678 Quisquis
859 2625 940 2674 es,
978 2607 1215 2663 Adriano
1249 2607 1336 2661 die
1361 2607 1431 2660 sit
1455 2621 1666 2660 amoma
1694 2605 1866 2674 quies.

500 2702 754 2757 Prasulis
782 2702 937 2756 istius
963 2716 1178 2768 semper
1201 2708 1275 2762 tu,
1309 2700 1500 2764 Roma,
1527 2707 1818 2765 memento,

571 2793 674 2860 Qui
703 2792 799 2847 tibi
823 2801 972 2847 tutor
997 2808 1180 2861 opum,
1205 2808 1391 2845 murus
1425 2801 1480 2846 et
1503 2807 1651 2845 arma
1678 2790 1798 2846 fuit.

503 2885 582 2938 'l‘u
611 2899 825 2954 quoque
853 2899 1136 2938 successor
1161 2884 1403 2938 residens
1427 2883 1481 2937 in
1513 2884 1638 2938 sedc
1665 2892 1906 2949 sacrata,

573 2972 664 3028 Sis
691 2988 902 3027 memor
931 2989 1026 3027 oro
1057 2971 1235 3041 hujus,
1265 2973 1309 3027 si
1339 2975 1483 3028 Deus
1513 2975 1626 3044 ipse
1654 2975 1750 3028 tui.

506 3064 642 3120 Huic
671 3081 832 3135 prece
866 3074 1017 3136 grata
1046 3067 1198 3134 quies
1224 3066 1382 3119 detur
1405 3066 1666 3134 Paulique
1698 3066 1974 3135 Petrique,

573 3157 728 3212 Hune
756 3173 970 3226 quoque
994 3157 1298 3212 calicolum
1325 3164 1518 3211 cuneta
1544 3165 1758 3211 caterva
1775 3157 1946 3226 juvet.

504 3244 644 3300 Huic
688 3247 864 3300 lucem
894 3245 1130 3300 concede
1156 3245 1320 3315 piam,
1351 3246 1585 3300 concede
1611 3246 1867 3315 quietem,

574 3338 688 3391 Rex
721 3337 890 3401 Deus,
909 3346 1071 3406 atque
1095 3337 1274 3406 operis
1305 3344 1362 3390 tu
1395 3336 1654 3391 miserere
1683 3336 1780 3391 tui.

500 3425 581 3481 En
603 3434 687 3480 est
708 3427 852 3496 quod
879 3426 1057 3482 fuerat
1079 3426 1252 3496 pulvis
1274 3426 1340 3481 de
1361 3426 1582 3496 pulvere
1610 3435 1878 3496 sumptus,

575 3517 682 3572 Sed
714 3527 900 3588 putres
935 3519 1144 3573 cineres
1174 3525 1231 3571 tu
1252 3532 1512 3587 reparare
1539 3517 1708 3572 vales.

499 3606 675 3664 Credo
693 3610 835 3678 quod
858 3608 948 3663 hic
974 3608 1145 3678 pulvis
1172 3615 1446 3662 transacta
1470 3616 1643 3662 morte
1675 3614 1940 3677 resurget,

567 3696 679 3750 Nec
697 3698 810 3766 jam
840 3706 964 3765 post
1003 3696 1267 3750 tumulum
1296 3695 1377 3748 sic
1403 3696 1700 3748 moriturus
1730 3696 1854 3750 erit.

502 3786 612 3840 llos
634 3787 816 3855 apices
846 3787 1155 3855 quicunque
1183 3785 1335 3854 legis,
1368 3792 1418 3838 te
1444 3799 1606 3838 nosce
1630 3784 1871 3839 futurum

576 3875 691 3928 Hoc
717 3874 861 3942 quod
891 3875 982 3928 hic
1009 3881 1113 3938 est,
1141 3874 1319 3928 omnis
1345 3874 1449 3927 hoe
1483 3888 1611 3927 caro
1637 3867 1814 3943 pergit
1851 3875 1970 3930 iter.

503 3964 632 4019 Inde
656 3972 802 4018 tuam
828 3972 1064 4019 mentem
1088 3963 1330 4018 venturis
1355 3965 1570 4018 casibus
1597 3973 1790 4032 optans

577 4051 746 4108 Oratu
771 4062 826 4108 et
855 4053 1110 4122 precibus
1145 4053 1222 4108 sis
1255 4067 1465 4108 memor
1502 4052 1680 4121 hujus.
1716 4053 1848 4109 Ave.

502 4228 593 4283 sed
634 4227 862 4299 alterum
903 4243 968 4283 ex
1005 4227 1180 4283 Caroli
1223 4243 1434 4299 quoque
1467 4243 1695 4298 persona
1725 4230 1986 4299 scriptum
2015 4233 2083 4287 ab

502 4299 750 4353 Alcuino.
788 4297 941 4366 Quod
966 4299 1230 4368 hodieque
1258 4297 1442 4352 Romae
1471 4301 1524 4355 in
1550 4313 1820 4354 marmore
1838 4297 2081 4355 incisum

502 4370 686 4424 videre
713 4378 796 4423 est
814 4409 827 4432 ,
865 4368 1136 4438 singulare
1171 4377 1544 4438 argumentum
1573 4369 1734 4438 regia
1759 4369 2081 4425 benevolen-

1485 326 1879 387 TIlEODlEFl
1918 322 2466 381 AURELlANENSlS
2508 320 2712 372 EPISC.

553 464 730 522 Verba
753 469 908 516 tonat
937 457 1109 511 fulvus
1133 461 1188 506 et
1205 452 1500 518 hierymosa
1527 445 1690 499 color.
2079 443 2126 499 Α

3613 301 3723 356 59.6

2641 531 2666 558 ⁸
2716 534 2782 571 Αἰ)
2832 525 3226 569 ANCILBlIBTliﬂ.

2153 613 2290 682 Quid
2314 611 2469 683 cycni
2489 608 2708 672 faciant,
2738 611 2994 659 resonant
3018 603 3142 656 dum
3168 599 3290 653 talia
3316 598 3490 663 corvi,

2222 707 2290 760 Et
2327 704 2485 758 tectis
2517 698 2802 767 strepitant
2825 695 3065 750 carmina
3095 691 3260 746 multa
3287 687 3466 744 meis?

2155 795 2306 850 Nunc
2337 793 2492 845 fallax
2517 789 2736 843 simulat
2757 786 2991 840 hominis
3017 797 3110 836 rea
3143 781 3264 850 pica
3292 777 3586 848 loquelam,
3637 777 3642 779 ’

2225 885 2534 955 Despiciens
2556 882 2821 944 volucres,
2849 878 3051 933 fercula
3075 891 3229 931 sacra
3259 875 3431 929 sedet.

2153 978 2423 1032 Psittacus
2443 986 2497 1031 et
2521 975 2701 1029 varias
2723 972 2966 1026 imitatur
2992 982 3126 1022 voce
3152 979 3449 1028 camanas,

2228 1068 2640 1125 Commaculans
2663 1080 2862 1127 musas,
2897 1063 2925 1102 ι)
2953 1061 3090 1115 vatis
3120 1058 3370 1118 Homere,
3406 1063 3548 1108 tuas.

2161 1159 2429 1228 Mergulus
2456 1165 2616 1226 atque
2651 1155 2806 1226 niger
2833 1150 3010 1222 Ligeri
3037 1150 3274 1219 piscator
3303 1147 3358 1199 in
3383 1144 3544 1199 undis

2231 1252 2516 1320 Brigenses
2538 1247 2700 1302 silvas
2731 1261 2874 1300 nunc
2899 1243 3148 1297 habitare
3173 1238 3329 1294 solet.

2162 1345 2231 1398 Et
2261 1344 2452 1412 pennis
2474 1341 2758 1413 pulchrum
2789 1354 2908 1394 sese
2933 1345 3090 1408 putat
3113 1349 3232 1389 esse
3259 1345 3546 1402 pavonem,

2233 1432 2362 1498 Qua
2385 1432 2569 1485 laudes
2598 1429 2819 1483 Lamuel
2844 1427 3048 1482 addidit
3067 1433 3365 1479 ecce-tuas.

2164 1523 2281 1577 "Vox
2308 1537 2430 1576 reor
2460 1523 2610 1589 aqua
2642 1526 2814 1594 sonat,
2849 1517 2983 1570 l‘allit
3011 1515 3104 1570 sed
3129 1529 3307 1584 penna
3337 1511 3596 1566 colorem.

2233 1611 2346 1666 Nec
2379 1610 2589 1665 varium
2630 1608 2815 1686 rutilat
2839 1607 2926 1660 hic
2956 1605 3119 1659 decus
3144 1605 3196 1656 in
3221 1602 3420 1671 specie.

2165 1701 2322 1754 Nunc
2345 1705 2607 1752 monstrat
2629 1695 2848 1751 cuculus
2869 1694 3104 1747 vernalis
3128 1692 3332 1745 lumina
3360 1688 3574 1754 Phabi,

2094 1777 2142 1834 Β
2239 1789 2457 1844 Balbula
2486 1804 2590 1842 vox
2622 1773 2838 1840 respuat
2871 1792 3084 1852 gutture
3113 1781 3419 1835 raucisono.

2171 1879 2322 1934 Nunc
2353 1879 2585 1948 pluviam
2602 1876 2860 1946 pendens
2887 1873 3050 1928 ramis
3077 1878 3234 1925 vocat
3259 1870 3503 1939 improba
3533 1868 3750 1931 cornix,

2244 1967 2314 2024 Se
2341 1968 2502 2021 fallax
2527 1965 2666 2019 vitas
2681 1962 2855 2031 jactat
2871 1962 3073 2017 habere
3100 1972 3313 2014 novem.

2176 2059 2289 2114 Vox
2311 2057 2532 2113 merula
2561 2062 2754 2120 taceat,
2780 2053 2956 2123 quatit
2984 2067 3142 2106 anser
3165 2050 3373 2120 plectra
3394 2047 3676 2117 palustris,

2245 2147 2462 2203 Vertice
2483 2146 2764 2200 submerso
2788 2142 3002 2197 sordida
3026 2154 3253 2210 quaque
3280 2153 3497 2193 vorans.

2178 2237 2421 2295 Vernalis
2449 2235 2605 2290 sileat
2633 2233 2818 2288 dulces
2850 2231 3102 2286 acredula
3129 2237 3339 2294 cantus,

2245 2325 2548 2380 Nocturnos
2571 2323 2764 2377 reboat
2784 2321 2929 2376 bubo
2957 2319 3175 2374 inimica
3201 2332 3381 2372 sonos.

2167 2419 2423 2487 Increpat
2450 2431 2518 2470 en
2543 2415 2741 2468 iterum
2759 2419 2913 2465 vates
2931 2409 3174 2463 Balensis
3200 2406 3418 2470 asellus,

2248 2510 2604 2576 lnsuetosque
2626 2505 2735 2560 ciet
2756 2516 2890 2558 voce
2917 2501 3144 2554 rudente
3169 2512 3350 2552 sonos.

2178 2598 2424 2655 Vertitur
2447 2604 2502 2650 et
2529 2595 2707 2650 subito
2737 2592 2912 2647 studia
2943 2590 2997 2643 in
3026 2583 3303 2643 contraria
3337 2598 3540 2639 rerum.

2249 2689 2446 2743 Rideat
2471 2687 2747 2756 Orpheum
2777 2683 2996 2753 Tityrus
3025 2680 3352 2733 aurisenum.

2177 2778 2428 2847 Orpheus
2456 2778 2512 2831 in
2541 2775 2690 2830 silvis
2709 2771 2958 2844 putridas
2976 2777 3034 2824 tu
3058 2782 3221 2838 pasce
3241 2764 3495 2835 capellas,

2252 2868 2470 2938 Tityrus
2491 2865 2738 2922 aulenses
2766 2861 2988 2916 delicias
3013 2857 3276 2927 sequitur.

2181 2957 2351 3010 David
2383 2957 2437 3010 in
2472 2968 2596 3009 arce
2629 2959 2811 3007 manet
2844 2948 3027 3019 paucis
3054 2961 3178 3001 cum
3206 2945 3349 2999 forte
3372 2941 3586 3013 puellis,

2254 3045 2485 3099 Pieriam
2511 3041 2686 3098 suiilat
2709 3039 2948 3095 carmina
2974 3048 3200 3104 quaeque
3227 3032 3432 3087 tubam.

2101 3126 2152 3188 C
2183 3136 2239 3190 ln
2269 3135 2462 3205 primis
2491 3125 2980 3187 rutilatFlaccinas
2998 3125 3147 3180 Delia
3177 3138 3383 3188 musas,

2252 3227 2379 3282 Post
2407 3224 2524 3278 alia
2548 3223 2753 3292 pariter
2773 3233 2975 3289 organa
2997 3231 3154 3272 sacra
3181 3215 3366 3270 beant.

2160 3314 2619 3375 DeliaTbreiciam
2637 3314 2750 3383 jam
2772 3309 2959 3380 pangit
2978 3309 3171 3378 pollice
3187 3293 3472 3371 chordam,

2251 3407 2502 3461 Floribus
2529 3413 2692 3473 atque
2718 3408 2878 3456 ornat
2899 3407 3144 3467 tempora
3170 3411 3325 3452 sacra
3350 3395 3505 3450 novis

2181 3495 2414 3554 Vinnula
2446 3491 2727 3548 melliﬂuas
2759 3490 2989 3544 rimatur
3017 3486 3194 3542 ﬁstula
3233 3485 3434 3550 Musas,

2251 3585 2478 3642 Guttere
2507 3591 2588 3637 ter
2611 3582 2808 3651 quinos
2832 3585 3092 3648 personat
3116 3591 3242 3632 ecce
3269 3585 3446 3631 tonos.

2181 3676 2408 3730 Flaccus
2435 3672 2548 3726 abit
2570 3671 2754 3726 senior
2779 3669 2964 3738 pueris
2981 3668 3276 3722 comitatus
3297 3667 3366 3720 ab
3393 3665 3550 3729 urbe,

2254 3765 2388 3818 Dum
2417 3763 2506 3816 lux
2539 3761 2699 3830 plena
2727 3759 2891 3824 redit,
2922 3767 3053 3812 tunc
3081 3755 3223 3812 redit
3247 3756 3362 3826 ipse
3387 3754 3626 3810 domum.

2183 3857 2275 3912 llle
2299 3857 2461 3910 habet
2490 3862 2728 3918 atatem,
2753 3867 2852 3923 pro
2878 3867 2938 3906 se
2969 3851 3291 3920 respondeat
3319 3848 3426 3914 ille,

2255 3947 2358 4001 Pro
2392 3960 2448 3999 se
2477 3957 2682 4013 proque
2704 3943 2815 3998 suis
2844 3942 3007 3996 verba
3032 3941 3186 3995 dabit
3207 3939 3410 4009 pueris.

2183 4037 2291 4090 Aut
2311 4034 2498 4089 inﬂare
2517 4034 2663 4088 leves
2691 4031 2930 4087 calamos
2953 4028 3291 4084 mandaverit
3311 4027 3439 4092 illis,

2185 4229 2305 4270 rum
2336 4212 2572 4282 ejuraret
2592 4227 2607 4275 ;
2624 4281 2629 4282 ί
2649 4209 2817 4263 altera
2846 4209 2910 4264 ad
2937 4207 3170 4282 Leonem
3205 4219 3346 4282 anno
3370 4202 3472 4258 796
3497 4242 3525 4282 η
3543 4203 3775 4282 quiando

2184 4285 2235 4339 ei
2261 4300 2325 4338 ex
2361 4272 2568 4336 llunico
2595 4272 2850 4333 thesauro
2871 4291 3095 4332 munera
3116 4275 3328 4339 obtulit,
3356 4287 3476 4339 qua
3499 4272 3774 4336 Adriano,

2183 4355 2288 4410 nisi
2317 4354 2556 4411 obiisset,
2587 4348 2804 4404 fuerant
2844 4348 3135 4410 destinata,
3172 4344 3240 4399 de
3280 4342 3474 4414 quibus
3515 4342 3570 4398 in
3605 4357 3778 4410 supe-

500 4420 1094 4521 castigamus;
1114 4420 1144 4488 ἰ
1167 4420 1901 4521 ᾗὥξῖᾗῦίιῶἶξυίἲξᾷρᾷιῌέᾇ
1909 4420 2074 4520 usis}

2186 4423 2318 4478 riori
2347 4420 2637 4491 epitaphio,

499 4516 694 4573 statur,
725 4509 954 4578 amicum
986 4525 1176 4574 suum,
1213 4509 1364 4578 cujus
1392 4510 1636 4562 nuntiato
1677 4509 1777 4578 sibi
1813 4509 1962 4562 obitu
2000 4510 2076 4564 sic

497 4577 666 4660 llevit‘,
715 4593 780 4633 ac
821 4579 866 4633 si
908 4576 1132 4633 fratrem
1181 4576 1690 4647 aut'charissimum
1729 4577 1896 4630 lilium
1937 4578 2076 4634 ami-

497 4659 681 4703 sisset.
712 4667 730 4699 ι

571 4730 597 4758 ι
649 4717 732 4770 Ad
759 4713 1150 4789 Angilbertum.’
1169 4718 1448 4789 ,Abhatem
1473 4757 1487 4780 ,
1523 4713 1872 4789 Ca_roli__regis
1901 4730 2080 4789 secre-

498 4789 698 4842 tarium
724 4795 779 4840 et
801 4784 1019 4855 capella
1051 4788 1352 4856 ministrum
1369 4826 1382 4848 ,
1415 4787 1554 4838 inter
1580 4784 1872 4856 familiares
1893 4785 2079 4856 praci-

497 4871 604 4924 pue
627 4852 882 4926 charum:
900 4853 1178 4926 Abbatem
1207 4871 1393 4909 omnes
1428 4864 1644 4926 vocant2
1672 4860 1727 4904 ct
1754 4852 2079 4926 interiabba-

501 4921 584 4995 tes
621 4925 713 4995 qui
753 4923 931 4979 Caroli
968 4921 1140 4992 Magni
1180 4933 1500 4995 testamento
1551 4921 1864 4995 adfuerunt,
1895 4923 2080 4995 Angil‘

498 4989 654 5062 berti:
687 5007 902 5062 quoque
946 4989 1141 5046 nomen
1184 4993 1477 5062 ascriptum
1502 4998 1626 5062 est.
1681 4989 1860 5062 Abbas
1898 4989 2077 5046 autem

499 5060 602 5130 fuit
629 5060 959 5117 S.’Richarii
986 5060 1344 5124 Centulensis,
1375 5060 1516 5130 quod
1545 5061 1933 5115 monasterium
1963 5064 2079 5130 opi-

499 5129 605 5185 bus
639 5133 752 5188 suis
793 5133 1091 5196 renovavit,
1130 5141 1189 5187 ut
1226 5133 1420 5192 docent
1453 5129 1661 5184 Alcuini
1699 5131 1940 5184 carmina
1977 5129 2078 5185 116

499 5209 556 5254 et
593 5201 714 5254 l77.
767 5200 1166 5255 Auricularium
1193 5201 1307 5256 sive
1335 5200 1689 5255 secretarium
1714 5199 1939 5255 Carolus
1965 5201 2078 5268 ipse

498 5272 732 5342 appellat
758 5270 983 5340 epistola
1011 5273 1080 5326 85
1110 5273 1253 5326 inter
1273 5270 1619 5325 Alcuinianas
1637 5309 1651 5329 .
1683 5271 1987 5342 ctdepistola
2008 5272 2076 5325 8.4

495 5340 820 5405 manualem,
849 5342 992 5410 quod
1025 5349 1110 5396 est
1141 5356 1543 5394 amanuensem.
1591 5340 1818 5410 Capella
1847 5340 2076 5408 denique

496 5413 805 5478 ministrum
841 5410 1112 5466 Adrianus
1145 5427 1279 5479 papa
1319 5411 1494 5464 Caroli
1536 5410 2077 5479 capitulari‘rcspon-

496 5483 662 5549 «lens,
692 5475 836 5552 quod
872 5497 970 5554 per
992 5475 1367 5554 Angilbe'rtum
1396 5475 1694 5554 acceperat.
1738 5475 2076 5554 _llujus_pr_:e-

495 5547 724 5607 terea’in'
746 5547 1030 5607 annalibus
1053 5547 1421 5607 memorantur
1444 5547 1695 5604 Romana
1721 5549 1840 5601 dua
1861 5547 1978 5602 alia
1999 5547 2074 5600 le-

496 5623 777 5700 gationes.‘
811 5623 966 5700 Prior
1008 5637 1151 5678 anno
1192 5619 1296 5700 792
1333 5635 1458 5700 cum
1502 5619 1737 5700 Felicem
1786 5616 2072 5700 Urgellita-

495 5702 626 5743 num
655 5692 725 5745 ad
752 5693 1044 5748 Adrianum
1069 5693 1322 5749 eumdem
1357 5690 1581 5746 adduxit
1607 5698 1667 5743 ut
1703 5689 1949 5743 haeresim
1973 5689 2071 5742 ite—

2313 4552 2517 4602 Munera
2541 4554 2676 4609 grata
2702 4547 2787 4595 tibi
2812 4543 3039 4594 iocotnmi
3065 4540 3305 4592 mittenda
3329 4541 3574 4602 parabam.

2255 4655 2284 4694 ι)
2349 4651 2497 4706 Vatis
2542 4648 2787 4702 Homere.
2839 4644 2958 4700 Jam
2989 4641 3168 4697 monui
3201 4641 3572 4706 Angilbertum
3597 4637 3768 4706 jocu—

2256 4658 2284 4694 ι’
2349 4658 2497 4706 Vatis
2542 4658 2787 4702 Homere.
2839 4658 2958 4700 Jam
2989 4658 3168 4697 monui
3201 4658 3572 4763 angluoertum
3597 4658 3768 4706 jocu-

2185 4724 2285 4779 lari
2331 4722 2547 4780 nomine
2590 4718 2881 4788 Homerum
2927 4713 3271 4788 v_oc,itatum._
3297 4721 3491 4788 _taque
3535 4706 3776 4788 Carolus

2185 4810 2302 4859 rex,
2337 4807 2460 4848 cum
2493 4790 2561 4844 ad
2597 4803 2722 4859 eum
2753 4783 3176 4859 de_prpfec_tione
3207 4780 3272 4834 ad
3297 4779 3538 4859 Leonem
3558 4779 3777 4833 scribe-

2185 4847 2301 4927 ret,
2316 4847 2556 4930 epistola
2582 4856 2791 4930 titulum
2818 4847 2972 4930 fecit,
2993 4851 3222 4930 Homero
3253 4847 3589 4911 auricolario,
3612 4861 3776 4903 eam-

2183 4919 2411 5000 demque
2437 4931 2521 4985 his
2542 4927 2718 5000 verbis
2739 4923 3020 5000 conclusit,
3052 4919 3198 5000 Vade
3220 4932 3515 5000 reversurus
3538 4932 3656 4996 cum
3684 4932 3780 4998 δᾳ-

2181 4985 2672 5064 ἱᾶἰὲξΗοηιενὶαηε
2704 5011 2852 5065 puer.
2895 4993 2987 5046 Sic
3012 4998 3065 5046 et
3093 4989 3376 5065 Alcuinus,
3406 4995 3521 5065 tum
3555 4985 3622 5065 ing
3650 4986 3776 5064 epi-

2181 5051 2502 5135 stolisftum
2539 5067 2592 5122 in
2631 5051 2966 5137 carminibus
3001 5051 3464 5137 sapissime,nscd_
3490 5051 3662 5110 facete
3686 5051 3771 5106 'in

2179 5126 2393 5210 primis,
2416 5146 2472 5192 et
2501 5137 2774 5206 eleganter
2791 5133 2855 5188 γι)
2885 5126 3111 5201 epistola
3133 5127 3203 5184 92
3225 5129 3280 5181 in
3312 5126 3574 5181 Ovidiano
3599 5137 3774 5180 versu

2181 5211 2392 5267 ludens.

2427 5339 2480 5388 Si
2504 5336 2621 5388 nihil
2645 5334 2887 5398 attuleris,
2911 5333 3022 5396 ibis,
3047 5330 3285 5388 Homere,
3306 5326 3450 5375 foras.

2179 5471 2459 5530 Refertum
2486 5476 2572 5522 est
2595 5474 2766 5521 totum
2795 5465 2898 5522 hoc
2927 5457 3213 5530 Theodulfi
3242 5469 3458 5530 carmen
3497 5447 3774 5530 ejusmodi

2179 5525 2456 5596 nominum
2487 5537 2896 5596 mutationibus,
2932 5546 3050 5602 qua
3079 5529 3146 5583 ab
3183 5529 3249 5602 iis
3287 5525 3517 5602 fortasse
3537 5525 3633 5602 qui
3664 5533 3778 5599 au-

2179 5589 2998 5678 diebant-"intelligipoterant,
3049 5614 3189 5656 nunc
3237 5589 3634 5654 inextricabiles
3683 5589 3775 5643 vi-

2178 5681 2386 5736 dentur.
