3998 6182
305 249 386 307 325

354 363 523 419 Vertico
545 362 704 420 Silani
727 371 820 420 aut
843 372 987 419 serta
1019 363 1183 433 ligare
1210 366 1372 422 senis.

300 455 383 512 llas
406 469 569 524 paucas
592 453 762 509 David
789 456 962 509 cernit
984 456 1260 525 psalmista
1284 471 1581 523 cammnas,

351 545 532 616 Regales
549 545 685 600 inter
705 543 818 613 jam
841 559 1098 602 resonans
1126 548 1332 616 epulas.

293 637 537 706 Subjicieus
561 651 758 706 paucos
790 637 928 691 inter
961 651 1173 706 quoque
1200 638 1322 692 licia
1354 639 1457 693 tela

348 726 465 780 Delia
484 723 727 780 femineos
747 725 1040 795 Virgiliana
1065 725 1249 794 pedes.

287 815 452 872 Bcselel
471 824 612 883 atque
633 814 844 882 Lupum
867 816 1050 872 subito
1075 817 1311 884 respexit
1334 817 1579 882 inertem,

341 907 633 975 Quapropter
651 906 826 958 tacuit
851 905 1037 959 suavia
1064 907 1228 960 verba
1260 907 1476 962 timens.

282 999 396 1053 Dum
421 998 576 1066 Lupus
595 996 854 1066 aufugiat,
877 997 1019 1051 redit
1046 998 1099 1050 in
1120 997 1420 1066 praecordia
1441 1015 1650 1065 sensus,

339 1087 634 1144 Carminibus
659 1085 889 1154 complet
915 1085 1155 1152 flumina,
1185 1104 1329 1151 rura,
1359 1090 1564 1145 domos.

281 1177 337 1231 Et
359 1189 646 1245 quocunque
669 1174 755 1231 die
784 1184 1038 1231 crescunt
1063 1178 1118 1231 in
1143 1179 1348 1232 vertice
1368 1179 1540 1250 thyrsi

335 1266 436 1323 Jam
457 1266 614 1324 rutila
635 1267 831 1332 crines,
859 1276 991 1326 tunc
1013 1278 1171 1324 canet
1191 1270 1308 1340 ipse
1327 1285 1561 1341 quoque.

276 1356 391 1409 Dum
409 1355 567 1424 Lupus
586 1357 636 1411 in
655 1357 852 1416 scrinia
871 1359 1065 1426 quaerit
1082 1375 1180 1414 sua
1200 1361 1444 1414 carmina
1463 1377 1655 1429 canus,

331 1445 535 1502 inveniet
557 1446 736 1504 forsan
766 1457 826 1505 ut
852 1447 1000 1502 hlaro
1023 1437 1156 1502 tunc
1187 1457 1422 1504 resonat.

267 1536 440 1591 Lucius
459 1537 560 1606 ipse
579 1537 728 1594 brevi
756 1538 996 1606 depingit
1015 1538 1253 1592 carmina
1278 1548 1458 1606 notus,

329 1626 458 1681 Talia
481 1641 572 1683 nec
601 1643 800 1685 corvus
825 1628 1035 1683 discere
1063 1627 1202 1686 forte
1222 1630 1383 1686 valet.

259 1714 506 1771 Scottulus
523 1717 792 1775 accinctus
808 1717 986 1788 gladio
1007 1727 1062 1775 te
1082 1729 1291 1790 spectat
1315 1727 1494 1788 acuto,

321 1807 538 1866 Perfot‘et
559 1817 621 1864 ut
651 1818 860 1878 peculi,
891 1809 1237 1877 Corviniane,
1266 1821 1442 1867 tuum.

256 1896 361 1952 Non
395 1899 529 1953 timet
558 1899 645 1958 hic
669 1913 876 1962 corvos,
913 1899 1119 1953 volucri
1145 1915 1247 1955 nec
1273 1910 1522 1970 parceret
1551 1900 1668 1965 ulli,

321 1985 376 2044 Si
396 1987 542 2040 modo
570 1987 860 2044 Dauniam
891 1997 1076 2057 sperat
1099 1990 1288 2044 abesse
1315 1991 1524 2060 procul.

247 2073 364 2128 Non
390 2073 499 2142 pius
523 2082 604 2128 est
632 2072 850 2130 Scottus
874 2084 1060 2131 noster
1081 2077 1314 2134 Dammta
1337 2089 1520 2148 poeta,

320 2160 545 2216 Vertitur
571 2163 624 2220 in
645 2162 852 2220 luctum
875 2164 1033 2219 ludus
1054 2167 1124 2221 ab
1141 2181 1247 2221 ore
1271 2183 1492 2236 procax.

244 2255 483 2308 Attamen
509 2267 658 2310 arma
682 2255 896 2312 minans
926 2255 1145 2312 Scottus
1166 2257 1277 2326 jam
1298 2261 1486 2328 pmlia
1511 2269 1716 2326 tentat;

313 2342 652 2411 Getulumque
676 2352 841 2418 caput
866 2361 999 2401 ense
1025 2346 1190 2403 ferire
1216 2349 1420 2404 volens.

241 2430 339 2482 llic
371 2429 577 2482 Scottus
599 2436 780 2489 sottus
801 2439 984 2488 cottus
1013 2432 1288 2490 trinomen
1319 2433 1558 2498 habebit,

243 2519 260 2538 ‘
311 2519 522 2578 Guttere
543 2520 878 2591 geutiluputu
905 2521 1107 2577 clamat
1131 2531 1188 2577 et
1217 2523 1332 2592 ipse
1361 2539 1514 2579 cavo.

235 2608 482 2664 Carmine
504 2609 748 2682 versifico
776 2607 988 2666 fumoso
1012 2619 1068 2666 et
1095 2612 1363 2672 distichon
1387 2629 1505 2680 ore,

307 2701 414 2756 lloc
428 2700 620 2756 cecinit
641 2701 794 2760 nobis
814 2715 942 2759 ecce
961 2701 1196 2758 Menalca
1221 2719 1340 2759 suo.

228 2791 504 2847 Exanimis
526 2794 704 2848 vivum
732 2791 844 2850 risu
868 2795 1136 2863 percussit
1166 2795 1372 2865 iniquo,

305 2880 412 2935 Sed
443 2889 618 2944 tamen
645 2881 762 2940 hwc
789 2883 974 2951 pueris
999 2882 1184 2952 praelia
1208 2883 1518 2952 proficiunt.

227 2971 361 3026 Tres
405 2972 554 3040 pueri
589 2972 792 3030 circum
820 2972 1054 3030 Dauielis
1088 2972 1292 3029 fercula
1319 2978 1574 3046 gaudent,

301 3061 401 3128 Qui
427 3071 684 3131 superant
704 3061 950 3122 ﬂammas
965 3063 1404 3129 mbilitate,tide.

225 3151 378 3205 Nunc
403 3148 503 3207 Job
528 3151 775 3212 ἰωωεωδὶ
799 3167 1026 3212 numero
1051 3153 1304 3223 fulgeseit
1328 3156 1574 3222 honoris,

300 3240 726 3310 Psalteriumque
754 3241 928 3300 oeulis
959 3242 1128 3312 fulget
1157 3260 1344 3302 amore
1366 3245 1487 3313 piis.

222 3332 279 3384 In
313 3331 492 3385 medio
520 3329 691 3386 David
727 3340 940 3400 sceptro
974 3332 1115 3402 regit
1141 3333 1348 3398 omnia,
1384 3333 1564 3402 largas

293 3421 600 3490 Disponens
626 3420 815 3491 epulas
840 3422 1033 3480 ordine
1059 3421 1309 3490 paciﬁca.

218 3511 289 3564 Et
316 3511 440 3580 pius
462 3509 648 3563 Aaron
672 3509 949 3569 benedicit
978 3519 1172 3570 cuncta
1197 3527 1296 3585 per
1325 3511 1528 3576 aulam,

292 3592 658 3651 Sanetifieans
681 3597 862 3652 verbis
890 3597 1094 3662 fercula
1131 3608 1324 3654 cuncta
1362 3599 1556 3655 sacris.

214 3687 284 3741 Et
308 3686 556 3753 Nemias,
589 3686 865 3760 Solymam
891 3691 982 3760 qui
1009 3687 1124 3758 jam
1147 3699 1504 3752 renovaverat
1523 3692 1735 3757 urbem,

286 3778 698 3848 Baecbipotens
735 3780 919 3838 calvus
954 3781 1131 3839 dulcia
1165 3783 1288 3838 vina
1329 3784 1488 3840 feret.

209 3867 314 3934 Qui
348 3868 509 3924 locus
534 3877 623 3925 est
655 3885 819 3927 corvo
849 3870 964 3928 hac
989 3871 1131 3929 inter
1157 3874 1407 3928 convivia
1446 3873 1637 3944 agro?

277 3959 338 4014 In
381 3959 541 4014 silvis
578 3967 796 4014 maneat
833 3959 975 4018 inter
1003 3968 1059 4020 et
1091 3962 1207 4031 ipse
1241 3962 1416 4032 lupos.

205 4051 272 4106 Ni
305 4061 502 4108 tamen
530 4053 679 4108 Elia:
708 4052 970 4123 depurget
997 4053 1227 4110 crimina
1253 4055 1426 4121 corvi,

276 4139 574 4196 Convocet
601 4151 764 4214 atque
797 4144 994 4200 iterum
1024 4141 1092 4200 ad
1126 4141 1328 4198 fercula
1365 4157 1519 4198 sacra
1555 4141 1679 4198 sibi.

203 4231 444 4300 Hispani
475 4240 643 4302 potus
671 4230 953 4290 Hardberd
984 4241 1227 4292 servator
1252 4247 1466 4299 avarus,

272 4322 556 4376 Armatus
585 4321 785 4377 Cerere
824 4329 970 4378 tctus
1002 4321 1056 4378 in
1085 4322 1199 4378 aede
1227 4336 1345 4376 sua.

200 4411 267 4463 Et
299 4411 558 4466 calidum
588 4418 803 4482 sceptro
835 4419 1016 4470 versat
1051 4410 1254 4468 callere
1287 4411 1502 4476 culiis,

273 4503 350 4558 Ut
383 4504 553 4558 bibat
580 4503 685 4557 hoc
711 4503 970 4573 gelidum,
1003 4502 1144 4570 quod
1180 4510 1361 4558 movet
1388 4503 1477 4558 hic
1504 4503 1756 4560 calidum.

199 4591 503 4645 Grmcuius
533 4599 593 4646 et
616 4590 824 4645 Putil‘ar
859 4591 1065 4647 invisus
1094 4589 1235 4648 forte
1262 4590 1476 4662 puellis,

263 4681 560 4738 Armatus
589 4679 791 4740 frustra
820 4680 1007 4749 pmlia
1038 4681 1181 4738 nulla
1210 4693 1422 4749 gerens.

199 4773 378 4836 Quem
411 4773 564 4829 socii
590 4774 798 4844 pariter
821 4773 1004 4842 Bagao
1029 4773 1357 4827 comitantur
1383 4780 1439 4826 et
1462 4772 1712 4853 Egens?

257 4865 350 4926 Ex
395 4865 595 4922 tribus
627 4864 714 4918 his
743 4865 949 4918 truncis
978 4878 1084 4922 non
1110 4863 1214 4920 erit
1242 4878 1381 4920 unus
1410 4864 1594 4922 homo.

200 4951 254 5005 ili
289 4967 434 5010 reor
469 4953 532 5010 in
565 4952 805 5010 cameris
830 4967 938 5010 non
961 4951 1220 5018 suntiam
1251 4959 1440 5022 sponte
1469 4952 1688 5037 fideles:

259 5095 290 5122 ⁸
318 5083 419 5142 Ad
446 5081 691 5139 Gislam.
721 5084 913 5142 Filiam
944 5100 1120 5153 suam.
1145 5093 1204 5144 ut
1230 5101 1352 5140 mox
1381 5087 1606 5153 indicat,

354 5173 526 5232 Quod
557 5175 653 5224 tibi
677 5173 984 5228 Theudulfus
1003 5175 1088 5229 dat
1120 5181 1264 5236 pater
1298 5186 1418 5225 ecce
1437 5181 1567 5226 tuus.

200 5253 378 5327 ’atel:
399 5256 690 5327 nimirum
719 5255 895 5327 factus
924 5267 1048 5310 ante
1075 5264 1385 5327 susceptum
1423 5257 1811 5327 episcopatum.

253 5323 286 5366 ι
334 5323 517 5388 Qun
569 5325 701 5379 bene
739 5325 1110 5395 Hieronyme.
1164 5323 1471 5395 Duocirea
1497 5323 1814 5382 Psalterium

199 5395 567 5465 maestitaat
595 5393 958 5465 Hieronymus
978 5415 991 5448 :
1016 5397 1254 5465 priscam
1291 5393 1445 5460 juxta
1474 5396 1815 5464 septuaginta

199 5463 476 5520 “utinam
535 5463 849 5519 versionem
893 5463 1226 5527 emendant,
1275 5473 1330 5518 et
1358 5479 1554 5518 novam
1585 5463 1815 5519 alteram

200 5541 357 5604 uta,
383 5531 750 5604 Hebraicmm
773 5534 1118 5604 procederet.
1171 5533 1466 5604 Utriusque
1509 5535 1693 5604 cperis
1732 5535 1816 5604 sui

205 5602 474 5658 teminit
507 5603 624 5659 sub
647 5601 808 5659 finem
837 5603 962 5663 libri
988 5619 1004 5658 ι
1033 5603 1286 5658 adversus
1310 5601 1563 5658 Rufinum
1589 5620 1602 5657 :
1629 5621 1648 5656 ι
1673 5603 1820 5659 Psal-

1551 246 1872 302 CARMINA.
1913 243 2040 300 LIB.
2083 243 2170 299 111.

1824 374 1875 429 Α
1973 367 2125 422 Saeva
2165 383 2358 423 manus
2389 368 2582 423 medici
2618 370 2760 440 cogit
2789 369 2986 425 habere
3009 369 3191 425 fidem.

3409 256 3478 312 26

1896 457 2065 512 Filius
2093 467 2147 512 et
2174 456 2349 512 vidua:
2378 457 2563 513 Hiram
2591 459 2730 514 bene
2759 461 3024 516 construit
3051 461 3224 515 aedem

1966 549 2280 604 Altithrono
2307 550 2507 604 Christi
2538 551 2832 606 auxilietur
2854 567 3008 621 opus.

1896 637 2005 694 Hos
2033 642 2175 694 inter
2203 639 2494 696 Nembroth
2525 642 2676 714 gigas
2703 643 2963 696 venabula
2993 651 3235 714 quassat,

1968 727 2068 794 Qui
2105 729 2227 784 telis
2252 746 2476 784 corvum
2506 731 2686 790 fronte
2714 733 2875 786 ferire
2900 742 3073 802 parat.
3144 748 3157 766 ι

1896 818 1964 871 Et
1998 834 2150 872 mare
2189 819 2474 873 velivolum
2507 822 2732 876 turbans
2760 823 3138 892 Polyphemius
3175 824 3385 894 ingens,

1967 907 2240 977 Mergulus
2275 917 2335 961 ut
2365 918 2604 978 nequeat
2639 911 2879 981 eﬂ‘ugere
2905 922 3001 966 aut
3031 914 3238 984 pelago,

1896 999 1963 1054 Ili
1993 1001 2101 1056 duo
2131 1002 2419 1072 dispariles
2458 1004 2739 1069 membris,
2773 1008 2866 1060 sed
2899 1017 3078 1062 mente
3108 1011 3369 1080 minaces,

1972 1089 2064 1143 [lle
2089 1090 2254 1158 pedes
2281 1090 2432 1144 corvi
2465 1089 2700 1160 franget,
2730 1102 2784 1147 et
2810 1094 2913 1149 iste
2941 1105 3122 1165 caput.

1897 1177 2168 1250 Pygmalei
2202 1189 2411 1234 tantum
2443 1181 2722 1250 cupientes
2755 1195 3000 1250 quaerere
3029 1201 3239 1255 pacem,

1971 1269 2194 1338 Propter
2218 1269 2357 1324 bella
2387 1286 2578 1340 gruum
2606 1270 2838 1325 Corvule
2865 1273 3017 1344 nigre
3047 1276 3167 1339 tibi,

1899 1357 2028 1412 Haec
2055 1358 2152 1412 tibi
2179 1358 2447 1412 sufficiant
2470 1359 2727 1423 venienti,
2763 1360 2999 1430 trispeda
3037 1369 3246 1416 tantum

1976 1447 2167 1503 Verbis
2197 1446 2466 1500 sufficiant
2489 1448 2686 1512 biems,
2711 1449 2849 1513 sitis,
2879 1457 3042 1520 atque
3068 1449 3258 1506 fames.

1916 1537 2026 1592 Nos
2066 1546 2286 1591 nostros
2313 1537 2469 1590 nobis
2499 1545 2683 1591 nostra
2713 1546 2989 1594 teneamus
3017 1540 3070 1593 in
3099 1541 3221 1595 aula

1982 1627 2322 1696 Trispedicos
2358 1626 2577 1693 fratres,
2610 1628 2682 1682 sit
2718 1629 2809 1682 tibi
2842 1631 2996 1684 turba
3031 1631 3233 1686 brevis.

1829 1700 1877 1759 Β
1905 1713 2016 1770 Hos
2043 1723 2251 1768 tantum
2285 1723 2470 1770 teneas
2508 1716 2775 1770 acerrime
2801 1715 3030 1772 Corvule
3057 1733 3276 1775 versus:

1978 1802 2187 1872 Saepius
2217 1812 2379 1872 atque
2407 1805 2590 1874 legens
2615 1813 2832 1874 pectore
2864 1807 3037 1860 conde
3065 1817 3175 1864 tuo.

1907 1890 2046 1944 Dum
2075 1891 2254 1944 veniet
2278 1891 2500 1946 Flaccus
2529 1893 2712 1961 pueris
2752 1895 3042 1948 comitatus
3078 1904 3134 1948 et
3161 1898 3309 1954 odis:

1985 1977 2137 2032 Tunc
2166 1993 2386 2046 sperare
2421 1979 2547 2034 licet
2565 1981 2679 2048 jam
2705 1982 2914 2050 potiora
2951 1981 3063 2035 tibi.

1904 2067 2062 2122 Tunc
2087 2069 2183 2122 tibi
2214 2077 2295 2122 tot
2321 2069 2486 2135 salve,
2519 2079 2652 2139 quot
2679 2079 2807 2125 sunt
2833 2071 2886 2124 in
2914 2071 3116 2127 vertice
3146 2073 3326 2129 crines

1979 2158 2259 2224 Albentes,
2294 2160 2373 2214 sic
2403 2167 2481 2227 tu,
2513 2159 2859 2224 Corviniane,
2887 2160 3030 2215 vale.

2641 2247 2730 2302 Ν.

2504 2349 2529 2377 ⁸
2559 2353 2626 2391 λι)
2663 2352 2876 2393 ῦΙΘιΔὶί.

1906 2427 2075 2493 Gisla,
2108 2427 2322 2483 favente
2346 2428 2480 2493 Deo,
2510 2428 2820 2482 venerabile
2855 2427 3070 2497 suscipe
3099 2428 3317 2492 donum,

1978 2517 2129 2584 Quod
2157 2518 2256 2572 tibi
2281 2517 2575 2571 Teudulfus
2604 2518 2694 2570 dat
2715 2525 2869 2585 pater
2899 2533 3024 2571 ecce
3054 2525 3200 2573 tuus.

1909 2605 2044 2660 Nam
2081 2607 2178 2660 tibi
2209 2607 2530 2662 Psalterium
2564 2606 2792 2675 praecepi
2826 2606 3055 2659 seribier
3087 2605 3253 2673 istud,

1977 2695 2216 2765 Argento
2243 2705 2402 2766 atque
2435 2712 2568 2750 auro
2599 2696 2740 2764 quod
2772 2695 2982 2748 radiare
3007 2696 3179 2751 vides.

1909 2787 2027 2856 Quo
2055 2789 2207 2858 prior
2235 2789 2461 2843 Hebrzeo
2490 2787 2780 2843 concordat
2810 2788 3004 2857 pagina
3036 2803 3187 2854 vero,

1979 2880 2158 2935 Editio
2187 2888 2245 2933 ut
2281 2881 2458 2949 prisca
2497 2890 2578 2936 est
2615 2897 2742 2938 mox
2771 2884 2929 2938 habet
2967 2884 3089 2938 inde
3119 2899 3351 2954 sequens

1909 2970 1937 3011 δ
1952 2970 2094 3038 Quas
2111 2972 2248 3026 bene
2263 2971 2621 3043 Hieronymus
2638 2974 2776 3027 banc
2800 2974 3078 3039 transfert,
3098 2976 3320 3046 corrigit
3343 2975 3486 3030 illam

1830 3031 1878 3096 ο
1982 3061 2244 3118 Sensibus
2274 3031 2510 3133 egregiis
2545 3073 2796 3134 utraque,
2828 3065 3010 3130 crede,
3043 3065 3224 3119 micat.

1908 3152 2138 3207 Assidua
2163 3156 2306 3222 quod
2337 3162 2397 3208 tu
2422 3164 2475 3209 et
2501 3158 2759 3220 studiosa,
2792 3167 2971 3213 mente
3003 3157 3309 3226 frequenta,

1985 3241 2246 3296 Sensibus
2283 3252 2445 3312 atque
2478 3245 2594 3312 ejus
2621 3256 2838 3301 strenua
2876 3249 3043 3301 subde
3079 3255 3216 3301 tuos.

1912 3327 2184 3398 Organum
2215 3329 2320 3382 hoc
2347 3331 2401 3381 in
2430 3334 2659 3398 gremio,
2688 3335 3051 3389 modulamina
3080 3344 3260 3388 mente
3291 3344 3492 3401 teneto,

1981 3415 2097 3470 Hoc
2124 3417 2352 3484 plectro,
2380 3419 2465 3472 bis
2495 3420 2674 3474 sistris
2699 3423 2770 3475 sit
2793 3432 2880 3476 tua
2909 3424 3067 3492 plena
3095 3440 3308 3480 manus.

1911 3506 2025 3562 Hoc
2050 3515 2103 3562 te
2125 3507 2282 3561 dulce
2315 3508 2486 3563 melos
2517 3522 2754 3577 recreet,
2789 3515 2905 3568 haec
2934 3522 3190 3584 tympana
3215 3514 3418 3585 plecte,

1979 3596 2106 3674 Hazc
2136 3605 2293 3652 sonet
2322 3599 2491 3667 liarpa
2523 3600 2642 3665 tibi,
2672 3611 2980 3674 perstrepat
3011 3602 3112 3657 ista
3144 3603 3278 3676 lyra.

1909 3685 2024 3743 Hoc
2057 3689 2216 3744 modo
2249 3690 2538 3756 cantando,
2573 3692 2732 3746 modo
2763 3693 3143 3760 pertractanda
3173 3708 3413 3756 recurre,

1978 3778 2096 3846 Quo
2127 3795 2284 3850 mage
2311 3780 2524 3835 divinus
2553 3781 2679 3836 hinc
2709 3783 2805 3837 tibi
2835 3791 3044 3839 crescat
3077 3799 3249 3839 amor.

1907 3869 2133 3925 Assidue
2166 3871 2211 3926 si
2241 3887 2386 3938 ores,
2416 3872 2512 3927 tibi
2545 3873 2615 3927 sit
2651 3874 2695 3928 si
2727 3875 2889 3930 lectio
2918 3877 3130 3941 crebra,

1977 3957 2096 4028 Ipsa
2124 3961 2235 4015 Deo
2258 3961 2520 4030 loqueris,
2549 3970 2604 4015 ct
2632 3962 2775 4018 Deus
2804 3965 2914 4033 ipse
2949 3965 3066 4019 tibi.

1911 4052 1994 4107 Sit
2024 4051 2120 4105 tibi
2155 4050 2306 4123 larga
2335 4068 2552 4117 manus,
2581 4069 2762 4108 mores
2797 4057 3017 4126 compti,
3059 4056 3200 4114 actio
3229 4055 3488 4128 prudens,

1979 4140 2133 4196 Unde
2161 4142 2396 4196 creatori
2429 4142 2532 4195 rite
2557 4142 2774 4210 placere
2805 4159 2993 4211 queas.

1911 4231 1997 4286 Sit
2020 4232 2157 4286 [ante
2183 4232 2443 4295 studium,
2473 4233 2544 4285 sit
2575 4248 2703 4286 cura
2734 4233 3031 4286 domestica
3061 4246 3292 4300 semper,

1981 4320 2132 4374 Mens
2162 4328 2252 4373 tua
2277 4335 2384 4387 quo
2416 4319 2647 4373 famulos
2682 4320 2935 4383 mulceat,
2965 4327 3128 4391 atque
3155 4320 3350 4383 virum,

1835 4383 1889 4442 Β
1915 4411 2139 4465 Actibus
2168 4409 2222 4462 in
2254 4383 2465 4463 cunctis
2499 4417 2680 4462 teneat
2709 4409 2967 4464 discretio
2996 4385 3245 4476 regnum,

1988 4498 2103 4553 liae
2130 4512 2325 4554 ornare
2354 4499 2550 4562 libens,
2581 4499 2682 4553 hac
2710 4499 2846 4555 duce
2869 4498 2979 4554 vita
3006 4507 3208 4554 manet.

1919 4589 2124 4659 Sperne
2157 4589 2322 4654 mala,
2351 4596 2562 4644 sectare
2588 4589 2808 4654 bonum,
2841 4603 2967 4660 gere
2994 4596 3187 4645 cuncta
3215 4588 3490 4656 decenter,

1989 4677 2191 4733 Eﬂ‘erat
2227 4685 2287 4732 ut
2311 4692 2537 4751 prorsus
2569 4685 2620 4733 te
2649 4693 2910 4748 generosa
2939 4679 3104 4744 salus,

1918 4767 2076 4826 Casta
2105 4769 2226 4840 vige
2261 4768 2458 4839 eoujux
2498 4768 2715 4841 longum
2748 4785 2868 4824 eum
2899 4769 3124 4841 conjuge
3158 4780 3330 4839 casto,

1991 4858 2058 4910 Et
2083 4872 2180 4911 vos
2211 4855 2432 4912 effectus
2462 4857 2696 4914 laetificet
2730 4859 2946 4914 sobolis.

1923 4947 2223 5016 Suaveque,
2255 4945 2424 5013 Gisia,
2458 4956 2550 5005 tuo
2581 4949 2810 5004 feliciter
2843 4961 2864 4989 ε
2895 4959 3048 5006 ntere
3075 4951 3213 5018 rice,

1923 5082 2117 5160 torium
2146 5095 2383 5160 quoque,
2429 5083 2569 5149 quod
2619 5091 2767 5138 certe
2810 5082 3490 5160 em_endatissimumjtixta

1924 5149 2272 5230 Septuaginta
2311 5151 2634 5230 lnterpretes
2665 5162 2862 5230 nostro
2889 5153 3073 5208 labore
3097 5155 3294 5209 dudum
3319 5149 3490 5230 Roma

1923 5220 2177 5286 suscepit,
2224 5234 2438 5273 rursum
2474 5220 2627 5288 juxta
2665 5221 2988 5275 chraicum
3034 5232 3250 5275 vertens
3293 5221 3490 5288 praefu-

1921 5291 2066 5346 tione
2095 5288 2318 5358 munivi.
2354 5308 2384 5342 ι’
2406 5288 2701 5358 Utrumque
2727 5290 3053 5346 Theodotius
3073 5292 3129 5343 in
3157 5293 3258 5343 hoc
3282 5303 3381 5342 suo
3403 5303 3494 5341 co-

1921 5359 2039 5414 diee
2074 5356 2417 5425 coniunctum
2444 5356 2732 5428 significat.

1993 5457 2018 5487 ο
2062 5446 2215 5518 Utere
2244 5448 2371 5500 rico.
2416 5446 2510 5502 Sic
2551 5448 2832 5518 legendum
2871 5449 3354 5518 exgmanuscripto,
3383 5458 3491 5498 non

1919 5517 2077 5586 uico.
2099 5516 2260 5572 Gisia:
2284 5518 2429 5570 enim
2456 5511 2708 5572 maritum
2740 5519 2914 5586 inquit
2937 5515 3104 5586 fuisse
3126 5511 3493 5579 Suaoaricum,

1921 5585 2074 5654 cujus
2118 5601 2313 5641 nomen
2354 5587 2515 5641 metri
2553 5601 2718 5642 causa
2748 5581 2958 5640 dividit.
2996 5581 3176 5648 Quare
3215 5596 3492 5654 ruamus,
