3998 6182
425 295 536 355 337

502 408 748 478 Cumque
783 403 875 459 illo
902 402 1030 460 felix
1056 403 1218 456 dante
1252 413 1475 454 senesce
1497 397 1627 450 Deo.

436 500 572 556 Sitis
605 495 691 552 avi
729 505 784 551 et
812 495 1020 566 proavi,
1056 500 1204 562 petat
1242 498 1297 544 ut
1324 504 1419 542 vos
1454 488 1607 541 turba
1639 494 1928 555 nepotum;

505 591 608 644 Det
644 589 842 644 donum
875 586 979 639 hoc
1003 583 1156 637 vobis
1180 580 1271 650 qui
1298 580 1444 634 dedit
1470 579 1573 633 hoc
1601 578 1866 647 patrihus.

436 682 592 752 Spes,
625 682 810 743 decus,
845 679 998 740 ordo,
1030 675 1184 740 ﬁdes,
1215 675 1408 744 pietas,
1441 671 1754 735 concordia,
1781 670 1974 733 virtus,

508 769 712 836 Gratia,
750 783 963 840 paxque
990 766 1085 820 Dei
1114 767 1224 821 sint
1259 764 1357 818 tibi
1395 777 1630 832 semper.
1661 760 1796 815 Ave.

1186 852 1252 908 V.

1015 959 1041 986 ⁸
1073 962 1140 999 AD
1171 958 1432 999 RECINAH.

433 1041 479 1097 Ο
507 1039 687 1111 regina
719 1047 932 1110 potens,
969 1053 1003 1092 o
1043 1036 1224 1104 magni
1256 1034 1427 1103 gloria
1460 1032 1623 1103 regis,

503 1131 547 1186 Ο
572 1130 770 1199 populi,
804 1145 837 1183 ο
863 1128 994 1183 cleri
1027 1128 1228 1196 luxque
1256 1126 1529 1192 decusque
1556 1123 1765 1192 vigens,

432 1217 510 1272 Te
533 1217 695 1271 Pater
727 1215 1056 1271 altithronus
1097 1215 1317 1281 longum
1348 1219 1636 1267 conservet
1666 1211 1718 1264 in
1748 1223 1939 1262 navum.

502 1308 570 1361 Et
607 1308 784 1376 prosis
810 1307 1023 1376 populis
1050 1305 1411 1373 Ecclesizeque
1441 1302 1556 1355 Dei.

433 1397 514 1451 Tu
546 1397 635 1450 lux
669 1404 723 1449 et
751 1397 1002 1464 spendor,
1036 1402 1092 1448 tu
1124 1394 1271 1464 regni
1307 1393 1520 1462 insigne
1550 1392 1838 1459 decusque,

507 1485 696 1554 Tuque
726 1485 920 1539 decore
947 1483 1084 1539 cluis
1113 1499 1234 1538 cum
1254 1483 1478 1552 pietatis
1504 1497 1626 1550 ope.

440 1577 509 1631 Et
545 1576 751 1631 sociata
779 1575 868 1642 pio
902 1582 957 1628 et
984 1573 1162 1627 meriti
1194 1572 1316 1626 data
1347 1586 1572 1625 munere
1601 1571 1734 1640 regi,

510 1665 682 1732 Quem
707 1664 848 1718 Deus
874 1663 990 1716 exal
1001 1669 1096 1725 tat,
1123 1661 1210 1716 cui
1236 1661 1378 1716 bona
1406 1670 1600 1715 cuncta
1625 1669 1800 1730 parat.

438 1754 568 1824 Ejus
597 1755 650 1808 in
680 1753 938 1814 auxilium
970 1761 1025 1806 tu
1056 1761 1214 1806 nocte
1241 1752 1436 1820 dieque
1463 1750 1698 1815 laboras,

511 1847 656 1901 Illius
685 1855 739 1900 et
764 1861 978 1914 semper
1004 1860 1198 1900 nomen
1233 1846 1301 1898 ad
1332 1845 1441 1898 alta
1471 1843 1638 1899 levas.

439 1937 676 2006 Corpore
696 1935 917 2005 pulchra
943 1950 1152 1999 manes,
1178 1944 1361 1990 mente
1382 1950 1440 1990 es
1464 1935 1556 1989 sed
1580 1934 1858 2003 pulchrior
1884 1935 2022 2001 ipsa,

509 2028 567 2081 ln
596 2027 758 2081 dubio
789 2034 874 2080 est
901 2026 1026 2080 hinc
1050 2026 1126 2080 sis
1152 2041 1376 2095 prorsus
1402 2041 1467 2079 an
1493 2026 1614 2080 inde
1639 2026 1804 2094 prior.

439 2118 670 2173 Pulchra
697 2132 758 2172 es
782 2117 1072 2171 verborum
1101 2115 1415 2182 sensu,~sed
1451 2117 1730 2185 pulchrior
1757 2123 1910 2170 actu:

511 2207 593 2260 Tu
625 2215 805 2262 tamen
833 2207 1098 2262 esvictrix
1118 2205 1230 2260 sola
1259 2207 1313 2260 in
1343 2214 1576 2275 utroque
1604 2206 1702 2259 tui.

441 2296 543 2363 Qui
570 2297 712 2351 bona
738 2297 875 2351 velle
907 2295 1004 2350 tibi
1035 2297 1306 2351 concessit
1331 2304 1478 2350 tanta
1509 2305 1741 2357 creator,

512 2387 779 2442 Perﬁcere
807 2387 896 2441 hic
923 2387 1108 2452 donet,
1138 2397 1192 2442 te
1217 2396 1273 2442 et
1302 2388 1418 2442 sine
1446 2388 1554 2442 ﬁne
1572 2387 1743 2454 juvet.

443 2477 782 2532 Balsameum
815 2479 998 2547 regina
1028 2479 1161 2532 mihi
1202 2479 1510 2534 transmitte
1537 2479 1824 2548 liquorem,

517 2567 635 2634 Quo
659 2568 797 2622 bene
826 2582 924 2637 per
948 2567 1174 2637 populos
1208 2569 1519 2624 chrismatis
1547 2583 1778 2638 unguem
1807 2574 1918 2623 eat.

443 2659 572 2714 Inde
597 2673 753 2728 seges
786 2667 997 2712 crescet
1024 2659 1234 2713 tibimet
1265 2659 1534 2714 mercedis
1560 2657 1775 2726 opimae,

515 2749 897 2804 Christicolum
927 2765 1120 2804 nomen
1150 2765 1273 2804 cum
1299 2749 1450 2804 dabit
1474 2763 1706 2819 unguem
1733 2748 1902 2804 idem.

446 2839 549 2893 Det
577 2838 674 2892 tibi
701 2837 1086 2908 Cunctipotens
1109 2841 1278 2894 vitam
1305 2850 1361 2893 et
1387 2840 1474 2908 pia
1501 2839 1640 2894 dona
1674 2838 1884 2903 salutis,

524 2927 701 2998 thue
729 2942 939 2982 memor
966 2929 1136 2983 nostri
1165 2930 1241 2983 sis
1269 2930 1389 2983 sine
1417 2929 1542 2982 ﬁne.
1573 2929 1718 2984 Vale.

1206 3017 1288 3071 VI.
1490 3009 1495 3013 ’

1097 3124 1164 3161 ΔΙ)
1203 3123 1401 3162 REGE”.

455 3183 572 3255 Rex
591 3186 893 3261 benedicte,
920 3197 1060 3262 vale,
1085 3197 1270 3252 valeas
1295 3213 1393 3267 per
1419 3205 1657 3267 tempora
1687 3198 1866 3270 longa,

526 3288 735 3358 Detque
763 3288 858 3341 tibi
891 3303 1134 3341 summus
1162 3302 1419 3356 prospera
1451 3297 1644 3342 cuncta
1672 3289 1868 3343 bonus.

453 3377 588 3432 Nam
620 3387 708 3431 tua
736 3377 1070 3447 prosperitas
1098 3376 1263 3431 decus
1290 3387 1372 3432 est
1399 3386 1456 3432 et
1484 3378 1654 3448 gloria
1683 3379 1869 3448 plebis

525 3463 881 3534 Christicolis,
914 3469 1002 3523 cui
1035 3475 1091 3522 tu
1131 3476 1278 3523 tutor
1300 3484 1359 3524 es
1388 3477 1551 3539 atque
1577 3480 1748 3538 pater.

453 3562 624 3615 Tutor
649 3575 808 3630 opum
835 3575 914 3625 es,
946 3559 1137 3614 vindex
1174 3557 1460 3627 scelerum,
1491 3559 1717 3630 largitor
1744 3561 2032 3624 bonorum,

523 3649 758 3718 Quaeque
795 3648 929 3704 facis
959 3648 1097 3702 ﬁunt
1126 3649 1240 3703 haec
1271 3650 1590 3704 moderante
1624 3649 1753 3702 Deo.

452 3740 619 3794 Arma
648 3754 708 3794 es
738 3737 1074 3808 pontiﬁcum,
1107 3752 1232 3806 spes
1269 3747 1325 3791 et
1355 3737 1598 3792 defensio
1637 3737 1789 3800 cleri,

527 3829 631 3882 Per
659 3836 709 3882 te
740 3825 1025 3896 pontiﬁces
1049 3825 1174 3894 jura
1206 3833 1420 3880 sacrata
1455 3828 1678 3878 tenent.
1892 3808 1905 3820 ’

458 3917 713 3980 Mentior,
745 3925 768 3953 ε
797 3922 1052 3982 expertus
1090 3912 1136 3966 si
1180 3928 1288 3967 non
1316 3911 1426 3966 Leo
1463 3913 1660 3982 prtesul
1699 3914 1750 3968 id
1791 3929 1904 3984 Ipse
1933 3926 2036 3980 est,

531 4007 686 4076 Quod
715 4008 921 4063 recinet
951 4005 1169 4062 modulo
1200 4005 1379 4059 ﬁstula
1414 4013 1599 4060 nostra
1627 4005 1796 4061 brevi.

459 4099 632 4168 Quem
678 4098 818 4154 male
848 4095 1043 4166 dejecit
1084 4111 1181 4151 sua
1209 4110 1342 4164 gens
1368 4095 1503 4151 urbe
1532 4103 1693 4165 atque
1725 4097 2012 4163 cathedra,

531 4188 700 4256 Quem
731 4188 876 4242 letho
905 4188 1085 4258 potius
1109 4201 1269 4256 quam
1301 4186 1419 4253 tibi,
1452 4186 1584 4250 vita,
1613 4195 1790 4255 parat.

460 4281 633 4347 Quem
661 4280 800 4333 bene
825 4278 1062 4346 suscepit
1090 4286 1200 4341 tua,
1245 4293 1364 4343 rex,
1393 4277 1674 4333 miseratio
1696 4277 1934 4332 clemens
1953 4319 1966 4340 ,

533 4370 769 4431 Solatur.
807 4371 1026 4434 mulcet,
1059 4370 1324 4439 perfovet,
1359 4379 1536 4437 ornat,
1567 4371 1680 4426 alit.

462 4461 632 4530 Quem
662 4460 948 4515 furibunda
975 4476 1166 4516 manus
1189 4461 1438 4531 spoliavit
1468 4462 1691 4528 lumine,
1725 4462 1907 4532 lingua
1929 4501 1942 4523 ,

462 4596 632 4661 ϐίαια,
655 4604 744 4648 tuo
771 4594 991 4663 [elicuer
1012 4604 1157 4648 utere
1187 4596 1311 4659 rica,
1343 4609 1443 4663 per
1472 4595 1685 4648 tmesim
1711 4594 1914 4663 dictugm
1935 4600 2038 4656 est,

461 4675 524 4720 ut
569 4665 714 4735 apud
735 4661 1036 4736 Virgilium,
1085 4674 1277 4734 septem
1319 4661 1554 4733 subjecta
1599 4663 1783 4736 trioni.
1839 4661 2044 4716 Fuerat

465 4732 645 4804 autem
693 4732 1176 4804 apudiAurelianos
1229 4747 1335 4785 non
1390 4732 1516 4786 ante
1561 4732 1824 4804 plurimos
1869 4745 2042 4804 annos

463 4801 802 4872 Suavaricusi
817 4803 952 4857 alter
975 4804 1281 4872 episcopus,
1310 4817 1541 4870 quocum
1564 4810 1624 4872 ut
1643 4801 1862 4872 nomine
1884 4801 1958 4855 ita
1986 4809 2044 4855 et

465 4886 660 4950 genere
685 4869 1029 4939 conjunctum
1059 4869 1201 4925 hunc
1244 4869 1410 4924 fuisse
1440 4869 1749 4924 verisimilis
1779 4877 1873 4935 est
1907 4885 2040 4925 con-

458 4950 690 5008 jectura.

539 5021 563 5048 α
587 5009 669 5061 Ad
694 5008 944 5078 reginam.
968 5008 1325 5077 Luitgardim,
1355 5008 1422 5062 de
1441 5022 1545 5076 qua
1566 5005 1679 5076 jam
1707 5007 1909 5063 dictum
1935 5017 2038 5063 est.

466 5078 550 5132 Ab
576 5079 680 5132 hac
706 5078 1004 5147 balsamum
1028 5079 1182 5147 petit,
1213 5079 1354 5131 unde
1384 5078 1477 5130 ﬁat
1506 5078 1741 5132 chrisma
1769 5079 1914 5146 quod
1942 5093 2041 5132 no-

468 5163 593 5202 men
624 5148 715 5202 dat
740 5146 1082 5202 Christianis.
1109 5147 1225 5202 Hoc
1255 5151 1398 5202 enim
1422 5154 1506 5202 est
1532 5147 1673 5218 quod
1700 5149 1794 5213 ait,

594 5258 926 5311 Christicolum
960 5272 1138 5310 nomen
1170 5271 1282 5309 cum
1307 5259 1442 5312 dabit
1465 5273 1664 5322 unguen
1688 5261 1836 5310 idem.

471 5362 738 5432 Suscepto
764 5360 1234 5432 enim‘chrismate
1261 5361 1449 5417 christi
1485 5370 1633 5426 sunt,
1665 5363 1717 5417 id
1744 5370 1846 5425 est,
1873 5361 2040 5415 uncti.

470 5433 588 5500 QUO
631 5429 875 5488 alludens
901 5429 1199 5503 Cyprianus
1223 5433 1400 5503 epist.
1435 5433 1503 5486 70
1535 5447 1550 5483 :
1586 5433 1774 5503 «Ungi
1804 5445 2041 5499 quoque,

471 5505 569 5566 ait,
608 5516 829 5558 necesse
867 5501 958 5556 est
979 5516 1102 5555 eum
1141 5502 1233 5570 qui
1263 5501 1560 5571 baptizatus
1588 5502 1693 5565 sit,
1722 5509 1781 5554 ut
1819 5509 2042 5571 accepto

474 5573 786 5632 chrismate.
827 5571 879 5625 id
906 5580 990 5626 est
1030 5571 1300 5634 unctione,
1342 5586 1463 5625 esse
1501 5579 1697 5628 unctus
1723 5571 1839 5637 Dei,
1868 5579 1923 5627 et
1948 5571 2039 5625 ha-

473 5640 602 5697 bere
633 5643 686 5696 in
713 5658 772 5697 se
793 5643 1022 5712 gratiam
1048 5639 1246 5696 Christi
1276 5641 1465 5709 possit.
1505 5661 1524 5693 ι

1427 284 1824 344 ’τιιεουυιῐτι
1862 282 2418 340 AURELIANENSIS
2454 283 2563 339 EPI
2572 285 2649 340 SC

3575 289 3688 345 3‘28

2035 397 2078 454 Α
2179 393 2430 448 Vestibus
2461 403 2515 448 et
2532 393 2732 457 sacris,
2763 393 3147 464 ordinibusque
3171 395 3294 464 piis.

2114 479 2364 534 Reddidit
2393 481 2509 535 hzec
2537 480 2750 547 Petrus,
2782 497 2900 550 qua:
2925 481 3093 536 Judas
3131 481 3355 536 abstulit
3385 490 3506 536 ater
3525 520 3546 548 ,

2181 570 2282 626 llic
2301 572 2392 640 qui
2415 571 2709 636 confessor,
2752 573 2996 641 proditor
3021 573 3113 628 ille
3144 573 3244 628 Dei
3267 581 3370 628 est.

2113 659 2384 715 Seditiosa
2404 662 2601 715 cohors
2625 660 2818 716 Judam
2846 670 2929 716 est
2959 663 3063 717 hac
3091 670 3247 732 parte
3273 670 3489 728 secuta,

2184 751 2274 805 llle
2291 766 2480 806 necem
2504 751 2739 817 Domini,
2763 754 3010 822 praesulis
3037 754 3139 808 ista
3161 753 3370 808 volens.

2112 843 2342 898 Reddita
2369 859 2602 913 namque
2637 853 2818 915 negat.
2846 857 3007 917 negat
3037 847 3153 900 haec
3180 845 3360 900 ablata
3386 845 3589 912 fuisse,

2181 932 2308 987 Hrec
2334 931 2551 986 auferre
2576 943 2756 989 tamen
2786 951 2845 990 se
2873 936 3109 991 voluisse
3135 936 3300 990 canit.

2107 1023 2345 1078 Reddita
2393 1032 2539 1089 sunt,
2592 1026 2790 1080 mirum
2831 1035 2936 1094 est,
2979 1027 3177 1082 mirum
3223 1035 3313 1082 est
3346 1027 3561 1082 auferre
3606 1043 3706 1082 ne-

3383 1118 3592 1189 [quissc
3611 1159 3627 1184 ,

2187 1206 2282 1261 Est
2307 1216 2485 1262 tamen
2513 1206 2564 1260 in
2589 1207 2755 1262 dubio
2777 1208 2904 1262 hinc
2924 1208 3092 1263 mirer
3119 1225 3188 1264 an
3212 1208 3338 1264 inde
3364 1208 3556 1276 magis.

2115 1297 2251 1352 Nam
2281 1299 2491 1353 salvare
2521 1298 2713 1354 Petrus
2738 1315 2860 1354 cum
2891 1310 3076 1370 posset
3103 1303 3156 1356 in
3181 1306 3321 1357 urbe
3343 1301 3590 1368 Quirina,

2187 1389 2443 1445 Hostibus
2469 1405 2534 1445 ex
2557 1393 2690 1446 atris
2715 1393 3032 1462 insidiisque
3057 1394 3220 1460 feris,

2115 1480 2230 1535 Hoc
2251 1481 2347 1536 tibi
2378 1481 2713 1547 salvandum,
2751 1472 2852 1538 rex
2878 1485 3323 1552 clementissime,
3356 1487 3526 1550 misit.

2185 1570 2368 1640 Teque
2403 1587 2499 1626 sua
2527 1572 2698 1628 voluit
2730 1573 2944 1641 fungier
2969 1575 3059 1629 ille
3087 1577 3226 1631 vice.

2115 1659 2221 1714 Per
2248 1675 2308 1715 se
2335 1661 2512 1716 reddit
2531 1663 2580 1716 ei
2606 1663 2974 1718 membrorum
2998 1667 3192 1721 damna
3213 1669 3483 1737 pavenda,

2040 1735 2093 1793 Β
2190 1750 2258 1802 Ει
2285 1765 2382 1819 per
2409 1760 2462 1806 te
2483 1753 2627 1807 sedis
2655 1752 2931 1822 oﬁiciique
2957 1755 3142 1811 decus.

2121 1838 2254 1893 Caeli
2281 1841 2445 1895 habet
2471 1841 2561 1896 hic
2589 1842 2789 1906 claves,
2813 1846 3066 1913 proprias
3099 1854 3149 1901 te
3169 1847 3334 1917 jussit
3358 1848 3597 1917 habere,
3679 1849 3687 1857 ’

2193 1930 2272 1984 Tu
2293 1933 2439 1999 regis
2465 1932 2722 1987 Ecclesia}
2743 1974 2757 1997 ,
2789 1951 2915 1989 nam
2939 1936 3080 2006 regit
3107 1937 3197 1992 ille
3219 1939 3327 2009 poli

2119 2018 2203 2074 Tu
2232 2022 2374 2092 regis
2402 2021 2518 2090 ejus
2543 2037 2698 2093 opes,
2721 2025 2928 2081 clerum
2956 2027 3322 2100 populumque
3344 2032 3632 2102 gubernat,

2195 2109 2295 2165 llic
2321 2118 2374 2166 te
2405 2112 2681 2168 caelicolas
2703 2114 2863 2168 ducet
2887 2115 2954 2169 ad
2982 2132 3154 2186 usque
3175 2106 3390 2176 choros.

2124 2199 2268 2270 Ergo
2295 2201 2422 2256 sede
2451 2209 2563 2256 tuta
2593 2211 2784 2258 sanate
2814 2204 2869 2258 in
2901 2207 3027 2260 sede
3047 2209 3333 2276 sacerdos,

2195 2290 2398 2362 Etregi
2420 2309 2450 2346 a
2481 2293 2710 2348 Domino
2731 2311 2895 2364 posce
2913 2297 3148 2352 libenter
3176 2315 3351 2370 opem.

2129 2379 2200 2434 Ut
2224 2379 2317 2435 det
2337 2383 2387 2436 ei
2409 2382 2662 2438 Christus
2683 2385 2870 2450 vitam,
2903 2387 3215 2458 tribuatque
3235 2390 3462 2448 salutem
3482 2433 3498 2457 ,

2198 2469 2345 2526 lllius
2363 2481 2418 2526 et
2439 2488 2665 2543 regnum
2694 2489 2909 2544 semper
2927 2478 3000 2531 ad
3029 2477 3136 2532 alta
3161 2478 3322 2534 levet.

2121 2557 2205 2614 Te
2223 2568 2380 2630 pater
2399 2561 2724 2618 altithronus
2749 2579 2843 2620 rex
2872 2565 3044 2621 salvet
3073 2575 3315 2638 tempore
3338 2570 3532 2640 longo,

2199 2649 2271 2703 Et
2296 2651 2392 2704 tibi
2415 2651 2506 2706 det
2530 2653 2697 2707 vitam
2725 2654 2837 2710 sive
2862 2655 3052 2712 salutis
3079 2673 3256 2728 opem.

2127 2738 2237 2796 Pro
2259 2742 2413 2797 vobis
2441 2743 2614 2799 sancti
2637 2744 2923 2800 Dominum
2947 2758 3211 2819 orentque
3239 2761 3532 2825 petantquc
3553 2797 3569 2821 ,

2205 2831 2443 2899 Quorum
2468 2833 2678 2888 animas
2705 2835 2922 2900 malum,
2961 2853 3190 2907 corpora
3219 2851 3366 2896 terra
3399 2852 3565 2900 tenet.

2133 2921 2210 2976 Te
2233 2923 2400 2991 plebs,
2441 2931 2491 2976 te
2519 2924 2696 2980 clerus
2719 2926 2909 2981 sitiunt
2926 2927 2983 2982 in
3010 2931 3258 2998 partibus
3285 2933 3406 2990 istis

2204 3011 2459 3078 Cernere,
2491 3014 2592 3068 sim
2628 3015 2739 3070 voti
2767 3031 2988 3086 compos
3011 3027 3067 3074 et
3091 3021 3205 3089 ipse
3232 3023 3358 3076 mei.

2055 3070 2103 3132 (ἶ
2132 3100 2308 3171 Atque
2328 3102 2532 3157 utinam
2556 3105 2817 3160 Dominus
2847 3070 2906 3160 te
2926 3107 3060 3162 istas
3074 3070 3304 3166 dEducat
3323 3113 3390 3167 ad
3413 3129 3573 3174 arces
3589 3157 3608 3182 ,

2200 3193 2268 3247 Et
2291 3194 2471 3249 videat
2499 3195 2774 3252 dominum
2807 3199 2937 3253 urbs
2965 3199 3256 3257 Aureliana
3279 3219 3460 3261 suum.

2134 3283 2219 3339 Sit
2244 3285 2342 3340 tibi
2367 3285 2501 3351 vita,
2525 3287 2689 3352 salus,
2719 3288 2915 3356 pietas,
2940 3290 3250 3349 benedictio
3273 3293 3496 3362 Christi,

2201 3374 2317 3429 Rex
2337 3375 2442 3445 pie,
2467 3390 2564 3430 rex
2592 3377 2831 3447 sapiens,
2863 3394 2959 3435 rex
2988 3382 3121 3436 satis
3146 3390 3272 3452 apte
3299 3383 3432 3440 Deo.

2870 3491 2977 3547 VII.

2239 3595 2356 3641 QUE
2393 3593 2513 3634 SINT
2554 3593 2783 3636 DICENDA
2820 3598 2984 3638 Αιιιοο
3021 3599 3126 3639 CUI
3164 3600 3439 3644 CONSPICIT
3476 3604 3615 3646 BONA

2846 3668 3022 3708 Δκιει.

2138 3738 2379 3806 Cumque
2403 3746 2526 3793 tuas
2549 3748 2862 3807 conspectat
2886 3756 3016 3810 opes
3038 3742 3136 3796 tibi
3165 3743 3338 3799 dulcis
3368 3747 3578 3802 amicus
3598 3787 3613 3811 ,

2207 3827 2385 3882 Verba
2413 3828 2529 3883 haec
2557 3837 2612 3883 tu
2634 3828 2756 3885 laeto
2779 3830 2932 3884 laetus
2960 3840 3016 3886 et
3040 3832 3156 3902 ipse
3181 3834 3335 3889 dabis
3373 3851 3386 3888 :

2139 3918 2266 3974 Haec
2302 3919 2442 3974 bona
2470 3935 2589 3989 qua:
2616 3921 2799 3976 cernis
2837 3923 2934 3977 tibi
2976 3924 3085 3977 sint
3113 3928 3418 3980 communia
3464 3943 3679 3983 mecum
3707 3947 3723 3996 ;

2213 4008 2315 4078 Qui
2344 4011 2516 4065 bonus
2541 4019 2644 4077 est,
2677 4012 2869 4067 horum
2898 4015 2986 4069 hic
3016 4030 3229 4085 quoque
3273 4033 3495 4088 compos
3523 4021 3649 4076 erit.

2139 4101 2251 4156 Nec
2272 4101 2402 4156 dare
2425 4107 2477 4155 te
2496 4101 2696 4172 pigeat,
2719 4103 2848 4158 dare
2871 4119 2958 4159 res
2982 4106 3115 4159 mihi
3135 4107 3341 4166 credito
3361 4109 3584 4178 pulchra
3607 4121 3724 4166 est:

2209 4191 2293 4245 Nil
2319 4191 2452 4246 dans
2469 4191 2546 4245 nil
2573 4193 2779 4260 capies,
2809 4193 2852 4247 si
2888 4194 3042 4248 dabis
3070 4195 3184 4264 ipse
3206 4195 3367 4252 feres.

2143 4282 2306 4337 Plena
2336 4281 2474 4337 falce
2497 4290 2663 4336 metet
2692 4283 2783 4352 qui
2809 4285 3032 4353 grandia
3057 4287 3264 4340 semina
3293 4289 3430 4343 sevit
3459 4307 3472 4342 :

2213 4371 2307 4427 Sic
2346 4372 2622 4427 dominum
2652 4373 2832 4428 cultus
2861 4374 3155 4430 ltetiﬁcabit
3181 4392 3330 4447 ager.

2148 4459 2390 4531 Cumque
2411 4461 2561 4515 vides
2597 4461 2832 4530 aliquem
2859 4461 2998 4518 facie
3020 4480 3128 4520 non
3149 4467 3366 4521 nomine
3395 4476 3580 4521 notum
3598 4509 3614 4534 ,

2219 4599 2248 4638 ἱ)
2279 4595 2539 4666 Expertus
2565 4605 2641 4649 est
2667 4593 2770 4649 Leo
2797 4595 3010 4666 prwsul.
3031 4595 3255 4667 Quippe
3284 4597 3376 4667 qui
3406 4613 3438 4651 a
3467 4598 3728 4654 Romanis

2222 4613 2248 4638 ιι
2279 4613 2539 4666 expertus
2565 4613 2641 4649 est
2667 4613 2770 4649 Leo
2797 4613 3010 4666 prwstu.
3048 4613 3255 4718 quippe
3284 4613 3376 4667 qui
3406 4613 3438 4651 a
3467 4613 3726 4654 Romanis

2149 4667 2277 4723 sede
2320 4682 2417 4720 sua
2446 4667 2685 4736 dejectus
2708 4706 2722 4729 ,
2751 4681 2875 4720 cum
2921 4667 2989 4736 ad
3017 4665 3157 4720 Caro
3182 4682 3270 4719 um
3318 4682 3496 4736 regem
3529 4668 3726 4724 confu-

2148 4738 2334 4807 gisset,
2365 4737 2432 4807 in
2443 4737 2625 4807 sedem
2652 4736 2894 4807 suam‘ab
2921 4735 3013 4807 illo
3037 4736 3322 4807 restitutus
3349 4735 3449 4789 eét.
3479 4737 3730 4806 Dejectus

2148 4804 2233 4861 est
2259 4820 2401 4860 anno
2422 4805 2547 4868 799,
2577 4805 2820 4873 sequenti
2853 4805 3154 4859 restitutus.
3183 4804 3470 4859 Oculorum
3493 4804 3571 4860 illi
3600 4821 3730 4861 eru-

2147 4884 2325 4930 torum
2353 4875 2656 4945 linguaeque
2689 4875 3252 4945 amputataegmeminit
3275 4875 3438 4928 etiam
3459 4875 3730 4944 Eginhar-

2148 4946 2248 5000 dus
2279 4945 2332 4998 in
2357 4942 2674 5007 Annalibus,
2707 4951 2762 4997 et
2783 4942 2948 4999 Poeta
2979 4942 3279 5012 Saxonicus
3305 4942 3528 5012 aliique.
3546 4945 3731 4999 Alcai-

2150 5030 2251 5069 nus
2274 5028 2404 5067 vero
2427 5013 2492 5066 de
2522 5028 2581 5065 re
2605 5014 2804 5066 certior
2846 5029 2878 5066 a
2914 5013 3109 5068 Carolo
3157 5011 3352 5077 factus,
3389 5011 3441 5066 in
3486 5014 3603 5069 hmo
3649 5013 3728 5068 illi

2149 5084 2331 5147 verba,
2366 5097 2485 5151 qua:
2511 5081 2870 5138 Theodulﬁcis
2904 5084 3545 5152 consonant,irespondit
3563 5084 3725 5151 epist.

2152 5154 2248 5207 H:
2281 5170 2299 5201 ι
2331 5152 2470 5205 Ecce
2499 5151 2552 5204 in
2589 5158 2638 5203 te
2664 5151 2779 5206 solo
2811 5159 2919 5206 tota
2959 5152 3107 5206 salus
3132 5151 3496 5206 Ecclesiarum
3517 5151 3729 5207 Christi

2155 5223 2410 5277 inclinata
2452 5220 2737 5276 recumbit.
2785 5222 2864 5276 Tu
2892 5222 3090 5276 vindex
3133 5221 3420 5285 scelerum,
3449 5230 3506 5274 tu
3543 5230 3728 5275 rector

2155 5292 2475 5355 errantium,
2517 5299 2574 5344 tu
2619 5291 2915 5346 consolatio
2959 5292 3322 5354 maerentium,
3371 5299 3426 5344 tu
3469 5290 3730 5345 exaltatio

2154 5361 2438 5432 bonorum.
2467 5361 2654 5432 Nonne
2676 5359 2917 5432 Romana
2941 5361 3023 5432 Ain
3058 5361 3208 5425 sede,
3235 5360 3325 5432 ubi
3371 5359 3560 5432 religio
3609 5375 3730 5432 nia-

2153 5432 2298 5486 xime
2337 5431 2556 5500 pietatis
2599 5431 2868 5498 quondam
2909 5429 3199 5500 claruerat,
3236 5429 3309 5500 ibi
3342 5429 3584 5500 extrema
3621 5429 3729 5500 im-

2151 5497 2370 5579 pietatis
2419 5497 2664 5568 exempla
2713 5500 3095 5579 emerserunt?
3149 5498 3254 5579 Ipsi
3303 5499 3562 5579 cordibus
3613 5497 3730 5552 suis

2151 5567 2329 5625 exacti
2379 5567 2784 5624 excawaverunt
2826 5576 2987 5638 caput
3018 5567 3310 5639 proprium.
3351 5587 3370 5619 ι
3394 5567 3732 5639 Eodemque

2150 5641 2314 5695 etiam
2343 5641 2612 5708 pertinent
2637 5637 2924 5708 sequentes
2947 5637 3188 5708 epistolm
3210 5637 3278 5692 12
3306 5644 3362 5691 et
3385 5637 3472 5692 15.
