3998 6182
274 396 355 455 329
1505 375 1832 432 CARMINA.
1874 373 2003 429 LIB.
2042 370 2130 427 lll.

325 503 434 561 Acsi
464 502 506 556 in
536 507 754 566 utroque
778 498 916 552 bene
937 495 1008 550 sit
1036 493 1132 549 tibi
1161 501 1342 557 notus,
1378 506 1518 545 ama.

268 597 353 652 Nec
366 594 469 647 dare
487 600 529 646 te
559 590 734 661 pigeat
758 587 845 657 pia
877 585 1056 648 verba,
1084 592 1178 639 aut
1200 582 1385 639 oscula
1411 589 1566 652 grata
1594 598 1611 633 :

322 686 517 752 Dumque
534 680 679 745 lacis,
704 693 889 735 curam
916 676 1157 732 nominis
1175 675 1292 745 ejus
1321 674 1479 727 habe.

266 776 320 831 Ut
343 773 469 836 solet,
496 770 540 825 id
565 770 837 825 vocitante
863 767 970 822 alio
996 766 1111 821 fors
1140 780 1300 820 nosse
1323 762 1559 825 valebis,

315 865 403 918 Aut
417 878 522 917 casu
543 876 658 916 sese
682 859 928 915 nominat
950 859 1066 928 ipse
1095 857 1296 926 aliquo.

258 955 304 1008 Si
322 954 447 1016 latet,
463 961 532 1006 est
546 964 716 1014 error,
740 949 915 1019 pudor
946 956 1003 1002 at
1028 947 1075 1003 si
1097 961 1232 1002 voce
1259 944 1535 1015 requiras,

311 1042 358 1098 Si
375 1042 524 1096 discas
544 1040 696 1104 clam,
728 1054 885 1094 error
910 1046 967 1093 et
994 1038 1170 1109 pudor
1189 1036 1370 1092 omnis
1391 1037 1565 1090 abest.

252 1133 337 1199 Qui
359 1132 441 1187 tibi
462 1147 511 1186 se
536 1138 717 1185 notum
748 1136 920 1199 putat,
954 1137 1050 1183 aut
1068 1126 1184 1182 fors
1206 1126 1417 1181 exstitit
1440 1124 1597 1188 olim,

309 1223 363 1277 Ni
388 1222 576 1292 proprio
601 1221 805 1277 vocitas
834 1219 1074 1285 nomine,
1105 1218 1279 1273 tristis
1304 1218 1434 1273 erit.

246 1312 442 1368 Nomina
465 1327 548 1367 seu
566 1326 746 1367 mores
767 1312 1026 1367 docturus
1044 1311 1244 1367 discito
1269 1310 1444 1380 plebis
1471 1327 1487 1363 :

304 1403 514 1473 Dumque
530 1403 707 1468 doces,
730 1402 951 1473 proprio
972 1402 1192 1457 nomine
1209 1414 1481 1471 quemque
1500 1414 1636 1455 voca
1652 1437 1672 1465 ,

241 1496 357 1549 Cum
378 1495 559 1565 magnis
582 1509 829 1564 magnus,
853 1509 977 1549 cum
994 1494 1179 1565 parvis
1198 1493 1457 1563 parvulus
1484 1500 1633 1557 esto,

303 1585 531 1640 Omnibus
548 1593 608 1639 ut
652 1582 859 1640 factum
877 1598 937 1640 se
958 1597 1173 1654 quoque
1192 1583 1398 1639 Paulus
1429 1583 1526 1639 ait.

232 1675 434 1730 Actibus
455 1683 530 1731 est
554 1675 722 1732 etiam
744 1674 799 1729 in
827 1675 1015 1730 multis
1041 1675 1234 1730 modus
1259 1674 1361 1729 iste
1393 1672 1687 1736 tenendus,

295 1766 394 1823 Nos
411 1768 640 1837 quaedam
660 1775 723 1822 ut
750 1766 978 1832 lateant,
1009 1766 1224 1838 publica
1251 1766 1408 1836 plura
1440 1765 1597 1822 ﬁerit.

917 1865 1051 1923 Vlll.

460 1971 521 2010 DE
554 1971 860 2011 VULPECULA
907 1971 1207 2012 ικνοιλκτι
1241 1971 1530 2012 GALLINAI.

222 2049 316 2104 Est
340 2048 501 2114 locus,
523 2061 547 2090 ιι
564 2049 707 2104 hunc
734 2049 975 2104 vocitant
1004 2047 1250 2119 Carroph
1270 2048 1592 2120 cognomine
1619 2047 1778 2114 Galli,

281 2140 398 2206 Quo
414 2146 551 2208 patet
575 2139 764 2195 electis
790 2140 964 2195 aulica
992 2147 1150 2211 porta
1171 2140 1300 2210 poli.

214 2234 335 2299 Quo
368 2231 653 2288 Salvatoris
672 2234 774 2288 sub
800 2233 1019 2287 nomine
1044 2233 1298 2303 praenitet
1322 2233 1465 2308 aula,

287 2322 463 2389 Quove
484 2322 789 2377 monasterii
813 2320 1045 2377 claustra
1070 2321 1265 2377 decora
1296 2332 1536 2379 manent.

218 2416 393 2471 Enitet
420 2414 503 2469 hic
529 2412 688 2468 rutilo
716 2423 1029 2469 sanctorum
1054 2414 1280 2486 pignore
1312 2414 1482 2471 fretus
1500 2456 1514 2479 ,

290 2505 426 2562 Vivit
453 2511 506 2559 et
532 2504 728 2559 eximie
755 2503 911 2559 turba
942 2503 1113 2561 ﬁdelis
1143 2505 1237 2561 ibi.

217 2597 450 2666 Denique
486 2595 777 2652 Rotharius
800 2592 1137 2668 [liotgarius]
1166 2610 1350 2652 comes
1377 2597 1586 2668 ingens,
1616 2594 1789 2667 incly-

1381 2685 1495 2759 [tus
1521 2686 1712 2753 heros,

282 2775 515 2848 Conjuge
548 2792 668 2833 cum
690 2775 940 2832 Eufrasia
967 2776 1213 2833 condidit
1233 2777 1379 2833 istud
1400 2793 1554 2849 opus.

211 2869 328 2923 Hoc
361 2867 504 2923 fulvo
529 2877 776 2939 argento,
809 2867 1146 2940 gemmisque
1173 2874 1422 2935 exornat,
1456 2878 1515 2924 et
1537 2883 1692 2936 auro,

275 2958 460 3014 Afiluit
479 2966 533 3016 et
556 2959 733 3025 libris,
755 2960 997 3015 vestibus
1024 2966 1188 3029 atque
1215 2959 1406 3015 sacris.

209 3051 440 3117 Praedia,
470 3058 644 3120 prata,
676 3050 884 3116 domos,
918 3048 1102 3114 silvas,
1130 3050 1336 3115 vineta,
1372 3049 1626 3116 colonos,

270 3143 342 3197 Et
374 3158 597 3212 pecora,
623 3150 679 3198 et
702 3142 956 3214 pecudes,
981 3150 1037 3198 et
1064 3142 1203 3197 bona
1228 3157 1456 3213 quzeque
1479 3143 1645 3199 dedit.

209 3235 401 3305 Largis
422 3234 543 3289 dira
572 3235 771 3304 quibus
798 3234 1044 3290 manibus
1070 3234 1303 3304 pellatur
1325 3244 1542 3306 egestas
1558 3274 1574 3299 ,

275 3325 544 3381 Aithereo
573 3324 782 3383 fructus
807 3327 1136 3396 suscipiente
1164 3340 1327 3396 penu.

209 3417 275 3470 Ut
322 3415 467 3471 Deus
511 3416 655 3470 hunc
691 3431 936 3470 summus
957 3406 1276 3485 peccamine
1305 3422 1499 3486 purget
1521 3415 1589 3470 ab
1617 3417 1796 3479 omni,

274 3507 665 3575 Coelicolisque
686 3508 808 3577 pius
828 3507 1022 3577 jungat
1042 3507 1095 3560 in
1127 3520 1255 3561 arce
1293 3506 1495 3561 choris.

209 3597 466 3651 Partibus
516 3612 584 3650 ex
616 3596 753 3651 atris
793 3596 975 3650 studet
1009 3596 1153 3650 hunc
1197 3593 1489 3651 defendere
1520 3594 1799 3654 Christus,

271 3687 452 3754 Quem
498 3687 782 3760 propritim
828 3687 892 3741 ad
923 3686 1126 3749 cultum
1152 3696 1436 3742 consecret
1462 3687 1577 3757 ipse
1602 3686 1800 3740 locum.

209 3780 479 3834 Sueverat
510 3777 726 3832 infestis
753 3778 929 3848 vulpis
957 3787 1177 3847 eaptare
1202 3779 1403 3847 rapinis

264 3870 524 3939 Quaeque
552 3870 794 3937 paranda
819 3867 998 3924 forent
1025 3869 1148 3938 quis
1185 3868 1442 3925 alimenta
1468 3871 1599 3925 viris

210 3965 264 4016 it
285 3979 418 4033 quae
440 3962 596 4016 mille
621 3961 843 4017 trahens
864 3976 1072 4031 pennas
1096 3978 1339 4033 expansa
1369 3963 1577 4019 colores

265 4052 494 4123 Gignit,
535 4060 757 4108 versuta
781 4053 898 4108 haec
922 4068 1138 4123 quoque
1159 4052 1317 4109 fauce
1346 4062 1523 4109 vorat.

209 4146 396 4201 {escis
428 4156 569 4201 tunc
595 4144 798 4200 mansit
818 4147 1207 4201 monachorum
1227 4146 1389 4216 digna
1415 4152 1633 4201 caterva
1652 4185 1667 4210 ,

263 4237 409 4305 Qua:
442 4236 626 4293 ferret
655 4237 818 4307 pestis
873 4236 998 4291 talia
1028 4237 1227 4309 damna
1259 4238 1382 4293 sibi.

210 4334 467 4387 ’rotinus
487 4330 757 4401 aligeram
787 4329 966 4399 rapuit
991 4330 1219 4400 pellacia
1240 4330 1416 4401 vulpis

251 4420 576 4486 Gallinam,
611 4420 742 4478 hinc
767 4420 942 4491 patuit
972 4418 1175 4475 fraudis
1206 4427 1394 4489 operta
1421 4419 1528 4475 via.

209 4512 454 4568 iarbara
488 4510 796 4582 prmdatrix
825 4509 1033 4579 pariter
1061 4524 1183 4564 cum
1213 4509 1452 4578 pondere
1476 4510 1674 4579 praeda:

257 4602 500 4674 Stipitis
525 4603 587 4658 in
614 4610 771 4671 parte
798 4608 990 4671 sponte
1007 4600 1262 4670 pependit
1281 4599 1465 4656 hebes.

209 4694 411 4763 iponte
444 4692 723 4764 pependit
751 4693 941 4757 hebes,
984 4690 1195 4746 cunctis
1238 4690 1459 4747 viduata
1500 4691 1815 4756 meandi-is,

249 4788 605 4845 Fraudibus
634 4795 691 4843 et
710 4786 876 4843 variis
895 4783 1133 4856 undique
1157 4783 1280 4839 linis
1304 4793 1444 4840 erat.

209 4880 351 4936 .litis
374 4880 485 4936 illa
508 4887 686 4951 caput
713 4893 910 4935 recavo
943 4883 1357 4946 consumpserat
1378 4891 1505 4939 ore,

244 4971 545 5028 Mansere
574 4972 779 5027 intacta
809 4976 1006 5024 uetera
1028 4968 1270 5023 membra
1300 4966 1483 5022 simul.

218 5064 410 5120 rbore
437 5076 700 5133 namque
722 5062 917 5125 minor,
946 5059 1113 5131 virgis
1138 5067 1257 5115 erat
1282 5058 1443 5114 altior
1462 5057 1646 5121 aluus,

238 5154 537 5211 Artiﬁcis
576 5169 687 5225 qua
731 5162 786 5209 tu
820 5166 917 5222 pes
947 5149 1260 5205 retinendus
1283 5164 1436 5214 eras,

214 5251 365 5307 ltms
400 5260 478 5306 ut
510 5250 697 5323 possit
727 5249 1036 5319 pertingere
1064 5246 1253 5300 dextra
1282 5242 1513 5299 levantis

235 5343 417 5403 Saxa
458 5345 681 5416 quibus
711 5343 891 5413 paries
911 5348 1098 5411 surgat
1118 5338 1186 5394 ad
1217 5337 1325 5394 alta
1349 5336 1511 5393 celer.

224 5514 258 5543 ιι
284 5501 487 5556 Hum:
513 5503 756 5557 vocitant
772 5501 1031 5570 Carroplt.
1047 5498 1223 5555 Locus
1234 5506 1317 5553 est
1338 5498 1391 5551 in
1408 5495 1821 5570 dioecesiPicta-

209 5588 316 5631 ea.
352 5573 470 5627 ubi
511 5573 800 5627 conditum
829 5565 1025 5635 estjde
1052 5585 1158 5640 quo
1182 5569 1271 5640 hic
1295 5580 1498 5640 sermo,
1538 5565 1597 5621 S.
1627 5565 1819 5640 Salva-

210 5642 309 5696 ris
335 5642 805 5713 monasterium,
827 5636 1328 5713 quod_Ca_i-rofi_cum
1352 5636 1637 5713 Eulbertns
1658 5638 1814 5707 epist.

222 5714 258 5765 7
318 5712 768 5768 Monasterium
796 5707 1082 5767 Garrofinii
1103 5710 1326 5774 dicitur,
1350 5709 1395 5763 si
1425 5707 1677 5762 mendum
1707 5723 1815 5762 non

209 5792 254 5849 ι,
306 5784 374 5838 in
411 5783 760 5839 Constituto
804 5781 1042 5852 Aquensi
1074 5781 1140 5835 de
1167 5779 1505 5836 Monasteriis
1526 5792 1647 5851 qtta:
1677 5778 1819 5834 mili—

682 5874 958 5937 ΡΑτιιοι..
1001 5872 1129 5935 CV.

1788 490 1834 549 Α
1864 506 1976 561 liae
2001 505 2270 575 pendebat
2297 512 2451 558 atrox
2479 502 2791 571 praedatrix,
2816 500 2986 570 pestis
3003 510 3062 557 et
3079 500 3208 557 inde

1936 598 2052 652 lluc
2077 596 2205 651 illuc
2227 597 2385 651 torsit
2403 593 2541 650 colla
2573 602 2845 665 caputque
2870 602 3129 650 tremens.

1865 689 1962 744 llis
1987 690 2139 754 visis,
2165 688 2363 759 gaudet
2392 685 2779 741 monachorum
2811 684 2968 739 turba
2997 683 3201 753 ﬁdelis,

1938 777 2265 832 Admiranda
2287 775 2477 830 videns
2504 776 2658 845 signa
2690 772 2906 829 favente
2931 772 3064 830 Deo.

1868 868 1978 922 Fur
2004 867 2194 939 procul
2229 875 2392 935 atque
2418 867 2607 936 procul
2628 866 2756 922 hinc
2781 866 2959 922 omnis
2982 867 3171 922 abesto
3203 865 3445 938 profane,

1939 957 2212 1013 Damonis
2232 972 2390 1011 error
2415 956 2524 1022 abi,
2549 956 2777 1029 angelus
2799 957 2942 1014 alme
2959 958 3101 1016 veni.

1870 1051 2087 1107 Invidiae
2112 1048 2316 1121 pressis
2340 1047 2549 1103 habitet
2572 1048 2865 1103 concordia
2885 1048 3030 1115 telis,

1940 1141 2110 1211 Inque
2135 1140 2242 1195 isto
2268 1147 2460 1210 regnet
2484 1154 2719 1210 spesque
2750 1139 2996 1209 fidesque
3033 1139 3174 1195 loco.

1871 1232 2138 1303 Prospera
2158 1244 2386 1300 qumque
2408 1229 2554 1284 Deus
2576 1229 2820 1285 tribuens
2838 1230 3065 1284 adversa
3088 1229 3313 1298 repellat
3336 1269 3350 1295 ,

1943 1322 2245 1378 Pascantur
2270 1327 2480 1375 mentes
2498 1327 2741 1383 nectare,
2774 1317 3011 1384 Christe,
3043 1326 3150 1372 tuo.

2619 1429 2713 1486 lx.

1913 1540 1980 1580 DE
2017 1539 2232 1588 QUODA!
2273 1537 2459 1578 Ιιιιτε
2490 1562 2506 1583 ν
2544 1537 2633 1583 QUI
2672 1536 2942 1577 PERDITUI
2981 1535 3160 1586 ερυωι
3210 1538 3423 1578 INGENIO

2541 1607 2797 1647 REPERI'I'.

1881 1684 1910 1724 ιι
1940 1681 2094 1754 Saepe
2118 1685 2212 1739 dat
2249 1680 2523 1753 ingenium
2544 1681 2687 1750 quod
2713 1681 2796 1737 vis
2821 1683 3066 1738 conferre
3092 1681 3353 1755 negabat,

1952 1773 2184 1843 Compos
2206 1781 2263 1828 et
2291 1780 2410 1828 arte
2431 1779 2515 1827 est
2543 1771 2637 1843 qui
2662 1771 2871 1828 viribus
2894 1774 3068 1843 impos
3088 1783 3206 1829 erat
3231 1815 3247 1841 ,

1807 1826 1855 1886 Β
1884 1826 2143 1932 Ereptum
2170 1860 2314 1917 furto
2339 1826 2606 1918 castrensi
2636 1862 2691 1916 in
2720 1862 2936 1917 turbine
2963 1826 3185 1932 quidam

1952 1954 2151 2024 Accipe
2175 1968 2285 2022 qua
2309 1953 2463 2009 miles
2484 1961 2603 2008 arte
2633 1953 2841 2023 recepit
2861 1968 3083 2023 equum.

1885 2046 2062 2103 Orbus
2086 2059 2227 2114 equo
2251 2044 2311 2099 tit
2334 2060 2535 2114 praeco,
2563 2045 2778 2115 cietque
2805 2046 2873 2101 ad
2901 2046 3137 2116 compita
3160 2061 3290 2101 voce
3311 2086 3327 2109 ,

1955 2135 2212 2206 Quisquis
2239 2135 2402 2192 habet
2430 2143 2674 2192 nostrum
2705 2136 2932 2192 reddere
2954 2145 3127 2191 certet
3162 2152 3382 2207 equum.

1888 2227 1983 2283 Sin
2009 2227 2165 2294 alias,
2190 2236 2340 2282 tanta
2367 2226 2567 2283 faciam
2594 2228 2804 2284 ratione
2831 2240 3080 2294 coactus,

1957 2316 2111 2384 Quod
2141 2325 2328 2373 noster
2356 2317 2529 2372 Roma
2560 2305 2689 2373 fecit
2715 2318 2770 2372 in
2802 2319 2934 2375 urbe
2963 2329 3138 2390 pater.

1889 2408 1997 2464 l'tes
2026 2417 2207 2464 movet
2233 2409 2349 2463 haec
2374 2423 2587 2473 omnes,
2616 2418 2671 2463 et
2695 2424 2892 2480 equum
2925 2409 3011 2464 fur
3039 2411 3168 2466 sivit
3200 2412 3373 2468 abire.

1959 2498 2096 2554 Dum
2126 2514 2225 2554 sua
2251 2498 2335 2555 vel
2363 2498 2544 2570 populi
2574 2498 2769 2555 damna
2803 2502 3046 2570 pavenda
3072 2502 3246 2557 timet.

1891 2589 2048 2646 Hunc
2076 2590 2241 2646 herus
2268 2599 2330 2645 ut
2358 2590 2579 2661 reperit,
2604 2591 2819 2662 gaudet,
2847 2594 3160 2661 potiturque
3188 2602 3426 2664 reperto,

1962 2683 2366 2755 Gratanturque
2393 2683 2467 2739 illi
2501 2684 2624 2754 quis
2651 2694 2830 2739 metus
2857 2693 2983 2740 ante
3008 2683 3128 2740 fuit.

1892 2778 2021 2833 Inde
2050 2784 2244 2848 rogant
2267 2777 2397 2846 quid
2426 2790 2566 2846 equo
2608 2774 2785 2831 fuerat
2812 2776 3054 2833 facturus
3082 2779 3357 2848 adempto,

1963 2868 2062 2925 Vel
2092 2869 2223 2940 quid
2252 2868 2305 2923 in
2338 2869 2470 2923 urbe
2500 2883 2630 2923 suus
2657 2869 2830 2939 egerit
2855 2877 2981 2924 ante
3011 2876 3185 2940 pater.

1863 2961 1866 2965 ’
1894 2960 2074 3027 Sellae,
2100 2961 2196 3027 ait,
2229 2960 2501 3031 adiunctis
2531 2960 2671 3016 collo
2703 2961 3011 3017 revehendo
3038 2961 3236 3032 lupatis

1965 3056 2376 3128 Sarcinulisque
2415 3056 2557 3123 aliis,
2591 3057 2707 3113 ibat
2735 3066 2967 3114 onustus
2994 3058 3167 3130 inops.

1895 3145 1981 3201 Nil
2004 3148 2148 3217 quod
2171 3154 2376 3219 pungat
2399 3148 2631 3213 habens,
2660 3146 2899 3206 calcaria
2925 3148 3075 3204 calce
3104 3157 3413 3219 reportans,

1968 3237 2111 3293 Olim
2140 3252 2330 3307 eques,
2358 3238 2482 3294 inde
2508 3238 2651 3293 redit
2679 3239 2749 3293 ad
2775 3254 2874 3294 sua
2905 3247 3049 3294 tecta
3070 3240 3253 3309 pedes.

1902 3328 2056 3383 Hunc
2088 3329 2336 3384 imitatus
2366 3342 2467 3397 ego
2494 3327 2750 3383 fecissem
2779 3329 2919 3383 talia‘
2942 3329 3135 3392 tristis,

1965 3419 2031 3473 Ni
2062 3418 2199 3478 foret
2228 3420 2331 3472 iste
2360 3418 2514 3482 mihi,
2544 3419 2727 3481 crede,
2760 3426 3011 3487 repertus
3039 3434 3232 3488 equus.

2082 3614 2219 3664 QUOD
2256 3613 2524 3655 POTESTAS
2562 3611 2849 3652 llPATll-ZNS
2885 3612 3177 3654 CONSOR‘I'IS
3211 3615 3316 3654 SIT.

1906 3691 2113 3748 Fabula
2144 3690 2451 3760 Geryonem
2484 3688 2751 3758 triplicem
2780 3703 3039 3760 regnasse
3065 3691 3231 3751 canit,
3261 3693 3407 3760 quod

1979 3784 2155 3840 Unum
2181 3798 2279 3839 cor
2304 3781 2480 3853 potuit
2511 3776 2770 3836 fratribus
2795 3796 2915 3837 esse
2944 3783 3134 3837 tribus.

1907 3876 2110 3945 Pagina
2139 3872 2380 3929 veridico
2403 3872 2601 3928 recinit
2625 3888 2878 3929 sermone
2908 3874 3090 3939 beata,

1979 3963 2259 4036 Figmenta
2285 3977 2620 4033 exsuperans
2644 3963 2826 4019 omnia
2853 3964 2973 4033 lege
3000 3966 3110 4034 pia,

1913 4060 2109 4117 Terrea
2135 4073 2420 4129 germanos
2442 4058 2512 4113 ob
2541 4059 2692 4129 regni
2718 4058 2952 4113 culmina
2983 4074 3138 4130 reges

1979 4150 2195 4206 Grudeli
2221 4150 2483 4220 quosdam
2508 4146 2702 4205 fraude
2736 4149 2951 4205 dedisse
2977 4150 3101 4203 neci

1915 4236 2178 4296 Omnibus
2203 4240 2309 4295 hoc
2336 4238 2501 4302 votis,
2525 4238 2675 4293 omni
2698 4247 2784 4294 est
2808 4239 2913 4293 hoc
2936 4246 3057 4293 arte
3079 4240 3408 4294 cavendum.

1987 4331 2062 4386 Ne
2087 4338 2276 4386 nostro
2304 4330 2358 4384 in
2389 4327 2554 4384 saele
2576 4328 2683 4382 tale
2703 4328 2834 4396 quid
2861 4340 2983 4382 esse
3009 4335 3193 4398 queat.

1917 4421 2180 4477 Gentibus
2204 4433 2346 4474 unus
2372 4425 2490 4472 erat
2522 4417 2733 4486 pridem
2759 4415 2929 4472 ferme
2958 4417 3213 4473 omnibus
3241 4434 3393 4484 usus,

1842 4531 1897 4591 ι)
1993 4512 2144 4568 Unus
2170 4520 2227 4565 ut
2258 4526 2288 4565 e
2317 4509 2549 4565 fratrum
2578 4523 2806 4578 corpore
2832 4518 3048 4580 sceptra
3075 4520 3253 4580 gerat,

1926 4602 2133 4657 Cretera
2170 4601 2377 4661 nitatur
2405 4598 2586 4668 magni
2622 4613 2753 4669 pars
2775 4612 2895 4654 esse
2927 4608 3169 4666 senatus,

1998 4690 2069 4747 Ut
2109 4689 2259 4760 regni
2288 4686 2493 4745 solidus
2520 4687 2874 4744 contionetur
2897 4702 3055 4759 apex.

1925 4782 2197 4854 Assyriis,
2218 4780 2454 4848 Phariis,
2482 4779 2726 4837 Hebraeis
2750 4796 2869 4837 mos
2892 4781 3148 4861 fuitiste,

1995 4876 2154 4932 Genti
2183 4883 2239 4931 et
2262 4874 2627 4931 Achaemeniis
2650 4889 2772 4945 qua:
2801 4873 2904 4931 fuit
2932 4885 3063 4932 ante
3089 4877 3244 4935 locis.

1927 4967 2129 5023 Morem
2173 4967 2317 5022 hunc
2361 4965 2594 5021 Parthus
2642 4966 2830 5034 habet,
2875 4967 3021 5023 hunc
3064 4967 3300 5037 Atticus,
3345 4981 3509 5044 atque

3157 5062 3433 5135 [Quirites

1997 5153 2226 5209 Decolor
2248 5146 2392 5208 hunc
2419 5153 2603 5218 lndus,
2632 5152 2778 5208 hunc
2805 5152 3089 5222 Agarenus
3112 5154 3296 5211 habet.

1928 5245 2043 5301 Mos
2073 5246 2176 5300 fuit
2200 5245 2304 5300 iste
2327 5244 2499 5309 Getis,
2531 5244 2725 5308 Hunis,
2757 5244 3070 5318 Maurisque
3097 5248 3331 5317 nigellis,

1995 5337 2064 5392 Et
2090 5351 2216 5393 reor
2253 5336 2541 5408 Ethiopas
2569 5350 2690 5393 mos
2710 5337 2875 5393 habet
2898 5338 2990 5394 ille
3018 5347 3208 5393 tetros.

1927 5498 2054 5552 tiam
2081 5499 2167 5555 vel
2191 5500 2329 5554 dona
2358 5498 2576 5563 debent,
2603 5505 2699 5552 aut
2718 5513 2826 5553 non
2850 5498 3065 5552 debent.
3470 5554 3477 5559 _

1993 5568 2023 5640 ξι
2047 5567 2196 5640 Sarpe
2212 5570 2302 5623 dat
2326 5569 2611 5640 ingenium.
2635 5568 2893 5640 Ediderat
2920 5567 3064 5619 inter
3086 5569 3272 5640 vetera
3291 5576 3512 5640 poema-

1921 5646 1975 5691 ta
2001 5638 2104 5709 hoc
2134 5631 2477 5709 epigramma
2500 5638 2693 5692 Petrus
2716 5632 3102 5709 Pithoeus,__sed
3125 5631 3246 5685 sine
3269 5636 3511 5690 auctoris

1922 5708 2158 5771 nomine,
2177 5703 2259 5763 'ac
2291 5708 2539 5763 mutilum
2580 5714 2812 5775 quatuor
2858 5703 3289 5772 versibus,quos
3313 5717 3381 5761 ex
3420 5720 3511 5760 co-

1920 5779 2037 5834 dice
2065 5788 2252 5834 nostro
2273 5777 2656 5847 supplevimus.

3001 5867 3070 5926 ll
