3998 6182
431 379 529 436 ’531

1442 369 1833 427 THEODULFI
1872 370 1962 426 Αἰ]
1975 369 2173 423 HELIA
2186 367 2428 423 NENSIS
2465 366 2679 422 EPISC.

3581 355 3693 408 532

435 486 736 543 Thracibus
753 496 804 542 et
830 444 1152 555 Phrygibus,
1181 481 1274 535 tibi
1297 494 1390 534 seu
1413 479 1798 533 Lacedtcmoua
1825 479 2001 541 tellus,
2035 481 2082 538 Α
2110 477 2308 545 impius
2333 477 2611 546 antiquam
2637 475 2844 545 gladius
2867 479 3212 527 consumeret
3235 470 3448 532 urbem,

503 579 651 636 Gens
675 580 718 635 si
751 593 852 647 qua
879 585 971 631 aut
999 575 1158 629 modo
1181 571 1286 626 fert
1311 579 1548 639 sceptra,
1577 571 1661 624 vel
1692 579 1818 624 ante
1861 570 2003 624 tulit.

1162 665 1254 720 XI.

953 775 1004 812 IN
1042 773 1247 812 ΓΒΟΝΤΕ
1286 772 1481 814 DOMUS.

368 855 376 888 ί
434 853 532 918 Qui
566 850 790 905 Romam
821 847 988 901 Roma
1027 848 1303 902 Turonum
1334 848 1620 901 Turmiove
1652 852 1905 898 catervas

502 942 584 996 ire
615 941 791 995 redire
817 939 972 1007 cupis
1001 939 1286 1003 scandere,
1317 952 1500 999 cerne,
1525 936 1670 989 vide.

365 1036 373 1100 ,'
432 1034 567 1088 Hine
595 1041 712 1087 sata
748 1031 1038 1102 spectabis,
1068 1031 1231 1095 vites,
1271 1037 1329 1085 et
1375 1029 1611 1084 claustra
1651 1027 1911 1091 ferarum,

499 1125 770 1188 Flumina,
801 1131 981 1192 prata,
1017 1122 1157 1187 vias,
1187 1121 1620 1190 pomiferumque
1663 1134 1877 1174 nemus.

427 1213 551 1266 [an
589 1211 717 1266 dum
748 1210 1074 1279 conspicies,
1117 1210 1243 1264 dum
1271 1209 1508 1279 plurima
1535 1216 1689 1279 grata
1727 1208 1961 1274 videbis,

494 1300 750 1355 Auctoris
765 1299 966 1354 horum
992 1298 1070 1353 sis
1099 1314 1306 1353 memor
1333 1300 1447 1369 ipse
1483 1299 1600 1353 Dei.

1177 1389 1298 1444 XII:

1029 1496 1406 1536 I'HNERARIUII.

429 1569 547 1622 Mox
579 1577 758 1624 tamen
783 1569 1026 1626 imbelles
1051 1571 1184 1640 petit
1207 1570 1332 1625 inde
1357 1569 1620 1639 profectio
1646 1580 1830 1625 nostra

429 1661 763 1728 Lemovices,
792 1663 1016 1734 populos
1041 1677 1231 1718 omnes
1254 1662 1460 1717 servire
1489 1671 1732 1731 paratos.

427 1756 636 1810 llorum
665 1756 917 1827 opulenta
946 1757 1046 1811 fuit
1073 1757 1233 1812 nobis
1258 1757 1390 1811 urbs
1418 1756 1657 1825 hospita,
1697 1756 1874 1813 donec

429 1846 628 1903 Usibus
653 1849 904 1904 humanis
932 1849 1118 1904 novies
1143 1848 1222 1903 sol
1254 1856 1400 1902 astra
1433 1846 1662 1918 fugaret.

423 1937 778 2008 Atiredusque
803 1938 1144 2008 exspectanti
1163 1953 1221 1993 se
1243 1935 1500 2008 iungeret
1532 1942 1648 1995 alte.

423 2025 536 2081 lllie
563 2028 839 2092 abbatum,
871 2027 1002 2083 cleri
1040 2041 1136 2082 seu
1162 2035 1361 2082 cratera
1392 2033 1551 2086 turba

422 2115 532 2172 Nos
559 2119 696 2174 bene
722 2119 931 2174 deliciis
959 2119 1150 2173 crebra
1180 2120 1424 2178 bonitate
1455 2121 1667 2176 refecit.

424 2210 560 2263 Cum
590 2210 761 2264 multo
794 2212 848 2264 in
890 2219 1106 2266 nostros
1138 2211 1322 2286 plebes
1355 2213 1657 2268 madefacta
1687 2211 1847 2282 [ιςωο

422 2296 615 2360 inruit,
645 2306 702 2351 et
729 2299 899 2352 nostri
925 2314 1049 2359 sese
1084 2303 1372 2359 defendere
1393 2310 1637 2357 certant.

495 2439 518 2462 ι·
565 2427 898 2509 Petricuidia
924 2436 1096 2509 tellus.
1125 2437 1696 2509 Petrocorica.Neque
1716 2438 1806 2493 hic
1840 2439 2013 2509 solum

423 2498 528 2579 hoc
563 2505 725 2579 modo
776 2505 1157 2579 interpolatum
1207 2509 1260 2579 id
1303 2523 1499 2564 nomen
1553 2498 1813 2564 occurrit.
1873 2508 2008 2562 Nam

425 2567 568 2628 idem
612 2576 787 2644 ipsum
811 2576 864 2629 in
891 2567 1132 2646 antiquis
1154 2578 1318 2633 etiam
1339 2579 1743 2650 exemplaribus
1767 2579 2006 2644 Paulini,

1473 2664 1494 2690 Ν

2112 567 2193 620 Me
2219 567 2498 631 miserum,
2527 574 2582 619 et
2607 564 2761 618 nobis
2789 572 2942 617 atrox
2963 563 3174 632 jactura
3205 561 3437 623 veniret,

2115 658 2172 710 Ni
2207 656 2345 712 foret
2369 657 2649 725 Ephraim,
2679 670 2774 709 seu
2804 653 3014 707 Mancio
3036 651 3324 721 presbyter
3349 650 3474 714 iret,

2111 748 2228 812 Quo
2258 749 2576 817 prohibente
2605 745 2756 800 furor
2783 744 3017 800 cessavit
3040 743 3232 798 mortis
3265 735 3545 810 utrinque.

2112 840 2459 910 Sagmatibus
2482 840 2697 893 tandem
2724 837 2811 892 his
2835 853 2956 908 qua:
2980 835 3219 906 postulat
3243 849 3374 890 usus
3397 832 3645 898 onustis,

2113 932 2220 986 Nos
2245 933 2372 987 hinc
2400 933 2672 1002 digressos
2701 930 2843 999 cepit
2869 943 2894 969 η
2931 928 3264 984 Petricordia
3297 925 3475 980 tellus.

2113 1027 2237 1080 Inde
2265 1035 2386 1081 tuas
2411 1025 2607 1081 refluas
2636 1026 2871 1096 petimus
2897 1024 3168 1078 Dordonia
3199 1022 3366 1091 ripas.

2111 1116 2209 1170 Vix
2243 1115 2331 1168 ubi
2379 1114 2600 1170 deﬂexis
2645 1112 2899 1167 elementi
2940 1111 3085 1164 mole
3123 1109 3358 1176 fluentis,

2113 1208 2378 1264 Ulteriora
2410 1208 2559 1277 iubis
2587 1213 2876 1277 patuerunt
2895 1203 3074 1258 littora
3103 1203 3336 1276 equinis.

2111 1301 2256 1367 Quos
2287 1309 2368 1354 ter
2403 1298 2673 1353 flumineis
2698 1296 2905 1353 celeres
2929 1295 3214 1365 injccimus
3238 1295 3418 1359 undis,

2111 1392 2345 1448 Vocibus
2374 1392 2667 1458 instantes,
2692 1389 2934 1461 lapidum
2962 1406 3055 1444 seu
3088 1389 3324 1460 iactibus
3353 1387 3507 1458 ipsis,
3581 1378 3589 1386 ⁷

2112 1483 2217 1536 Ter
2247 1491 2426 1537 tamen
2457 1483 2723 1539 invalidos
2747 1482 2946 1537 fluviali
2973 1480 3211 1552 pondere
3228 1478 3425 1549 jactos,

2110 1575 2214 1628 Per
2244 1575 2398 1642 vada,
2427 1592 2527 1646 per
2552 1589 2733 1645 rupes,
2765 1588 2864 1644 per
2898 1572 3087 1632 saltus,
3131 1583 3334 1640 perque
3374 1581 3660 1632 cavernas,

2111 1664 2355 1724 Sollicita
2386 1667 2593 1721 invenit
2619 1672 2954 1735 quaerentum
2990 1662 3150 1715 turba
3177 1667 3492 1714 trementes.

2113 1759 2221 1814 Hos
2253 1759 2522 1828 trepidare
2553 1771 2677 1810 reor
2700 1763 3002 1810 monstrum
3033 1751 3364 1816 miserabile,
3398 1749 3550 1803 littus

2037 1830 2082 1886 Β
2115 1851 2339 1905 Fecerat
2368 1849 2612 1910 ulterius,
2648 1855 2931 1915 terrasque
2957 1859 3158 1915 pavere
3180 1840 3446 1909 iacentes.

2114 1940 2316 1996 Pallida
2347 1953 2584 2007 namque
2614 1937 2785 1992 fames
2810 1949 3156 1990 nummorum
3187 1932 3326 1987 forte
3362 1929 3696 1994 redundans,

2115 2035 2243 2102 Quae
2272 2033 2549 2104 P0pulana
2581 2041 2707 2085 tuas
2739 2030 2989 2084 vastabat
3012 2027 3185 2083 Gallia
3213 2034 3407 2081 terras.

2115 2126 2240 2181 llaec
2263 2133 2404 2194 post,
2429 2124 2728 2192 undivagos
2754 2121 2964 2192 cymbis
2987 2117 3298 2190 trajecimus
3332 2129 3537 2170 amnes.

2116 2209 2449 2286 Cornipedes
2470 2215 2592 2268 udis
2621 2214 2886 2269 trahimus
2912 2211 3181 2267 nectendo
3202 2209 3486 2278 capistris,

2117 2306 2287 2363 Obvia
2309 2321 2427 2362 sese
2457 2305 2601 2360 ultro
2629 2305 2831 2359 nostris
2861 2302 3171 2374 aspectibus
3198 2299 3377 2355 offert.

2120 2441 2212 2513 qui
2244 2441 2413 2513 libros
2432 2453 2485 2513 _vt
2509 2437 2814 2513 carminum
2835 2435 2901 2490 de
2929 2434 2988 2490 S.
3007 2433 3225 2513 Martini
3242 2432 3363 2513 Vita
3384 2429 3705 2513 scripsit,_in

2113 2503 2294 2584 operis
2330 2510 2487 2564 titulo
2520 2507 2777 2573 adfixum,
2821 2507 3059 2560 auctoris
3088 2520 3185 2558 nos
3206 2504 3434 2572 patriam
3460 2503 3665 2557 docuit.

434 2699 3701 2742 ψῃ

1635 2863 1942 2946 LIBER
1995 2863 2504 2959 QUARTUS.

1874 3041 2245 3058 ~—

712 3235 777 3273 ΒΕ
815 3233 990 3274 ΜΒΒΒ
1021 3234 1153 3283 QUOS
1189 3234 1395 3274 LEGBBE
1433 3234 1696 3288 θοιειιλδι,

431 3310 497 3365 ει
534 3309 761 3382 qualiter
808 3308 1005 3378 fabula:
1040 3319 1314 3381 poetarum
1351 3327 1385 3364 η
1423 3310 1747 3382 philosophis
1801 3311 2016 3382 mystice

1019 3391 1423 3450 pertractenutr.

426 3490 668 3563 Namque
696 3506 796 3562 ego
822 3499 1010 3548 suetus
1033 3506 1184 3546 eram
1209 3493 1312 3548 hos
1334 3492 1509 3549 libros
1527 3493 1724 3566 legisse
1761 3492 2018 3564 frequen-

581 3597 583 3599 ‘
1815 3583 1943 3654 iter,

497 3671 719 3728 Exstilit
743 3671 830 3726 ille
855 3671 984 3725 mibi
1011 3682 1172 3726 noete
1193 3673 1394 3740 dieque
1423 3674 1597 3728 labor.

429 3761 585 3830 Stepe
624 3767 681 3814 et
710 3759 1058 3828 Gregorium,
1097 3759 1464 3829 Augustinum
1491 3761 1711 3833 perlego
1740 3778 1904 3832 sepe,

501 3853 569 3907 Et
605 3851 753 3905 dicta
788 3850 1010 3915 llilarii,
1054 3867 1150 3906 seu
1191 3858 1306 3918 tua,
1335 3867 1474 3923 papa
1501 3853 1634 3909 Leo.

432 3940 666 4012 llicrony
677 3955 843 4005 mum,
874 3940 1242 4008 Ambrosium,
1267 3943 1556 4011 lsidorum,
1575 3944 1722 4001 fulvo
1745 3961 1840 4003 ore
1858 3945 2018 4003 Joan-

1773 4037 1944 4112 [nem,

502 4125 710 4198 lnclyte
746 4141 841 4180 seu
871 4134 1082 4197 martyr
1123 4135 1197 4191 te,
1238 4125 1509 4198 Cypriane
1549 4129 1730 4184 Pater.

432 4219 560 4276 Sive
587 4219 726 4275 alios
755 4233 989 4289 quorum
1020 4219 1331 4275 describere
1365 4220 1585 4276 nomina
1619 4221 1836 4293 longum
1859 4231 1964 4278 est.

499 4309 647 4377 Quos
685 4309 824 4365 bene
849 4310 1110 4367 doctrinae
1135 4312 1288 4366 vexit
1315 4316 1385 4367 ad
1425 4312 1534 4367 alta
1561 4313 1747 4369 decus.

431 4403 688 4474 Legimus
715 4411 772 4459 et
809 4405 1004 4459 crebro
1043 4404 1266 4475 gentilia
1294 4405 1500 4477 scripta
1537 4407 1853 4478 sophorum,

503 4495 681 4551 Rebus
709 4494 802 4564 qui
836 4493 892 4548 in
932 4495 1102 4551 variis
1137 4497 1419 4552 eminuere
1453 4498 1608 4552 satis.

430 4587 570 4644 Cura
613 4588 814 4644 decens
857 4597 1071 4660 patrum
1101 4605 1201 4646 nec
1227 4598 1350 4646 erat
1386 4599 1663 4660 postrema
1688 4591 1929 4661 piorum,

504 4679 748 4746 Quorum
777 4689 906 4735 sunt
945 4681 1134 4736 subter
1174 4682 1394 4736 nomina
1423 4681 1629 4751 scripta
1657 4681 1799 4735 vide.

436 4779 457 4804 ³
492 4766 765 4834 Sedulius,
794 4767 1026 4832 Rutilus,
1065 4769 1342 4833 Paul-inus,
1369 4769 1591 4834 Arator,
1628 4768 1844 4832 Avitus,

507 4856 576 4909 Et
602 4855 958 4921 Fortunatus,
991 4868 1156 4928 tuque
1182 4858 1422 4914 Juvence
1447 4867 1658 4913 tonans.

437 4946 769 5015 Diversoque
792 4955 985 5015 potens
1012 4950 1309 5018 prudenter
1339 4963 1591 5018 promere
1615 4949 1770 5019 plura

507 5034 703 5100 Metro,
732 5050 766 5090 ο
795 5034 1070 5100 Prudenti,
1115 5047 1299 5092 noster
1336 5046 1392 5092 et
1424 5039 1541 5109 ipse
1575 5054 1796 5110 parens.

434 5131 501 5187 Et
532 5129 694 5186 modo
717 5129 1057 5198 Pompeium,
1095 5131 1258 5186 modo
1286 5141 1362 5198 te,
1391 5132 1618 5198 Donate,
1650 5133 1920 5206 legebam.

506 5221 572 5276 Et
613 5219 774 5276 modo
820 5219 1123 5291 Virgilium,
1151 5229 1205 5276 te
1227 5222 1411 5289 modo,
1440 5221 1584 5278 Naso
1609 5223 1830 5294 loquax.

431 5315 494 5372 ln
522 5329 755 5386 quorum
779 5313 943 5370 dictis
965 5327 1280 5384 quanquam
1313 5317 1424 5372 sint
1451 5314 1645 5371 frivola
1671 5316 1866 5380 multa,

502 5409 740 5466 Plurima
765 5408 866 5465 sub
891 5406 1028 5462 falso
1050 5408 1283 5479 tegmine
1307 5424 1436 5464 vera
1466 5407 1655 5463 latent.

433 5502 591 5559 Falsa
617 5511 899 5575 poetarum
927 5499 1100 5572 stylus
1131 5497 1302 5563 aﬂ‘ert,
1337 5515 1468 5556 vera
1497 5499 1814 5572 sophorum,

507 5643 532 5701 ξ
571 5632 848 5697 Sedulius,
903 5630 1135 5686 Rutilus.
1182 5629 1358 5698 Quem
1399 5629 1642 5685 Rutilum
1687 5639 1902 5701 poetam
1950 5632 2028 5687 in-

439 5699 844 5771 telligatdieere
868 5717 975 5756 non
1005 5702 1202 5769 habeo,
1231 5712 1429 5771 prteter
1459 5699 1721 5756 “utilium
1748 5702 2028 5757 Numatia—

439 5769 586 5824 nam.
621 5769 728 5826 Sed
758 5771 953 5828 mirum
985 5773 1056 5827 sit
1089 5769 1441 5843 intet‘poetas
1475 5773 1813 5830 Christianos
1837 5790 2028 5828 nume-

2045 3133 2091 3194 (ζ
2191 3126 2347 3182 Falsa
2374 3129 2569 3183 horum
2601 3131 2658 3183 in
2684 3143 2871 3182 verum
2895 3137 3109 3182 vertere
3139 3141 3282 3196 sazpe
3307 3125 3506 3180 solent.

2121 3217 2212 3273 Sic
2235 3219 2465 3274 Proteus
2493 3234 2701 3283 verum,
2751 3219 2834 3274 sic
2867 3219 3077 3287 justum
3107 3217 3271 3285 Virgo
3305 3216 3561 3286 repingit,

2194 3309 2456 3365 Virtutem
2495 3311 2712 3366 Alcides
2733 3351 2748 3376 ,
2790 3308 3043 3378 furtaque
3069 3309 3247 3363 Cacus
3275 3308 3447 3376 inops.

2119 3399 2317 3456 Verum
2345 3409 2410 3456 ut
2433 3401 2670 3466 fallatur,
2711 3401 2991 3456 mendacia
3036 3400 3183 3454 mille
3226 3405 3542 3469 patescunt,

2189 3490 2445 3547 Firmiter
2472 3493 2576 3548 hoc
2604 3493 2795 3546 stricto
2822 3492 3047 3562 pristina
3078 3489 3252 3545 forma
3281 3490 3440 3544 redit.

2122 3581 2360 3652 Virginis
2388 3583 2441 3636 in
2469 3597 2678 3637 morem
2709 3583 2792 3636 vis
2812 3581 2946 3650 jus1i
2979 3581 3148 3635 illaesa
3175 3580 3408 3644 renidet,

2191 3675 2362 3740 Quam
2391 3675 2577 3743 nequit
2604 3674 2788 3742 injusti
2819 3673 3221 3729 commaculare
3245 3673 3384 3727 lues.

2118 3765 2410 3820 Gressibus
2441 3765 2481 3818 it
2518 3763 2700 3828 fusum
2734 3764 3011 3818 fallentem
3051 3765 3263 3818 insania
3294 3763 3495 3826 versis,

2190 3853 2298 3910 Ore
2325 3863 2548 3909 vomunt
2577 3855 2783 3909 fumum
2825 3856 3021 3925 probra
3053 3855 3299 3926 negando
3327 3862 3552 3908 tetrum.

2119 3946 2213 4001 Vis
2239 3947 2334 4001 sed
2363 3961 2459 4001 eos
2497 3946 2696 4001 mentis
2718 3947 2930 4016 retegit,
2962 3946 3288 4015 premitque,
3322 3945 3628 4014 quatitque.

2191 4025 2441 4108 Nequitia
2464 4036 2680 4091 illorum
2705 4037 2783 4091 sic
2809 4035 3095 4091 manifesta
3125 4045 3289 4106 patet.

2119 4127 2370 4198 Fingitur
2397 4128 2596 4192 alatus,
2627 4128 2823 4192 nudus,
2854 4143 2991 4197 puer
3022 4142 3142 4182 esse
3171 4126 3399 4197 Cupido,

2189 4218 2356 4273 Ferre
2383 4234 2569 4273 arcum
2599 4227 2653 4272 et
2697 4220 3029 4288 pharetram,
3081 4218 3281 4281 toxica,
3312 4217 3438 4281 tela,
3469 4218 3676 4273 facem.

2118 4309 2272 4376 Quod
2300 4310 2458 4376 levis,
2491 4304 2844 4380 alatus,quod
2873 4319 3063 4378 aperto
3093 4318 3177 4363 est
3214 4309 3468 4373 crimine,
3493 4308 3710 4374 nudus,

2191 4400 2503 4471 Solertique
2535 4407 2687 4456 caret
2717 4401 2862 4471 quod
2891 4401 3120 4463 ratione,
3149 4414 3306 4469 puer.

2042 4486 2096 4544 D
2123 4494 2274 4549 Meus
2294 4509 2460 4562 prava
2487 4494 2542 4549 in
2573 4493 2854 4564 pharetra,
2888 4492 3101 4548 insidiae
3139 4492 3426 4562 signantur
3462 4491 3520 4544 in
3549 4505 3709 4556 areu,

2191 4587 2321 4642 Tela
2340 4587 2496 4656 prius
2521 4586 2695 4650 virus,
2728 4584 2819 4640 fax
2849 4594 2976 4640 tuus
3025 4585 3189 4640 ardor
3215 4599 3390 4639 amor.

2122 4681 2369 4738 Mobilius
2399 4682 2575 4738 levius
2600 4681 2730 4751 quid
2751 4681 2896 4735 enim
2922 4679 3006 4735 vel
3032 4679 3346 4734 amantibus
3371 4692 3495 4732 esse

2191 4773 2340 4840 Quit,
2361 4791 2499 4845 vaga
2529 4789 2682 4828 tuens
2708 4788 2940 4844 quorum
2973 4787 3068 4827 seu
3110 4772 3232 4826 leve
3263 4785 3464 4841 corpus
3519 4770 3663 4824 inest
3686 4770 3706 4809 τ

2123 4866 2255 4934 Quis
2283 4866 2493 4922 facinus
2517 4867 2697 4922 celare
2729 4873 2907 4937 potest
2932 4865 3076 4935 quod
3105 4879 3260 4918 amor
3280 4862 3422 4933 gerit
3447 4876 3604 4924 acer,

2193 4953 2361 5024 Cujus
2389 4969 2607 5023 semper
2631 4964 2794 5010 erunt
2819 4964 2970 5026 gesta
3003 4961 3210 5008 retecta
3245 4951 3426 5006 mala?

2125 5048 2257 5114 Quis
2289 5047 2518 5102 rationis
2547 5063 2668 5102 eum
2693 5049 2856 5119 spiris
2887 5047 3097 5102 vincire
3127 5046 3352 5110 valebit,

2195 5139 2297 5206 Qui
2328 5147 2412 5194 est
2436 5154 2570 5209 puer
2589 5137 2808 5194 eil'renis
2827 5147 2884 5194 et
2913 5139 3121 5193 ratione
3149 5135 3394 5193 carens?

2127 5229 2257 5296 Quis
2286 5231 2558 5299 pharetrae
2588 5230 2828 5286 latebras
2869 5231 3074 5300 poterit
3096 5236 3389 5300 penetrare
3423 5224 3711 5295 malignas,

2195 5322 2322 5378 Tela
2350 5323 2522 5378 latent
2545 5331 2703 5379 utero
2731 5333 2864 5394 quot
2895 5323 3204 5378 truculenta
3228 5319 3404 5375 malo?

2127 5410 2244 5478 Quo
2266 5411 2383 5468 face
2413 5413 2742 5483 coniunctus
2762 5414 2978 5469 virosus
3000 5411 3219 5483 prosilit
3243 5411 3384 5465 ictus
3403 5449 3418 5475 ,

2197 5501 2299 5569 Qui
2333 5501 2505 5569 volat,
2541 5511 2596 5557 et
2623 5503 2898 5574 perimens
2925 5503 3200 5568 vulnerat,
3232 5501 3366 5567 urit,
3395 5498 3545 5569 agit?

2128 5635 2238 5688 rari
2265 5651 2389 5689 eum
2415 5636 2507 5704 qui
2533 5634 2874 5690 Christianus
2901 5650 3006 5690 non
3032 5634 3150 5688 fuit.
3174 5633 3360 5704 Itaque
3379 5629 3720 5684 Fortunatus

2128 5705 2220 5773 qui
2265 5705 2358 5759 lib.
2393 5702 2504 5759 Ide
2543 5705 2666 5758 Vita
2692 5704 2749 5760 S.
2784 5706 3004 5760 Martini
3046 5714 3252 5774 septem
3277 5702 3420 5756 alios
3461 5709 3714 5753 recenset

2130 5774 2392 5842 Rutilium
2421 5775 2643 5830 omittit.
