3998 6182
261 386 349 443 355
1479 379 1804 436 CARMl-NA.

1855 377 1976 433 LIB.
2021 378 2106 434 ιτ.
3320 394 3434 449 πει

261 502 335 553 Est
356 496 592 552 sceleratus
629 497 770 550 enim
797 497 1042 551 moechia:
1071 497 1302 558 dzemon,
1334 501 1386 547 et
1427 502 1603 555 atrox.
1780 506 1826 560 Α
1926 493 2151 548 Fecerat
2175 496 2397 549 artiﬁcis
2423 512 2541 566 quae
2568 500 2708 553 bene
2744 502 2896 554 docta
2934 517 3142 556 manus.

315 588 378 641 Ad
401 587 527 640 luxus
549 585 772 640 miseros
801 601 941 639 szeva
970 585 1228 638 barathra
1246 583 1488 637 trahens.
1865 587 2158 640 Verborum
2188 585 2377 640 levitas
2399 587 2522 651 alis,
2548 590 2824 657 virtusque
2855 590 3023 645 leonis

260 677 462 746 Decipere
482 684 552 728 est
575 682 875 743 promptus,
909 687 1232 744 semperque
1260 688 1458 726 nocere
1505 680 1748 740 paratus,
1917 676 1977 728 in
1999 676 2174 745 capite
2197 677 2393 746 eloquii
2416 694 2652 748 congrua
2676 680 2827 750 signa
2857 681 3074 735 dabant.

311 764 524 820 Datmonis
554 773 632 817 est
661 763 913 832 quoniam
939 763 1041 825 vis,
1070 776 1205 831 opus
1224 802 1238 826 ,
1264 776 1393 816 usus
1420 760 1493 814 ei.
1853 763 1944 818 Sic
1967 765 2142 832 rapite
2171 775 2226 818 et
2254 766 2478 834 pedibus
2500 775 2717 835 gestans
2743 767 3014 823 caducifer
3039 767 3172 832 alas,

254 857 442 912 Somnus
459 855 598 910 habet
632 854 896 924 geminas,
925 851 1168 908 referunt
1190 853 1751 922 utcarmina,portas,
1924 853 1980 906 In
2022 853 2202 907 verbis
2225 869 2443 907 cursum
2474 857 2651 926 signat
2680 857 2855 912 inesse
2878 857 3073 913 levem.

306 946 454 1000 Altera
473 960 581 998 vera
613 944 774 1013 gerit,
806 943 976 996 altera
1004 941 1139 996 falsa
1193 951 1394 996 tamen.
1855 943 2006 998 llaud
2049 943 2238 1011 procul
2280 937 2405 998 hinc
2442 947 2582 1000 sedit
2625 963 2818 1004 sensus
2869 950 3159 1008 Dialectica
3211 963 3429 1007 mater:

242 1039 417 1094 Cornea
438 1053 542 1092 vera
566 1037 748 1100 trahit,
774 1035 1022 1103 producit
1041 1036 1275 1089 eburnea
1294 1032 1426 1086 falsa
1454 1050 1467 1082 :
1923 1034 2015 1087 Illa
2039 1032 2320 1088 videbatur
2338 1045 2510 1099 stans,
2533 1047 2650 1091 erat
2678 1040 2779 1092 ista
2811 1042 3026 1096 sedens.

308 1129 420 1184 Vera
443 1129 600 1183 vident
627 1127 788 1189 oculi,
825 1124 955 1180 falsa
988 1141 1082 1196 per
1096 1141 1187 1178 ora
1203 1133 1402 1178 meant.
1856 1126 1962 1180 Par
1989 1128 2187 1196 quibus
2217 1127 2270 1182 in
2299 1142 2482 1190 sensu,
2508 1129 2693 1198 dispar
2731 1133 2783 1184 in
2819 1132 3066 1200 pluribus
3097 1143 3251 1191 actus

250 1219 396 1274 liasile
412 1235 514 1272 nam
543 1233 727 1279 cornu,
753 1225 904 1269 tener
931 1224 983 1269 et
1006 1214 1302 1268 translucet
1323 1213 1544 1278 ocellus,
1929 1216 2136 1271 Slando
2174 1217 2317 1285 quod
2345 1217 2433 1270 illa
2455 1217 2602 1282 boat,
2632 1219 2735 1273 ista
2767 1222 3005 1278 sedendo
3029 1226 3178 1296 legit.

307 1308 662 1375 Obtunsumque
684 1306 832 1358 vehit
871 1305 983 1359 oris
1022 1304 1204 1358 hiatus
1243 1305 1397 1358 ebur.
1857 1304 1950 1359 llla
1980 1302 2333 1358 tumultiﬂuas
2361 1306 2520 1360 sedes
2542 1309 2679 1375 petit
2705 1348 2719 1371 ,
2749 1309 2848 1363 ista
2875 1322 3112 1368 remotas
3137 1333 3150 1368 :

245 1399 344 1456 Non
369 1398 671 1467 splendorem
699 1395 892 1460 oculis,
926 1411 1030 1449 non
1055 1393 1444 1464 scntitfrigora
1471 1407 1636 1447 cornu
1930 1393 2022 1446 Illa
2053 1393 2226 1447 forum
2251 1393 2454 1464 jugiter
2476 1397 2698 1465 appetit,
2729 1398 2827 1451 ista
2856 1400 3079 1469 stylum.

301 1489 388 1544 Par
411 1487 534 1542 deuti
558 1495 716 1554 atque
741 1486 891 1539 ebori
928 1487 1118 1554 visque
1131 1485 1387 1553 colorque
1409 1490 1610 1537 manet.
1860 1483 2058 1540 Oribus
2086 1486 2174 1539 illa
2205 1487 2420 1539 modum
2449 1491 2746 1557 componit,
2772 1491 3012 1545 moribus
3052 1492 3176 1558 ista,

245 1581 327 1633 Est
351 1579 497 1649 portis
523 1577 634 1631 istis
663 1577 836 1629 virtus
857 1591 964 1628 non
994 1591 1096 1628 una
1128 1575 1360 1638 duabus,
1932 1577 2132 1645 lllaque
2159 1575 2278 1631 fons
2304 1579 2504 1642 verbis,
2537 1580 2784 1635 sensibus
2807 1582 2910 1636 ista
2950 1591 3156 1638 manet.

297 1670 360 1724 Os
381 1668 472 1722 fert
495 1667 642 1732 falsa,
667 1666 859 1721 oculus
881 1666 958 1720 nil
987 1667 1088 1720 nisi
1112 1681 1238 1719 vera
1263 1665 1426 1729 videt,
1865 1667 2021 1721 Lana
2051 1675 2211 1736 caput
2238 1676 2526 1732 monstrat,
2559 1686 2755 1740 corpus
2792 1679 2970 1728 tamen
3005 1674 3205 1730 occulit
3228 1679 3440 1750 anguis,

231 1759 386 1815 Pauca
408 1761 507 1814 bzee
532 1759 595 1814 de
620 1758 1073 1829 multisbrevibus
1098 1756 1396 1812 constricta
1411 1755 1624 1810 catenis
1935 1757 2071 1810 Dum
2104 1757 2178 1810 nil
2208 1757 2394 1822 dextra
2428 1766 2575 1813 tenet
2600 1761 2721 1828 quis
2743 1763 2876 1832 petit
2903 1764 2987 1816 illa
3017 1773 3183 1833 petat.

294 1849 510 1920 Exempli
541 1863 703 1905 causa
731 1848 1059 1918 sitposuisse
1082 1847 1234 1904 satis.
1794 1839 1838 1898 Β
1865 1845 1996 1914 Quae
2021 1848 2270 1917 preponit
2295 1857 2352 1902 et
2379 1850 2629 1914 assumit,
2679 1851 2953 1906 concludit
2983 1863 3160 1919 acute,

941 1940 1008 1994 ll.
1940 1938 2220 1992 lncautum
2248 1947 2306 1992 ut
2326 1938 2496 1994 solers
2523 1956 2645 1996 mox
2679 1951 2826 2010 petat
2855 1958 3027 2012 angue
3044 1959 3158 1996 suo.

233 2049 255 2075 ι
285 2051 342 2088 οε
367 2049 553 2088 seriem
576 2047 985 2087 LIBERALIBUSIN
1002 2045 1214 2094 QUADAI
1244 2044 1469 2084 PICTUIIA
1497 2041 1753 2083 uertens.
1871 2027 1999 2082 Haec
2027 2043 2150 2082 vera
2183 2044 2212 2082 a
2243 2028 2392 2084 falsis
2420 2031 2598 2085 studio
2620 2031 2932 2087 discernere
2960 2047 3162 2105 magno

225 2126 401 2178 Discus
432 2133 540 2176 erat
564 2123 719 2176 tereti
755 2121 1016 2175 formatus
1037 2121 1271 2190 imagine
1301 2119 1509 2184 mundi,
1943 2120 2177 2185 Aistuat,
2211 2129 2265 2174 et
2289 2121 2404 2174 veri
2428 2121 2530 2175 scit
2559 2123 2798 2190 reperire
2828 2123 2992 2176 viam.

283 2216 493 2270 Arboris
517 2215 676 2269 unius
702 2229 861 2283 quem
890 2213 1186 2268 decorabat
1207 2225 1360 2280 opus.
1875 2210 1992 2265 lloc
2008 2211 2232 2280 Logica,
2267 2220 2349 2266 ast
2373 2212 2476 2266 alio
2503 2213 2820 2268 consederat
2851 2211 3042 2269 Ethica
3073 2230 3224 2270 ramo
3253 2233 3266 2268 :

221 2303 375 2372 llujus
394 2304 735 2374 grammatica
766 2303 959 2372 ingens
990 2302 1045 2355 in
1080 2301 1262 2354 radice
1290 2300 1534 2364 sedebat,
1944 2300 2068 2355 llzce
2099 2302 2308 2355 ratione
2323 2303 2488 2372 viget,
2521 2303 2763 2358 moribus
2791 2303 2877 2357 illa
2892 2303 3098 2374 probis.

284 2395 498 2466 Gignere
525 2410 642 2449 eam
667 2403 840 2449 semet
871 2409 964 2448 seu
996 2393 1238 2448 retinere
1271 2407 1513 2446 monens.
1872 2389 1985 2445 Bac
2011 2391 2065 2444 in
2090 2401 2243 2462 parte
2270 2392 2445 2447 locum
2481 2394 2679 2448 retinet
2695 2395 2984 2464 prudentia
3007 2396 3265 2464 primum,

217 2486 392 2541 Omnis
421 2486 484 2538 ab
512 2485 610 2539 hac
631 2485 753 2538 ideo
782 2485 1079 2553 procedere
1104 2482 1353 2538 cernitur
1377 2480 1556 2544 arbos,
1943 2481 2071 2548 Quae
2101 2492 2300 2537 sancta:
2322 2485 2444 2538 vita:
2469 2485 2696 2554 perdere
2717 2486 2890 2540 nescit
2913 2486 3037 2540 iter.

283 2574 381 2628 Ars
402 2573 517 2641 quia
543 2573 772 2643 proferri
800 2574 902 2628 hac
925 2574 1042 2627 sine
1069 2573 1215 2626 nulla
1249 2570 1412 2625 valet.
1874 2570 2066 2626 Stabat
2091 2574 2162 2626 ibi
2195 2575 2460 2644 gravitate
2486 2575 2597 2643 pia,
2629 2575 2932 2646 librumque
2965 2577 3198 2637 tenebat,

215 2663 377 2732 llnjus
408 2665 528 2718 lieva
567 2672 711 2719 tenet
757 2662 1002 2735 ﬂagrum,
1051 2679 1145 2717 seu
1190 2663 1377 2716 dextra
1423 2661 1766 2725 maebazram,
1950 2660 2016 2715 Ut
2039 2671 2201 2730 queat
2238 2663 2476 2717 imbutus
2505 2661 2607 2718 hoc
2633 2680 2762 2718 suus
2781 2665 2901 2719 esse
2930 2681 3154 2736 sequax.

284 2755 462 2826 Pigros
488 2757 586 2810 hoc
607 2763 665 2808 ut
690 2764 835 2826 agat,
868 2755 1020 2808 radat
1048 2761 1108 2808 ut
1130 2755 1244 2808 [nec
1262 2752 1413 2806 vitia.
1875 2749 2126 2805 Proxima
2157 2753 2239 2807 vis
2259 2752 2336 2806 illi
2365 2755 2546 2808 stabat
2577 2754 2870 2810 fortissima
2895 2757 3086 2819 virtus,

209 2848 277 2901 ει
321 2848 436 2918 quia
458 2847 742 2918 primatum
779 2846 1043 2916 sapientia
1069 2853 1245 2918 gestat
1265 2845 1486 2912 ubique,
1945 2841 2204 2912 lnsignita
2227 2844 2414 2908 armis,
2433 2843 2728 2916 ofﬁciisque
2757 2847 2888 2900 suis.

283 2938 590 3007 Compserat
610 2937 753 2991 illius
774 2937 898 2990 hinc
919 2936 1165 2990 diadema
1195 2942 1376 3003 caput.
1875 2932 2058 2988 Altera
2100 2950 2331 3004 namque
2373 2952 2564 2992 manus
2587 2939 2756 2995 sicam
2786 2947 2950 3004 tenet,
2984 2939 3153 2996 altera
3185 2959 3430 3012 parmam

205 3033 275 3084 Et
311 3030 429 3100 quia
459 3037 510 3083 te
531 3043 722 3084 sensus
761 3029 956 3094 bonus,
987 3037 1080 3084 aut
1105 3028 1349 3098 opinatio
1365 3027 1552 3099 gignit,
1948 3023 2171 3079 Tectum
2198 3036 2321 3080 erat
2347 3036 2402 3082 et
2421 3044 2560 3083 cono
2594 3030 2822 3085 cassidis
2848 3045 3008 3086 omne
3027 3042 3207 3102 caput.

280 3123 459 3178 Ambae
485 3123 572 3177 hic
597 3123 857 3178 assistunt
879 3123 1018 3176 celsa
1047 3120 1233 3190 s0phia
1267 3119 1382 3174 tibi.
1812 3181 1847 3190 __
1880 3116 1995 3182 Quo
2019 3125 2181 3186 queat
2209 3119 2505 3174 horrendas
2534 3121 2784 3176 vitiorum
2806 3123 3025 3178 vincere
3056 3123 3253 3189 larvas,

205 3217 430 3270 Arboris
457 3215 600 3268 illius
625 3223 772 3269 recto
796 3216 860 3269 de
885 3215 1064 3284 stipite
1094 3181 1228 3267 rami
1803 3181 1848 3241 Ω
1933 3209 2014 3277 .Et
2039 3181 2129 3280 pia
2158 3211 2380 3266 libertas
2409 3228 2516 3282 quo
2541 3215 2677 3270 bene
2701 3221 2813 3268 tuta
2849 3214 2960 3268 fiat.

279 3305 524 3376 Undique
546 3314 882 3377 consurgunt
914 3322 943 3360 e
969 3305 1187 3374 regione
1228 3305 1355 3360 sibi.
1881 3298 2032 3354 lianc
2067 3316 2233 3370 prepe
2252 3301 2462 3370 justitia
2496 3303 2731 3371 gladium
2759 3303 3104 3372 palmamque
3145 3305 3381 3370 tenebat.

195 3402 407 3455 Dexter
436 3399 780 3456 Rhetoricam
803 3401 988 3466 habet,
1023 3408 1079 3453 et
1105 3399 1395 3454 Dialectica
1427 3407 1611 3457 temet.

1519 3409 1611 3457 ιρι,
1953 3389 2118 3443 Libra
2144 3401 2264 3444 erat
2285 3392 2338 3444 in
2365 3391 2516 3458 cujus
2551 3393 2663 3447 sive
2690 3407 2889 3446 corona
2915 3409 3098 3448 manu.

279 3489 517 3544 γίηιιιοε
541 3490 706 3544 ιωγιιε
733 3498 990 3559 quattuor
1019 3498 1180 3558 atque
1211 3488 1371 3559 gerit,
1883 3480 2016 3546 Quis
2040 3489 2305 3534 tormenta
2336 3479 2475 3534 ferat
2499 3497 2602 3534 non
2631 3483 2816 3550 justis,
2839 3485 3059 3551 praemia
3091 3485 3274 3554 justis,

197 3579 495 3632 Rhetorica
534 3589 694 3648 atque
731 3578 848 3633 foro
871 3581 1114 3633 dextram
1143 3587 1401 3649 protensa
1428 3578 1672 3640 sedebat,
1954 3568 2200 3623 Pondere
2224 3584 2317 3622 seu
2353 3570 2495 3639 juSlc
2518 3568 2660 3624 dicm
2689 3571 2773 3624 vel
2813 3579 2932 3626 acta
2958 3573 3172 3642 probet.

271 3668 509 3723 Turrita:
535 3678 699 3737 atque
722 3669 876 3723 urbis
899 3668 1106 3723 fabrica
1130 3669 1310 3722 stabat
1338 3668 1408 3721 ei.
1888 3661 2038 3715 llanc
2069 3675 2238 3730 prope
2287 3661 2603 3731 temperiem
2638 3661 2887 3732 pmbens
2924 3664 3226 3720 moderatio
3264 3666 3445 3723 stabat

192 3757 328 3810 Iura
353 3759 500 3826 quod
526 3758 740 3826 eloquio
767 3759 981 3828 peragit
1001 3757 1178 3812 civilia
1208 3772 1423 3828 magno,
1957 3755 2139 3810 Fortia
2170 3754 2333 3809 fraana
2362 3756 2562 3810 vehens
2589 3757 2703 3812 sive
2729 3754 2937 3829 ﬂagella
2978 3775 3161 3826 manu,

267 3848 488 3902 Litibus
521 3856 579 3901 et
601 3847 778 3916 populi
803 3847 1000 3902 dedere
1029 3845 1180 3901 frena
1218 3846 1373 3902 solet.
1888 3848 2021 3912 Quis
2057 3848 2237 3915 pigros
2267 3847 2528 3913 stimulet,
2561 3849 2772 3904 veloces
2803 3858 3084 3921 temperet,
3118 3856 3318 3925 etquis

189 3938 458 4006 Corporis
483 3953 579 3990 arx
604 3937 716 3992 alas
745 3938 973 4004 revehit,
998 3945 1161 4007 caput
1184 3946 1346 4007 atque
1377 3936 1566 4002 leonis,
1965 3935 2174 4006 Equus
2210 3947 2268 3991 ut
2294 3947 2520 4008 aequatis
2545 3939 2794 3996 cursibus
2819 3943 2953 3998 ordo
2981 3954 3143 4000 meet.

264 4087 290 4114 ⁸
324 4073 404 4128 De
434 4083 632 4143 septem
655 4071 977 4128 liberalibus.
1004 4074 1077 4127 De
1111 4074 1193 4143 his
1217 4087 1282 4126 ex
1303 4072 1490 4143 codice
1529 4073 1790 4128 Vaticano
1893 4066 2210 4143 luminibus
2221 4069 2377 4143 senis
2398 4070 2564 4143 niteo,
2599 4073 2769 4127 ternis
2806 4071 3069 4139 faciebus,

183 4145 392 4198 incerti
431 4138 702 4208 auctoris,
735 4144 827 4197 sed
859 4142 1174 4205 Theodulfo,
1205 4143 1259 4197 ni
1301 4142 1479 4214 fallor,
1506 4143 1789 4214 antiquiu-
1962 4138 2096 4191 Cum
2122 4139 2377 4209 radioque
2399 4140 2585 4210 plagas
2615 4143 2805 4196 molior
2830 4138 3120 4214 exagonas.

187 4216 288 4306 ris,
321 4213 663 4306 tetrasticha
691 4215 817 4306 olilm
849 4215 1259 4284 exscripsimus,
1289 4229 1394 4267 non
1428 4211 1646 4283 indigna
1675 4228 1792 4282 qua:
2509 4252 2814 4306 malum!“

185 4271 294 4338 hoc
321 4283 451 4337 loco
467 4293 861 4353 proponantur.
1027 4271 1051 4300 ’³
1247 4271 1256 4277 ’
1544 4271 1573 4283 ν
1691 4271 1709 4282 ’

1544 4271 1573 4283 ν
1691 4271 1709 4282 "
2509 4271 2870 4306 aruumettca.

857 4372 1148 4444 Sapientia.
1897 4342 2028 4396 Sum
2052 4343 2228 4424 gemis
2260 4342 2420 4406 facie,
2450 4343 2742 4421 multisque
2769 4342 3047 4410 fugacibus
3069 4343 3170 4400 alis
3201 4364 3213 4398 :

1970 4412 2069 4444 nm
2099 4419 2194 4444 'rnn
2215 4425 2374 4444 nnccn
2397 4410 2522 4444 ναι-ί
2556 4426 2772 4444 comm.-
2800 4412 3028 4444 αηησιηιιη
3051 4414 3188 4444 Mil...

1970 4412 2072 4477 Qui
2099 4419 2194 4464 'me
2215 4425 2374 4464 nosse
2397 4410 2526 4464 velit
2556 4410 2772 4478 semper
2798 4412 3029 4466 amando
3051 4414 3212 4468 colat.

1902 4480 2106 4549 Naseor
2143 4479 2422 4549 inaequalis
2445 4481 2579 4533 mira
2604 4481 2844 4548 positura
2880 4480 3104 4549 ﬁguras,

1820 4543 1872 4600 D
1967 4543 2359 4618 Germanisque
2387 4550 2560 4604 tribus
2598 4543 2718 4604 fons
2744 4557 2798 4604 et
2831 4543 2985 4621 origo
3024 4543 3270 4608 manens.

184 4462 289 4534 lle
303 4472 476 4532 pater
503 4464 781 4534 ingenitus
818 4465 1001 4534 genuit
1024 4479 1274 4519 sermone
1315 4479 1575 4525 corevam,

254 4533 450 4598 Quam
485 4533 591 4588 nec
615 4549 811 4602 corpus
828 4533 956 4595 alit,
985 4549 1086 4588 nec
1125 4535 1276 4588 locus
1297 4535 1436 4588 ullus
1465 4535 1646 4588 habet.

175 4602 291 4674 Ast
310 4619 426 4674 ego
456 4605 769 4673 terrigenas
785 4603 961 4673 epulis
985 4606 1191 4660 adduco
1220 4605 1482 4673 paternis,

255 4656 382 4725 Soii
418 4656 670 4742 namqiié
693 4656 880 4728 ca’reiit
907 4656 1044 4742 quos
1063 4656 1246 4727 sisui
1257 4656 1338 4726 ire
1355 4656 1523 4742 ’pig‘éi.

1257 4656 1523 4742 ίπείρίεέι,
2536 4656 2835 4715 Rhetorica.

845 4766 1196 4820 Astronomia.
1900 4752 2330 4838 Lin‘guaperita.
2353 4749 2424 4838 mi

1900 4752 2330 4838 Liu‘guaperita.
2353 4749 2710 4838 1111111119111911
2737 4753 2883 4807 dedit
2909 4762 3071 4836 atque
3097 4752 3328 4826 loquela,

234 4855 243 4862 -
523 4855 534 4866 -
664 4857 674 4868 -
833 4857 843 4867 -
1122 4871 1130 4880 .
1266 4855 1276 4865 -
1307 4855 1316 4866 -
1395 4854 1407 4865 -
1975 4823 2079 4878 Sed
2115 4833 2294 4876 tamen
2319 4823 2566 4876 indoctos
2586 4823 2747 4878 visito
2775 4839 2848 4878 sm
2937 4825 3022 4878 vir
3089 4864 3103 4878 .

175 4852 354 4950 Μ
1621 4923 1774 4950 Mi...
1903 4893 2033 4946 Nam
2067 4909 2162 4950 per
2187 4908 2270 4947 me
2289 4901 2508 4950 supcrat
2535 4891 2625 4950 qui
2651 4907 2738 4949 me
2767 4837 3110 4950 netfevidegt

248 4923 364 4977 Tot
393 4907 548 4996 gero
571 4907 1213 4994 'qiiiiibéBL-maéfqiioi
1242 4907 1580 4994 capitastra'
1621 4923 1744 4992 polu

171 4992 483 5042 Mammas
537 4997 783 5042 animum
837 4996 1042 5042 tenens-
1075 5010 1235 5042 unam
1271 5003 1453 5042 tamen
1507 4994 1628 5042 iane
1673 5008 1750 5042 DC!

1904 4907 2033 4946 nam
2067 4909 2162 4962 per
2187 4907 2508 4974 mesuperat
2535 4908 2625 4973 qui
2651 4907 2738 4949 me
2767 4908 2872 4948 non
2903 4907 3110 4950 viderat
3132 4911 3388 4968 unquam.

1958 4962 2129 5029 Quam
2152 4978 2321 5030 magis
2353 4962 2439 5016 ille
2461 4959 2591 5016 faeit
2612 4963 2702 5032 qui
2734 4979 2852 5018 mea
2868 4963 2996 5035 jura
3021 4965 3196 5036 sapit?

229 5009 483 5050 ammas
537 5003 783 5065 quinque
837 5005 1042 5057 tenens,
1075 5010 1235 5049 unam
1271 5003 1453 5050 tamen
1504 5003 1628 5065 igne
1673 5008 1800 5061 pcr-
1960 5003 2129 5029 κ““’⁸⁸
2152 5003 2321 5030 "wh"
2353 5003 2439 5016 ἠν
2461 5003 2591 5016 ’“““”“’
2612 5003 2702 5032 Ὶ“’
2734 5003 2872 5024 ¹“⁸““’“·

396 5133 409 5144 _
555 5061 572 5065 ⁷
608 5130 619 5144 1
694 5061 748 5144 ⁸
909 5142 916 5144 Α
1072 5133 1086 5144 _
1288 5135 1320 5144 η
1345 5135 1358 5144 ι
1502 5061 1730 5135 lutitant,

1288 5135 1320 5144 ..
1345 5135 1358 5144 .
1502 5061 1730 5135 [δειδιυν
1981 5091 1990 5101 ·
2527 5071 2831 5129 υὲαιεειὶω.

241 5131 321 5184 Et
348 5133 540 5188 binas
567 5130 837 5204 placidas,
865 5133 1190 5235 atqueduas
1218 5135 1446 5204 gelidas.
1504 5130 1524 5135 ’
1904 5162 2175 5235 Nil—dubie
2199 5162 2624 5235 cacata-loqui,
2655 5165 2751 5218 sed
2771 5171 2921 5235 cem
2955 5165 3196 5222 recludo.

901 5223 1127 5278 Musica.
1920 5301 1937 5303 _
1976 5231 2200 5303 Famina
2232 5231 2339 5303 lata
2361 5233 2484 5286 citis
2505 5223 2774 5303 stringere
2805 5234 2958 5289 docta
2984 5235 3137 5290 locis.

167 5310 425 5382 Laetitia:
457 5313 540 5366 de
565 5311 715 5368 fonte
738 5312 844 5368 ﬂuo
872 5313 1168 5370 dulcedinis
1196 5317 1430 5380 auctrix,
1909 5301 2114 5382 Quippe
2136 5301 2190 5382 ir}
2214 5301 2450 5382 quinque
2475 5301 2844 5382 modis'lowm
2863 5305 3170 5382 distermina
3192 5302 3333 5372 (ιιιθά
3371 5312 3454 5357 εει

235 5381 403 5436 Pars
433 5398 676 5463 quoque
702 5383 851 5463 nulla
873 5400 991 5440 mea
1012 5386 1224 5439 estsine
1247 5370 1468 5463 laeti_tia,_
1593 5454 1626 5463 _
1671 5462 1674 5463 ν

1977 5370 2088 5426 Nec
2109 5371 2307 5436 minus,
2330 5380 2419 5425 aut
2457 5371 2648 5439 majus,
2672 5383 2758 5427 est
2783 5373 2877 5428 sed
2899 5381 2964 5428 ut
2987 5387 3151 5428 omne
3186 5370 3405 5427 canens.

168 5450 698 5535 lahrmonitamque
748 5455 940 5535 melos,
979 5464 1134 5535 terno
1179 5455 1545 5535 modulamine
1575 5454 1805 5510 distans.
2503 5476 2879 5535 ογαηιηιαεξεα,

234 5521 411 5576 Dum
447 5537 590 5576 ⁵³⁸³⁸
616 5537 702 5577 me
727 5523 1195 5639 “50323123?
1215 5534 1384 5579 care"
1909 5571 2140 5628 Pulchra
2163 5569 2370 5625 medela
2403 5569 2472 5623 ﬁo
2503 5521 3026 5626 bal-bir'dumwmddo
3053 5568 3316 5639 loquelas,

868 5615 1183 5708 σφφετνίαο
1909 5615 1933 5628 ⁸
1956 5615 2106 5697 ‘Ovris
2142 5643 2284 5694 enim
2314 5640 2447 5694 vitiis

1909 5615 1933 5628 ι
1981 5641 2106 5697 Oris
2142 5643 2284 5694 enim
2314 5640 2458 5694 vitiis
2487 5656 2606 5694 sum
2631 5642 2896 5694 medicina
2920 5615 3128 5708 potens:

167 5706 278 5779 ,μιεῇ
291 5703 656 5779 Διηείιλΐονιε
677 5706 1029 5779 cupitstudio
1058 5716 1346 5779 penetrare
1376 5719 1608 5775 secreta,
1915 5711 2021 5779 Sex
2046 5712 2209 5765 etiam
2243 5708 2387 5763 foliis
2409 5719 2621 5776 gustum
2651 5703 3230 5779 compono'salubrem,

230 5773 352 5831 lllc
385 5775 582 5848 prius
615 5773 792 5830 varias
817 5775 974 5832 debet
1003 5773 1151 5832 adire
1176 5791 1345 5832 seras.
1596 5773 1601 5775 ⁷
1985 5778 2176 5834 Postea
2201 5780 2348 5833 mille
2377 5773 2553 5834 in’odis
2581 5778 2720 5832 addo
2742 5773 2932 5833 salutis
2960 5793 3109 5850 opes.
