3998 6182
438 391 545 447 333

444 504 669 561 Arboris
696 512 752 559 at
780 520 987 574 magna:
1013 517 1224 559 sursum
1258 503 1507 581 tendebat
1534 503 1730 573 imago,

513 599 626 654 Ibat
645 607 699 653 et
729 599 782 652 in
811 597 1013 651 celsum
1033 596 1198 665 stirps
1217 594 1351 650 bene
1376 603 1557 651 rectus
1583 596 1653 649 ei.

444 692 612 759 Quem
650 702 995 746 numerorum
1025 686 1167 742 ulnis
1190 702 1279 743 ars
1301 688 1605 758 amplexata
1630 688 1850 743 tenebat
1884 705 1897 740 :

512 783 669 838 Stare
689 780 1011 837 videbantur
1040 793 1193 835 ramo
1216 779 1271 834 in
1295 787 1527 849 utroque
1551 779 1738 849 pedes.

439 874 543 927 Ista
574 887 767 927 manus
795 886 1051 926 numeros
1077 869 1370 937 retinebat,
1403 878 1459 925 et
1481 870 1573 924 illa
1603 869 1879 934 volumen,

507 963 677 1031 Quam
705 969 1191 1027 constatmatrem,
1218 961 1469 1032 Physica,
1512 958 1693 1015 inesse
1732 967 1904 1014 tuam.

438 1053 586 1108 lianc
628 1068 790 1125 super
814 1068 880 1109 ex
912 1053 1105 1123 primis
1132 1052 1360 1121 geminae
1380 1051 1674 1121 procedere
1694 1051 1861 1106 ramis

503 1148 835 1214 Cernuntur,
864 1146 1071 1202 similes
1091 1160 1123 1201 e
1152 1147 1374 1218 regione
1403 1146 1527 1204 sibi.

408 1240 635 1294 .lllusica
663 1240 719 1294 in
745 1239 906 1293 unius
938 1237 1213 1292 residebat
1239 1245 1395 1306 parte
1432 1251 1655 1301 sonora,

502 1331 636 1384 Arte
661 1329 945 1384 videbatur
969 1326 1057 1382 fila
1085 1342 1305 1383 movere
1332 1327 1487 1399 lyrre.

434 1422 501 1477 Et
520 1421 609 1477 cui
626 1419 934 1491 disparibus
959 1418 1185 1474 calamis
1205 1417 1476 1474 estfistula
1504 1426 1730 1489 septem,

505 1512 609 1578 Qui
640 1524 900 1565 numerus
925 1507 1154 1565 celebris
1178 1509 1404 1580 mystica
1430 1509 1597 1563 multa
1630 1510 1789 1581 gerit.

435 1604 627 1659 Stabat
653 1611 709 1659 et
742 1602 965 1658 acclinis
984 1601 1115 1657 laeva
1140 1601 1196 1656 in
1218 1600 1557 1657 Geometrica
1595 1610 1771 1672 parte,

506 1697 704 1751 Dextra
728 1711 921 1750 manus
940 1694 1171 1761 radium,
1200 1692 1333 1748 laeva
1353 1694 1505 1748 vehit
1539 1693 1798 1747 rotulam.

433 1787 501 1841 Et
528 1786 709 1841 radius
733 1793 955 1841 teretem
975 1784 1197 1877 metitur
1222 1784 1525 1838 comminus
1551 1783 1761 1848 orbem,

514 1877 791 1934 Etherias
811 1892 978 1933 zonas
996 1884 1052 1930 et
1079 1882 1198 1930 rota
1224 1876 1461 1947 quinque
1483 1881 1650 1931 tenet.

434 1971 473 2026 Î•
501 1971 695 2041 quibus
715 1977 972 2026 extremae
997 1970 1226 2042 gemina:
1254 1977 1382 2025 sunt
1418 1967 1618 2042 frigore
1637 1985 1864 2040 pressae,

500 2064 727 2119 Torrida
751 2078 849 2134 per
874 2063 1110 2119 medium
1139 2071 1405 2134 temperat
1434 2078 1540 2118 una
1570 2063 1723 2118 duas.

429 2159 572 2212 ln'er
599 2171 737 2226 quas
762 2154 974 2211 medius
1001 2154 1166 2225 stirps
1195 2169 1426 2226 surgens
1446 2154 1558 2209 ibat
1584 2153 1636 2207 in
1665 2153 1851 2220 altum,

500 2248 603 2303 Ars
623 2256 677 2303 et
699 2249 768 2303 ab
801 2247 1089 2317 astrologis
1118 2244 1265 2302 culta
1292 2253 1528 2301 retentat
1553 2259 1698 2301 eum.

433 2338 569 2393 lluic
594 2346 757 2408 caput
782 2335 889 2392 alta
918 2344 1109 2406 petens
1134 2338 1400 2392 onerabat
1418 2336 1656 2392 circulus
1686 2337 1901 2408 ingens,

502 2430 673 2498 Quem
702 2427 951 2484 manibus
978 2428 1208 2500 geminis
1244 2427 1467 2484 brachia
1502 2437 1650 2484 tensa
1689 2437 1894 2484 tenent.

429 2520 677 2577 Circulos
698 2518 936 2575 astriferi
958 2517 1228 2575 formatus
1263 2518 1497 2589 imagine
1532 2518 1677 2584 coeli,

497 2611 669 2680 Quem
701 2610 977 2682 signorum
1010 2609 1198 2680 implet
1223 2608 1508 2667 flammeus
1539 2609 1674 2667 ordo
1705 2611 1922 2668 decens.

430 2704 593 2774 Signa
614 2710 809 2772 quater
830 2698 1169 2767 terna'hune,
1196 2700 1313 2757 sive
1335 2709 1481 2757 astra
1511 2703 1751 2757 errantia
1779 2712 2005 2775 septem,

463 2794 660 2864 -l.ege,
691 2791 833 2856 vice,
859 2800 1128 2851 exornant
1155 2789 1424 2857 cursibus,
1455 2789 1606 2859 orbe,
1641 2791 1790 2849 locis.

428 2884 567 2941 llinc
595 2883 774 2948 Aries,
803 2880 1036 2946 Taurus,
1065 2880 1302 2948 Gemini,
1335 2880 1671 2951 Cancerque,
1708 2880 1945 2955 Leoque,

500 2972 772 3043 Virgorpie
799 2986 921 3027 cum
948 2967 1147 3037 Curru,
1174 2969 1463 3040 Libraque,
1492 2968 1607 3027 sive
1637 2987 1773 3042 nepa

426 3064 772 3126 Arcitenens.
800 3061 1183 3133 Capricornus,
1212 3060 1503 3134 Aquarius,
1535 3070 1591 3118 et
1617 3062 1724 3118 duo
1752 3061 1959 3131 Pisces,

498 3155 854 3211 Circumdant
882 3154 1068 3210 orbem
1097 3170 1196 3225 per
1222 3168 1319 3209 sua
1347 3154 1498 3225 signa
1524 3154 1653 3226 poli.

428 3246 539 3309 Sal,
574 3246 749 3311 Luna,
777 3254 833 3303 et
858 3243 1021 3310 Mars,
1053 3244 1283 3316 Cylleni,
1313 3241 1485 3311 Iovis,
1514 3254 1569 3302 et
1596 3245 1882 3319 Cytherea,

499 3340 563 3394 Et
593 3338 829 3394 Saturne
853 3338 1054 3411 gravis,
1086 3338 1176 3392 itis
1205 3336 1258 3391 in
1287 3337 1419 3394 orbe
1445 3338 1583 3394 dies.

427 3429 535 3485 Nec
564 3428 661 3485 tibi
689 3428 1008 3499 displiceant
1036 3427 1259 3499 gentilia
1288 3430 1531 3494 nomina,
1562 3426 1755 3484 lector.

492 3524 599 3579 iste
628 3522 911 3578 vetustatis
941 3536 1060 3577 mos
1088 3521 1248 3577 datur
1276 3537 1306 3575 a
1335 3523 1604 3592 patribus.

425 3617 676 3688 Septcnis
706 3617 872 3672 astris
904 3625 962 3670 et
993 3615 1165 3687 signis
1199 3615 1283 3671 his
1315 3614 1605 3681 duodenis,

492 3708 757 3778 Dirigitur
783 3707 1009 3768 mensis.
1042 3721 1240 3771 annus,
1270 3713 1326 3760 et
1355 3707 1471 3774 ipse
1499 3706 1637 3762 dies.

427 3799 518 3853 llla
546 3796 737 3852 diebus
763 3804 894 3851 eunt
921 3804 1127 3864 aptata,
1157 3802 1214 3849 et
1240 3796 1521 3850 mensibus
1550 3796 1678 3861 ista,

499 3886 873 3942 "ebdomades
903 3886 1041 3949 istis,
1073 3894 1288 3942 constat
1318 3895 1375 3942 et
1403 3903 1579 3943 annus
1603 3888 1703 3945 eis.

429 3978 603 4032 Arbor
632 3974 865 4031 habebat
894 3989 981 4039 ea,
1009 3984 1064 4030 et
1093 3974 1244 4041 folia,
1272 3984 1326 4029 et
1356 3977 1642 4047 pendentia
1670 3993 1849 4047 poma,

498 4068 697 4139 Sicque
723 4075 1061 4122 venustatem
1091 4075 1145 4121 et
1172 4067 1399 4139 mystica
1428 4067 1583 4139 plura
1616 4068 1800 4125 dabat.

428 4162 482 4216 In
513 4160 653 4216 foliis
678 4160 864 4226 verba,
898 4159 953 4213 in
981 4159 1156 4230 pomis
1185 4159 1425 4233 intellige
1453 4177 1666 4229 sensus,

498 4252 622 4309 llzcc
647 4252 842 4309 crebro
867 4261 1219 4318 accrescunt,
1249 4252 1337 4308 illa
1365 4254 1503 4309 bene
1531 4270 1628 4310 usa
1659 4254 1862 4311 eibant.

426 4342 537 4398 llac
562 4342 743 4414 patula
774 4350 963 4398 nostra
991 4352 1281 4399 exercetur
1311 4343 1365 4398 in
1391 4345 1590 4401 arbore
1618 4345 1751 4402 vita.

494 4434 722 4505 Semper
752 4442 813 4489 ut
837 4450 868 4489 a
895 4435 1080 4505 parvis
1107 4434 1334 4492 editiora
1366 4444 1517 4506 petat
1543 4456 1555 4493 :

424 4526 630 4582 Sensus
658 4537 714 4582 et
740 4527 1007 4581 humanus
1034 4525 1296 4596 paulatim
1324 4529 1548 4584 scandat
1577 4529 1647 4584 ad
1675 4531 1810 4595 alta,

494 4618 755 4688 liuncqne
782 4617 871 4672 diu
898 4618 1083 4689 pigeat
1112 4618 1370 4676 inferiora
1402 4622 1573 4691 sequi.

426 4708 610 4764 Ethica
638 4707 1039 4773 Grammaticas,
1068 4706 1264 4779 Logica
1297 4717 1353 4764 et
1384 4725 1509 4764 mox
1533 4709 1781 4780 jungitur
1808 4710 1929 4778 illis,

496 4795 725 4867 Physica
752 4813 876 4853 cum
906 4800 1070 4854 sociis
1098 4800 1309 4855 artibus
1336 4808 1499 4869 atque
1524 4800 1698 4854 sedet.

428 4888 666 4953 Quarum
698 4902 948 4957 suprema
981 4888 1165 4942 sedem
1197 4888 1299 4943 sibi
1331 4889 1459 4959 legit
1490 4890 1542 4943 in
1573 4903 1701 4943 arce

498 4977 628 5044 Qum
662 4975 836 5045 legem
873 4985 1143 5032 astrorum
1177 4980 1417 5033 continet
1451 4986 1616 5049 atque
1648 4980 1775 5050 poli.

428 5065 714 5134 Eloquium
751 5064 949 5131 Mores,
986 5066 1184 5137 Logica
1218 5068 1340 5123 illas
1373 5068 1513 5123 alma
1549 5080 1826 5141 sequatur,

503 5156 572 5214 Ut
600 5154 878 5211 naturales
907 5170 996 5212 res
1024 5157 1164 5212 bene
1194 5172 1352 5214 nosse
1377 5167 1559 5229 queat.

424 5251 494 5307 Et
521 5262 761 5305 convexa
792 5246 899 5317 poli
928 5254 1120 5304 cantus
1148 5257 1433 5321 terrasque
1458 5262 1729 5324 peragret,

497 5340 575 5396 De
602 5338 789 5395 mundi
815 5346 873 5394 et
899 5339 1067 5394 rebus
1093 5340 1294 5395 aethera
1324 5343 1467 5398 celsa
1496 5351 1665 5412 petat.

497 5452 735 5527 {Imago
772 5462 946 5527 terrm.
1003 5451 1193 5527 M_agna
1224 5454 1348 5527 pen
1398 5456 1584 5527 eadem
1633 5473 1753 5527 qua:
1792 5458 1998 5527 ATellus.

423 5521 629 5596 l_dcirco
654 5521 773 5595 quae
800 5524 1006 5596 Magum
1033 5521 1158 5596 Deae
1183 5523 1359 5596 affingi
1388 5521 1666 5596 solebant,
1707 5525 1894 5582 eadem
1935 5529 2001 5584 ad

425 5591 649 5666 Terram
673 5591 914 5666 physica
943 5593 1156 5666 ratione
1194 5593 1284 5649 alii
1311 5591 1486 5666 aliter
1513 5594 1835 5666 referebant.
1887 5597 2003 5665 Qua

425 5660 492 5735 de
509 5676 573 5735 re
593 5660 922 5735 Augustinus
936 5679 1012 5735 ex
1032 5661 1273 5735 Varrone
1294 5665 1460 5720 multa
1486 5666 1574 5735 lib.
1595 5683 1665 5721 vn
1690 5667 1753 5721 tle
1774 5660 2002 5722 Civitate

429 5727 892 5806 peiLetglsidorus
921 5733 1201 5806 Originum
1230 5752 1348 5801 vut,
1379 5752 1496 5805 cap.
1528 5732 1600 5792 De
1625 5737 1727 5790 diis
1749 5738 1995 5805 gentium.

426 5798 503 5855 De
530 5798 742 5856 Tellure
768 5815 947 5861 autent
986 5798 1096 5861 Hea
1131 5816 1282 5862 vetus
1322 5798 1504 5863 Roma:
1537 5798 1774 5863 nondum
1807 5808 2000 5877 opinor

1466 386 1856 447 THEODULFl
1894 387 2443 447 AURELIANENSIS
2482 391 2691 450 EPlSC.

2035 502 2084 560 A

3585 399 3690 459 333

2862 502 2946 559 Ill.

2112 607 2234 647 ALIA
2269 607 2497 650 PICTUBA
2552 611 2606 650 IN
2640 610 2741 660 QUA
2775 611 2916 651 ERAT
2941 607 2967 636 â¸
2991 611 3156 653 IIIAGO
3188 612 3378 654 Ï„ÎºÎºÎ¹Î¹Îµ
3413 615 3467 656 Î¹Î·
3501 616 3682 659 ÎºÎ¿Ï…Ï…Î¹

2607 682 2761 723 ORBIS
2786 681 3187 723 COIIâ€™BEHERSA.

2111 774 2227 842 Quo
2256 784 2415 831 terrae
2443 778 2497 831 in
2528 779 2765 848 speciem
2790 780 3070 850 perstabat
3097 782 3322 852 pulchra
3352 783 3559 857 virago,

2181 865 2310 933 Qum
2335 882 2562 938 puerum
2591 868 2775 935 lactat,
2804 870 2958 942 fruge
2989 872 3159 942 replet
3185 874 3475 930 calathum.

2111 957 2499 1029 Turritumque
2526 970 2708 1031 caput,
2737 964 2919 1035 magni
2948 973 3000 1019 et
3031 966 3352 1022 sinuaminis
3379 983 3637 1039 anguem,

2180 1048 2349 1119 lnque
2379 1066 2540 1107 manu
2568 1053 2798 1119 clavem,
2825 1055 3094 1126 cymbala,
3124 1066 3178 1112 et
3206 1074 3359 1114 arma
3385 1062 3608 1117 vehens.

2111 1135 2225 1192 Hac
2250 1153 2433 1194 coram
2462 1141 2608 1210 galli,
2639 1145 2895 1213 pecudes,
2929 1147 3178 1216 torvique
3205 1146 3392 1205 leones

2183 1228 2451 1286 Submissi
2482 1234 2719 1299 stabant,
2748 1234 2882 1289 sella
2913 1244 2968 1290 et
2996 1236 3175 1292 inanis
3203 1246 3341 1292 erat.

2113 1318 2326 1375 Mobilis
2352 1321 2479 1377 huic
2503 1325 2685 1395 magni
2716 1327 2936 1382 suberat
2964 1328 3172 1398 vertigo
3198 1330 3414 1398 vehicli,

2181 1411 2359 1481 Atque
2387 1421 2519 1469 rotae
2545 1416 2734 1472 teretis
2763 1417 3003 1476 circulus
3030 1420 3142 1477 ibat
3172 1421 3243 1478 ei.

2113 1497 2238 1554 llmc
2263 1516 2492 1570 puerum
2522 1502 2709 1572 lactat,
2739 1509 2992 1577 quoniam
3024 1514 3304 1567 nascentia
3330 1514 3555 1585 pascit,â€™

2180 1588 2531 1663 Tellurisque
2562 1594 2707 1652 fovet
2734 1611 2930 1654 cuncta
2961 1610 3146 1657 creata
3176 1604 3354 1659 simul.

2112 1682 2168 1736 ln
2202 1682 2431 1740 calathis
2464 1684 2671 1758 fruges,
2710 1706 2937 1761 magnas
2972 1693 3027 1748 in
3065 1696 3305 1751 turribus
3338 1697 3524 1763 urbes,

2182 1770 2447 1842 Agricolze
2476 1775 2752 1847 ingenium
2781 1780 2960 1851 signat
2990 1783 3044 1837 in
3076 1801 3251 1855 angue
3277 1785 3510 1843 vafrum.

2039 1836 2088 1896 Î’
2114 1862 2377 1920 Panditur
2401 1836 2608 1934 aestate,
2638 1871 2695 1925 in
2722 1836 2917 1928 bruma
2944 1836 3368 1944 quia'clt'iuditur
3390 1896 3587 1948 annus,

2184 1953 2473 2015 Gestamen
2500 1960 2670 2017 clavis
2700 1963 2815 2019 haec
2841 1965 2991 2021 vehit
3019 1967 3142 2023 inde
3170 1985 3352 2025 manu.

2111 2043 2369 2116 Cymbala
2399 2057 2525 2104 sunt
2553 2053 2782 2119 sonitus,
2814 2054 2949 2110 fiunt
2977 2059 3069 2127 qui
3095 2062 3401 2128 agrestibus
3431 2065 3619 2131 armis,

2180 2136 2416 2193 Faetitat
2443 2148 2536 2195 aut
2562 2141 2740 2212 opifex
2768 2144 2993 2219 quilibet
3022 2157 3139 2204 arte
3167 2164 3285 2205 sua.

2112 2228 2181 2283 Et
2207 2230 2333 2299 quia
2363 2246 2463 2300 pro
2490 2235 2666 2303 patria
2694 2237 2875 2292 cuncti
2904 2238 3193 2311 confligere
3221 2244 3437 2310 debent,

2182 2319 2396 2391 Efï¬gies
2424 2320 2585 2380 tellus
2616 2323 2744 2383 hinc
2769 2330 2919 2385 vehit
2947 2346 3095 2387 arma
3126 2342 3236 2390 tua.

2113 2409 2273 2468 Orbis
2299 2422 2527 2469 stemma
2558 2426 2711 2484 rotae,
2741 2421 3027 2491 signabant
3055 2427 3262 2482 semina
3288 2428 3436 2499 galli,

2183 2501 2346 2558 Orbis
2375 2515 2634 2574 concepto
2665 2510 2871 2566 semine
2901 2512 3065 2567 multa
3102 2515 3272 2572 dabit.

2112 2591 2212 2649 Olli
2244 2593 2547 2650 subduntur
2572 2598 2824 2667 pecudes,
2857 2589 2981 2670 quia
3010 2605 3205 2673 pabula
3235 2608 3305 2663 ab
3333 2609 3418 2665 illa

2182 2683 2492 2752 Summunt,
2521 2686 2596 2742 nil
2627 2698 2682 2744 et
2709 2692 2827 2761 opis
2854 2695 2955 2749 hac
2984 2696 3102 2752 sine
3130 2699 3332 2758 habere
3358 2714 3583 2773 queunt.

2116 2774 2374 2846 Quodque
2402 2779 2588 2834 subest
2615 2779 2690 2836 illi
2718 2780 2899 2839 rabies
2929 2785 3145 2843 inimica
3174 2790 3413 2858 leonum,

2182 2866 2296 2924 [loc
2321 2875 2404 2924 est
2429 2869 2572 2939 quod
2604 2870 2763 2927 tellus
2793 2880 2970 2930 terrea
2999 2887 3193 2934 cuncta
3220 2879 3425 2937 domat.

2111 2954 2305 3013 Omnia
2332 2973 2457 3013 cum
2487 2960 2597 3015 sint
2625 2971 2797 3030 mota,
2826 2973 3005 3022 tamen
3036 2971 3224 3040 nequit
3252 2972 3366 3043 ipsa
3393 2977 3625 3044 moveri,

2178 3048 2317 3106 Hinc
2345 3048 2647 3122 fingebatur
2670 3055 2800 3110 sella
2823 3060 3076 3128 perennis
3103 3063 3174 3118 ei.

2111 3137 2217 3195 Per
2244 3139 2402 3197 sedes
2430 3143 2596 3199 etiam
2625 3148 2811 3202 mundi
2842 3149 3127 3221 signantur
3153 3154 3409 3222 honores,

2063 3231 2080 3252 â€˜
2180 3231 2451 3303 Perpetuo
2477 3233 2619 3305 quod
2645 3251 2739 3293 eos
2765 3253 2925 3295 nemo
2954 3240 3236 3301 habiturus
3264 3247 3396 3302 adit.

2109 3324 2264 3380 Alter
2289 3326 2343 3380 in
2374 3321 2822 3400 alterins'gaudet
2851 3333 3090 3391 residere
3121 3337 3402 3405 cathedra,

2182 3417 2281 3474 llic
2310 3418 2481 3485 sedet,
2510 3421 2600 3477 hic
2628 3423 2769 3478 sedit
2794 3443 2806 3479 :
2849 3426 2938 3482 hic
2970 3428 3026 3495 it,
3056 3410 3228 3486 et'ille
3255 3433 3413 3487 redit.

2110 3508 2238 3565 lude
2267 3511 2566 3567 vehebatur
2594 3529 2783 3582 curru,
2815 3519 2954 3587 quod
2988 3518 3041 3573 in
3073 3536 3200 3578 aere
3230 3522 3427 3593 pendet

2183 3599 2384 3668 Tellus,
2411 3611 2467 3657 ct
2493 3603 2701 3661 levibus
2733 3609 3070 3666 sustineatur
3093 3614 3269 3683 aquis.

2111 3690 2250 3746 Hinc
2274 3700 2358 3747 est
2384 3692 2450 3747 de
2476 3693 2703 3750 Domino
2728 3712 2891 3752 verax
2919 3700 3063 3769 quod
3088 3699 3249 3757 lectio
3276 3705 3496 3774 promit,

2180 3781 2329 3837 illius
2363 3782 2550 3838 laudes
2582 3799 2904 3843 enumerare
2938 3789 3185 3856 studens,

2112 3871 2213 3939 Qui
2243 3887 2408 3942 super
2435 3872 2757 3931 immensum
2786 3875 2993 3934 Borean
3019 3879 3264 3936 extendit
3291 3881 3470 3949 inane,

2179 3965 2248 4021 Et
2282 3973 2425 4022 terra
2459 3969 2717 4038 appendit
2749 3978 2801 4026 te
2835 3986 2998 4041 super
3022 3973 3138 4043 ipsa
3167 3974 3324 4029 nihil.

2109 4055 2370 4127 Quodque
2397 4058 2532 4114 rotis
2557 4060 2795 4128 vehitur,
2823 4064 3008 4120 mundi
3037 4064 3247 4137 vertigo
3273 4076 3516 4136 notatur,

2179 4147 2281 4215 Qui
2308 4148 2515 4205 volucri
2545 4167 2709 4207 cursu
2736 4153 2974 4209 volvitur
2999 4163 3162 4226 atque
3189 4159 3367 4215 modo.

2109 4240 2268 4297 Stare
2297 4241 2582 4298 videbatur
2615 4252 2847 4301 terrenae
2881 4247 3045 4303 sortis
3080 4248 3275 4320 imago,

2179 4331 2405 4404 Semper
2432 4335 2596 4391 habet
2623 4337 2882 4406 quoniam
2912 4354 3039 4394 rura
3070 4339 3255 4397 colens
3280 4342 3420 4412 quod
3457 4340 3610 4415 agat.

2110 4424 2223 4481 lloc
2249 4440 2384 4496 opus
2410 4435 2472 4482 ut
2499 4426 2657 4484 fleret
2681 4428 3010 4487 Thcodulfus
3039 4433 3323 4503 episcopus
3351 4435 3470 4507 egi,

2029 4532 2083 4594 Î¹)
2178 4515 2246 4570 Et
2271 4514 2470 4586 duplici
2499 4516 2676 4575 officio
2703 4519 2808 4575 rite
2834 4520 3015 4590 vigere
3046 4521 3191 4577 dedi.

2109 4603 2329 4661 Scilicet
2357 4613 2418 4661 ut
2444 4605 2675 4676 dapibus
2705 4618 3006 4678 pascantur
3032 4626 3263 4682 corpora
3286 4612 3449 4680 luitis,

2174 4698 2422 4769 inspecta
2450 4707 2508 4754 et
2533 4707 2769 4755 mentem
2798 4701 2945 4757 orbis
2975 4702 3153 4772 imago
3180 4704 3343 4759 cibet.

2105 4788 2235 4845 Plus
2264 4791 2450 4861 epulas
2483 4792 2679 4847 animat
2710 4808 2874 4863 quam
2909 4809 3106 4863 corpus
3143 4795 3306 4867 dilige
3340 4796 3509 4861 visor,

2176 4866 2368 4939 Vivida
2398 4898 2553 4939 mens
2582 4883 2707 4947 illis,
2736 4884 2823 4942 his
2850 4901 2980 4942 caro
3006 4885 3171 4956 pollet
3201 4866 3387 4943 hebes.

2105 4973 2306 5031 Celica
2334 4975 2499 5029 verba
2528 4983 2749 5039 sonent,
2781 4975 3010 5046 dapibus
3040 4977 3156 5032 haec
3184 4992 3371 5033 mensa
3400 4979 3718 5047 redundet.

2176 5067 2245 5123 Et
2271 5074 2492 5122 teneant
2521 5066 2727 5123 nullum
2759 5067 2920 5124 livida
2948 5069 3093 5124 dicta
3121 5068 3318 5125 locum.

2107 5158 2295 5214 Totius
2323 5159 2471 5215 orbis
2498 5160 2653 5216 adest
2680 5161 2918 5216 breviter
2943 5162 3155 5232 depicta
3187 5161 3391 5231 figura:

2174 5249 2310 5305 Rem
2337 5266 2590 5322 magnam
2621 5251 2674 5305 in
2703 5266 2875 5321 parvo
2902 5267 3130 5322 corpore
3161 5240 3320 5307 nosse
3351 5252 3523 5309 dabit.

2106 5341 2203 5397 llic
2233 5343 2545 5414 amphitrite
2574 5353 2840 5399 terrarum
2869 5346 3114 5416 margine
3142 5345 3300 5418 longo

2103 5455 2159 5510 in
2186 5454 2360 5512 lucem
2388 5455 2601 5527 prolata
2625 5465 2795 5512 restat
2818 5458 3139 5526 inscriptio:

2699 5541 2815 5582 IDES
2856 5543 3083 5583 Ï„ÎµÎ¹Ï‰Î¹Î·
3114 5566 3124 5573 -

2785 5613 2992 5652 SACRUI!

2709 5683 2765 5722 II.
2806 5682 3065 5726 AURELIUS

2758 5752 3035 5793 TliREPTIIS

2802 5821 2976 5862 á¿–ÎµÎµÎ¹Ï„.
