3998 6182
322 189 404 247 557

375 297 560 353 Brachia
584 292 856 364 protendit
880 293 1101 347 flumina
1132 302 1325 347 cuncta
1357 309 1572 347 vorans.

319 388 480 446 inﬂatis
501 386 674 441 buccis
699 383 976 438 discordes
1005 384 1238 452 undique
1263 383 1479 448 fratres,

375 481 593 537 insistunt
614 478 755 542 orbi,
783 484 907 532 sunt
935 492 1031 532 sua
1058 476 1252 546 cuique
1277 475 1414 530 loca.

1000 607 1086 661 IV.

680 735 706 762 ⁸
731 739 798 776 AD
837 735 1067 776 AlCLFUM
1105 735 1415 775 EPlSCOPL'll.

310 840 405 895 lloc
427 836 581 893 Aiulfe
611 835 730 899 tibi,
757 832 951 904 praesul
982 831 1342 895 sanctissime,
1375 830 1537 885 mitto

369 926 626 984 Teudulfus
655 939 872 980 carmen
902 921 1057 977 exsul
1085 921 1154 976 ab
1177 920 1387 975 exsilio.

305 1020 479 1075 Nobilis
504 1027 553 1072 et
574 1016 810 1087 pulchrce
836 1015 1015 1069 fueras
1041 1028 1174 1083 puer
1201 1012 1394 1066 indolis
1420 1011 1570 1075 olim,

366 1111 496 1166 Nunc
518 1111 594 1163 vir
619 1124 680 1163 es
707 1115 932 1162 ornatus
955 1105 1256 1160 nobilitatis
1281 1119 1401 1172 ope.

303 1203 416 1268 Qua:
441 1199 528 1254 fuit
553 1199 605 1253 in
634 1212 802 1268 puero
828 1195 1017 1250 docilis
1045 1193 1265 1248 solertia
1293 1208 1481 1262 parvo,

364 1291 498 1346 Nunc
523 1296 699 1344 manet
727 1288 782 1342 in
811 1301 1009 1357 magno
1037 1286 1197 1340 dante
1224 1283 1467 1338 Tonante
1497 1283 1629 1337 viro.

296 1386 442 1456 Signa
468 1398 590 1455 puer
615 1395 822 1452 magnae
850 1395 1062 1450 semper
1091 1379 1308 1433 virtutis
1335 1378 1574 1432 habebas

360 1475 546 1545 Magna,
573 1473 773 1528 docens
799 1485 1054 1542 magnum
1086 1476 1139 1523 te
1166 1467 1305 1524 forte
1333 1474 1479 1521 sorte
1504 1466 1679 1519 virum

293 1566 376 1620 Sic
401 1574 502 1620 sata
529 1564 846 1634 promittunt
877 1560 1116 1616 fecundae
1143 1559 1364 1629 prazmia
1395 1556 1588 1612 messis
1613 1574 1625 1608 :

358 1659 439 1714 Sic
465 1658 595 1712 tauri
622 1658 678 1712 in
704 1657 871 1712 vitulo
903 1655 1075 1710 forma
1104 1662 1252 1723 patet
1284 1661 1492 1708 tenero.

287 1751 527 1819 lugenuas
553 1756 698 1804 artes
724 1747 962 1803 studium
991 1745 1084 1800 tibi
1113 1744 1322 1800 discere
1352 1744 1567 1798 tandem

352 1842 568 1906 Exstitit,
594 1848 647 1894 et
674 1839 874 1894 cultum
905 1839 994 1893 bis
1017 1845 1206 1908 pectus
1235 1837 1436 1891 habere
1466 1837 1618 1890 satis.

282 1934 350 1986 At
377 1948 504 1987 nunc
530 1931 692 1986 divini
725 1931 826 1984 tibi
859 1929 1074 1985 tradere
1101 1929 1352 2000 dogmata
1380 1927 1527 1982 verbi

351 2023 440 2076 Est
467 2022 630 2086 labor,
659 2028 714 2076 et
743 2019 955 2090 populis
975 2018 1097 2088 jura
1126 2019 1309 2074 refelle
1336 2018 1463 2087 poli.

278 2118 402 2183 Quae
432 2123 548 2169 tunc
575 2113 926 2185 grammatico
951 2113 1203 2167 sumebas
1230 2111 1421 2180 pocula
1449 2110 1614 2174 fou'e,

346 2205 618 2260 Ambrosio
645 2210 856 2258 mentes
884 2218 1027 2258 nunc
1055 2202 1191 2256 bene
1219 2217 1341 2257 rore
1371 2202 1531 2272 rigas.

277 2297 462 2352 Vivere
488 2306 537 2350 te
564 2302 750 2350 sancte
779 2309 966 2348 rumor
989 2293 1249 2365 dispergit
1275 2293 1493 2362 ubique,

347 2388 531 2457 Magna
557 2402 652 2457 per
678 2401 772 2440 ora
798 2386 974 2440 virum
1002 2393 1086 2439 sat
1112 2394 1202 2438 tua
1228 2383 1370 2438 fama
1398 2383 1560 2438 volat.

273 2479 472 2534 Cuncta
501 2479 620 2547 quis
647 2477 894 2548 expediet
921 2477 1093 2531 laudis
1120 2477 1386 2545 prmconia
1418 2485 1632 2541 vestrae,

341 2567 467 2635 Quae
494 2567 847 2638 Suitegaqdus
875 2567 976 2622 iste
1003 2565 1207 2620 referre
1233 2565 1409 2620 solet?

270 2658 645 2728 Suitcgaudus,
673 2659 763 2714 ubi
790 2658 1051 2728 probitas,
1080 2673 1396 2728 verumque,
1427 2658 1688 2728 fidesque,

338 2749 404 2802 Et
429 2749 562 2802 bona
591 2757 782 2802 cuncta
810 2748 967 2802 simul
997 2748 1304 2802 consociata
1332 2757 1570 2802 manent.

263 2839 418 2893 llunc
445 2839 606 2904 Deus,
634 2847 688 2893 et
713 2838 956 2908 probitas
981 2838 1126 2904 vitae,
1154 2846 1318 2908 atque
1344 2838 1536 2894 electio
1563 2838 1796 2892 fratrum

335 2930 648 2985 Przctulerat
671 2938 857 2984 sancto
883 2944 970 2984 me
1002 2929 1268 2985 mediante
1295 2930 1461 3001 gregi.

261 3021 372 3075 Sed
399 3020 536 3074 male
566 3020 704 3075 livor
729 3020 892 3086 edax,
917 3020 1090 3087 dolus,
1120 3029 1174 3075 et
1200 3020 1423 3091 pellacia
1452 3019 1632 3085 fallax,

330 3112 584 3166 Prazsulis
612 3128 643 3166 a
669 3113 885 3182 prOpria
914 3113 1040 3169 sede
1071 3113 1298 3168 removit
1322 3129 1463 3168 eum.

256 3201 359 3255 Est
386 3200 528 3254 Deus
557 3200 611 3254 in
639 3199 800 3264 cmlo,
825 3201 1044 3271 proprio
1074 3202 1216 3256 hunc
1241 3202 1332 3271 qui
1365 3203 1552 3256 reddat
1577 3202 1724 3266 ovili,

325 3289 471 3343 Cura
502 3290 572 3343 sit
600 3297 657 3343 et
683 3289 884 3358 proprii
911 3304 1028 3358 quae
1058 3289 1158 3344 fuit
1184 3299 1309 3345 ante
1338 3292 1535 3361 gregis.

251 3381 357 3436 llic
388 3383 454 3436 de
482 3389 635 3452 parte
673 3381 791 3435 tulit
819 3391 996 3436 vestra
1028 3381 1158 3436 mihi
1188 3383 1352 3436 verba
1382 3381 1634 3453 benigna,

325 3471 397 3525 Et
425 3472 560 3526 mihi
592 3480 910 3542 praesentem
944 3480 995 3526 te
1024 3471 1173 3527 dedit
1199 3486 1292 3526 ore
1319 3486 1437 3526 suo.

246 3563 394 3616 Dum
423 3562 569 3616 bona
596 3570 776 3615 vestra
804 3562 936 3616 mihi
966 3569 1169 3627 narrat,
1199 3575 1284 3615 me
1307 3559 1550 3630 perfovet
1574 3576 1776 3632 :rgrum

318 3655 556 3711 Actibus
585 3670 723 3726 eque
752 3655 857 3710 tuis
887 3671 1040 3710 mens
1068 3669 1185 3710 mea
1212 3653 1332 3709 lzeta
1359 3662 1559 3709 manet.

241 3744 349 3799 llic
384 3746 505 3799 vice
534 3760 625 3800 res
662 3745 844 3799 studet
872 3760 903 3799 a
930 3745 1084 3800 nobis
1109 3744 1210 3799 hac
1237 3760 1475 3814 quaerere
1503 3745 1766 3814 quasdam

317 3835 551 3902 Vestra,
580 3844 638 3891 et
668 3851 985 3905 responsum
1014 3837 1157 3906 quod
1182 3836 1274 3891 tibi
1304 3844 1483 3906 portet
1510 3835 1691 3890 habet.

241 3927 484 3982 Rettulit
512 3927 604 3982 ille
631 3927 764 3982 mihi
789 3927 1152 3997 studiumque,
1175 3927 1465 3997 decusque,
1489 3927 1836 3997 modumque,

311 4017 440 4083 Quo
467 4017 626 4072 vehis
653 4015 813 4071 ollicii
841 4016 1076 4087 pondera
1102 4017 1247 4088 digni
1276 4018 1371 4072 tui.

242 4109 504 4174 Qualiter
527 4107 796 4178 exemplis
830 4117 886 4162 ct
911 4108 1090 4163 verbis
1120 4108 1261 4162 ferre
1285 4109 1540 4163 ducatum

307 4198 441 4253 Non
475 4215 669 4256 cessas
693 4199 904 4270 populis
929 4199 994 4254 ad
1019 4199 1107 4270 pia
1136 4215 1298 4271 regna
1332 4199 1460 4270 poli.

242 4292 306 4345 is
337 4291 492 4345 bona
523 4305 722 4361 magna
753 4305 965 4360 gerens,
993 4297 1053 4344 ut
1076 4305 1204 4360 agas
1228 4291 1432 4360 majora
1467 4307 1774 4363 precamur,

300 4380 618 4436 Poscimus
642 4390 883 4452 optatam
915 4389 974 4436 ut
1002 4381 1093 4437 det
1121 4381 1217 4435 tibi
1245 4381 1491 4440 Christus
1517 4399 1695 4454 opem.

241 4476 388 4526 iunt
415 4472 679 4542 exempla
704 4473 797 4526 tibi
822 4481 1035 4542 patrum
1059 4473 1313 4527 sectanda
1342 4473 1599 4542 priorum,

295 4561 598 4631 Exemplo
628 4573 682 4616 et
702 4563 878 4618 verbis
902 4572 961 4616 ut
990 4563 1217 4618 doceare
1246 4563 1369 4616 tuis.

241 4657 281 4706 ιι
333 4662 438 4708 tua
473 4655 759 4710 continuis
789 4661 1000 4709 crescat
1025 4653 1267 4709 doctrina
1296 4653 1505 4719 diebus,

289 4745 510 4812 Atque
540 4752 607 4797 ut
627 4745 716 4812 qui
741 4751 899 4812 caput
927 4759 986 4798 es
1010 4755 1105 4814 per
1132 4744 1219 4814 pia
1251 4743 1492 4798 membra
1517 4753 1676 4799 meet.

249 4853 286 4889 s
327 4834 718 4903 patriarchali
747 4834 932 4904 prima:
959 4832 1211 4904 praelatus
1232 4833 1436 4888 honore

286 4954 326 4980 ει
368 4939 462 5021 Af!
484 4939 734 5010 Aiulfum
757 4942 1068 5021 episcOpunt_.
1099 4939 1388 5021 Aginlfum,
1412 4942 1526 4996 sive
1549 4941 1843 5021 Aignlfum,

242 5011 668 5082 {Luriceusem
700 5011 903 5082 prima:
928 5011 1091 5082 sedis
1134 5012 1499 5082 patriarcham
1523 5052 1537 5075 ,
1588 5015 1667 5066 sic
1702 5012 1845 5082 enim

242 5079 522 5150 spellat.
559 5081 661 5134 Vir
685 5079 975 5150 fuitetiam
998 5079 1353 5136 dum—viveret
1377 5082 1680 5150 sanctitatis
1706 5081 1847 5136 fama

249 5149 622 5222 .hspicuus.
671 5149 844 5222 .Iudex
890 5167 1014 5206 cum
1048 5150 1490 5222 faliisirepiscopis
1534 5149 1739 5206 electus
1779 5152 1848 5222 ab

241 5227 443 5276 bone
499 5221 798 5275 Rhemcnsi
835 5236 976 5275 anno
1007 5219 1130 5277 835.
1189 5219 1273 5276 Εἰ
1308 5219 1420 5275 hac
1451 5236 1580 5276 vero
1624 5221 1842 5289 epistola

242 5297 424 5361 1uiet
452 5291 788 5361 episcopum
819 5289 930 5359 jam
961 5289 1126 5346 fuisse
1165 5306 1286 5346 cum
1319 5289 1646 5361 Tbeodulfus
1669 5291 1850 5345 Ande-

241 5359 401 5413 {\‘iS
451 5359 785 5422 exsularet,
835 5363 937 5416 hoc
979 5369 1062 5417 est
1107 5371 1231 5415 ante
1273 5375 1474 5414 annum
1514 5359 1618 5414 8'20
1660 5370 1848 5415 contra

242 5448 328 5502 1:!
345 5445 418 5482 m
451 5431 632 5500 vulgo
662 5433 878 5486 tradunt
909 5433 1001 5502 qui
1039 5431 1106 5487 de
1142 5430 1406 5502 episcopis
1435 5429 1850 5486 Bituriceusium

249 5499 638 5568 ripserunt.

270 5573 320 5612 ιι
393 5568 588 5624 Crede
637 5573 764 5629 uicis
816 5574 992 5630 rcrbis.
1063 5571 1476 5630 lusimulabatur
1523 5569 1850 5627 Tlico:ltilfus

1580 181 1908 237 CARMINA.
1944 181 2071 235 Llll.
2112 178 2204 234 IV.

1860 3005 1904 3064 C

3409 173 3516 237 7.33

1864 299 1909 354 Α
2011 292 2187 355 Sedis,
2220 300 2274 345 et
2301 289 2439 345 alma
2465 300 2678 360 patrum
2708 301 2792 345 est
2819 293 3030 346 subdita
3057 292 3211 346 turba
3244 296 3359 350 tibi.

1938 381 2065 434 lude
2090 396 2308 434 manere
2337 381 2430 435 tibi
2459 382 2693 450 prudens
2717 382 2932 436 solertia
2959 384 3138 448 debet,

2007 470 2270 524 Omnibus
2297 479 2356 524 ut
2383 472 2652 540 specimen
2680 474 2776 537 sis,
2799 471 2984 535 decus,
3008 473 3161 538 ordo,
3190 475 3402 527 modus.

1937 559 2055 626 Quo
2085 559 2256 630 magis
2283 573 2343 614 es
2381 560 2586 626 celsus,
2626 561 2841 615 humilis
2871 564 3039 634 magis
3070 580 3188 619 esse
3214 575 3510 628 memento,

2007 652 2193 706 Gratia
2224 661 2276 706 te
2304 652 2581 707 althhron’i
2606 654 2736 708 ditet
2761 663 2818 708 ut
2846 655 2985 710 alma
3024 656 3133 712 Dei.

1936 740 2066 794 Esto
2091 741 2247 794 bonis
2277 756 2468 811 agnus,
2502 741 2584 795 leo
2614 742 2854 798 fervidus
2878 755 2995 800 esto
3025 747 3291 815 malignis,

2008 832 2139 885 Pars
2167 841 2312 884 amet
2339 832 2440 886 ista
2471 842 2704 900 patrem,
2736 843 2793 888 ut
2819 836 2904 888 illa
2937 845 3188 906 pavescat
3218 837 3427 898 herum,

1935 923 2177 993 Cumque
2205 923 2309 992 piis
2335 922 2503 977 fueris
2531 925 2672 993 pius,
2702 934 2756 979 et
2783 926 3061 982 districtus
3087 929 3319 989 acerbis,

2007 1017 2083 1072 Te
2111 1032 2237 1087 pars
2261 1016 2374 1071 haec
2404 1024 2630 1070 matrem
2659 1019 2876 1082 sentiat,
2906 1021 2989 1074 illa
3019 1034 3249 1090 patrem.

1936 1108 2020 1164 Sit
2048 1110 2143 1163 tibi
2177 1110 2323 1180 larga
2353 1126 2568 1174 manus,
2594 1110 2861 1179 placidum
2892 1129 3006 1175 Cur,
3036 1115 3213 1168 dulcia
3239 1116 3399 1170 verba
3425 1128 3438 1165 :

2007 1197 2096 1253 Sis
2118 1200 2320 1269 probus
2347 1208 2402 1253 ct
2421 1199 2612 1265 solers,
2646 1211 2926 1270 promptus
2951 1202 3016 1256 ad
3044 1219 3204 1258 omne
3229 1205 3448 1259 bonum.

1935 1288 2042 1346 Sed
2069 1290 2196 1359 quid
2219 1305 2343 1359 ago,
2379 1290 2459 1343 vel
2486 1305 2592 1359 quo
2619 1304 2705 1345 me
2736 1306 2878 1344 nunc
2907 1305 3024 1345 mea
3055 1292 3229 1346 ﬁstula
3260 1295 3440 1348 ducit?

2007 1379 2253 1435 Doctoris
2279 1381 2471 1435 similis
2499 1397 2618 1435 sum
2649 1380 2808 1435 modo
2831 1381 3004 1436 factus
3032 1399 3148 1452 ego.

1935 1472 2012 1528 Te
2035 1487 2229 1542 precor
2255 1473 2482 1537 interea,
2505 1482 2701 1528 nostra:
2725 1489 2931 1529 memor
2953 1483 3068 1527 esto
3092 1475 3279 1538 ruiua-,

2006 1560 2175 1617 Oratu
2199 1571 2256 1617 et
2282 1563 2534 1632 precibus
2565 1560 2678 1616 fors
2703 1561 2843 1616 mala
2872 1572 3051 1617 nostra
3087 1564 3246 1618 htves.

1861 1659 1908 1716 B
1935 1651 2144 1707 Forsan
2180 1661 2233 1707 te
2259 1659 2468 1717 orante,
2493 1651 3070 1721 fratrumqucjuvantc
3096 1663 3333 1718 caterva,

2005 1747 2357 1816 Omnipotens
2380 1746 2591 1800 veniam
2620 1745 2713 1798 det
2738 1745 3044 1800 miserando
3076 1747 3223 1801 mihi.

1933 1840 2001 1894 Et
2031 1853 2128 1894 nos
2155 1839 2347 1893 exsilio
2377 1838 2579 1892 relevct
2598 1837 2884 1892 miseratus
2915 1839 2983 1890 ab
3012 1837 3135 1900 isto,

2003 1928 2200 1999 Joseph
2231 1928 2322 1997 qui
2352 1929 2551 1982 exemit
2574 1943 2814 1992 carcere,
2843 1927 2956 1981 sive
2987 1925 3223 1982 Petrum.

1931 2019 2048 2090 Ipse
2076 2019 2185 2073 Deo
2212 2019 2384 2073 fateor
2415 2019 2725 2088 peccamina
2761 2017 2925 2071 multa
2955 2019 3160 2088 per-gi,

2007 2109 2137 2176 Quae
2158 2117 2424 2178 superant
2450 2124 2679 2164 numero
2708 2117 2873 2164 temet
2899 2124 3062 2163 arena
3085 2111 3274 2175 maris,

1934 2199 1999 2253 Et
2028 2199 2220 2268 pluvia:
2248 2208 2445 2270 guttas,
2479 2199 2644 2254 maris
2669 2200 2888 2265 undam,
2921 2199 3097 2254 sidera
3124 2201 3268 2263 cudi,

2005 2289 2303 2344 Herbarum
2327 2289 2574 2354 frutices,
2607 2289 2850 2359 germina
2871 2292 3214 2347 cunctalsoli.

1935 2379 2062 2435 llaec
2090 2388 2216 2435 sunt
2237 2395 2506 2434 aerumnas
2529 2394 2629 2450 ego
2657 2394 2755 2434 cur
2779 2395 2900 2434 sum
2935 2379 3134 2436 missus
3169 2382 3219 2434 iu
3256 2379 3410 2447 istas,

2005 2472 2138 2528 Esse
2168 2488 2266 2528 nec
2294 2481 2354 2527 ut
2382 2472 2578 2527 debent
2599 2480 2722 2527 sunt
2751 2471 2892 2527 mala
2917 2480 3064 2526 tanta
3091 2472 3243 2526 mihi.

1935 2561 2052 2616 Non
2085 2563 2199 2632 regi
2229 2571 2322 2617 aut
2343 2562 2508 2634 proli,
2533 2578 2644 2618 non
2666 2560 2781 2632 ejus
2805 2563 2968 2617 crede
2991 2561 3162 2632 jugali

2005 2655 2252 2720 Peccavi,
2278 2662 2337 2710 ut
2362 2655 2572 2710 meritis
2599 2655 2713 2712 haec
2736 2653 2878 2710 mala
2905 2662 3052 2708 tanta
3076 2654 3288 2709 veham.

1936 2747 1964 2787 ιι
1988 2745 2157 2802 Crede
2187 2746 2322 2800 meis
2350 2746 2548 2811 verbis,
2581 2745 2750 2800 frater
2773 2744 3132 2809 sanctissime,
3162 2747 3342 2808 crede,

2006 2835 2089 2891 lle
2116 2835 2314 2906 objecti
2339 2836 2753 2906 haudquaquam
2783 2834 3027 2890 criminis
3052 2850 3176 2890 esse
3199 2851 3368 2889 reum.

1934 2927 2195 2984 Perderet
2217 2936 2276 2984 ut
2295 2937 2590 2998 sceptrum,
2617 2928 2806 2994 vitam,
2832 2927 3214 2999 propriumque
3239 2941 3508 2999 nepotem,

2005 3017 2131 3073 llaec
2162 3018 2262 3071 tria
2294 3032 2412 3072 sum
2437 3034 2713 3089 nunquam
2743 3018 3058 3074 consiliatus
3087 3033 3204 3090 ego.

1934 3111 2198 3166 Addimus
2227 3120 2282 3166 et
2308 3121 2559 3181 quartum
2587 3131 2600 3166 :
2631 3113 2766 3167 mihi
2793 3129 2900 3168 non
2926 3112 3026 3168 fuit
3047 3114 3138 3168 illa
3170 3113 3435 3175 \‘01tltll;.s,

2009 3202 2290 3270 Utcunque
2319 3211 2380 3256 ut
2402 3216 2580 3257 rerum
2611 3204 2725 3258 luce
2752 3203 2892 3258 mala
2924 3212 3073 3259 tanta
3097 3204 3295 3260 forent.

1935 3292 2050 3348 lloc
2071 3308 2172 3364 ego
2198 3292 2447 3356 clamavi,
2477 3293 2671 3360 clamo,
2711 3294 2958 3348 clamabo
2983 3310 3080 3364 per
3098 3310 3290 3355 aevum,

2009 3385 2133 3439 [Lee
2158 3385 2329 3439 donec
2356 3385 2549 3438 animae
2576 3384 2816 3440 membra
2843 3386 3019 3454 liquor
3047 3396 3278 3456 vegetat.

1937 3476 2042 3543 Qui
2070 3473 2232 3529 modo
2263 3488 2371 3528 non
2401 3473 2591 3537 credit,
2618 3482 2838 3543 cogetur
2863 3475 3083 3529 credere
3113 3477 3348 3542 tandem,

2006 3568 2234 3623 Ventum
2262 3566 2366 3621 erit
2402 3573 2461 3619 ut
2489 3566 2667 3634 magni
2685 3564 2885 3633 judicis
2914 3575 3038 3620 autc
3067 3567 3336 3622 thronum.

1943 3657 2039 3727 Qui
2074 3657 2205 3712 mihi
2230 3658 2386 3713 testis
2409 3658 2515 3712 erit
2538 3658 2658 3728 pius
2682 3665 2736 3711 ct
2759 3657 3092 3727 iustissimus
3121 3659 3286 3724 ultor,

2005 3747 2197 3806 Omnia
2225 3749 2312 3805 cui
2340 3764 2556 3820 semper
2577 3750 2719 3806 nuda
2743 3760 2798 3806 et
2821 3760 3007 3822 aperta
3034 3764 3276 3809 manent.

1939 3839 2038 3908 Qui
2067 3857 2173 3897 non
2198 3851 2445 3913 acceptat
2474 3858 2752 3913 personas,
2780 3859 3006 3902 munera
3031 3847 3148 3902 sive

2008 3933 2210 4004 Diligit,
2237 3949 2448 4005 :cquum
2479 3949 2664 4004 :equus
2689 3936 2863 4008 diligit
2890 3954 3049 3995 omne
3075 3941 3296 3996 bonum.

1941 4022 2068 4092 Ejus
2092 4024 2144 4078 in
2172 4033 2391 4094 aspectu
2420 4023 2710 4082 falsissima
2740 4038 2932 4084 cuncta
2958 4031 3246 4100 peribunt~

2015 4112 2114 4170 Hic
2142 4128 2296 4168 meus
2318 4112 2540 4170 alterius
2569 4130 2672 4170 non
2703 4131 2804 4186 ope
2836 4119 2992 4172 testis
3021 4128 3167 4188 eget.

1944 4204 2025 4258 Me
2046 4213 2134 4259 tua
2159 4205 2322 4259 chare
2352 4205 2496 4261 fovet
2524 4206 2696 4263 dulcis
2724 4210 3027 4278 compassio
3053 4209 3240 4272 frater,

2013 4295 2378 4366 Tristitiaaque
2407 4311 2539 4351 mea:
2565 4311 2691 4365 pars
2721 4297 2816 4351 tibi
2843 4313 3033 4368 magna
3065 4308 3260 4353 manet.

1948 4391 2047 4444 Det
2075 4389 2235 4443 Pater
2260 4389 2610 4455 altithronus,
2632 4389 2828 4444 caelum
2853 4401 3160 4462 terramque
3189 4395 3526 4464 gubernans,

2017 4478 2240 4533 Lzetitiaz
2271 4486 2469 4533 nostra:
2498 4487 2557 4533 ut
2588 4481 2872 4550 postmodo
2897 4495 3115 4552 compos
3134 4499 3245 4538 eas.

1947 4567 2025 4624 Te
2056 4570 2169 4624 scio
2201 4577 2517 4624 cunctorum
2549 4569 2856 4624 redimitum
2884 4569 3013 4626 ﬂore
3048 4571 3334 4637 bonorum,

2020 4659 2291 4728 Lampade
2311 4659 2570 4714 virtutum
2601 4675 2695 4716 seu
2721 4661 2942 4716 rutilare
2964 4663 3117 4718 satis.

1953 4749 2034 4805 Sit
2065 4749 2161 4804 tibi
2189 4750 2320 4814 vita,
2349 4749 2516 4814 salus,
2546 4760 2600 4804 et
2621 4751 2821 4806 Christi
2847 4753 3020 4823 gratia
3050 4755 3212 4826 regis,

2024 4841 2211 4896 Exstet
2234 4849 2288 4896 et
2317 4841 2659 4913 omnipotens
2684 4841 2861 4899 fautor
2889 4845 3088 4916 ubique
3120 4846 3236 4912 tibi,

1955 4962 2213 5030 tanquam
2230 4953 2505 5030 particeps
2536 4957 2928 5030 conjurationig
2967 4956 3226 5015 Bernardi
3250 4961 3402 5030 regis
3434 4962 3528 5015 ad-

1955 5021 2165 5097 versus
2193 5021 2524 5097 Ludovicum
2564 5021 2834 5097 patruum.
2896 5026 3164 5097 Pernegat
3206 5029 3294 5083 ille
3321 5021 3378 5083 εἶθ
3406 5032 3531 5084 huic

1955 5091 2169 5174 crimini
2195 5091 2581 5174 alliuemhnec
2610 5095 2664 5148 in
2695 5095 2795 5150 hac
2824 5105 3032 5152 tantum
3062 5091 3289 5169 Epistula
3337 5113 3525 5152 verum

1956 5169 2120 5216 etiam
2151 5169 2205 5214 in
2237 5169 2502 5231 sequenti.

2136 5267 2241 5320 Non
2264 5276 2341 5322 est
2363 5270 2616 5324 confessus
2640 5275 2834 5337 praesul,
2863 5284 2913 5328 et
2932 5279 3035 5340 ipse
3063 5281 3207 5340 perit.

1957 5357 2023 5411 Et
2047 5371 2354 5428 quanquam
2379 5357 2428 5412 ei
2455 5374 2578 5428 spes
2614 5359 2784 5416 venia:
2806 5360 3208 5421 ostendebatur,
3249 5357 3295 5408 si
3313 5371 3533 5428 annue-

1959 5425 2230 5499 ret,‘flecti
2258 5436 2438 5484 tamen
2471 5425 2574 5483 lion
2605 5432 2795 5499 potuit.
2837 5431 3014 5496 Quare
3047 5425 3394 5499 excipiendus
3415 5435 3532 5479 erat

1960 5497 2248 5567 Thcgano,
2289 5513 2409 5552 cum
2446 5495 2730 5568 episcopos
2755 5501 2808 5568 iu
2839 5495 2938 5554 hoc
2960 5499 3162 5566 judicio
3197 5512 3292 5552 sua
3325 5495 3376 5550 in
3409 5514 3538 5550 ecu-

1961 5567 2193 5623 fessionc
2226 5568 2498 5638 depositus
2527 5567 2831 5624 affirmavit.
