3998 6182
375 287 488 344 339

373 401 507 457 Vive
529 398 642 456 Deo
665 396 793 454 felix
824 410 920 468 per
948 402 1192 465 tempora
1222 393 1377 464 longa
1399 390 1672 456 sacerdos,

449 491 630 562 Deque
655 487 796 546 bono
819 486 874 542 in
907 486 1096 541 melius
1122 483 1322 554 proﬁce
1347 485 1470 549 rite,
1497 483 1647 539 Vale.

1141 599 1200 654 V.

773 705 800 734 ⁸
827 707 895 747 AD
935 705 1207 746 IODUINUI
1241 704 1550 744 EPISCOPUM.

450 783 778 840 Theodulfus
803 782 1050 836 Modoino
1079 795 1176 834 suo
1203 780 1451 834 salutem.

380 872 493 928 lloc
522 871 766 926 Ilodoine
793 870 886 924 tibi
915 867 1249 923 Theudulfus
1274 869 1458 937 dirigit
1489 868 1641 922 exsul

449 958 669 1015 Summo
692 956 1004 1028 pontiﬁcum
1035 971 1266 1010 cemuus
1291 971 1416 1010 ecce
1443 955 1632 1009 melos.

377 1050 457 1104 lto
481 1047 668 1104 Thalia
695 1047 857 1110 celer,
890 1045 1057 1100 celeri
1086 1055 1400 1100 transcurre
1428 1044 1630 1108 volatu,

446 1137 556 1194 Nec
579 1152 755 1204 mora,
781 1152 882 1192 nec
907 1137 1004 1191 tibi
1036 1135 1104 1190 sit
1129 1134 1235 1188 ulla
1267 1135 1316 1187 in
1350 1134 1526 1189 eundo
1553 1134 1727 1202 quies.

377 1234 554 1288 Donec
579 1232 862 1302 pervenias
885 1229 1118 1285 Modoini
1147 1229 1212 1282 ad
1243 1239 1380 1282 tecta
1407 1229 1572 1294 beati,

443 1321 700 1377 Prmsulis
723 1319 930 1382 eximii,
959 1315 1336 1386 pontiﬁcisque
1363 1317 1460 1386 pii.

374 1413 456 1466 Ad
493 1425 655 1480 quem
691 1422 814 1462 mox
837 1406 1061 1461 veniens
1086 1405 1308 1476 genibus
1334 1405 1574 1460 revoluta
1594 1405 1822 1476 jacelis.

447 1498 679 1554 Jusserit
699 1504 756 1550 et
782 1496 829 1550 si
854 1504 906 1550 te
937 1509 1178 1564 surgere,
1213 1509 1370 1564 surge
1397 1495 1558 1548 celer.

379 1593 534 1646 Basia
563 1587 848 1644 confestim
874 1587 1120 1642 manibus
1145 1587 1367 1640 donabis
1393 1586 1602 1650 amicis,

449 1682 516 1736 Et
536 1688 787 1751 spectans
809 1679 1042 1750 patulam
1072 1678 1211 1734 fessa
1238 1679 1440 1732 tacebis
1456 1679 1698 1732 humum.

377 1773 446 1826 At
469 1772 514 1826 si
543 1778 593 1825 te
618 1770 815 1840 rogitet
840 1783 959 1838 qua:
985 1768 1074 1832 sis,
1110 1775 1163 1822 et
1185 1767 1356 1837 cujus,
1387 1775 1441 1820 et
1467 1767 1623 1828 unde,

453 1861 589 1917 [θεν-ε
612 1875 732 1931 age,
761 1873 946 1929 prome
971 1858 1154 1912 animo
1175 1857 1386 1926 singula
1412 1857 1554 1910 dicta
1588 1865 1700 1910 tuo.

378 1954 510 2009 Sum
533 1950 815 2007 Theudulﬁ
845 1950 1032 2014 Erato,
1071 1950 1294 2003 veniens
1323 1949 1388 2003 de
1416 1949 1653 2003 carceris
1687 1957 1846 2002 antro

448 2041 598 2112 Ejus,
621 2039 712 2095 ubi
742 2040 1039 2095 immensus
1062 2039 1206 2093 hunc
1235 2047 1357 2093 tuus
1381 2039 1492 2093 urit
1521 2054 1690 2092 amor.

377 2132 560 2199 Exsul,
586 2133 762 2202 inops,
788 2145 1008 2201 pauper,
1041 2130 1403 2196 tristissimus,
1440 2131 1654 2194 anxius,
1681 2145 1900 2198 angens,

445 2225 672 2296 Spretus
694 2231 750 2278 ct
771 2221 998 2276 alllictus
1027 2231 1110 2277 est
1134 2222 1242 2286 ubi,
1275 2223 1387 2276 sive
1416 2222 1621 2276 dolens.

380 2319 587 2373 Forsan
611 2325 668 2370 et
695 2316 810 2385 ipse
846 2323 995 2385 roget
1023 2315 1151 2384 quid
1181 2331 1361 2385 agam,
1389 2329 1478 2370 me
1503 2315 1687 2368 vivere
1717 2313 1862 2367 dices

451 2408 596 2472 Vita,
628 2421 734 2477 qua
762 2405 953 2460 melior
989 2420 1136 2458 mors
1162 2406 1304 2460 bona
1332 2405 1470 2459 forte
1498 2405 1656 2459 foret.

381 2500 486 2555 Aut
509 2498 660 2569 legit,
687 2507 780 2551 aut
809 2497 984 2559 docet,
1012 2504 1103 2549 aut
1127 2494 1341 2550 laudum
1363 2497 1448 2566 pia
1480 2498 1660 2550 munia
1687 2497 1916 2564 complet

447 2588 782 2659 Cunctipatri
815 2587 1063 2650 Domino,
1095 2588 1187 2656 qui
1212 2587 1349 2657 regit
1377 2603 1524 2653 arva,
1555 2587 1754 2656 polum.

382 2682 535 2737 llunc
562 2696 661 2751 pro
691 2689 744 2735 te
765 2680 957 2750 poscit,
997 2693 1096 2748 pro
1127 2693 1184 2734 se
1213 2679 1327 2734 sive
1351 2681 1539 2736 ordine
1563 2681 1719 2747 cleri,

447 2774 554 2829 Pro
575 2771 755 2844 populi
784 2781 842 2826 et
864 2771 1008 2841 regis
1035 2784 1238 2840 proque
1267 2771 1439 2826 salute
1467 2773 1681 2826 ducum.

377 2864 461 2920 διο
497 2864 592 2918 tibi
623 2861 941 2927 transmisit,
973 2861 1131 2931 hujus
1162 2861 1256 2915 tibi
1283 2862 1402 2916 dico
1432 2861 1654 2928 salutes,

449 2953 676 3010 Subdita
705 2960 833 3008 sunt
857 2951 1008 3021 cujus
1033 2953 1196 3006 verba
1225 2952 1464 3006 canenda
1496 2954 1614 3007 tibi.

376 3045 636 3109 Obsecro,
674 3043 842 3098 frater
866 3058 1070 3108 amans,
1095 3043 1266 3097 nostri
1291 3059 1496 3098 memor
1513 3059 1634 3100 esse
1655 3055 1948 3113 memento,

449 3135 642 3191 Frater
666 3150 793 3206 pars
825 3135 992 3188 animi
1021 3134 1196 3203 portio
1217 3149 1407 3203 magna
1435 3136 1558 3189 mei.

381 3225 530 3282 Mens
559 3235 649 3280 tua
671 3225 742 3280 sit
772 3240 986 3295 semper
1007 3234 1223 3279 nostros
1249 3225 1502 3278 miserata
1531 3224 1762 3293 labores,

450 3316 661 3373 Nostrae
688 3324 922 3371 estnota
950 3316 1043 3370 tibi
1066 3316 1208 3385 quod
1230 3316 1366 3371 bene
1393 3333 1554 3373 causa
1587 3320 1684 3374 rei.

375 3407 493 3474 Quo
522 3419 679 3478 mage
717 3419 810 3462 res
841 3415 970 3462 nota
1005 3414 1117 3472 est,
1150 3408 1320 3478 magis
1352 3409 1475 3464 inde
1513 3410 1765 3467 adhibeto
1806 3413 1955 3470 labo-

1679 3501 1698 3574 [
1726 3519 1837 3559 rem
1866 3522 1879 3559 :

449 3587 540 3644 Sic
562 3587 804 3643 medicus
833 3589 1080 3644 morbum
1113 3589 1239 3645 dum
1268 3591 1433 3657 videt,
1459 3601 1576 3646 arte
1607 3593 1755 3663 fugat

376 3680 577 3736 Fumea
608 3679 890 3750 praesentis
911 3688 1140 3748 pereunt
1167 3682 1272 3735 scis
1295 3682 1487 3751 gaudia
1519 3685 1700 3736 mundi
1727 3701 1741 3737 :

450 3768 736 3836 Nunquam
765 3768 1037 3820 fraternus
1063 3767 1160 3820 sed
1190 3769 1329 3835 perit
1353 3769 1527 3822 almus
1546 3785 1717 3824 amor.

379 3858 462 3914 Me
487 3858 645 3914 modo
660 3855 830 3926 pluris
842 3869 1012 3919 amas,
1035 3870 1343 3924 quanquam
1361 3872 1444 3910 me
1457 3872 1672 3927 semper
1693 3876 1952 3929 amasses,

449 3953 679 4024 Earum
709 3950 829 4004 aliis
851 3960 1040 4003 natum
1065 3949 1186 4019 plus
1212 3950 1299 4020 pia
1329 3961 1502 4005 mater
1528 3961 1692 4006 amat.

380 4042 561 4100 Fessis
583 4049 710 4111 opto
735 4041 907 4095 libens
935 4048 1082 4095 certa
1109 4054 1425 4095 succurrere
1456 4043 1637 4108 rebus,

449 4133 518 4190 Et
541 4131 772 4188 fratrum
799 4140 1008 4186 mentes
1034 4130 1324 4186 sollicitato
1349 4133 1486 4202 pias.

381 4228 531 4287 Unus
551 4243 651 4297 ego
677 4227 923 4297 quamvis
960 4227 1080 4290 sim,
1116 4244 1221 4283 non
1252 4237 1337 4284 est
1368 4230 1527 4284 unius
1546 4229 1660 4285 haec
1686 4247 1774 4287 res
1803 4250 1815 4284 :

445 4354 472 4382 ι
512 4339 593 4393 Ad
627 4337 938 4414 Moduirmrn
968 4341 1295 4414 Διερῐιςίῖοριιιη.
1337 4342 1657 4411 Episcopum
1685 4333 1952 4414 Augusto-

1377 273 1765 334 THEODULFI
1803 235 2360 332 ausumausus
2396 273 2598 331 EPISC.

1970 392 2021 454 Α
2048 361 2056 369 ι
2117 389 2270 456 Quod
2297 389 2498 444 factum
2526 397 2612 443 est
2637 387 2902 449 mihimet,
2933 400 3051 442 esse
3076 394 3254 455 potest
3280 387 3391 440 alii.

3511 272 3626 331 3ξο

2047 482 2142 535 Est
2171 493 2456 534 commune
2478 477 2710 542 malum,
2749 477 3049 532 communis
3079 491 3207 530 cura
3234 479 3462 548 petenda
3487 490 3574 534 est
3602 499 3618 532 :

2119 570 2270 636 Quod
2308 578 2551 624 nostrum
2577 575 2661 622 est
2684 567 2863 631 hodie,
2891 581 3012 621 cras
3041 569 3145 621 erit
3171 566 3415 622 alterius.

2049 658 2172 712 llgrc
2199 674 2304 712 non
2336 659 2457 726 quis
2483 657 2650 712 frater
2676 657 2863 710 timeat
2893 657 3139 726 contagia
3169 656 3412 712 demens.

2118 746 2194 800 Ne
2222 747 2297 801 illi
2326 763 2445 816 qua:
2471 747 2623 801 nobis
2646 747 2856 816 inrepat
2879 746 2982 800 ista
3016 747 3164 801 lues?

2048 837 2218 890 Febre
2245 836 2381 891 solet
2413 835 2598 903 febris,
2634 851 2727 891 seu
2753 837 2978 892 vulnere
3004 852 3252 892 crescere
3283 839 3472 893 vulnus
3499 860 3510 892 ε

2121 932 2211 986 Sic
2240 931 2404 985 multa
2433 947 2499 986 ex
2528 947 2634 985 uno
2657 931 2803 986 fonte
2830 931 3030 986 ﬂuenta
3057 930 3249 986 ﬂuunt.

2050 1021 2173 1076 llwc
2196 1037 2316 1076 mea
2345 1023 2387 1076 si
2423 1022 2686 1091 placidam
2714 1023 2782 1076 sit
2805 1032 2962 1078 nacta
2987 1023 3141 1094 plaga
3175 1025 3460 1088 medelam,

2118 1111 2384 1167 Pristinus
2414 1121 2468 1166 et
2497 1112 2678 1166 veniat
2699 1114 2886 1168 morbo
2914 1115 3144 1170 abeunte
3172 1116 3340 1185 vigor.

2050 1201 2176 1255 Tale
2209 1201 2337 1271 quid
2361 1202 2587 1256 ulterius
2607 1217 2711 1257 non
2742 1217 2867 1272 pars
2889 1204 3104 1259 inimica
3135 1203 3334 1260 valebit

2118 1292 2407 1363 Appetere,
2437 1303 2490 1348 et
2517 1294 2692 1348 scelus
2723 1297 2824 1349 hoc
2850 1310 2956 1349 non
2980 1294 3096 1350 leve
3119 1311 3342 1365 prorsus
3369 1298 3494 1351 erit.

2049 1382 2250 1436 Servus
2280 1383 2442 1437 habet
2465 1383 2733 1452 propriam
2755 1392 2809 1438 et
2831 1386 3060 1440 mendax
3090 1385 3340 1440 ancillula
3371 1388 3567 1457 legem,

2120 1470 2350 1541 Oppilio,
2381 1483 2585 1541 pastor,
2613 1483 2796 1539 nauta,
2830 1475 3101 1540 subulcus,
3135 1493 3314 1530 arans.

2051 1561 2194 1618 Proh
2225 1564 2409 1618 dolor!
2437 1565 2618 1619 amisit
2645 1567 2781 1621 hanc
2805 1567 2950 1621 solus
2970 1568 3270 1638 episc0pus,
3294 1571 3427 1624 ordo

2121 1654 2220 1720 Qui
2251 1654 2603 1709 labefactatur
2635 1672 2776 1711 nunc
2802 1657 2918 1711 sine
2946 1657 3060 1728 lege
3081 1674 3195 1712 sua.

1977 1742 2023 1798 B
2054 1743 2245 1796 Debuit
2271 1751 2325 1797 ct
2351 1743 2440 1813 qui
2467 1743 2587 1798 aliis
2621 1744 2812 1813 legalia
2844 1761 3092 1814 promere
3110 1746 3256 1817 jura,

2119 1832 2286 1888 Ollicii
2315 1832 2594 1902 perditjus
2622 1835 2878 1904 sinejure
2902 1837 3004 1890 sui.

2048 1924 2213 1993 Culpa
2245 1925 2372 1978 facit
2399 1941 2598 1979 saevum
2627 1926 2871 1981 confessa
2897 1928 3074 1996 perire
3101 1927 3365 1984 latronem
3393 1948 3406 1982 :

2120 2016 2235 2069 Non
2260 2025 2342 2071 est
2367 2016 2650 2072 confessus
2678 2019 2890 2086 prmsul,
2922 2029 2978 2074 et
3005 2035 3131 2074 ecce
3157 2021 3316 2090 perit,

2050 2107 2290 2177 Cumque
2311 2109 2422 2163 suis
2443 2119 2635 2180 egeant
2662 2112 2927 2164 mundana
2961 2113 3172 2181 negotia
3203 2114 3384 2176 rebus,

2121 2196 2293 2252 Causa
2322 2199 2516 2267 quibus
2529 2197 2734 2266 justum
2760 2200 2929 2269 possit
2956 2202 3154 2256 habere
3186 2203 3399 2256 modum
3427 2221 3440 2254 ε

2056 2288 2242 2344 Nostra
2266 2289 2412 2358 eguit
2422 2288 2571 2358 justo
2601 2291 2824 2346 rationis
2857 2291 3093 2361 pondere
3123 2308 3284 2347 causa
3305 2333 3320 2356 ,

2124 2379 2338 2434 Stevitia
2367 2390 2609 2451 excepta,
2640 2381 2840 2434 nullum
2877 2381 3037 2462 habet
3062 2383 3164 2436 ista
3205 2383 3454 2444 modum,

2053 2472 2168 2527 Non
2195 2473 2267 2526 ibi
2301 2473 2456 2527 testis
2482 2473 2640 2537 inest,
2661 2471 2825 2541 jadex
2853 2487 2953 2528 nec
2983 2474 3209 2528 idoneus
3234 2473 3372 2528 ullus
3391 2514 3406 2534 .

2123 2564 2238 2617 Non
2268 2562 2483 2632 aliquod
2514 2564 2715 2618 crimen
2747 2564 2858 2633 ipse
2881 2579 2979 2633 ego
3009 2565 3186 2619 fassus
3215 2581 3384 2619 eram.

2053 2655 2185 2710 Esto
2213 2653 2381 2708 forem
2411 2653 2610 2717 fassus,
2635 2651 2787 2720 cujus
2815 2669 3041 2708 censura
3075 2653 3279 2710 valeret

2126 2745 2331 2799 Dedere
2351 2742 2539 2812 judicii
2567 2759 2800 2814 congrua
2835 2744 2984 2799 frena
3011 2745 3141 2800 mihi
3164 2746 3188 2799 ?

2055 2836 2234 2892 Solius
2259 2837 2383 2892 illud
2412 2852 2546 2906 opus
2572 2835 2796 2890 Romani
2827 2837 3074 2906 pratsulis
3095 2845 3301 2900 exstat.

2122 2929 2287 3000 Cujus
2313 2943 2415 3000 ego
2442 2929 2470 2968 δ
2497 2929 2680 2998 accepi
2709 2929 2865 2999 pallia
2895 2937 3078 2983 sancta
3109 2945 3288 2984 manu.

2056 3042 2268 3098 Mittere
2291 3042 2452 3098 chare
2474 3041 2604 3096 mihi
2633 3041 2785 3096 libuit
2815 3041 2911 3096 tibi
2938 3041 3176 3097 carmina
3204 3043 3448 3112 quatiam
3468 3084 3482 3108 ,

2125 3133 2320 3190 Nostra
2350 3133 2545 3202 quibus
2569 3133 2699 3186 lusit
2729 3147 2880 3186 musa
2901 3130 3085 3200 jocosa
3118 3147 3328 3200 parum.

2058 3226 2322 3296 Tempore
2347 3233 2607 3294 praeterea
2637 3225 2738 3278 hoc
2767 3224 3010 3294 quaedam
3046 3225 3303 3278 miracula
3338 3225 3448 3278 visa

2125 3317 2402 3380 Dicuntur,
2430 3315 2668 3370 breviter
2689 3329 2719 3368 e
2748 3316 2941 3384 quibus
2965 3315 3067 3369 ista
3091 3330 3306 3370 canam.

2794 3405 2875 3461 Vl.

2392 3509 2415 3539 θ
2455 3513 2521 3552 DE
2549 3513 2738 3552 ηυνιο
2766 3512 2853 3559 θυι
2886 3512 3136 3552 SICCATCS
3165 3511 3284 3551 EST.

2053 3593 2149 3647 Est
2178 3590 2392 3655 ﬂuvius,
2421 3589 2634 3644 Sartam
2659 3588 2796 3645 Galli
2821 3589 3003 3644 dixere
3030 3590 3269 3660 priores,

2124 3683 2364 3736 Porticus
2393 3681 2535 3734 hunc
2563 3681 2754 3752 gignit,
2782 3689 2835 3735 et
2862 3681 3118 3736 Meduana
3141 3682 3275 3736 bibit

2054 3772 2335 3826 Fluctibus
2362 3770 2452 3824 ille
2473 3771 2594 3850 (φής
2617 3779 2903 3840 penetrans
2926 3771 3283 3827 Ccnomanica
3311 3789 3432 3826 rura
3456 3815 3470 3836 ,

2124 3863 2318 3917 ania
2354 3861 2444 3931 qui
2481 3870 2699 3932 propter
2725 3863 2868 3918 illius
2896 3864 3044 3918 urbis
3073 3865 3203 3919 abit.

2053 3955 2170 4022 Quo
2205 3955 2352 4008 cives
2379 3954 2612 4008 transire
2646 3953 2817 4008 solent
2841 3969 3008 4024 prope
3037 3954 3284 4009 lintribus
3315 3955 3462 4009 illum
3485 3997 3498 4018 ,

2122 4047 2234 4101 lllic
2251 4051 2565 4116 portentum
2590 4061 2696 4100 non
2724 4046 2840 4100 leve
2864 4045 2991 4101 fecit
3015 4048 3110 4101 eis.

2052 4136 2294 4206 Denique
2331 4137 2628 4191 roseidulas
2665 4137 2914 4192 tenebras
2944 4153 3064 4191 eum
3097 4152 3289 4190 aurora
3317 4137 3556 4207 fugaret,

2122 4227 2188 4282 Et
2214 4227 2371 4282 solito
2396 4236 2644 4296 peterent
2672 4243 2821 4282 more
2846 4225 3042 4282 fluenta
3074 4229 3354 4282 homines:
3459 4231 3466 4236 ’

2052 4340 2170 4394 vico
2207 4339 2302 4393 Pio
2332 4338 2538 4404 fuerat,
2579 4355 2700 4393 cum
2731 4340 2940 4395 veniret
2975 4341 3027 4394 in
3069 4339 3312 4395 Galliam.
3358 4340 3462 4395 Sed
3491 4342 3634 4396 inter

376 4411 670 4503 dlunensem
701 4451 728 4503 ,A
749 4411 844 4503 qui
884 4409 1048 4481 judcx
1094 4409 1222 4503 item
1266 4409 1469 4503 electus
1516 4409 1582 4466 ab
1614 4409 1803 4498 Ebone
1828 4431 1948 4503 cum
1977 4445 2028 4503 Β
2055 4411 2337 4503 ιξῑιῆυείιυε
2363 4409 2580 4490 pallium
2619 4411 2740 4503 .hoel
2778 4410 3062 4464 discrimen
3111 4412 3251 4503 qugd
3293 4410 3516 4503 Spag‘rio
3557 4412 3630 4466 ita

373 4480 670 4555 abdicaret.
695 4481 785 4555 Ad
802 4480 943 4555 hunc
966 4490 1142 4555 exstat
1159 4481 1296 4536 Flori
1319 4483 1693 4555 Lugdunensis
1720 4487 1946 4555 epistola

374 4550 518 4631 typis
555 4549 1076 4631 olim_Morelianisn
1103 4567 1320 4631 excusa.
1358 4549 1616 4631 _Sunt_et_
1654 4549 1774 4611 alia}
1824 4558 1944 4610 dua:

373 4619 518 4694 lj‘lori
567 4619 917 4694 ejusdemin
961 4622 1144 4694 codice
1188 4622 1480 4678 Petaviano
1525 4623 1647 4688 79l,
1689 4642 1792 4678 una
1824 4641 1948 4694 pro-

374 4687 532 4764 lixior
577 4706 674 4759 pro
713 4690 952 4764 Ecclesia
1000 4691 1379 4764 Lugdunensi,
1430 4687 1651 4764 Egregie
1699 4687 1946 4748 Mod'uiuo

373 4759 510 4832 εἰη),
534 4760 861 4832 etg.,__altera
887 4759 1123 4824 brevior,
1162 4763 1216 4814 in
1243 4779 1348 4831 qua
1376 4759 1502 4832 quia
1533 4759 1732 4816 diutum
1763 4773 1945 4818 vetere

373 4825 552 4906 lingua
578 4826 851 4906 Gallorum
874 4839 1137 4906 .moutem
1170 4825 1459 4906 significat,
1499 4833 1805 4906 Modoinum
1831 4836 1944 4906 Au:-

393 4896 516 5018 iu‘sti
557 4896 759 4950 montis
803 4899 1112 4966 episcopum
1158 4896 1331 4954 vocat.
1389 4902 1480 4956 Sic
1517 4902 1660 4955 enim
1691 4903 1840 4956 illum
1869 4904 1948 4958 af-

395 4981 427 5018 a
454 4979 537 5018 ur.

395 4979 537 5018 atur.

501 5054 667 5125 Salve,
694 5065 863 5125 sancte
889 5069 1081 5125 parens,
1102 5057 1281 5125 Christi
1309 5065 1588 5110 venerande
1609 5063 1854 5125 sacerdos,

555 5120 765 5180 Augusti
789 5123 966 5183 montis
991 5130 1151 5180 pastor
1172 5124 1218 5169 in
1245 5135 1358 5170 arce
1385 5130 1572 5183 potens.

500 5178 823 5251 Qqetirsocer
847 5178 1051 5251 illustrat
1076 5185 1260 5251 meritis
1281 5178 1652 5251 splendentibus
1683 5187 1821 5251 ordo,

557 5240 802 5291 Doctrina
825 5251 875 5292 et
897 5245 1106 5292 studium
1133 5245 1254 5292 tollit
1274 5240 1330 5292 ad
1352 5254 1476 5296 astra
1504 5250 1620 5308 pias.

440 5326 470 5405 Ρ
499 5325 688 5405 Accepi
713 5323 897 5405 pallia.
922 5326 1150 5405 Pallium
1183 5330 1600 5405 archiepiscopis
1627 5333 1785 5405 tribui
1814 5351 1943 5405 pro-

365 5395 686 5472 prie_solet.
722 5395 1046 5472 Conceditur
1091 5406 1269 5472 tamen
1317 5395 1584 5454 interdum
1625 5404 1788 5456 etiam
1814 5395 1947 5472 'epi-

368 5467 547 5543 scopis
587 5483 692 5543 non
723 5467 1178 5543 metropolitanis,
1222 5471 1670 5543 quemadmodum
1719 5467 1947 5543 Syagrio

369 5535 842 5610 Augustoduneusi
879 5535 911 5594 εἰ
951 5537 1212 5610 Gregorio
1239 5535 1448 5610 Magno
1491 5535 1805 5595 concessum
1830 5535 1942 5609 Vest,

368 5611 424 5655 et
451 5605 780 5679 'l‘heodulfus
808 5609 975 5679 ipsius
1001 5605 1150 5679 papa:
1181 5605 1366 5664 manu'
1381 5627 1452 5674 se,
1478 5612 1748 5669 accepisse
1778 5605 1944 5666 testa;

371 5679 482 5728 tur.
505 5673 764 5736 Stephani
793 5673 859 5736 1V
887 5673 1094 5741 opinor.
1129 5680 1211 5736 cui
1242 5681 1451 5736 obviam
1487 5681 1680 5737 missus
1715 5703 1739 5735 it
1771 5683 1942 5744 Ludo-

2053 4481 2236 4534 datum
2278 4488 2336 4532 ut
2381 4479 2637 4533 transiret
2675 4481 2741 4533 ad
2783 4495 3150 4545 successores,
3186 4479 3483 4537 Thecdulfo
3520 4497 3629 4537 non

2053 4551 2148 4605 ita.

2126 4631 2147 4658 ο
2184 4618 2260 4691 De
2287 4619 2444 4691 [fugio
2473 4621 2563 4691 qui
2587 4620 2810 4691 siccatus
2840 4629 2935 4674 est.
2965 4619 3018 4674 ld
3041 4619 3237 4691 factum
3261 4620 3630 4691 annoAChristi

2049 4689 2174 4752 820,
2192 4689 2275 4742 die
2301 4691 2333 4743 8
2359 4689 2657 4744 Februarii.
2676 4690 2825 4756 Quod
2849 4699 3130 4759 utrumque
3153 4689 3480 4743 Theodull‘us
3502 4705 3597 4743 ver
3615 4721 3629 4731 -

2051 4761 2200 4813 sibus
2229 4759 2340 4829 suis
2369 4759 2658 4827 signiﬁcat.
2689 4760 2900 4813 Annum
2926 4761 3162 4829 quidem,
3204 4775 3324 4813 cum
3370 4759 3628 4829 Ludovici

2049 4829 2150 4892 Pii,
2182 4828 2272 4898 qui
2299 4829 2402 4883 814
2434 4831 2649 4892 inierat,
2678 4828 2962 4899 septimum
3000 4831 3142 4884 hunc
3171 4838 3434 4883 numerat.
3475 4828 3627 4884 Diem

2052 4914 2210 4970 vero,
2243 4913 2362 4951 cum
2403 4901 2574 4970 solem
2615 4899 2694 4970 ait
2739 4901 2793 4954 in
2838 4900 3094 4970 vigesimo
3127 4899 3628 4970 secundorAquarii

2051 4969 2370 5036 graduitunc
2394 4967 2579 5022 fuisse.
2614 4967 2748 5022 Nam
2775 4967 3055 5023 cum'solis
3085 4970 3355 5034 ingressus
3379 4969 3429 5021 in
3453 4967 3631 5035 Aqua-

2053 5035 2191 5091 rium
2221 5035 2498 5090 Thcodulﬁ
2535 5039 2729 5092 szeculo
2770 5054 2835 5093 ex
2883 5040 2970 5093 die
3013 5039 3077 5091 18
3118 5037 3360 5091 Januarii
3402 5041 3629 5092 subduci

2051 5108 2268 5178 soleret,
2305 5121 2639 5176 consequens
2665 5117 2783 5161 erat
2822 5117 2878 5160 ut
2907 5109 3197 5178 vigesimus
3223 5109 3490 5178 secundus
3535 5109 3632 5160 ab-

2049 5177 2177 5231 hinc
2203 5177 2319 5229 dies
2344 5185 2567 5231 octavus
2594 5189 2734 5232 esset
2757 5177 3054 5232 Februarii.
3083 5177 3233 5244 Quod
3257 5186 3432 5230 autem
3466 5193 3634 5242 quar-

2053 5259 2164 5300 tum
2195 5247 2372 5299 exsilii
2404 5247 2486 5300 sui
2518 5262 2717 5302 annum
2747 5249 3020 5316 componit
3045 5264 3166 5301 cum
3199 5249 3426 5315 septimo
3452 5246 3632 5300 Ludo-

2051 5317 2176 5387 vici,
2207 5316 2284 5369 sic
2315 5317 2682 5387 accipiendum
2712 5318 2947 5383 videtur,
2975 5327 3032 5371 ut
3055 5318 3245 5371 exsilio
3282 5333 3380 5370 suo
3403 5317 3633 5385 imputet

2049 5386 2101 5440 i-l
2130 5395 2339 5455 tempus
2367 5386 2473 5456 quo
2508 5387 2738 5456 primurn
2783 5403 2902 5441 cum
2949 5388 3067 5440 aliis
3112 5389 3364 5441 dett-usus
3401 5396 3483 5439 est
3528 5389 3633 5440 sub

2051 5455 2211 5527 linem
2243 5458 2366 5509 anni
2389 5455 2518 5510 ’8l7.’
2551 5456 2762 5526 Alioqui
2799 5459 3043 5527 sequenti
3078 5466 3282 5510 tantum
3310 5472 3478 5516 anno,
3506 5467 3635 5524 post

2050 5525 2284 5589 Pascha,
2313 5527 2482 5594 gradu
2522 5527 2762 5596 dejectus
2802 5525 2964 5597 atque
3003 5529 3056 5580 in
3094 5527 3496 5597 exsiliumthoc
3525 5536 3627 5584 est.

2050 5598 2101 5648 ia
2137 5597 2518 5667 monasterium
2552 5597 2816 5667 relegatus
2837 5595 2937 5652 cSt.
2966 5598 3082 5662 Quo
3110 5607 3348 5666 tempore
3373 5595 3633 5650 Ludovici

2051 5683 2218 5720 annus
2244 5666 2501 5736 agebatur
2525 5681 2630 5720 non
2661 5666 2937 5737 Septimus,
2969 5669 3060 5722 sed
3091 5679 3312 5722 octavus
