3998 6182
247 169 348 227 Sil

247 279 344 331 Est
369 271 588 346 propriis
615 269 875 340 spoliatus
907 267 1061 336 aquis
1087 266 1238 321 locus
1269 265 1354 318 ille
1386 274 1629 334 repertus
1649 305 1663 329 ,

316 363 411 430 Qui
440 370 553 416 rate
584 374 680 414 seu
713 355 875 412 remis
902 357 1116 426 pervius
1147 365 1270 410 ante
1300 353 1418 408 fuit.

247 451 516 508 Stantibus
542 457 704 517 atque
733 446 889 501 undis
924 445 1150 515 populus
1175 445 1300 498 hinc
1324 442 1447 497 inde
1477 443 1725 512 stupebat
1744 482 1759 503 ,

314 543 500 597 Alveus
523 547 581 595 et
603 537 814 609 plebem
843 537 909 590 ad
933 535 1191 590 interiora
1222 542 1396 588 vocat.

252 635 409 688 Nemo
433 637 599 685 ratem
623 629 841 701 qurerit,
871 626 1048 680 nullus
1072 634 1129 680 tc-
1149 625 1328 678 navita
1357 624 1528 694 poscit
1549 663 1564 687 ,

321 721 522 776 Miranti
544 718 742 791 populo
767 718 846 772 sic
876 725 980 771 stat
1012 723 1197 785 aperta
1225 715 1329 769 via.

250 815 314 868 Et
337 821 503 868 metus
539 822 704 879 atque
734 808 811 862 rci
844 808 1052 861 novitas
1087 807 1290 860 intrare
1316 802 1532 858 vetabat

321 904 589 967 Primitus,
620 909 673 956 et
705 899 906 956 sensim
938 899 1103 968 empit
1129 898 1280 952 abire
1309 905 1502 951 metus.

249 994 436 1063 Incipit
461 1006 580 1047 esse
608 999 762 1044 vetus
792 1004 928 1042 nova
959 1003 1066 1053 res,
1096 987 1330 1040 intratur
1356 985 1639 1055 utrinque,

319 1086 640 1139 Alterutram
665 1082 837 1150 ripam
862 1079 1014 1150 plebs
1040 1079 1176 1150 petit
1204 1087 1366 1148 atque
1387 1092 1569 1147 pecus.

255 1175 351 1228 l'es
385 1173 465 1227 vel
493 1172 574 1226 eis
602 1172 800 1235 siccus,
833 1169 1102 1224 modicum
1132 1167 1214 1223 vel
1240 1167 1423 1237 planta
1455 1167 1746 1232 madescit,

319 1263 453 1316 Dum
478 1260 705 1331 populus
732 1258 988 1330 gradiens
1019 1261 1164 1328 itque
1188 1259 1434 1327 reditque
1461 1257 1732 1328 frequens.

251 1354 307 1407 Si
339 1353 460 1408 olim
491 1352 596 1408 tale
619 1352 813 1407 vadum
833 1350 1044 1419 juvenis
1076 1350 1370 1404 Lceandrus
1405 1350 1656 1413 haberet,

322 1443 436 1499 Non
464 1443 603 1498 foret
629 1443 855 1514 insignis
891 1449 999 1496 tam
1033 1441 1126 1495 tibi
1153 1441 1330 1495 luctus
1360 1441 1485 1495 Ero.

255 1535 365 1588 Non
403 1532 468 1588 ad
507 1533 820 1603 piscandum
861 1531 1146 1602 quisquam
1177 1531 1280 1584 fert
1309 1538 1420 1585 rete
1445 1530 1529 1586 vel
1560 1532 1817 1586 hamum:

319 1625 554 1680 Saltibus
583 1633 748 1694 atque
778 1639 938 1677 manu
973 1623 1062 1691 qui
1099 1623 1239 1676 volet
1264 1621 1391 1676 illud
1415 1624 1543 1692 agit.

256 1719 348 1771 Vir
373 1715 712 1788 tumulandus
740 1725 859 1770 erat
890 1715 1019 1784 ripae
1047 1714 1320 1769 ulterioris
1351 1714 1402 1768 in
1433 1729 1595 1785 agro,

321 1789 869 1861 Flentibus'evehitur
895 1821 990 1874 per
1010 1806 1127 1861 loca
1156 1807 1298 1862 sicea
1327 1808 1457 1862 suis.

254 1897 344 1950 illa
374 1905 454 1951 sat
478 1898 608 1952 urbs
636 1897 835 1961 timuit,
861 1906 1068 1968 peteret
1094 1915 1160 1953 ne
1185 1915 1242 1953 se
1267 1899 1406 1953 unda
1428 1908 1760 1967 tumescens,

325 1986 689 2058 Obrueretque
716 1987 871 2042 simul
893 1989 1149 2059 compita,
1183 2004 1328 2053 rura,
1359 1989 1563 2045 domos.

256 2077 397 2133 Saxa
425 2087 607 2149 patent
637 2079 816 2150 ignota
842 2080 965 2150 polo
985 2121 1000 2146 ,
1025 2080 1179 2150 polus
1212 2081 1323 2151 ipse
1345 2083 1573 2151 patescit

321 2169 494 2235 Saxis,
516 2187 637 2226 cum
663 2172 934 2242 propriam
959 2173 1227 2242 linqueret
1249 2175 1440 2229 humor
1469 2175 1712 2230 humum.

255 2265 370 2332 Quo
394 2267 526 2319 vada
556 2265 702 2318 nulla
737 2265 903 2320 dabas
929 2267 1095 2335 pediti
1124 2267 1249 2330 illic,
1283 2267 1467 2333 Sarta,
1491 2268 1684 2323 dedisti

326 2355 538 2411 Grande
569 2357 763 2411 vadum
789 2358 991 2428 caligas
1019 2375 1140 2413 cum
1169 2366 1259 2417 tua
1294 2375 1425 2414 saxa
1451 2368 1687 2431 stupent.

258 2447 412 2502 Sarta
449 2447 570 2502 aliis
599 2447 806 2504 vicibus
837 2450 940 2504 hoc
970 2450 1146 2519 ipsum
1177 2458 1260 2506 est
1290 2467 1449 2521 passa
1479 2453 1716 2516 duabus,

327 2539 432 2594 Nec
458 2539 560 2594 hoc
585 2554 685 2595 nec
709 2540 891 2608 procul
916 2541 1018 2596 hoc
1048 2550 1310 2611 tempore,
1338 2543 1452 2598 sive
1477 2543 1615 2599 loco.

258 2628 389 2695 Quis
419 2637 577 2699 neget
604 2631 812 2700 antiqui
841 2631 1125 2686 Dominum
1157 2633 1466 2690 meminisse
1496 2635 1682 2706 tropzei
1705 2675 1721 2701 ,

327 2717 441 2786 Quo
469 2718 688 2774 ﬂuvium
717 2721 918 2776 scindit
945 2730 999 2776 et
1026 2722 1377 2780 Hieriehunta
1414 2727 1628 2797 quatit?

261 2810 299 2862 Α
326 2811 496 2878 prima
528 2810 580 2864 in
607 2820 856 2880 quartam
889 2814 1077 2868 modus
1105 2815 1192 2871 hic
1223 2815 1518 2874 deﬂuxerat
1541 2819 1763 2875 horam:

324 2899 446 2954 inde
470 2916 595 2955 suas
623 2902 815 2972 repetit
839 2911 957 2973 post
987 2904 1128 2959 celer
1155 2906 1296 2960 unda
1331 2908 1466 2964 vias.

262 2991 482 3046 Nomina
508 3008 615 3047 non
644 2993 762 3048 ideo
785 3003 1098 3050 narrantum
1127 2998 1438 3067 scripsimus
1464 3000 1616 3066 istic,

328 3081 464 3137 Sunt
492 3084 749 3152 quoniam
777 3084 956 3154 plures
983 3087 1073 3156 qui
1106 3088 1350 3143 cecinere
1376 3090 1527 3146 mihi.

265 3173 326 3224 At
355 3172 395 3225 si
419 3187 578 3226 nosse
608 3171 686 3227 rei
707 3173 806 3237 vis,
832 3173 1022 3240 lector,
1057 3183 1293 3246 tempora
1323 3186 1487 3247 gesta:

333 3261 544 3332 Accipe,
569 3277 882 3332 promemus
911 3265 1011 3318 sub
1036 3266 1302 3322 brevitate
1332 3269 1446 3322 tibi.

264 3355 531 3424 Septimus
561 3356 650 3411 hic
681 3357 858 3428 agitur
883 3357 1176 3415 decurrens
1205 3360 1444 3416 lubricus
1469 3375 1643 3415 annus
1661 3402 1676 3425 ,

333 3445 502 3512 Quod,
532 3445 824 3512 Ludovice,
856 3447 955 3502 tibi
984 3464 1151 3520 regna
1179 3456 1406 3518 paterna
1432 3458 1669 3505 manent.

265 3534 443 3588 Exsilii
469 3543 719 3604 quartus,
752 3535 962 3591 meritis
984 3552 1090 3591 non
1119 3537 1350 3607 denique
1374 3538 1575 3593 nostris
1594 3578 1610 3604 ,

335 3625 576 3682 Volvitur
600 3626 864 3684 infaustus
890 3644 1034 3701 aeger
1056 3637 1110 3684 et
1139 3645 1262 3686 ecce
1287 3632 1412 3686 mei.

267 3718 459 3773 Forsan
492 3734 653 3774 nosse
681 3721 820 3776 diem
842 3723 944 3789 vis,
968 3724 1107 3778 hanc
1131 3739 1342 3794 quoque
1365 3724 1533 3790 disce,
1557 3740 1832 3790 canemus,

332 3810 400 3865 Ut
432 3826 523 3866 res
545 3811 856 3881 ambiguum
879 3814 1049 3883 possit
1070 3814 1270 3868 habere
1299 3815 1453 3870 nihil.

267 3899 348 3954 Bis
375 3909 587 3970 partem
617 3901 888 3957 undenam
915 3904 1070 3960 solidi
1101 3913 1216 3958 rota
1241 3904 1370 3960 solis
1398 3901 1600 3976 Aquari

331 3993 650 4062 Scanderat,
679 3997 732 4050 in
758 4004 909 4052 sexta
937 3997 1170 4066 lunaque
1191 3998 1362 4053 Piscis
1388 4007 1522 4052 erat.

266 4083 387 4140 Tale
410 4087 544 4156 quid
569 4097 886 4144 asseverant
915 4095 966 4144 te
992 4087 1188 4144 ﬂumen
1212 4090 1404 4145 Idonea
1430 4105 1670 4160 passum,

333 4176 443 4232 llac
473 4179 620 4248 quod
644 4179 712 4234 ab
735 4180 869 4233 urbe
902 4178 1069 4234 ﬂuens
1093 4190 1176 4234 sat
1203 4195 1368 4250 prope
1398 4180 1554 4235 Sarta
1578 4181 1733 4237 bibit.

263 4267 455 4333 Quzcre
486 4268 663 4324 locum
691 4285 756 4324 ex
789 4270 930 4335 aliis,
960 4270 1062 4326 diei
1097 4272 1189 4326 tibi
1217 4279 1459 4342 tempora
1485 4273 1693 4336 dicam,

331 4356 585 4413 Crastina
613 4360 851 4430 przel'atte
880 4376 968 4416 res
994 4360 1092 4416 fuit
1120 4363 1223 4418 ista
1247 4362 1347 4418 rei.

264 4447 415 4504 llune
435 4465 652 4520 quoque
675 4452 944 4508 defectum
965 4455 1104 4524 quod
1126 4471 1286 4525 passa
1311 4455 1381 4510 sit
1399 4456 1610 4526 Angera
1633 4457 1837 4523 dicunt,

334 4539 443 4596 Sed
472 4542 624 4598 locus
649 4551 810 4613 atque
835 4545 951 4601 dies
974 4553 1100 4600 sunt
1129 4547 1262 4601 mihi
1288 4555 1415 4602 nota
1447 4548 1642 4604 minus.

264 4631 396 4687 Nam
429 4635 624 4705 grandi
650 4638 827 4692 studio
847 4638 1212 4708 perquirimus
1237 4638 1355 4703 ista,
1381 4641 1522 4708 quod
1555 4639 1630 4694 illi

333 4723 436 4790 Qui
468 4737 695 4782 narrant
717 4743 815 4798 per
845 4743 931 4785 me
958 4743 1118 4783 nosse
1146 4727 1324 4782 futura
1354 4728 1556 4783 volunt.

266 4811 380 4866 Non
408 4815 462 4870 id
489 4825 677 4886 aperta
705 4818 869 4884 canit,
898 4832 998 4873 nec
1023 4818 1128 4872 erit
1154 4832 1260 4872 vox
1281 4832 1494 4887 semper
1520 4825 1736 4888 operta:

337 4903 609 4975 Tempore
631 4923 864 4978 namque
889 4917 1114 4962 manent
1143 4908 1251 4964 ista
1268 4909 1508 4963 canenda
1539 4923 1655 4963 suo.

1005 5019 1112 5075 Vl].

570 5106 636 5144 οε
665 5105 834 5146 PUGNA
863 5105 1026 5144 Ανιωι
1064 5106 1117 5144 IN
1146 5105 1319 5144 TERBA
1348 5105 1568 5145 TOLOSA.

267 5179 454 5236 Rebus
479 5190 537 5238 et
561 5183 824 5252 exemplis
849 5183 1091 5253 quaedam
1116 5181 1255 5236 bene
1278 5196 1438 5235 nosse
1459 5181 1698 5236 valemus
1725 5199 1736 5233 :

337 5271 477 5326 Cum
510 5289 616 5328 non
647 5273 900 5336 divinem,
931 5273 1046 5327 hzee
1069 5271 1182 5326 seio
1210 5284 1298 5324 res
1325 5270 1454 5338 quid
1483 5277 1625 5338 agat.

266 5358 522 5431 Miraque
549 5364 660 5418 sint
688 5378 784 5433 per
811 5363 952 5418 idem
985 5370 1197 5432 tempus
1225 5376 1349 5415 cum
1379 5359 1608 5429 plurima
1634 5359 1744 5413 visa
1767 5399 1780 5423 ,

1546 153 1877 210 CARSUNA.
1920 153 2050 208 LIB.
2090 154 2176 208 ιγ.

1837 267 1888 324 Α
1985 261 2096 317 Hoc
2121 262 2284 316 etiam
2312 261 2484 316 visum
2512 271 2595 317 est
2622 263 2765 332 quod
2794 264 3022 319 recitare
3041 281 3192 336 pano.

3378 159 3492 220 δη

1911 352 2064 418 Quod
2088 352 2218 406 mihi
2247 351 2540 407 Gairardus
2563 353 2764 420 retulit,
2789 353 3110 412 Paschasius
3139 356 3213 414 illi
3239 376 3252 415 :

1986 443 2082 498 llic
2108 444 2288 498 audita
2320 443 2474 508 mihi,
2501 443 2615 498 visa
2642 446 2735 499 sed
2761 445 2850 501 ille
2879 445 3061 502 refert.

1916 535 2117 606 Nempe
2145 536 2395 590 Tolosani
2424 537 2571 591 locus
2599 546 2681 591 est
2710 538 2959 607 rurisque
2987 537 3204 594 Caturci

1986 625 2254 690 Extimns,
2279 627 2382 681 hoc
2412 627 2530 682 ﬂuit
2556 642 2729 698 pagus
2752 635 2975 698 uterque
3004 628 3142 684 loco.

1915 715 2025 769 illic
2053 731 2278 785 campus
2307 717 2470 782 inest,
2498 717 2652 786 cujus
2678 727 2801 774 sunt
2825 721 3023 773 extima
3048 719 3210 790 sylvis

1985 804 2194 866 Cincta,
2222 805 2577 876 hominesque
2603 817 2822 863 manent
2843 825 2948 864 non
2975 809 3108 866 satis
3134 811 3256 864 inde
3282 811 3484 881 procul.

1915 895 2084 961 Quem
2112 895 2359 949 volucres
2380 911 2576 965 magno
2605 899 2940 967 complerunt
2962 900 3160 970 impete
3186 901 3390 963 multa),

1989 984 2215 1039 Planitie
2245 985 2407 1054 inque
2432 984 2548 1053 ejus
2578 988 2746 1042 multa
2770 989 2970 1044 resedit
2993 992 3128 1046 avis.

1918 1076 2063 1143 Quas
2083 1075 2298 1141 ﬂuvius,
2327 1092 2463 1146 quas
2487 1091 2678 1132 nemus
2702 1078 2884 1144 habet,
2915 1096 3051 1150 quas
3074 1082 3318 1152 squalida
3344 1100 3490 1148 rura,

1985 1164 2116 1230 Quae
2145 1165 2380 1235 scopulis
2409 1167 2565 1222 nidos
2591 1169 2963 1237 composuisse
2989 1171 3198 1238 solent,

1918 1252 2052 1319 Quis
2077 1253 2229 1309 cibus
2249 1262 2334 1309 est
2361 1256 2564 1322 varius,
2590 1267 2802 1322 cantus,
2829 1258 2996 1324 color,
3022 1270 3184 1331 atque
3203 1263 3447 1327 volatus,

1987 1343 2188 1408 Penna,
2220 1360 2445 1415 ungues,
2471 1354 2729 1411 rostrum,
2755 1363 2894 1413 mos,
2923 1347 3090 1413 locus,
3115 1349 3376 1406 officium.

1922 1435 2052 1488 Nam
2086 1436 2306 1506 zephyri
2335 1451 2462 1506 pars
2489 1437 2608 1500 has,
2637 1438 2903 1507 aquilonis
2932 1451 3154 1496 vexerat
3180 1443 3324 1508 illas,

1991 1527 2206 1580 Partem
2236 1535 2292 1582 et
2320 1535 2603 1598 utramque
2632 1538 2789 1599 putes
2815 1533 2967 1603 signa
2994 1534 3246 1591 habuisse
3269 1551 3386 1590 sua.

1853 1601 1895 1658 Β
1923 1614 2194 1670 Sederunt
2220 1617 2427 1687 campis
2465 1619 2609 1673 acies
2633 1601 2948 1676 altrinsecus
2974 1623 3107 1689 illis,

1994 1705 2059 1759 Et
2087 1707 2318 1774 spatium
2343 1708 2588 1762 exstabat
2618 1710 2760 1763 inter
2784 1720 3040 1781 utrasque
3071 1713 3303 1785 aliquod.

1925 1797 2068 1851 inter
2089 1807 2376 1868 utramque
2398 1800 2566 1856 aciem
2591 1800 2796 1872 legatos
2823 1803 2903 1857 ire
2926 1813 3147 1873 putares
3167 1848 3182 1870 ,

1994 1886 2096 1954 Qui
2119 1903 2312 1958 pugnae
2337 1899 2424 1943 aut
2449 1892 2600 1960 pacis
2615 1891 2740 1962 jura
2770 1891 2972 1947 referre
2995 1905 3208 1964 parent.

1924 1978 2130 2032 Interea
2157 1978 2418 2034 alterutro
2440 1996 2624 2050 pauca:
2649 1997 2715 2036 ex
2740 1992 2970 2052 utraque
3005 1984 3256 2040 volabant

1994 2068 2174 2132 Parte,
2207 2070 2355 2124 vices
2383 2071 2655 2140 complent
2682 2073 2785 2127 ista
2813 2074 2895 2127 vel
2925 2073 3014 2127 ilia
3041 2091 3188 2132 suas.

1926 2159 2108 2229 Egerit
2130 2160 2220 2214 illa
2246 2161 2381 2215 nihil
2404 2162 2550 2230 quod
2579 2169 2708 2217 tunc
2734 2162 2930 2234 legatio
2953 2166 3102 2233 pacis

1997 2250 2156 2306 Sorte
2186 2261 2350 2322 patet,
2383 2261 2504 2323 post
2524 2255 2668 2308 hanc
2687 2257 2910 2326 grandia
2938 2257 3075 2312 bella
3105 2259 3266 2314 cient.

1929 2341 2104 2412 thue
2133 2342 2222 2397 diu
2253 2343 2448 2398 Poenos
2481 2345 2624 2400 inter
2645 2346 3004 2418 populumque
3029 2347 3297 2417 Quiritum

1998 2433 2236 2490 Currunt
2260 2435 2423 2508 legati
2449 2437 2620 2492 donec
2647 2438 2701 2492 in
2733 2454 2882 2494 arma
2913 2450 3104 2496 ruant:

1929 2525 2082 2580 ilaud
2104 2541 2260 2582 secus
2279 2528 2420 2582 inter
2439 2542 2555 2594 eas,
2569 2538 2851 2600 postquam
2875 2539 2960 2586 sat
2983 2533 3234 2603 utrinque
3248 2535 3503 2602 volatum,

1999 2617 2062 2671 Vi
2091 2633 2194 2687 qua
2221 2632 2450 2689 quaeque
2472 2619 2617 2674 valet
2647 2620 2700 2674 in
2723 2619 2835 2675 fera
2860 2621 2997 2675 bella
3022 2631 3202 2678 ruunt.

1928 2709 2133 2765 Ardent
2160 2711 2227 2766 ad
2253 2725 2486 2781 pugnam
2513 2711 2791 2766 volucrum
2816 2712 2942 2767 hinc
2967 2713 3090 2768 inde
3127 2716 3376 2787 manipli,

1998 2801 2244 2872 Cumque
2270 2802 2356 2856 ala
2379 2801 2463 2857 ala
2488 2803 2630 2869 coit,
2659 2818 2891 2874 cumque
2916 2806 3138 2862 cohorte
3166 2809 3380 2871 cohors.

1931 2892 2025 2947 Vis
2046 2899 2129 2947 est
2153 2891 2359 2948 militiae
2381 2893 2614 2957 diversa,
2643 2895 2739 2950 sed
2771 2910 2876 2951 una
2903 2896 3182 2964 voluntas,

1853 2952 1898 3014 Ο
2000 2985 2154 3052 Quod
2180 2984 2352 3055 major
2382 2986 2558 3053 miles,
2583 2952 2698 3042 vult
2726 3004 2940 3060 quoque
2965 2952 3351 3062 parvu‘s'idem.

1930 3073 2144 3131 Nullum
2172 3091 2308 3148 Opus
2348 3084 2441 3132 aut
2469 3093 2694 3145 currus,
2735 3079 2942 3135 nullum
2979 3090 3073 3137 aut
3107 3082 3271 3138 habet
3311 3098 3440 3138 usus

2973 3171 2980 3176 ’
3053 3171 3350 3244 [equorum
3366 3213 3383 3240 ,

2006 3257 2145 3313 Usus
2171 3261 2326 3314 abest
2349 3261 2616 3331 chalybis,
2646 3263 2850 3332 spicula
2882 3264 3028 3318 nulla
3059 3265 3260 3319 volant.

1933 3346 2039 3402 Pro
2065 3350 2216 3419 galea
2248 3351 2412 3404 crista
2435 3361 2538 3414 est,
2575 3366 2674 3420 pro
2704 3353 2926 3423 cuspide
2952 3362 3130 3407 rostra
3157 3353 3238 3408 vel
3273 3368 3506 3423 ungues,

2005 3440 2071 3494 Et
2098 3455 2195 3495 sua
2218 3454 2318 3510 pro
2346 3440 2494 3494 lituis
2521 3442 2762 3496 carmina
2786 3457 3012 3512 quaeque
3033 3452 3244 3497 sonant.

1935 3531 2030 3586 Ala
2059 3531 2192 3586 levis
2215 3546 2478 3602 parmam,
2504 3530 2742 3586 volueris
2763 3529 2869 3586 fert
2893 3532 3112 3602 pinnula
3143 3533 3310 3588 sicam
3327 3573 3345 3600 ,

2006 3623 2074 3677 Et
2108 3621 2344 3679 thoracis
2372 3621 2535 3677 habet
2558 3620 2738 3691 pluma
2767 3621 2974 3676 minuta
3003 3622 3198 3678 locum.

1934 3715 2162 3786 Jamque
2187 3715 2302 3770 dies
2330 3721 2514 3769 sextus
2537 3720 2834 3768 conventus
2862 3711 3088 3768 ﬂuxerat
3119 3711 3304 3783 hujus:

2005 3805 2266 3862 Certatim
2292 3805 2345 3860 in
2372 3804 2572 3860 bellum
2602 3811 2752 3874 parte
2775 3805 2842 3860 ab
2871 3811 3100 3874 utraque
3124 3815 3305 3860 ruunt.

1937 3899 2103 3970 Inque
2129 3899 2303 3954 vicem
2331 3897 2536 3952 laniant
2565 3911 2623 3952 se
2648 3898 2775 3952 hinc
2804 3898 3093 3962 morsibus,
3120 3897 3316 3954 ictibus
3345 3897 3488 3954 illinc

2009 3990 2212 4062 Ingenti
2240 3989 2436 4044 bellum
2467 3988 2641 4058 surgit
2669 3988 2940 4059 utrimque
2972 3989 3170 4044 animo.

1940 4081 2076 4136 Hinc
2107 4081 2356 4143 Rutulos,
2396 4081 2544 4134 illinc
2571 4081 2757 4135 videas
2783 4095 3114 4150 consurgere
3141 4079 3376 4134 Teucros
3394 4118 3408 4143 ,

2011 4172 2216 4227 Saevire
2243 4179 2298 4225 et
2333 4169 2555 4224 Martem
2581 4177 2740 4239 parte
2767 4171 2836 4225 ah
2860 4177 3090 4236 utraque
3117 4167 3312 4222 ferum.

1864 4294 1916 4352 Β
1941 4262 2108 4318 Glans
2135 4261 2278 4317 cadit
2302 4270 2561 4315 autumno
2588 4260 2753 4314 veluti
2782 4260 2848 4313 de
2871 4259 3054 4328 stipite
3080 4272 3312 4325 querna,

2019 4353 2284 4406 Maturum
2307 4359 2362 4406 et
2387 4351 2569 4404 folium
2590 4349 2705 4418 jam
2733 4350 2984 4405 veniente
3009 4348 3151 4419 gelu.

1950 4443 2064 4497 Non
2091 4443 2249 4496 aliter
2277 4442 2453 4495 avium
2489 4440 2725 4495 moriens
2750 4441 3023 4495 exercitus
3047 4439 3158 4494 illic

2019 4535 2246 4601 Decidit,
2271 4542 2326 4588 et
2354 4549 2548 4604 magna
2575 4542 2755 4603 strage
2781 4532 3007 4602 replevit
3037 4533 3278 4587 humum.

1948 4625 2084 4682 Nam
2115 4637 2259 4681 teres
2287 4625 2492 4681 aestivis
2522 4623 2775 4693 impletur
2799 4631 2856 4678 ut
2879 4639 3004 4679 area
3033 4623 3233 4695 granis,

2019 4718 2256 4788 Campus
2283 4718 2360 4772 ita
2393 4718 2657 4773 exstincta
2685 4717 2762 4772 sic
2792 4732 2888 4772 ave
2915 4716 3104 4786 plenus
3132 4723 3270 4771 erat.

1949 4810 1992 4863 Α
2025 4811 2195 4866 Borea
2229 4810 2285 4864 in
2313 4808 2546 4865 Boream
2573 4808 2794 4864 veniens
2821 4823 2949 4878 pars
2976 4824 3142 4879 parva
3171 4821 3389 4862 reversa
3415 4815 3518 4872 est,

2022 4901 2157 4956 Tota
2185 4901 2240 4955 in
2269 4908 2500 4970 utraque
2525 4899 2722 4955 cohors
2748 4908 2900 4970 parte
2928 4906 3202 4970 perempta
3225 4896 3390 4966 jacet.

1950 4989 2059 5046 Res
2097 4999 2254 5046 sonat
2293 4992 2433 5058 ista,
2485 4990 2632 5046 venit
2680 4990 2944 5062 populus,
2993 4988 3304 5060 [astutiaque
3340 4999 3522 5059 stupe-

3303 5082 3482 5154 [scunt
3508 5098 3519 5132 :

2026 5173 2291 5227 Mirantur
2317 5174 2482 5228 variae
2515 5174 2756 5228 membra
2777 5172 3012 5242 jacentis
3040 5175 3177 5227 avis.

1956 5266 2072 5336 Ipse
2103 5267 2366 5321 Tolosana
2397 5277 2422 5307 ι
2447 5266 2644 5337 praesul
2669 5281 2882 5335 quoque
2911 5265 3058 5320 venit
3086 5265 3152 5318 ab
3180 5264 3312 5316 urbe

2021 5355 2243 5420 Manlio,
2269 5357 2417 5425 plebs
2449 5364 2603 5427 rogat
2632 5357 2747 5411 haec
2771 5356 2883 5411 ales
2912 5372 2979 5408 an
3009 5368 3133 5408 esca
3167 5352 3278 5404 ﬂat.

338 5485 365 5513 ει
439 5472 650 5528 Pramtl
694 5475 908 5529 manlio.
963 5474 1210 5529 'l‘olosani
1280 5473 1439 5542 hujus
1515 5471 1750 5542 episcopi
1801 5471 2046 5526 notitiam
2100 5471 2190 5526 uni
2236 5469 2531 5526 Theodulfo
2577 5469 2848 5526 debemus.
2903 5466 3106 5521 Prmter
3166 5463 3308 5516 hunc
3379 5461 3523 5515 enim

267 5550 479 5613 locum,
515 5545 653 5599 nulla
681 5544 793 5615 ejus
825 5547 1081 5602 hactenus
1106 5552 1317 5611 reperta
1344 5552 1425 5598 est.
1451 5543 1670 5596 mentio.
