3970 6184
402 229 513 286 343

398 342 604 397 Illicitis
625 339 824 411 spretis
850 338 1031 395 licitas
1057 339 1336 405 assumite,
1364 339 1522 398 dixit.

471 430 723 487 Plaustra
749 436 981 487 onerant
1007 427 1218 495 avibus,
1251 430 1303 483 in
1333 443 1430 484 sua
1461 429 1689 500 quisque
1720 430 1876 485 redit.

1126 539 1256 597 ΠΗ.

674 648 740 689 ΒΕ
778 648 945 689 PUGNA
986 648 1150 688 Ανιωι
1189 647 1351 687 ειιηιι
1393 646 1696 689 SUPERIORI.

404 726 532 781 Tale
567 726 694 796 quid
722 725 826 781 hoc
849 726 1011 781 etiam
1034 732 1304 797 patratum
1328 732 1572 796 tempore
1603 727 1759 780 nobis

471 817 638 873 Fama
670 818 816 874 dedit
844 818 1000 873 velox
1028 815 1201 873 multa
1226 832 1327 889 per
1355 832 1450 873 ora
1482 817 1688 873 volans.

400 909 500 977 Qui
535 908 769 975 Romam
798 909 1075 981 Romaque
1121 918 1308 965 meant
1353 909 1727 980 rcmeantque,~
1770 917 1972 965 canunt

1735 999 1859 1072 [hoc
1883 1015 1899 1054 ε

376 1100 379 1117 ³
466 1093 611 1149 Inter
629 1108 767 1163 quos
796 1093 993 1150 mulier
1022 1093 1113 1149 hic
1135 1091 1280 1147 bona
1309 1091 1466 1147 testis
1491 1092 1653 1157 inest,

392 1183 613 1238 Oratum
639 1183 757 1239 haec
783 1182 1003 1238 Turono
1028 1184 1255 1239 Romam
1283 1182 1440 1252 petit,
1472 1182 1598 1236 inde
1625 1196 1840 1238 reversa

463 1272 790 1345 Presbytero
817 1272 1056 1328 Arhaldo
1084 1286 1201 1326 rem
1229 1271 1396 1332 canit,
1421 1270 1512 1326 ille
1540 1270 1692 1327 mihi.

392 1365 632 1432 Denique
661 1364 807 1419 circa
835 1361 1049 1417 Ararim
1081 1362 1316 1432 pigrum,
1345 1360 1776 1431 Rhodanumque
1806 1380 1965 1433 rapa-

1729 1454 1894 1527 [cenr,

466 1544 533 1599 Ut
563 1558 747 1613 supra,
777 1542 1056 1599 volucrum
1082 1557 1260 1615 pugna
1289 1552 1505 1614 peracta
1534 1544 1652 1599 fuit.

391 1636 510 1697 Quo
533 1633 735 1709 rigidas
763 1635 906 1690 inter
927 1644 1134 1701 cautes,
1163 1636 1470 1711 densasque
1498 1636 1741 1706 palnles.

465 1727 641 1779 l’auca
669 1732 852 1795 patent
881 1724 1058 1794 planis
1080 1725 1255 1782 obsita
1281 1741 1409 1780 rura
1439 1725 1590 1781 locis.

393 1806 523 1878 Illic,
552 1822 611 1868 ut
632 1813 939 1884 perhibent,
970 1816 1118 1870 venit
1143 1830 1315 1887 genus
1340 1829 1507 1872 omne
1533 1815 1833 1881 volantum,

462 1905 608 1972 Quos
630 1904 845 1975 Europa
873 1912 997 1960 tuus
1021 1906 1194 1962 nutrit
1219 1906 1434 1976 opimus
1462 1920 1608 1977 ager.

390 1994 521 2048 Pars
542 1994 695 2050 sedet
720 1994 773 2049 in
803 1994 1062 2063 scopulis,
1123 1993 1323 2050 residet
1352 2010 1479 2065 pars
1507 1996 1667 2066 plana
1689 1988 1963 2068 per‘arva,

460 2086 717 2142 Arboreis
746 2086 911 2141 ramis
935 2101 1063 2155 pars
1092 2098 1307 2157 quoque
1332 2085 1504 2141 multa
1534 2088 1708 2142 sedet.

391 2178 591 2232 Militiae
619 2177 671 2231 in
698 2177 970 2248 geminam
1001 2184 1212 2248 partem
1237 2176 1493 2233 distincta
1510 2177 1764 2249 juventus

465 2270 705 2340 Utraque
738 2269 1047 2326 conflictum
1072 2286 1199 2340 pars
1222 2270 1515 2328 meditatur
1544 2272 1724 2327 hians.

390 2361 435 2426 Q
458 2368 657 2413 laltuor
682 2359 972 2429 accipitres
998 2361 1223 2414 veniunt
1249 2360 1401 2426 hinc,
1427 2369 1686 2431 quattuor
1711 2359 1874 2422 illinc,

463 2448 733 2516 Quattuor
762 2458 816 2504 et
841 2448 1065 2504 totidem
1086 2455 1241 2519 parte
1266 2450 1335 2505 ab
1362 2459 1594 2520 utraque
1615 2451 1754 2520 capi.

392 2540 576 2596 Primo
604 2540 659 2595 hi
688 2554 980 2611 congressu
1019 2539 1288 2611 perimunt
1314 2554 1373 2596 se
1398 2540 1526 2596 hinc
1549 2540 1677 2596 inde
1700 2540 1966 2605 vicissim,

470 2632 799 2701 Accipitrem
824 2630 1099 2700 accipiter,
1124 2645 1217 2686 seu
1244 2644 1412 2701 capus
1435 2630 1552 2700 ipse
1570 2644 1788 2701 capum.

390 2721 590 2776 ltostra
612 2722 819 2778 instant
858 2719 1071 2786 rostris,
1118 2718 1414 2791 confligunt
1438 2719 1708 2791 unguibus
1735 2735 1966 2791 ungues,

457 2812 574 2877 Quo
610 2811 761 2882 paria
795 2825 946 2866 arma
972 2810 1193 2877 vehunt,
1242 2809 1369 2866 hinc
1393 2824 1549 2882 mage
1580 2823 1639 2866 se
1668 2811 1962 2881 perimunt.

390 2903 514 2975 ligit
540 2902 591 2957 id
615 2900 908 2956 Emathiis
935 2900 1162 2969 populus
1186 2899 1467 2956 Romanus
1491 2900 1545 2954 in
1574 2899 1745 2966 arvis,

456 2993 590 3048 Cum
615 2991 728 3049 fera
753 2990 892 3047 bella
922 2996 1138 3060 gerunt,
1170 2989 1298 3045 hinc
1324 3003 1482 3046 socer
1516 3030 1530 3056 ,
1559 2988 1683 3045 inde
1705 3003 1889 3060 gener.

390 3084 524 3136 Cum
550 3081 720 3138 frater
747 3078 969 3136 fratrem
994 3078 1231 3149 perimit,
1263 3077 1349 3135 vel
1374 3078 1581 3135 amicus
1610 3078 1865 3139 amicum.

456 3172 683 3240 Quando
707 3185 866 3242 pares
892 3169 1103 3241 aquilas
1126 3177 1181 3224 et
1207 3170 1360 3241 paria
1388 3185 1539 3225 arma
1566 3170 1787 3227 vehunt.

392 3265 595 3334 Nempe
630 3262 751 3317 dua:
771 3260 1020 3316 volucres
1048 3274 1259 3331 magna:
1291 3260 1532 3316 evasisse
1554 3259 1823 3329 feruntur,

459 3356 586 3422 Quae
615 3369 721 3409 non
747 3360 1056 3424 pugnarunt
1083 3370 1095 3403 :
1120 3360 1315 3406 cetera
1340 3350 1494 3406 turba
1516 3350 1681 3420 jacet.

385 3445 627 3515 Utraque
652 3458 781 3514 pars
808 3442 998 3507 vincit,
1031 3440 1233 3496 mulcet
1249 3429 1479 3495 victoria
1509 3450 1783 3507 neutram,

458 3532 741 3604 Utrimque
775 3530 1049 3602 oppletam
1080 3536 1259 3600 strage
1286 3529 1510 3600 reliquit
1538 3531 1784 3587 humum.

393 3623 460 3677 Ut
492 3621 641 3677 furor
662 3619 945 3675 Annibalis
975 3618 1264 3690 complevit
1288 3618 1476 3675 funere
1503 3618 1740 3685 Cannas,

460 3712 672 3767 Funere
701 3711 780 3766 sic
804 3710 984 3765 avium
1015 3710 1131 3764 haec
1154 3724 1282 3763 rura
1311 3709 1511 3779 repleta
1536 3720 1776 3767 manent.

390 3804 614 3876 Singula
650 3800 773 3876 quis
815 3799 1038 3865 referat,
1069 3814 1210 3870 quae,
1250 3813 1548 3874 quo,.cur,
1599 3801 1834 3871 quando,
1884 3803 1964 3857 vel

1704 3890 1890 3964 [undc,

462 3988 758 4042 Monstrata
791 3985 905 4041 haec
937 3984 1128 4039 crebro
1160 3991 1403 4053 tempore
1432 3982 1584 4052 signa
1613 3982 1840 4053 patent?

391 4102 622 4171 Quando
635 4101 740 4157 erit
756 4099 846 4155 illa
860 4099 997 4165 dies,
1013 4112 1134 4153 cum
1157 4104 1399 4152 nostrum
1416 4094 1642 4149 intrabis
1658 4094 1710 4147 in
1728 4093 1967 4157 hortum,

457 4193 634 4263 Atque
662 4189 809 4262 leges
833 4195 1051 4243 nostras
1078 4200 1257 4257 ungue
1283 4182 1485 4241 libente
1511 4182 1700 4239 rosas?

385 4287 452 4341 Et
480 4295 567 4340 tua
600 4295 794 4354 magna
823 4278 944 4335 sitis
973 4290 1129 4349 mage
1164 4291 1258 4331 seu
1297 4289 1453 4346 mage
1478 4287 1726 4329 crescere
1755 4272 1871 4343 glis:
1890 4280 1962 4332 et.

456 4375 594 4431 Dum
621 4372 763 4444 quod
785 4384 1003 4441 semper
1023 4382 1176 4423 amas
1206 4364 1448 4422 carmine
1470 4364 1661 4437 plenus
1681 4363 1829 4420 eris?

388 4467 445 4523 Si
474 4481 581 4537 qua
613 4464 733 4520 istis
762 4461 985 4527 fuerint,
1014 4468 1074 4516 ut
1105 4467 1285 4524 erunt,
1312 4457 1505 4512 vitiosa
1532 4456 1792 4519 camenis,

456 4556 625 4611 Parce
644 4566 859 4625 precor,
888 4550 1122 4621 scriptor
1147 4562 1255 4604 non
1280 4546 1412 4602 mihi
1438 4545 1628 4602 doctus
1656 4545 1814 4599 inest.

387 4646 580 4713 Quaeso
606 4654 753 4699 tuum
784 4642 941 4699 nobis
972 4641 1136 4697 fidum
1171 4638 1478 4695 transmitte
1506 4636 1835 4697 ministrum,

459 4737 560 4804 Qui
586 4745 675 4791 tua
704 4742 857 4806 grata
887 4732 1017 4788 mihi
1046 4729 1285 4803 perferat
1311 4742 1457 4781 orsa.
1491 4726 1642 4779 Vale.

1125 4840 1218 4896 1X.

688 4949 909 4991 κουοιιει
944 4949 1012 4988 Δί)
1051 4944 1369 4987 τευυυιςωι
1405 4941 1663 4983 ειειςιειι.

461 5030 744 5088 Modoinus
766 5025 1020 5097 indignus
1047 5022 1334 5094 episcopus
1358 5017 1655 5074 Theodulfo
1677 5032 1794 5074 suo.

391 5171 603 5230 Ludere
625 5182 786 5224 nemo
811 5160 993 5238 potest
1022 5176 1180 5219 versu
1210 5162 1326 5220 sine
1355 5159 1469 5230 lege
1498 5157 1682 5230 polito,

462 5260 663 5332 Nempe
691 5257 837 5329 loqui
873 5264 1022 5311 recte
1049 5268 1151 5313 nec
1176 5252 1322 5307 valet
1350 5260 1464 5304 arte
1487 5262 1698 5304 carens.

393 5353 503 5412 Sed
526 5353 678 5425 prius
703 5347 963 5419 accipiter
987 5358 1089 5401 nec
1116 5350 1287 5398 tentat
1312 5342 1529 5396 vincere
1554 5339 1607 5394 in
1633 5337 1822 5401 armis,

459 5506 484 5535 ιι
514 5491 634 5574 Ipse
664 5486 962 5571 Severinus.
1000 5480 1362 5574 llioetiu‘s..De
1400 5473 1789 5574 causis‘ersil'ii
1830 5473 1964 5574 Boe:

395 5546 523 5618 tius
544 5546 656 5631 ipse
696 5557 882 5631 paucis
918 5557 971 5613 in
998 5550 1380 5631 consolatione
1406 5564 1536 5626 sua.
1558 5546 1630 5600 De
1660 5546 1964 5631 i‘is‘dcmh‘et

396 5615 769 5701 de'su'pplicio
812 5627 949 5692 eius,
996 5624 1150 5698 plura
1191 5632 1245 5676 et
1274 5629 1494 5676 eatenus
1525 5615 1761 5671 inaudita
1809 5622 1960 5667 vetus

1427 229 1818 287 TIIEODULFI
1856 227 2412 305 AUBELIANENSIS
2450 230 2663 287 EPISC.

1990 4388 2040 4446 D

3544 241 3643 296 5H

1996 342 2043 400 Α
2139 338 2311 406 Quam
2343 339 2635 407 instructus
2675 346 2876 413 progrii
2910 347 3012 402 hoc
3047 364 3198 403 ntere
3228 351 3470 419 parentis
3497 364 3622 421 agat

2080 426 2291 491 Utiliter
2315 445 2448 499 puer
2472 430 2527 484 in
2554 431 2741 501 primis
2766 450 2873 489 non
2903 436 3103 491 militat
3129 439 3308 505 annis,

2148 518 2311 588 Digna
2337 518 2431 574 sed
2454 529 2707 590 expertus
2732 524 2953 592 praemia
2979 526 3084 582 tiro
3104 528 3268 596 capit.

2073 606 2187 662 Non
2216 607 2377 664 audet
2409 625 2530 664 nam
2561 622 2727 667 nauta
2757 622 2930 670 ratem
2959 617 3163 673 intrare
3206 620 3410 690 absque
3454 631 3642 693 paratu

2143 697 2379 755 Tentans
2408 701 2692 771 navigeras
2728 702 2930 778 Tiphys
2960 707 3014 761 in
3049 709 3217 763 armis
3243 724 3429 780 aquas.

2070 787 2203 844 Arte
2231 791 2380 846 rudis
2410 808 2532 847 cum
2563 794 2683 858 sim,
2714 796 2793 851 sic
2822 812 2909 853 me
2934 813 3150 870 quoque
3179 816 3336 871 posse
3369 806 3578 877 negabo

2143 880 2485 952 IleSpondere
2515 883 2620 940 tuis
2642 887 2892 943 versibus
2916 890 3155 946 eximiis.

2072 970 2205 1026 Vilis
2233 974 2374 1044 apud
2401 977 2587 1031 doctos
2614 993 2845 1049 namque
2870 988 2953 1035 est
2977 997 3097 1037 mea
3127 999 3278 1039 musa
3305 995 3493 1054 poetas
3520 1006 3532 1039 :

2140 1062 2385 1119 Condere
2408 1066 2476 1119 ob
2510 1067 2613 1123 hoc
2641 1068 2844 1123 nullum
2880 1072 3124 1126 carmine
3153 1072 3298 1127 nitor
3320 1091 3476 1145 opus.

2072 1154 2176 1210 Sed
2200 1171 2286 1211 me
2306 1165 2648 1212 cunctantem
2674 1160 2948 1230 compellit
2974 1162 3202 1232 epistola
3232 1174 3412 1219 vestra

2139 1244 2390 1299 Carmina
2411 1243 2524 1315 jam
2551 1248 2790 1303 numeris
2816 1249 3054 1306 scribere
3081 1251 3408 1323 disparibus.

2068 1333 2134 1386 Et
2161 1333 2306 1388 molli
2342 1335 2534 1390 durum
2563 1353 2705 1392 nunc
2732 1352 2870 1393 cera:
2891 1339 3146 1396 inducere
3173 1340 3377 1397 ferrum

2133 1424 2327 1497 Cogor,
2351 1435 2405 1481 et
2427 1428 2638 1483 insueto
2665 1437 2846 1486 texere
2873 1433 3037 1488 verba
3067 1436 3246 1489 modo.

2070 1514 2209 1583 Quin
2246 1515 2408 1572 immo
2440 1517 2760 1573 immodicus
2786 1520 3076 1576 dicendum
3099 1534 3183 1577 est
3210 1524 3311 1579 rite
3339 1524 3547 1581 libellus

2133 1608 2326 1663 Attulit
2351 1626 2417 1664 en
2442 1611 2638 1667 missus
2668 1613 2810 1683 quod
2840 1615 2971 1668 mihi
2999 1624 3179 1671 vester
3203 1632 3358 1686 opus.

1995 1693 2042 1750 B
2071 1702 2281 1758 Audisti
2313 1702 2565 1772 antiquos
2596 1705 2775 1758 verbis
2801 1705 2875 1759 ita
2897 1704 3087 1761 ludere
3117 1707 3327 1773 amicis,

2139 1791 2293 1863 Saepe
2320 1793 2482 1848 etiam
2513 1794 2673 1850 didici
2704 1797 2807 1850 hoc
2826 1804 2881 1850 et
2906 1797 2975 1851 ab
3005 1811 3099 1853 ore
3124 1806 3235 1864 tuo,

2069 1885 2343 1941 Musarum
2372 1886 2516 1955 quod
2542 1887 2697 1957 inops
2723 1888 2865 1942 norit
2893 1903 2999 1942 non
3026 1896 3181 1942 antra
3208 1898 3363 1960 poeta
3391 1909 3403 1943 ;

2140 1977 2246 2032 Sed
2271 1977 2375 2032 dici
2408 1978 2473 2032 de
2500 1992 2587 2032 me
2614 1978 2721 2033 hoc
2748 1994 2963 2048 quoque
2985 1977 3107 2047 jure
3132 1988 3329 2051 potest.

2067 2065 2316 2122 Nonnulli
2346 2065 2617 2122 affirmant
2650 2068 2813 2123 etiam
2848 2068 3090 2125 insanire
3111 2077 3321 2139 poetas.
3365 2134 3372 2140 Α

2136 2156 2391 2212 Carmina
2421 2156 2549 2211 dum
2581 2164 2826 2212 statuunt
2851 2168 3029 2214 mente
3056 2174 3243 2216 carere
3266 2177 3383 2216 sua.

2066 2245 2135 2300 At
2162 2244 2320 2300 nobis
2349 2244 2558 2317 integra
2583 2254 2768 2301 manet
2797 2262 2948 2303 mens
2975 2248 3112 2319 ipsa,
3143 2265 3241 2305 nec
3267 2250 3426 2305 audet

2141 2335 2378 2407 Longius
2407 2336 2608 2392 amisso
2632 2337 2820 2392 ordine
2846 2338 2995 2394 abire
3020 2353 3137 2395 suo.

2069 2426 2335 2481 Scandala
2357 2426 2452 2482 sed
2476 2435 2697 2500 propter
2720 2428 2942 2485 vitanda
2963 2446 3066 2486 nec
3091 2433 3295 2502 appetit
3318 2434 3447 2497 alta,

2137 2517 2404 2571 Contenta
2431 2525 2518 2572 est
2544 2517 2757 2573 modico
2784 2533 2910 2573 nam
2939 2520 3215 2575 moderata
3241 2520 3379 2576 loco.

2067 2609 2198 2675 Fac,
2235 2607 2555 2675 Theodulfe,
2592 2624 2744 2666 meos
2768 2626 2959 2666 versus
2988 2611 3208 2669 adverte
3235 2613 3488 2684 benigne,

2134 2700 2246 2756 Nec
2274 2700 2385 2756 sint
2413 2700 2665 2770 despecta
2693 2702 2935 2756 carmina
2963 2708 3147 2758 nostra
3174 2703 3294 2758 tibi.

2067 2791 2203 2849 Nolo
2228 2799 2495 2848 venenato
2521 2798 2707 2846 nostra
2736 2807 2971 2860 unquam
2996 2793 3155 2848 dente
3183 2791 3439 2857 lacessas.

2139 2883 2246 2941 Sed
2277 2885 2386 2941 sint
2402 2883 2608 2956 judicio
2634 2885 2876 2941 carmina
2907 2892 3019 2939 tuta
3050 2893 3163 2939 tuo.

2070 2976 2128 3031 Si
2155 2990 2259 3046 qua
2286 2975 2420 3031 meis
2446 2975 2696 3040 fortasse,
2725 2982 2784 3029 ut
2804 2982 2982 3039 erunt,
3011 2982 3193 3029 errata
3224 2976 3506 3040 cammnis,

1991 3034 2038 3097 Ο
2139 3065 2386 3123 Cernuus
2412 3066 2529 3122 hmo
2557 3066 2727 3136 aequis
2756 3066 2964 3137 respice
2993 3082 3176 3136 quaeso
3203 3067 3396 3121 oculis.

2071 3155 2224 3227 Saepe
2253 3170 2454 3225 queror
2477 3170 2661 3211 casum
2691 3154 2935 3210 deflendo
2965 3155 3191 3210 insontis
3230 3156 3411 3218 amici,

2141 3244 2287 3301 More
2319 3243 2490 3299 fluunt
2518 3244 2767 3316 lacrymae
2802 3243 2976 3298 amnis
3002 3244 3069 3299 ab
3095 3257 3189 3299 ore
3218 3259 3358 3299 meo.

2071 3335 2225 3405 Smpe
2252 3342 2398 3389 tuam
2428 3334 2767 3406 ingeminans
2794 3332 2905 3386 luxi
2939 3330 3071 3387 ﬂens
3101 3332 3215 3403 ipse
3246 3334 3454 3387 ruinam
3490 3350 3502 3385 :

2139 3427 2283 3482 Proh
2310 3425 2494 3480 dolor!
2522 3425 2723 3480 amisso
2749 3423 2945 3495 praesul
2993 3424 3200 3479 honore
3216 3423 3382 3492 peris.

2071 3518 2336 3573 Exsilium
2363 3517 2627 3571 innocuus
2657 3515 2862 3587 pateris
2887 3515 3141 3584 pertriste
3164 3513 3437 3576 sacerdos,

2140 3609 2375 3682 lnclytns
2395 3614 2653 3678 expertus
2675 3604 2872 3676 prmsul
2898 3605 3105 3660 inerme
3134 3605 3355 3659 malum.

2069 3700 2351 3756 Nonnullis
2372 3702 2631 3771 prodesse
2660 3697 2798 3754 solet
2823 3696 3106 3769 prudentia
3135 3695 3301 3750 multa
3330 3714 3342 3747 :

2135 3791 2320 3847 Laesus
2349 3790 2418 3846 ab
2444 3788 2660 3860 ingenio
2687 3803 2745 3844 es
2772 3797 2925 3860 pater
2948 3800 3073 3843 ecce
3099 3795 3211 3841 tuo.

2067 3879 2344 3949 Praecipue
2374 3887 2462 3933 tua
2489 3893 2686 3948 magna
2715 3876 2809 3932 tibi
2837 3876 3101 3947 sapientia
3127 3870 3228 3930 soli

2136 3970 2339 4037 Obfuit,
2372 3970 2515 4041 quod
2538 3970 2704 4025 habes
2735 3970 2889 4025 triste
2913 3968 3127 4039 paravit
3152 3982 3303 4023 onus.

2067 4063 2229 4117 Livor
2256 4064 2393 4118 edax
2435 4062 2569 4133 petit
2609 4060 2714 4115 alta
2747 4060 3002 4126 fremens,
3043 4066 3394 4115 consternere
3427 4065 3656 4116 tentatus

2136 4153 2191 4208 lJ
2218 4154 2360 4225 quod
2382 4168 2550 4208 ovans
2575 4151 2803 4223 simplex
2827 4160 3047 4221 pectore
3071 4150 3226 4210 turba
3253 4150 3400 4205 colit.

2068 4247 2257 4304 Nescis
2282 4246 2352 4301 ob
2378 4245 2635 4300 invldiam
2666 4243 2807 4314 quod
2834 4243 3020 4315 longos
3046 4242 3189 4297 Naso
3216 4241 3427 4297 labores

2138 4336 2378 4399 Pertulit,
2408 4343 2462 4390 et
2484 4334 2662 4404 patria
2689 4332 2909 4404 pellitur
2934 4333 3047 4403 ipse
3070 4333 3203 4387 sua?

2068 4444 2093 4473 α
2125 4430 2243 4501 Ipse
2268 4426 2561 4483 Severinus
2589 4440 2782 4496 magna
2808 4432 2891 4479 est
2920 4419 3159 4495 dejectus
3183 4425 3250 4480 ab
3278 4425 3412 4479 urbe

2134 4519 2331 4577 Consul
2356 4518 2600 4574 Romana
2628 4516 2806 4572 clarus
2832 4516 2900 4571 ab
2923 4531 3047 4571 arce
3076 4515 3280 4587 procul.

2070 4616 2292 4686 Magnus
2320 4612 2389 4667 ab
2412 4609 2609 4665 infesto
2632 4616 2713 4664 est
2743 4607 2978 4680 agitatus
3004 4608 3174 4662 milite
3196 4615 3348 4661 vates

2140 4703 2412 4776 Virgilius,
2443 4700 2678 4772 propriis
2703 4698 3033 4770 exspoliatus
3058 4698 3219 4769 agris.

2078 4795 2306 4850 Vulnera
2332 4806 2471 4847 smva
2496 4805 2595 4845 suo
2623 4788 2794 4845 fertur
2814 4788 3106 4858 sumpsisse
3128 4794 3361 4858 tyranno

2137 4884 2338 4939 Seneca
2372 4880 2696 4952 praecipuus,
2726 4878 2870 4934 caede
2892 4877 3121 4933 Neronis
3148 4876 3281 4933 obit.

2069 4975 2206 5044 Quid
2239 4986 2530 5029 memorem
2566 4984 2632 5025 ex
2661 4969 2863 5024 nostris
2890 4968 3069 5038 plures
3094 4967 3318 5023 sudasse
3347 4965 3639 5021 nefandqu

2138 5063 2244 5117 Pro
2270 5068 2451 5114 nostra
2481 5056 2725 5113 exsilium
2756 5056 3014 5126 religione
3041 5056 3163 5126 pia?

2070 5152 2171 5218 Oui
2202 5150 2374 5220 magis
2397 5163 2426 5201 a
2450 5162 2645 5217 magno
2668 5145 2863 5200 colitur
2884 5144 3005 5214 pius
3034 5144 3147 5214 ipse
3168 5143 3449 5211 magistro,

2139 5241 2372 5296 Joannes
2401 5238 2576 5292 dirum
2600 5236 2820 5306 pertulit
2843 5235 3112 5290 exsilium.

2072 5333 2304 5389 “larius
2328 5328 2544 5387 sensisti
2567 5326 2837 5399 ergastula
2876 5335 2932 5381 tu
2963 5340 3177 5396 quoque
3205 5326 3342 5390 dira,

2070 5475 2257 5523 auctor
2283 5464 2336 5519 in
2360 5463 2641 5533 Excerptis
2668 5460 3164 5533 quaepridemacum
3196 5454 3482 5533 Ammiano
3506 5452 3650 5533 Mar-

2070 5522 2261 5592 cellino
2291 5550 2353 5589 ex
2379 5522 2591 5589 schcd'is
2629 5522 2829 5587 nostris
2855 5530 2997 5584 edita
3025 5538 3145 5584 sunt
3174 5528 3239 5581 ab
3276 5525 3509 5581 Henrico
3540 5522 3641 5576 Va-

2068 5609 2200 5665 lesio
2230 5606 2269 5660 Υ
2281 5644 2289 5655 ρ
2316 5605 2374 5659 G.
