3998 6182
179 272 281 328 515

249 390 426 443 Missus
452 387 506 440 in
541 387 780 456 ignotum
812 399 937 452 rege
963 386 1183 456 jubente
1214 385 1408 439 locum.

180 479 409 548 Claviger
431 477 546 546 ipse
569 475 761 528 Petrus
797 489 942 539 nam,
983 489 1082 530 nec
1111 490 1215 528 non
1243 482 1298 528 et
1319 473 1638 542 populorum

251 570 430 624 Doctor
453 576 573 621 erat
600 564 798 619 Paulus
820 565 1060 619 carceris
1084 565 1134 618 in
1159 565 1382 634 gremio.
1551 577 1590 601 κ

182 659 285 712 Sed
311 667 478 711 tamen
504 657 607 710 hoc
633 655 743 725 egit
764 653 950 709 feritas
974 654 1173 708 inculta
1202 667 1510 723 repugnans

246 746 479 809 Gentilis,
512 746 636 799 Iidei
660 759 892 812 namque
921 745 1136 798 inimica
1172 744 1291 813 pix.

180 838 322 891 Addo
359 836 518 890 etiam
555 833 701 904 quod
746 834 920 887 adhuc
952 832 1101 887 rudis
1145 831 1544 886 ecclesiasticus
1573 832 1726 894 ordo,

244 927 586 996 Informisque
612 940 706 979 sua
729 924 844 993 lege
871 931 1081 977 careret
1105 923 1272 977 iners.

179 1017 416 1087 Deposita
441 1014 553 1082 jam
577 1030 708 1084 pace
734 1013 837 1068 frui
878 1012 1092 1068 feritate
1123 1027 1314 1067 serena

244 1110 445 1174 Debuit,
471 1116 525 1162 et
551 1106 825 1178 proprium
856 1103 1076 1173 jamque
1099 1114 1282 1158 tenere
1312 1104 1552 1158 modum.

178 1201 335 1270 Culpa
356 1201 692 1256 sacerdotum
721 1196 850 1251 facit
887 1197 1010 1260 hoc,
1039 1196 1179 1265 quod
1209 1195 1329 1249 vilis
1354 1195 1583 1249 habetur

245 1293 380 1348 Ordo
406 1290 689 1346 ministerii
717 1289 983 1342 maximus
1005 1287 1090 1342 ille
1120 1287 1282 1341 sacri.

178 1385 314 1437 later
333 1398 421 1437 eos
442 1382 666 1436 effectus
687 1379 863 1434 nullus
890 1377 1028 1433 fidus
1059 1377 1306 1441 habetur,

245 1472 588 1526 Commendat
628 1479 816 1526 sancto
839 1469 1012 1540 gratia
1043 1483 1284 1538 quosque
1306 1467 1444 1522 loco.

179 1564 335 1618 Nemo
369 1563 531 1634 gemit
557 1563 822 1616 miserans
851 1561 1042 1615 aliena:
1072 1559 1410 1614 incommoda
1443 1559 1582 1623 vitae,

247 1656 342 1710 Pro
370 1655 553 1709 fratris
577 1654 796 1722 pulsans
822 1653 1052 1707 utilitate
1077 1653 1178 1707 sui.

183 1748 545 1817 L'nusquisque
569 1747 747 1800 studet
774 1754 989 1800 terreno
1013 1745 1324 1800 incumbere
1348 1745 1521 1810 lucro,

246 1841 484 1893 Sectatur
505 1838 721 1908 fragiles
745 1837 1032 1891 deliciosus
1053 1851 1202 1905 opes.

181 1933 254 1985 Ex
287 1945 506 1999 quorum
538 1943 622 1982 me
647 1927 767 1982 nolo
795 1935 951 1997 putes
971 1942 1197 1981 numero
1219 1934 1396 1980 tamen
1421 1941 1560 1988 esse,

242 2021 337 2088 Qui
366 2020 544 2075 fucata
575 2019 677 2072 levi
715 2025 932 2088 pectore
959 2019 1121 2072 verba
1153 2017 1374 2072 ferunt:

180 2112 280 2165 Sed
307 2113 394 2181 qui
421 2111 640 2166 cessabo
667 2125 941 2180 nunquam
965 2119 1177 2165 certare
1200 2110 1490 2180 precando,

242 2202 344 2256 Pro
371 2202 542 2256 reditu
569 2209 749 2255 vestro
771 2201 968 2269 quique
993 2201 1180 2254 laboro
1210 2200 1401 2254 libens.

182 2291 313 2360 Ergo
340 2305 437 2361 ego
463 2289 690 2344 sollicito
717 2299 928 2344 veteres
958 2290 1054 2345 tibi
1080 2305 1295 2358 semper
1319 2290 1549 2354 amicos,

244 2382 447 2452 Proque
476 2382 582 2437 tuis
609 2382 818 2435 damnis
840 2383 1153 2437 ambitiosus
1175 2396 1289 2436 ero.

181 2473 295 2527 Ilaec
327 2483 377 2527 te
404 2488 562 2528 nosse
589 2489 732 2538 reor,
759 2474 1012 2543 quoniam
1042 2474 1151 2528 cito
1173 2474 1446 2545 spargitur
1463 2475 1593 2528 orbe

243 2564 400 2618 Fama
428 2565 572 2620 celer
599 2573 732 2627 toto,
759 2565 930 2618 aulica
961 2564 1104 2618 dicta
1131 2579 1344 2636 gerens.

181 2654 260 2708 Sis
284 2654 421 2722 quod
449 2655 517 2708 ab
545 2653 777 2708 infausta
801 2655 902 2708 hac
923 2655 1138 2709 demum
1167 2656 1383 2725 regione
1408 2656 1726 2723 movendus,

241 2743 465 2798 Czesaris
490 2743 558 2798 ad
587 2743 818 2815 nitidum
855 2744 1017 2798 limen
1047 2746 1220 2800 iturus
1252 2747 1401 2811 item,

182 2831 318 2886 Illius
340 2841 464 2887 ante
488 2832 674 2887 oculos
702 2832 906 2897 venies,
939 2833 1223 2904 laetumque
1246 2836 1450 2892 videbis

241 2922 358 2977 Jam
383 2923 582 2977 dudum
607 2923 811 2977 vultum
839 2924 928 2992 qui
959 2925 1054 2979 tibi
1084 2926 1255 2980 tristis
1283 2935 1420 2981 erat.

184 3015 527 3071 Commissum
555 3017 731 3072 scelus
759 3032 917 3072 omne
953 3019 1046 3073 tibi
1077 3021 1351 3077 dimittere
1378 3022 1601 3082 mavult.

244 3105 296 3160 Si
333 3121 584 3176 peccasse
611 3115 786 3162 tamen
819 3117 870 3164 te
898 3125 1200 3166 memorare
1228 3113 1379 3168 velis.

183 3196 301 3249 Nam
329 3197 584 3266 prodesse
614 3199 709 3252 tibi
746 3199 1014 3254 confessio
1034 3216 1166 3270 pura
1195 3203 1413 3268 valebit,

248 3287 302 3340 Si
331 3297 382 3342 te
407 3302 538 3342 voce
565 3289 760 3356 probas
787 3289 1031 3344 criminis
1055 3305 1174 3344 esse
1211 3306 1382 3344 reum.

184 3380 233 3433 Si
264 3389 312 3436 te
335 3380 642 3436 dissimulas
670 3381 734 3435 de
764 3397 871 3450 quo
897 3382 992 3436 tibi
1019 3383 1247 3437 crimine
1273 3383 1452 3437 dicam

245 3470 412 3537 Scire,
440 3479 566 3526 nota
586 3485 686 3540 pro
713 3487 820 3542 quo
849 3473 973 3527 huic
1004 3472 1096 3544 [Ρ.
1130 3473 1239 3544 hic]
1263 3473 1398 3527 situs
1421 3473 1535 3542 ipse
1565 3475 1731 3530 fores.

248 3615 270 3641 ο
307 3602 567 3658 Amissum
599 3621 780 3658 rursus
809 3605 954 3660 adire
975 3605 1216 3675 gradum.
1259 3604 1330 3660 Ut
1352 3619 1540 3674 supra,

327 3693 452 3742 Proh
476 3693 638 3742 dolor!
660 3697 848 3756 amisso,
877 3695 1070 3757 praesul,
1093 3698 1278 3745 honore
1302 3697 1450 3758 pexis.

183 3775 403 3846 Depositi
431 3777 575 3828 enim
607 3774 820 3829 fuerant
857 3779 1092 3846 episcopi
1120 3777 1280 3846 hujus
1311 3777 1734 3846 conspirationis

183 3846 275 3918 rei.
306 3845 646 3918 Eginhardus
672 3846 863 3918 Annal.
891 3845 979 3899 an.
1022 3845 1160 3899 818:
1196 3845 1225 3918 r
1250 3845 1544 3917 Episcopus
1577 3863 1736 3918 syno-

181 3915 279 3992 dali
327 3917 549 3970 decreto
599 3915 871 3984 depositos
921 3917 1263 3972 monasteriis
1296 3915 1732 3988 inancipari'jus-

181 3993 263 4036 SII.
310 4003 328 4035 ι

248 4052 272 4090 b
314 4052 652 4126 Matfredunz.
680 4053 970 4126 Conﬁteor,
1003 4056 1331 4126 przccipunm
1377 4065 1503 4111 tunc
1524 4057 1735 4126 imperii

182 4121 481 4178 ministrum
525 4124 626 4177 sub
679 4124 960 4178 Ludovico.
1004 4121 1085 4179 Ad
1137 4121 1279 4180 hunc
1333 4127 1476 4180 enim
1529 4121 1736 4194 spectat

188 4269 532 4288 H"

1475 267 1805 322 CAIiMINA.
1845 267 1972 322 LIB.
2019 266 2078 322 ν.

1751 390 1801 448 Α
1830 382 1976 452 Elige
2002 382 2096 437 sed
2120 382 2247 451 quid
2278 398 2426 452 ages,
2456 391 2510 437 et
2531 384 2673 452 quod
2705 385 2800 437 tibi
2826 399 3040 452 cunque
3067 385 3279 439 videtur

3296 277 3404 328 5ιὶ

1899 472 2191 527 Consilium
2219 473 2429 537 melius,
2453 483 2632 527 mente
2673 483 2853 527 teneto
2879 490 3091 543 precor.

1831 562 1936 616 Sed
1965 563 2210 618 mihimet
2238 564 2428 618 melius
2461 565 2769 627 visumest,
2795 575 2852 619 ut
2874 575 3063 634 sponte
3086 565 3284 622 fatetur

1899 651 2159 721 Quodque
2181 654 2370 723 negari
2390 653 2497 708 ullo
2517 669 2624 707 non
2653 655 2794 708 valet
2817 656 3047 725 ingenio.

1829 740 1985 796 Nullo
2011 742 2120 796 alio
2139 757 2397 812 superare
2420 744 2579 798 modo
2607 753 2736 812 puto
2765 745 3022 814 principis
3050 746 3186 799 iram

1900 830 2088 895 Posse,
2119 832 2314 900 probes
2340 834 2444 888 nisi
2469 843 2522 888 te
2553 835 2803 890 criminis
2830 849 2950 889 esse
2976 851 3146 889 reum.
3238 840 3252 856 '

1830 921 2123 984 Promittit,
2156 923 2200 975 si
2229 931 2283 976 te
2313 939 2568 992 peccasse
2600 925 2858 979 fateberis
2883 926 3018 994 ipse,

1898 1011 2193 1066 Consilium
2215 1011 2398 1066 Cresar
2419 1012 2617 1067 dedere
2643 1015 2779 1068 velle
2807 1015 2924 1069 tibi.

1829 1101 1965 1156 Nam
1999 1102 2094 1154 tibi
2121 1101 2388 1170 promittit
2423 1102 2603 1155 veniet
2632 1104 2775 1170 quod
2807 1104 3034 1171 pristina
3066 1105 3258 1168 virtus,

1901 1192 1929 1230 ι’
1965 1192 2232 1244 Amissum
2261 1197 2320 1243 ut
2349 1191 2524 1260 possis
2553 1207 2741 1245 rursus
2774 1192 2925 1246 adire
2959 1195 3203 1262 gradum.

1828 1284 2020 1338 Nescio
2041 1283 2210 1337 frater
2225 1298 2437 1348 amans,
2464 1299 2616 1352 mage
2639 1285 2768 1352 quid
2793 1285 2885 1338 tibi
2913 1287 3153 1340 scribere
3178 1290 3400 1356 possim,

1897 1374 2034 1428 Cum
2061 1376 2170 1429 sint
2190 1376 2302 1428 hmo
2333 1383 2442 1428 tota
2474 1390 2580 1428 non
2623 1375 2716 1427 tibi
2750 1386 2874 1427 nota
2905 1377 3103 1428 minus.

1829 1464 1971 1518 Luce
2007 1465 2137 1517 mihi
2168 1478 2360 1532 magna
2388 1471 2440 1516 tu
2471 1462 2601 1516 solis
2634 1463 2852 1516 charior
2878 1475 3081 1526 exstas,

1900 1553 1982 1606 Nil
2013 1553 2186 1606 fateor
2211 1553 2352 1621 quod
2380 1567 2555 1606 amem
2585 1562 2635 1606 te
2674 1568 2826 1622 mage
2849 1554 3078 1607 mundus
3112 1555 3292 1608 Italwt.

1832 1645 1857 1683 δ
1895 1642 2213 1697 Matfredum
2245 1642 2452 1696 crebris
2481 1642 2714 1710 appellat
2744 1643 2972 1711 epistola
3008 1645 3188 1708 dictis,

1757 1720 1802 1776 Β
1900 1735 2168 1804 Lectaque
2198 1744 2323 1789 sunt
2345 1742 2522 1787 vestra
2559 1735 2722 1787 verba
2748 1733 3056 1802 frequenter
3077 1739 3146 1790 ei.

1831 1825 1920 1878 Ille
1948 1825 2089 1878 valet
2118 1825 2282 1893 lapsis
2304 1832 2546 1892 optatam
2573 1824 2834 1878 adhibere
2875 1827 3161 1890 medelam,

1900 1912 2294 1982 Naufragioque
2319 1913 2464 1982 pium
2491 1913 2634 1967 ferre
2668 1914 3047 1982 patrocinium.

1829 2003 2048 2057 Flebilis
2077 2003 2342 2056 exhausto
2369 2011 2587 2057 resonat
2612 2003 2699 2056 vix
2730 2003 2975 2057 carmine
3000 2002 3172 2068 Musa,

1902 2093 2094 2148 Dicere
2115 2091 2240 2160 quid
2259 2093 2431 2160 possit
2460 2092 2534 2146 nil
2565 2092 2728 2146 habet
2771 2093 2859 2146 illa
2891 2094 3080 2162 magis.

1833 2180 1937 2235 Sed
1967 2181 2226 2234 mandare
2251 2180 2454 2249 aliquid
2484 2181 2757 2234 dubitaret
2783 2181 3004 2250 epistola
3033 2192 3208 2236 vestra

1906 2272 2140 2326 Mirabar
2164 2272 2330 2326 vestri
2354 2288 2452 2326 cur
2481 2273 2612 2326 mihi
2641 2273 2870 2327 servitii.

1833 2359 2046 2415 Nullum
2075 2375 2312 2430 unquam
2339 2360 2660 2430 obsequium
2689 2361 2786 2416 tibi
2816 2378 2938 2417 nam
2968 2365 3097 2418 mihi
3131 2366 3288 2419 cretii:
3315 2384 3403 2420 ise-

3154 2453 3262 2526 [gal
3282 2474 3334 2520 (ν,

1904 2539 2012 2597 Sed
2041 2541 2400 2611 quodcunque
2419 2540 2580 2610 jubes
2609 2544 2723 2615 ipse
2750 2545 2980 2600 libenter
2999 2562 3119 2617 ago.

1834 2644 2040 2708 Idcirco
2069 2653 2214 2709 hunc
2238 2665 2486 2709 nostrum
2517 2656 2740 2710 missum
2780 2657 3073 2711 direximus
3100 2656 3165 2709 ad
3200 2664 3274 2718 te,

1905 2744 2249 2814 Quaecunque
2273 2755 2331 2800 ut
2351 2745 2578 2800 mandas
2607 2746 2694 2801 ille
2720 2746 2849 2800 mihi
2883 2745 3100 2800 referat.

1835 2833 2046 2903 Quique
2069 2835 2253 2904 procul
2279 2837 2440 2890 dubio
2469 2837 2600 2891 satis
2627 2845 2732 2901 est,
2767 2844 2827 2890 ut
2851 2837 3032 2900 credo,
3066 2836 3097 2888 fl
3123 2836 3259 2899 lclis,

1906 2923 2071 2993 Cujus
2101 2925 2168 2980 ab
2193 2940 2289 2980 ore
2317 2941 2434 2980 mea
2465 2940 2682 2980 currere
2711 2927 2872 2980 verba
2899 2927 3066 2980 vides.

1837 3014 1955 3086 Ipse
1976 3015 2070 3070 tibi
2099 3030 2432 3086 quaecunque
2458 3031 2615 3086 roges
2638 3016 2751 3070 sine
2776 3015 2965 3070 fraude
2989 3024 3250 3079 recenset,

1909 3106 2127 3178 Absque
2152 3107 2274 3163 dolo
2300 3116 2482 3163 nostra
2513 3116 2704 3163 cuncta
2733 3108 2850 3162 vice
2876 3109 3138 3176 expediet.

1841 3196 2017 3251 Imber
2048 3197 2208 3252 habet
2232 3198 2462 3266 liquidas
2483 3207 2615 3268 quot
2639 3206 2838 3269 guttas,
2871 3196 3087 3250 flumina
3119 3197 3314 3266 pisi-es.

1915 3285 2125 3339 Emittit
2152 3286 2368 3341 frondes
2393 3297 2525 3357 quot
2553 3303 2742 3342 nemus
2767 3303 2925 3341 omne
2959 3288 3158 3347 virens,

1847 3375 1986 3429 Area
2011 3392 2175 3445 grana
2213 3377 2348 3430 solet
2379 3387 2507 3444 quot
2533 3379 2964 3450 habere_:estate,
2992 3377 3192 3429 salutes

1912 3465 2015 3520 Tot
2038 3467 2132 3520 tibi
2163 3466 2338 3529 mitto,
2372 3467 2488 3520 vale
2517 3483 2730 3536 semper
2764 3467 2980 3533 ubique,
3008 3467 3182 3518 Pater.

1842 3599 2109 3669 Agobardi
2135 3598 2358 3669 epistola
2390 3599 2474 3653 cui
2530 3599 2735 3669 titulus,
2780 3596 3022 3669 Virorum
3075 3599 3401 3669 pra'sluutis-

1841 3665 1972 3722 σὶἱηο
1994 3678 2146 3738 atque
2169 3665 2529 3738 illustrissimo
2568 3668 2851 3738 Matfredo,
2891 3682 2957 3719 ex
2985 3683 3086 3735 qua
3115 3665 3413 3733 intelligi-re.

1841 3749 1924 3793 est
1954 3737 2153 3806 quanta
2191 3737 2308 3806 ejus
2336 3747 2479 3792 esset
2507 3740 2644 3808 apud
2685 3740 3064 3808 imperatorem
3120 3739 3413 3808 auctoritas

1841 3817 1896 3862 et
1918 3804 2109 3878 gratia.
2144 3804 2354 3873 Quanta
2389 3823 2519 3862 vero
2541 3804 2790 3876 ejusdem
2817 3814 3002 3878 postea
3041 3807 3092 3859 in
3119 3804 3271 3878 illum
3296 3821 3412 3872 pcr-

1842 3875 1965 3932 ﬁdia
2005 3877 2184 3942 fuerit,
2211 3879 2393 3933 docuit
2421 3875 2614 3946 duplex
2646 3875 2900 3940 ﬁliorum,
2920 3876 3132 3946 Pippin}
3162 3875 3414 3946 primum,

1840 3947 2032 4002 deinde
2061 3947 2322 4010 Lotharii,
2359 3945 2618 4002 adversus
2643 3957 2848 4018 patrem
2882 3945 3201 4018 conjuratio,
3235 3945 3284 3997 in
3313 3961 3415 4018 qua

1841 4027 2068 4086 utraque
2084 4019 2224 4071 inter
2246 4019 2546 4087 prmeipuos
2569 4014 2873 4073 indentores
2891 4032 2921 4070 a
2945 4014 3200 4088 Tliegano
3219 4023 3274 4069 et
3300 4014 3418 4066 aliis

1843 4098 2157 4142 numeratur
2189 4089 2277 4142 hic
2305 4088 2620 4143 blatiredus.

1361 4425 1657 4501 LIBER
1729 4425 2224 4517 QUINTUS.

339 4811 668 4853 εοκεοωτιο
691 4813 754 4851 οε
785 4812 945 4851 OBITU
973 4812 1256 4851 CUJUSDAII.
1289 4813 1533 4850 FRATBIS.

178 4886 228 4940 Si
255 4902 395 4959 nova
425 4903 571 4942 nunc
613 4887 804 4942 fierent
834 4896 1104 4942 tantarum
1134 4886 1358 4941 exordia
1381 4901 1586 4949 rerum,

241 4981 361 5037 Jam
387 4997 564 5038 novus
593 4997 722 5036 usus
741 4982 820 5036 eis
839 4997 982 5036 nunc
1009 4979 1347 5036 adhibendus
1377 4986 1517 5035 erat.

177 5075 279 5128 Sed
311 5076 444 5146 quia
470 5075 598 5129 trita
627 5075 702 5129 rei
725 5072 837 5141 jam
867 5073 1067 5129 dudum
1097 5081 1182 5128 est
1207 5073 1401 5128 semita
1425 5077 1608 5135 tantae,

245 5165 391 5237 Erga
426 5167 570 5220 hanc
598 5164 858 5234 majorum
887 5163 1064 5234 prisca
1090 5163 1319 5216 tenenda
1347 5162 1435 5214 via
1459 5167 1561 5215 est.

174 5254 411 5312 Mundus
434 5258 503 5311 ab
527 5269 699 5325 usque
737 5255 873 5308 chao
897 5253 1082 5306 varius
1118 5253 1221 5306 hoc
1242 5252 1434 5306 ordine
1458 5249 1644 5319 cmpit,

241 5347 310 5400 Et
340 5345 801 5402 consummandus
830 5345 932 5398 hac
967 5357 1182 5412 quoque
1213 5348 1358 5395 sorte
1383 5345 1578 5394 manet.

170 5439 474 5513 Flerigcraa
495 5440 640 5494 sedis
658 5438 928 5493 habitator
953 5435 1222 5491 maximus
1247 5432 1416 5486 Adam

242 5583 267 5612 ι
319 5571 442 5627 Rea:
469 5575 676 5628 nomine
695 5573 888 5641 justus.
929 5566 1345 5641 Melchisedech,
1381 5563 1534 5632 cujus
1563 5578 1755 5641 nomen

165 5639 407 5706 justitize
466 5659 649 5714 regem
687 5635 856 5699 sonat.
899 5640 973 5694 lix
1003 5653 1188 5704 eorum
1220 5652 1346 5706 ergo
1385 5635 1647 5691 sententia
1680 5635 1759 5689 lo-

1775 4711 1827 4770 D
1923 4705 2152 4762 Sustulit
2195 4705 2416 4774 hujusce
2439 4703 2765 4760 conditionis
2794 4717 2936 4758 onus

1854 4797 2072 4868 Ignibus
2096 4798 2346 4853 azthereis
2373 4811 2678 4866 quanquam
2720 4795 2852 4850 Abel
2882 4793 3056 4849 hostia
3079 4802 3230 4864 capta
3255 4803 3353 4848 est.

1927 4891 2217 4959 Frateran
2238 4890 2379 4945 ictus
2414 4889 2502 4942 hic
2533 4887 2811 4942 moriendo
2850 4885 2994 4941 tulit.

1859 4982 2061 5050 Aspera
2087 4995 2393 5052 quanquam
2429 4979 2614 5034 Enoch
2643 4979 2744 5033 sibi
2773 4993 2920 5032 mors
2968 4978 3197 5033 miretur
3243 4977 3411 5030 adem-

3161 5065 3353 5138 [ptum,

1931 5157 2186 5222 Quamvis
2213 5171 2353 5223 sera,
2383 5156 2528 5211 illum
2559 5165 2644 5210 est
2673 5156 2973 5226 appetitura
3001 5163 3198 5209 tamen.

1863 5247 2100 5302 llortuus
2129 5255 2211 5302 est
2229 5247 2360 5311 Noe,
2400 5263 2524 5316 spes
2549 5247 2714 5311 orbis,
2760 5254 2914 5315 pater
2943 5254 3103 5316 atque
3145 5243 3404 5299 secundus

1928 5339 2029 5406 Qui
2052 5339 2188 5392 vixit
2208 5339 2407 5393 multas
2434 5338 2665 5408 inclytus
2689 5339 2830 5394 inter
2854 5353 3043 5407 aquas.

1861 5431 1986 5488 Sem
2019 5445 2248 5503 quoque,
2276 5437 2483 5484 mutato
2511 5443 2536 5470 ο
2569 5444 2662 5484 rex
2682 5431 2876 5499 estqui
2906 5425 3334 5490 nomincjnstus,

1866 5564 2068 5631 quitur,
2117 5563 2202 5620 cui
2255 5579 2377 5616 cum
2433 5561 2670 5618 Ilohrazis
2715 5562 2839 5615 Scin
2891 5573 3068 5627 Ipsum
3123 5554 3231 5609 Noe
3265 5555 3426 5610 lilium

1864 5634 2025 5690 fuisse
2053 5642 2398 5691 censuerunt.
