3970 6184
452 231 559 287 ξω

525 352 729 423 Inclyta
751 367 850 424 pro
878 353 1084 408 meritis
1104 351 1323 422 praemia
1359 352 1512 406 miles
1532 352 1713 407 habet.

460 441 571 496 Pax
597 442 688 497 ubi
712 451 897 512 regnat
916 457 1101 507 ovans,
1128 456 1281 495 amor
1304 440 1558 510 inclytus,
1586 442 1717 497 ordo
1744 439 1955 502 beatus,

531 531 743 586 Emicat
766 531 1003 586 artheriis
1026 547 1123 585 arx
1145 530 1233 585 ubi
1264 541 1448 585 sancta
1475 530 1652 586 tholis.

461 622 556 676 Est
577 623 739 676 etiam
766 622 1033 677 interdum
1062 622 1227 687 zelus,
1259 622 1350 691 qui
1375 622 1573 677 dicitur
1598 623 1677 676 ira

532 712 780 778 Provida,
814 730 913 784 pro
939 715 1067 769 recti
1097 714 1310 784 quando
1339 714 1625 769 adhibetur
1646 729 1747 783 ope

462 801 566 858 Per
584 788 745 872 quam
766 813 1076 858 constanter
1099 805 1247 859 vitiis
1270 805 1549 859 obsistitur
1577 804 1731 869 atris,

532 893 660 961 Ejus
686 903 741 949 et
760 895 1019 952 instinctu
1046 912 1135 952 res
1159 897 1297 950 mala
1325 897 1477 966 pulsa
1504 894 1655 964 fugit.

460 983 661 1052 Estque
691 983 870 1039 favere
898 985 1101 1039 malum
1128 985 1296 1050 vitiis,
1329 985 1594 1040 obsistere
1623 983 1865 1055 dignum,

529 1072 654 1128 Hmc
678 1072 830 1145 fugat
852 1074 1041 1141 iratus,
1072 1075 1372 1131 desidiosus
1401 1075 1514 1128 alit.

462 1162 518 1217 Si
553 1170 733 1219 tamen
761 1162 932 1218 iratus
971 1165 1118 1233 cupit
1142 1165 1493 1220 emendabilis
1526 1171 1586 1217 ut
1611 1165 1683 1219 sit

529 1255 579 1309 Is
598 1254 689 1323 qui
717 1254 1026 1324 corrigitur,
1054 1255 1171 1309 haec
1191 1246 1371 1309 manet
1393 1255 1471 1308 ira
1492 1254 1645 1309 levis.

460 1345 531 1398 At
553 1345 694 1398 bona
724 1343 772 1398 si
801 1344 1017 1409 taedent,
1048 1344 1313 1399 delectant
1337 1345 1569 1414 pessima
1594 1358 1850 1415 quaeque,

532 1434 629 1489 Est
652 1435 769 1489 hare
792 1435 870 1489 ira
900 1436 1097 1503 gravis,
1130 1452 1217 1491 res
1245 1445 1298 1490 et
1327 1438 1521 1492 acerba
1549 1437 1728 1490 nimis.

464 1524 655 1595 Ilergit
677 1526 729 1580 in
757 1526 869 1581 hmc
897 1527 1007 1581 odii
1026 1540 1241 1582 caenosa
1269 1528 1526 1582 barathra
1557 1526 1797 1595 maligni,

534 1612 686 1679 Quod
707 1614 854 1668 ducit
877 1614 1100 1670 miseros
1123 1615 1189 1670 ad
1212 1613 1391 1687 Stygis
1420 1614 1526 1669 ima
1556 1615 1726 1670 viros.

462 1701 560 1756 Est
583 1717 812 1772 namque
834 1703 912 1758 ira
938 1704 1138 1771 odium,
1163 1705 1378 1774 quando
1407 1705 1700 1759 inveterata
1727 1704 1981 1771 senescit,

536 1793 713 1862 Deque
734 1794 875 1850 malo
898 1795 950 1849 in
980 1793 1134 1866 pejus
1159 1796 1316 1850 discit
1344 1796 1493 1851 abire
1516 1796 1735 1851 malum.

461 1882 665 1945 Cernis,
691 1885 767 1938 ait
791 1885 1070 1950 Dominus,
1099 1885 1363 1942 festucam
1390 1888 1445 1941 in
1466 1887 1667 1942 lumine
1700 1887 1905 1955 fratris,

532 1973 693 2042 Inque
721 1973 928 2029 trabem
958 1975 1175 2045 proprio
1200 1977 1421 2049 negligis
1451 1978 1715 2048 aspicere.

459 2067 541 2121 Ira
564 2067 699 2122 levis
730 2067 960 2134 festuca,
986 2071 1167 2124 trabes
1186 2071 1365 2125 odium
1387 2079 1566 2126 exstat
1591 2071 1818 2135 inerme,

532 2160 658 2215 “asc
691 2161 799 2215 cito
824 2163 1165 2227 transcurrit,
1193 2163 1244 2217 id
1274 2163 1596 2218 remorando
1629 2172 1834 2232 gravat.

459 2246 554 2302 Illa
585 2258 741 2304 sonat
761 2249 972 2315 leviter,
1000 2251 1162 2305 tacito
1186 2251 1312 2306 illud
1339 2253 1501 2307 corde
1523 2251 1817 2323 gravescit,

531 2340 622 2394 Illa
647 2340 795 2409 cupit
816 2340 1021 2412 plagas,
1047 2342 1180 2396 illud
1209 2351 1264 2397 et
1288 2344 1536 2397 exitium.

459 2430 598 2485 Iram
623 2431 788 2486 animi
814 2431 1021 2495 levitas,
1046 2434 1227 2489 odium
1250 2443 1400 2491 creat
1429 2436 1518 2491 illa
1539 2436 1856 2508 malignum,

527 2518 771 2576 Carduus
790 2521 955 2577 herba
980 2522 1130 2592 prius
1155 2525 1437 2594 postmodo
1458 2525 1609 2596 spina
1631 2528 1829 2598 gravis.

458 2609 534 2664 De
560 2624 809 2667 sermone
836 2611 941 2668 levi
967 2614 1212 2672 exoritur
1237 2630 1399 2685 grave
1425 2617 1631 2672 crimen
1652 2627 1707 2674 et
1736 2626 1936 2687 atrum,

526 2698 642 2756 Ovo
671 2700 746 2755 ita
771 2701 838 2756 de
870 2704 1026 2759 tereti
1049 2704 1120 2760 sit
1141 2705 1423 2762 basiliscus
1449 2712 1626 2763 atrox.

459 2796 549 2855 Sic
574 2800 776 2854 nutrita
803 2801 894 2856 diu
914 2816 1096 2857 rerum
1121 2802 1261 2858 mala
1290 2805 1496 2861 semina
1526 2806 1748 2874 laedunt,

527 2890 832 2961 Exstirpata
858 2900 1055 2948 nocent
1080 2894 1324 2963 protinus
1354 2906 1472 2951 orta
1500 2897 1655 2953 nihil.

459 2979 514 3033 Si
548 2980 621 3035 sit
647 2995 798 3035 amor
818 2980 1067 3047 fratrum,
1097 2999 1292 3039 szevam
1316 3001 1423 3040 non
1444 2987 1554 3041 itur
1576 2988 1645 3044 ad
1666 2987 1822 3053 iram,

528 3070 655 3128 Haec
682 3072 728 3128 si
753 3071 1004 3140 defuerit,
1044 3074 1188 3129 nulla
1219 3086 1439 3133 manent
1460 3079 1602 3134 odia.

456 3160 745 3231 Temperat
769 3165 1089 3234 mquanimis
1112 3167 1301 3222 vitium
1331 3169 1435 3224 hoc
1462 3170 1687 3227 rationis
1711 3172 1986 3237 honestas,

522 3248 690 3320 ΑΞ(ιυὶ
725 3267 879 3309 amor
901 3254 1044 3310 illius
1064 3257 1299 3314 conterit
1315 3274 1412 3313 ora
1436 3269 1615 3330 caput.

451 3338 674 3411 Hocque
707 3343 948 3399 modesta
975 3344 1151 3401 scelus
1174 3347 1390 3416 perimit
1418 3349 1674 3419 patientia
1702 3352 1899 3420 dirum,

520 3431 651 3500 Quae
673 3442 758 3490 est
788 3435 955 3492 tutela
977 3436 1123 3503 boni,
1154 3439 1532 3512 perniciesqne
1558 3443 1707 3499 mali.

452 3524 723 3581 Virtutum
745 3528 1002 3598 genitrix,
1028 3531 1231 3597 nutrix,
1260 3531 1521 3597 defensio,
1553 3535 1724 3591 solers

519 3613 757 3670 Adversa
785 3617 902 3673 haec
927 3618 1070 3673 inter
1096 3620 1196 3675 has
1209 3620 1363 3690 juvat
1384 3629 1549 3691 atque
1576 3622 1740 3679 fovet.

449 3705 723 3777 Frangere
751 3723 872 3776 quae
894 3709 1044 3764 novit
1064 3710 1318 3766 vitiorum
1344 3712 1549 3782 spicula
1574 3728 1739 3780 saeva,

519 3794 696 3865 Atque
722 3796 833 3851 suis
862 3797 1054 3851 horum
1090 3813 1239 3852 arma
1264 3801 1505 3869 pavenda
1532 3801 1675 3856 terit.

451 3875 648 3933 Parma
670 3877 822 3943 fides,
847 3879 1039 3934 thorax
1068 3895 1210 3949 spes,
1232 3883 1317 3936 cui
1349 3882 1566 3938 dilectio
1592 3885 1762 3942 cassis

522 3968 635 4035 Est,
659 3970 854 4040 quibus
881 3970 1008 4026 illisi
1035 3988 1222 4027 mucro
1245 3973 1388 4045 perit
1409 3974 1668 4047 chalybis.

450 4061 551 4127 Qui
574 4061 838 4131 impactus
861 4064 1069 4120 resilire
1093 4064 1247 4132 solet,
1283 4068 1505 4138 acieque
1540 4076 1742 4135 retusa,

517 4151 575 4207 In
602 4161 784 4223 partes
806 4152 954 4210 ferus
976 4163 1031 4210 et
1052 4153 1223 4211 frusta
1244 4158 1449 4213 minuta
1466 4156 1632 4227 jacet.

445 4241 545 4299 Cui
565 4244 739 4315 major
759 4260 866 4315 quo
889 4245 1047 4313 ictus,
1072 4247 1243 4318 major
1262 4247 1500 4305 fractura
1526 4250 1759 4319 patescit

517 4333 751 4407 Longius
771 4343 826 4392 et
846 4337 1077 4408 sparsim
1104 4336 1276 4394 frusta
1296 4339 1500 4396 caduca
1530 4341 1731 4398 volant.

444 4423 737 4496 Postquam
765 4426 946 4483 amisit
969 4428 1132 4483 homo
1160 4428 1482 4487 immortalis
1508 4432 1701 4502 gaudia
1729 4431 1873 4498 vitae,

513 4519 669 4591 Cepit
693 4528 747 4577 et
772 4520 917 4578 hunc
947 4522 1158 4578 miserae
1195 4524 1386 4579 mortis
1415 4525 1610 4579 acerba
1639 4525 1778 4589 lues,

444 4607 625 4669 Donec
649 4610 717 4665 ad
744 4610 980 4681 antiquae
1006 4609 1197 4667 redeat
1223 4612 1515 4680 primordia
1541 4614 1686 4676 vitae,

516 4700 742 4771 Semper
768 4712 823 4758 et
854 4712 939 4759 est
963 4703 1121 4759 nobis
1141 4704 1270 4760 hinc
1301 4706 1476 4773 labor,
1516 4707 1641 4761 Inde
1667 4706 1849 4761 timor.

443 4790 561 4858 Quo
587 4807 685 4846 nos
717 4792 856 4848 alma
882 4804 988 4849 tute
1007 4793 1254 4849 refovent
1288 4796 1549 4861 patientia
1579 4795 1745 4862 vires,

511 4882 688 4952 Atque
717 4882 824 4937 tuis
851 4882 1019 4937 armis
1048 4891 1159 4938 tuta
1188 4891 1404 4937 caterva
1435 4898 1643 4939 sumus.

441 4968 645 5040 Inclyta
672 4970 788 5024 haec
818 4970 1022 5026 sanctis
1049 4970 1238 5025 tribuit
1260 4971 1451 5026 solatia
1476 4971 1709 5040 cunctis,

514 5060 647 5128 Quis
676 5069 737 5114 ut
761 5060 862 5115 tuti
888 5070 1070 5117 essent
1094 5061 1225 5116 urbs
1244 5061 1551 5116 veneranda
1582 5061 1703 5117 fuit.

441 5148 589 5220 Quos
614 5165 905 5207 numerare
934 5159 1082 5207 vetat
1108 5151 1348 5207 brevitas
1376 5167 1443 5207 eu
1484 5152 1639 5208 istius
1666 5151 1801 5217 oden,

511 5241 615 5310 Qui
642 5239 911 5312 patienter
933 5255 1062 5312 opes
1088 5256 1437 5313 promeruere
1463 5241 1591 5312 poli.

437 5333 482 5391 E
519 5332 715 5403 quibus
744 5347 885 5387 unus
917 5340 1035 5387 erat
1066 5346 1247 5388 comes
1277 5332 1403 5388 huic
1434 5332 1729 5389 fidissimus
1758 5330 1872 5395 Iob,

512 5423 755 5478 Ilzeserat
786 5430 949 5494 atque
970 5422 1045 5477 illi
1071 5422 1155 5477 vis
1180 5437 1243 5477 ea
1270 5421 1372 5477 tida
1395 5438 1597 5478 comes.

440 5513 680 5570 Virtutes
707 5515 761 5570 in
788 5529 853 5570 co
878 5513 1112 5586 viguere,
1143 5520 1198 5568 et
1228 5513 1378 5583 copia
1412 5528 1610 5578 rerum,

511 5601 854 5679 Pellebatque
881 5602 1063 5663 cluens
1098 5605 1344 5662 omnibus
1375 5605 1461 5661 ille
1481 5605 1655 5661 bonis.

1446 234 1834 293 THEODULFI
1869 226 2420 290 AURELIANENSIS
2458 228 2670 285 EPISC.

2049 348 2099 408 Α
2123 344 2299 410 Prolc,
2340 344 2519 409 domo,
2555 343 2820 413 pecudum
2860 354 3247 409 servorumque
3278 339 3493 410 agmine
3516 338 3641 395 felix

3601 226 3714 285 351

2199 434 2375 502 Atque
2404 433 2547 502 quod
2576 432 2661 487 his
2692 432 2863 502 magis
2892 438 2977 485 est
3001 428 3145 498 jure,
3187 430 3381 486 timore
3411 429 3531 484 Dei.

2128 520 2342 577 Invidus
2362 529 2536 576 armat
2561 521 2615 574 in
2641 522 2785 575 hunc
2815 535 2911 574 sua
2943 518 3146 587 spicula
3182 519 3487 574 comminus
3516 517 3708 583 hostis,

2198 612 2264 665 Et
2285 627 2498 666 murum
2532 611 2730 666 mentis
2756 608 3007 666 machina
3035 624 3228 681 magna
3256 607 3402 663 ferit.

2130 702 2412 772 Temporis
2442 702 2495 756 in
2525 710 2722 771 puncto
2759 702 2969 757 cunctis
2996 701 3257 771 spoliatus
3278 702 3564 773 ademptis,

2198 792 2415 846 Destitit
2434 800 2487 845 et
2517 792 2788 857 dominus,
2827 792 3033 847 destitit
3058 805 3177 848 esse
3204 801 3385 862 pater.

2128 879 2469 949 Prosperitas
2496 880 2636 952 fugit
2665 883 2828 948 hunc,
2856 881 3069 951 fugiunt
3088 882 3178 951 pia
3201 883 3338 938 dona
3362 882 3572 947 salutis,

2200 968 2354 1036 Quod
2377 969 2537 1036 ferat,
2572 979 2667 1025 aut
2688 971 2908 1036 habeat,
2931 971 3008 1027 nil
3034 972 3137 1026 nisi
3176 973 3396 1027 morbus
3418 972 3555 1027 inest

2129 1057 2235 1112 Pro
2260 1058 2476 1113 famulis
2500 1075 2732 1125 vermes,
2757 1075 2859 1130 pro
2878 1061 3040 1116 rebus
3061 1062 3189 1116 tabo
3210 1061 3491 1127 remansit,

2199 1147 2306 1202 Pro
2335 1149 2518 1205 sobole
2543 1158 2773 1217 stercus,
2803 1166 3011 1221 proque
3040 1155 3199 1221 peplo
3229 1151 3426 1206 sanies.

2131 1233 2268 1290 Hinc
2293 1244 2557 1291 tormenta
2580 1246 2848 1307 premunt,
2883 1238 3009 1293 ferit
3029 1253 3091 1293 os
3125 1239 3270 1293 hunc
3293 1236 3538 1309 conjugis
3568 1237 3716 1294 illinc

2202 1325 2331 1395 Ejus
2358 1327 2656 1381 amicorum
2689 1328 2891 1397 spicula
2918 1343 3108 1383 murus
3134 1329 3299 1383 habet

2132 1412 2176 1470 Ο
2207 1430 2414 1469 memor
2434 1416 2640 1487 antiqui
2670 1417 2909 1482 sceleris,
2938 1432 3037 1487 per
3063 1414 3309 1488 conjugis
3328 1432 3393 1473 os
3417 1426 3474 1473 tu

2202 1506 2435 1571 Rehare,
2466 1517 2525 1562 ut
2549 1509 2801 1578 primum,
2841 1509 2986 1565 hunc
3010 1510 3228 1565 vincere
3257 1525 3417 1579 posse
3439 1511 3638 1565 virum.

2135 1594 2241 1650 Sed
2256 1595 2410 1664 juvat
2433 1598 2578 1652 hunc
2616 1599 2772 1663 ratio,
2800 1598 2953 1669 juvat
2980 1607 3037 1654 et
3061 1600 3322 1668 patientia
3344 1609 3540 1665 mater,

2061 1689 2108 1748 B
2205 1686 2336 1753 Quis
2364 1686 2502 1742 bene
2528 1701 2682 1742 mens
2710 1686 2828 1757 ejus
2863 1695 2975 1742 tuta
3006 1687 3215 1742 duabus
3235 1697 3375 1743 erat.

2134 1773 2400 1846 Prospera
2425 1790 2584 1845 quem
2606 1777 2835 1847 justum,
2866 1777 3162 1847 patientem
3188 1778 3416 1832 adversa
3447 1778 3640 1841 tulere,

2208 1864 2344 1918 Hinc
2376 1865 2518 1920 bona
2544 1866 2843 1934 componit,
2879 1867 3111 1922 destruit
3141 1868 3265 1922 inde
3295 1868 3454 1922 tnala.

2133 1953 2230 2010 Cui
2256 1955 2396 2008 ratio
2419 1954 2629 2026 galeam
2651 1956 2875 2025 praebet,
2907 1957 3162 2027 patientia
3191 1973 3457 2027 parmam,

2205 2044 2336 2112 Quis
2358 2045 2713 2101 labefactatus
2742 2047 2813 2101 sit
2839 2045 2992 2102 furor
3015 2048 3096 2101 ira
3119 2058 3262 2103 tuus.

2134 2133 2261 2191 Hac
2288 2136 2533 2206 sequitur
2555 2137 2688 2191 vitia
2720 2136 2982 2193 scelerata
3023 2139 3281 2208 superbia
3305 2147 3500 2203 mater,

2205 2226 2275 2281 Et
2301 2228 2487 2298 regina
2519 2228 2666 2294 mali,
2696 2229 2806 2284 dux
2843 2237 2901 2284 et
2926 2229 3082 2300 origo
3111 2229 3238 2284 doli.

2134 2317 2265 2385 Quae
2307 2334 2615 2391 quanquam
2650 2320 2797 2376 vitiis
2837 2321 3049 2377 cunctis
3092 2322 3346 2378 alimenta
3384 2322 3677 2387 ministret,

2205 2411 2359 2479 Quod
2392 2427 2620 2482 peccare
2640 2413 2784 2468 valet
2812 2414 2918 2469 hac
2942 2414 3059 2470 sine
3086 2415 3266 2470 nullus
3296 2414 3458 2470 homo
3480 2433 3492 2468 :

2133 2504 2192 2560 In
2220 2505 2495 2577 geminum
2520 2505 2790 2577 duplicata
2820 2516 3004 2561 tamen
3024 2508 3303 2577 consurgit
3320 2506 3584 2573 hiulcum,

2206 2594 2383 2665 Atque
2411 2595 2595 2666 biceps
2624 2596 2827 2651 formas
2849 2608 2939 2652 res
2965 2596 3128 2652 habet
3161 2612 3270 2652 una
3295 2596 3450 2651 duas.

2132 2683 2316 2741 Prima
2341 2692 2523 2740 manet
2550 2687 2842 2756 probrosus
2880 2695 3065 2758 aperta
3088 2688 3340 2759 superbia
3362 2689 3605 2753 morbus,

2204 2773 2386 2830 Altera
2406 2784 2643 2832 ventosae
2672 2777 2846 2832 laudis
2871 2778 3031 2833 inane
3061 2779 3255 2835 scelus.

2135 2864 2244 2922 Seu
2274 2881 2427 2923 soror
2456 2877 2539 2923 est
2562 2868 2698 2938 ejus,
2727 2884 2821 2925 seu
2852 2870 3050 2940 neptis,
3087 2869 3195 2925 filia
3222 2871 3360 2937 sive,

2206 2956 2354 3012 Trux
2382 2966 2575 3014 natura
2609 2968 2789 3015 tamen
2816 2975 2922 3015 una
2951 2960 3158 3017 duabus
3179 2962 3342 3026 inest,

2056 3040 2101 3104 C
2132 3044 2316 3103 Gloria
2345 3063 2483 3103 vana
2511 3050 2603 3105 tibi
2643 3049 2978 3121 quadruplex
3000 3049 3267 3118 jactantia
3295 3052 3491 3122 gliscit,

2201 3137 2449 3205 Quatuor
2471 3146 2528 3193 et
2550 3139 2725 3211 plagis
2751 3141 2993 3209 percutis
3020 3149 3139 3195 atra
3165 3141 3368 3213 plagas.
3660 3166 3697 3178 -

2131 3224 2270 3281 Sunt
2294 3227 2492 3297 quibus
2515 3237 2600 3283 est
2642 3230 2864 3294 donum,
2902 3228 2999 3284 sed
3025 3229 3174 3284 danti
3203 3231 3384 3286 nescia
3416 3235 3518 3285 tnr‘
3542 3249 3571 3284 a

2199 3314 2513 3372 Detrectant
2539 3324 2719 3389 grates
2749 3318 2974 3373 reddere
3005 3320 3108 3375 rite
3132 3319 3253 3376 Deo

2129 3404 2197 3460 Et
2221 3413 2345 3461 sunt
2372 3408 2464 3477 qui
2498 3408 2716 3463 sibimet
2741 3410 3061 3466 meritorum
3086 3410 3320 3478 insignia
3354 3411 3584 3483 tingunt,

2198 3494 2376 3567 Atque
2403 3497 2510 3554 illis
2540 3499 2783 3554 tribuunt
2811 3515 2917 3555 non
2949 3516 3047 3556 sua
3073 3501 3212 3557 dona
3248 3503 3375 3558 Deo.

2126 3606 2227 3662 Ast
2253 3608 2342 3663 alii
2375 3609 2574 3665 donum
2602 3626 2703 3667 nec
2733 3611 2957 3678 habent,
2995 3629 3097 3668 nec
3132 3614 3333 3669 habere
3359 3614 3635 3677 valebant,

2198 3695 2305 3753 Sed
2337 3699 2544 3755 tumido
2575 3716 2694 3756 sese
2720 3703 2884 3758 corde
2922 3703 3122 3759 habere
3149 3713 3360 3775 putant.

2127 3785 2283 3842 Nulla
2316 3803 2445 3844 reor
2469 3790 2675 3847 homini
2702 3801 2786 3848 est
2813 3794 2986 3864 major
3005 3792 3290 3863 iactantia,
3323 3811 3489 3865 quam
3510 3798 3605 3867 qui

2198 3880 2269 3936 Sc
2296 3881 2469 3937 solum
2497 3884 2753 3953 quiddam
2775 3900 2932 3956 posse
2952 3887 3036 3942 vel
3064 3903 3184 3943 esse
3213 3894 3385 3957 putat.

2123 3972 2361 4044 Angelus
2384 3973 2508 4030 inde
2535 3976 2660 4041 ruit,
2687 3978 2941 4046 quoniam
2968 3993 3027 4033 se
3051 3977 3215 4033 solius
3240 3992 3405 4032 unum

2193 4061 2327 4118 Esse
2346 4065 2633 4132 potestatis
2670 4073 2753 4120 est
2785 4073 2935 4121 ratus
2961 4074 3018 4121 et
3041 4067 3277 4138 jubaris,

2123 4152 2336 4224 Proque
2360 4154 2486 4225 polo
2517 4154 2652 4210 sudo
2684 4162 2883 4211 tetrum
2912 4165 2997 4213 est
3021 4165 3294 4214 mercatus
3318 4157 3618 4224 Avernum,

2192 4243 2361 4299 Exter
2385 4252 2441 4299 et
2463 4245 2710 4316 angelico
2736 4255 2821 4301 est
2849 4245 3028 4302 factus
3056 4248 3263 4303 honore
3285 4248 3464 4303 miser.
3518 4306 3521 4311 ,

2125 4332 2403 4389 Scinditur
2425 4335 2480 4389 in
2507 4343 2689 4406 partes
2716 4335 2899 4393 inﬂata
2930 4337 3185 4408 superbia
3208 4346 3451 4407 ternans,

2378 4386 2393 4388 _
2716 4386 2899 4393 ---πω
2931 4386 3185 4408 --τ---η
3210 4386 3413 4393 ---..-...

2043 4386 2099 4445 Β
2193 4421 2392 4494 Sicque
2422 4425 2625 4494 triceps
2651 4425 2794 4482 trino
2826 4425 3097 4483 Cerberus
3126 4442 3220 4483 ore
3250 4437 3415 4484 vorat.

2122 4513 2365 4584 Denique
2393 4514 2568 4584 prima
2594 4515 2649 4570 in
2682 4515 2763 4571 eis
2790 4515 2988 4586 quibus
3012 4524 3099 4572 est
3128 4519 3486 4589 transgressio
3508 4518 3670 4591 legis,

2191 4603 2367 4671 Quam
2395 4604 2523 4659 dum
2548 4606 2672 4675 quis
2697 4607 2908 4673 temnit,
2940 4604 3063 4675 jure
3093 4607 3358 4678 superbus
3393 4609 3550 4665 inest.

2121 4695 2406 4767 Linquitur
2432 4705 2487 4753 et
2515 4699 2697 4763 toties,
2727 4699 2942 4769 quoties
2969 4699 3254 4755 obsistitur
3288 4699 3391 4764 Illi,

2142 4792 2143 4803 ‘
2191 4786 2343 4841 Tunc
2370 4796 2559 4856 peccat
2583 4790 2707 4858 quis
2733 4804 2858 4844 cum
2899 4789 3043 4859 quod
3068 4796 3214 4845 vetat
3238 4790 3333 4845 illa
3370 4790 3516 4846 facit.

2118 4875 2328 4932 Idcirco
2349 4877 2563 4935 initium
2587 4881 2802 4950 peccati
2828 4880 2912 4936 lex
2935 4880 3083 4936 canit
3102 4876 3268 4947 illam,

2187 4965 2458 5037 Linquere
2474 4968 2629 5038 jussa
2655 4970 2752 5026 Dei
2773 4971 2875 5026 hac
2899 4972 3042 5042 quod
3072 4972 3192 5027 sine
3224 4988 3381 5029 nemo
3404 4972 3568 5028 valet.

2119 5058 2250 5127 Quae
2268 5059 2422 5130 jubet
2441 5076 2570 5133 ergo
2595 5062 2748 5128 fiant,
2770 5070 2918 5117 vetat
2952 5072 3007 5118 et
3036 5078 3155 5133 qua:
3185 5065 3395 5120 exotica
3426 5072 3593 5119 sunto

2188 5151 2300 5207 Lex
2323 5151 2433 5222 pia,
2457 5161 2587 5207 tunc
2614 5153 2799 5224 procul
2822 5160 2905 5208 est
2930 5169 3091 5210 omne
3112 5169 3248 5224 opus
3273 5153 3635 5210 honoriﬁcum

2119 5240 2286 5299 Porro
2312 5242 2401 5297 alii
2424 5242 2678 5298 affectant
2706 5244 2885 5300 socios
2908 5252 3256 5299 contemnere
3279 5252 3526 5309 cunctos,

2186 5333 2253 5388 Et
2277 5339 2421 5403 quod
2450 5334 2672 5401 habent,
2703 5325 2847 5390 solos
2871 5343 3042 5390 semet
3063 5334 3263 5390 habere
3283 5342 3490 5404 putant.

2116 5424 2316 5494 Estque
2342 5423 2574 5479 secunda
2603 5423 2816 5490 horum,
2851 5424 2982 5495 legis
3013 5424 3255 5479 custodia
3281 5438 3514 5494 quorum

2186 5511 2441 5567 Protinus
2466 5511 2643 5567 inﬂari
2672 5514 2834 5569 corda
2876 5515 3108 5584 superba
3144 5512 3296 5570 facis.

2120 5603 2269 5659 Unde
2290 5602 2467 5658 forent
2489 5603 2736 5673 humiles,
2772 5611 2977 5661 certant
3012 5604 3135 5662 inde
3160 5619 3278 5665 esse
3309 5604 3546 5675 superbi,
