3970 6184
215 346 322 404 3‘i5

282 465 700 534 Mercanturque
729 463 869 518 bono
903 479 1122 520 munere
1146 466 1346 535 grande
1373 481 1589 520 manu“.

213 556 320 611 lloc
348 555 628 610 Pharisete
653 555 792 609 sacri
818 554 950 610 facis
978 556 1028 609 in
1052 557 1316 611 testudine
1341 558 1546 627 templi,

281 649 362 702 Me
387 648 664 711 miserum,
701 646 883 717 plures
903 648 1006 701 hoc
1030 649 1188 704 modo
1211 664 1433 717 prorsus
1458 658 1642 720 agunt.

213 738 279 791 l’t
305 753 435 807 gaza
460 745 576 790 tuta
604 744 783 791 manet
813 737 969 790 docto
998 738 1219 792 custode
1249 747 1478 807 reposta,

281 827 475 881 Servat
505 841 656 882 mens
682 827 898 888 humilis
919 828 996 882 sic
1024 842 1157 898 Opus
1178 843 1338 882 omne
1363 830 1584 884 bonum.

213 920 389 973 Tertia
419 935 546 988 pars
568 921 781 985 horum,
804 921 1002 989 quibus
1025 930 1109 976 est
1135 922 1344 978 inﬂatio
1368 937 1604 990 morum,

275 1010 423 1076 Quos
450 1019 632 1065 tumor
656 1011 809 1065 elata
838 1013 1036 1067 mentis
1058 1013 1124 1067 ad
1161 1013 1270 1067 alta
1301 1013 1464 1067 levat.

213 1098 438 1153 Subdier
459 1101 684 1169 imperio
706 1101 796 1170 qui
819 1102 1176 1171 dedignantur
1203 1105 1448 1168 honesto,

275 1188 548 1256 Spernere
573 1188 836 1258 majorum
863 1200 920 1245 et
944 1193 1085 1247 dicta
1121 1193 1205 1247 vel
1240 1201 1357 1247 acta
1385 1193 1621 1248 student.

213 1280 271 1331 Et
302 1281 427 1347 quia
452 1280 702 1351 discipuli
723 1281 1014 1351 probitatis
1041 1282 1218 1336 inesse
1248 1292 1526 1349 recusant,-

270 1368 482 1423 ldeirco
508 1371 713 1424 erroris
748 1373 906 1426 turba
935 1371 1193 1440 magistra
1223 1371 1379 1425 fiunt.

213 1460 482 1530 {esseque
523 1477 645 1531 quae
688 1463 941 1533 ignorant
976 1469 1284 1530 nequeunt,
1319 1461 1442 1530 quia
1483 1477 1641 1530 posse
1680 1477 1781 1532 pu-

1471 1553 1609 1624 [tant
1631 1570 1706 1608 se.

271 1643 364 1698 Sic
391 1643 535 1697 male
562 1643 870 1713 praecipites
898 1657 1052 1696 mens
1074 1657 1208 1712 vaga
1239 1642 1373 1696 fallit
1399 1659 1510 1697 eos.

213 1731 447 1801 iamque
475 1747 616 1786 unus
642 1733 850 1786 cunctis
880 1738 1058 1785 exstat
1082 1731 1270 1785 modus
1295 1731 1398 1786 iste
1423 1734 1690 1801 superlis,

273 1825 347 1880 Se
374 1824 536 1894 pretii
561 1830 620 1876 ut
644 1823 822 1891 magni
840 1835 1052 1889 semper
1081 1822 1256 1875 inesse
1278 1830 1479 1890 putent.

213 1915 474 1970 'raternis
508 1927 781 1980 nunquam
808 1925 1086 1966 assensum
1115 1913 1354 1981 praebere
1380 1912 1628 1982 loquelis,

263 2005 526 2061 Omnibus
547 2011 602 2058 et
627 2002 737 2056 reri
765 2017 825 2056 se
854 2002 1079 2057 meliora
1107 2001 1252 2070 loqui

213 2094 458 2148 teusibus
484 2092 822 2160 ingeniisque
849 2091 960 2145 suis
989 2107 1096 2145 non
1125 2091 1286 2146 ullius
1307 2091 1408 2155 uti,

265 2184 536 2252 Spernere
567 2182 777 2236 consilii
817 2196 910 2236 seu
950 2181 1186 2235 melioris
1213 2196 1388 2250 Opem.

213 2273 457 2340 ‘alsaque
483 2270 628 2326 ferre
655 2271 768 2325 suis
801 2270 1021 2323 laudum
1048 2269 1315 2338 praeconia
1343 2269 1523 2332 rebus,

264 2361 550 2431 Despicere
570 2361 791 2414 alterius
815 2360 958 2413 dicta
987 2358 1067 2412 vel
1097 2368 1216 2413 acta
1244 2357 1424 2412 simul.

213 2451 471 2520 )espectis
497 2451 736 2520 paribus,
762 2449 1026 2512 minimis‘,
1071 2448 1392 2516 majoribus,
1431 2457 1594 2516 atque

265 2539 383 2594 Jam
415 2540 514 2596 sibi
544 2540 656 2594 sive
684 2539 798 2594 suis
823 2538 898 2592 nil
927 2538 1126 2592 sociale
1170 2547 1377 2608 putant.

213 2633 280 2685 iil
308 2632 514 2702 placida
545 2631 754 2685 ratione
781 2640 994 2700 gerunt,
1027 2628 1107 2683 sic
1139 2629 1260 2682 avia
1289 2644 1450 2682 curva

273 2725 568 2792 Carpcntes
600 2729 802 2775 rectam
836 2720 1122 2774 deseruere
1148 2720 1309 2773 viam.

213 2816 299 2870 Sed
331 2815 593 2870 medicina
622 2814 716 2867 Dei
746 2813 963 2867 morbos
983 2809 1220 2866 excludit
1246 2811 1476 2880 iniquos,

265 2911 328 2964 Et
356 2909 478 2964 facit
503 2918 562 2962 ut
586 2908 772 2962 redeat
794 2906 1031 2962 oﬂiciosa
1061 2905 1226 2961 salus.

214 3007 329 3056 )um
357 3004 505 3056 timet
530 3015 659 3071 ergo
681 3001 893 3055 animus
923 3000 1180 3053 virtutum
1214 2999 1334 3054 luce
1367 3013 1583 3062 carere,

266 3093 327 3146 Et
350 3093 604 3146 vitiorum
627 3106 769 3162 azgre
799 3091 941 3145 nube
972 3091 1219 3160 nigrante
1256 3089 1362 3159 tegi
1397 3107 1410 3142 :

214 3186 413 3240 ‘ellitur
437 3183 710 3252 extemplo
747 3191 869 3237 tuus
898 3197 932 3238 ο
953 3181 1213 3251 iactantia
1241 3181 1479 3245 morbus,

263 3278 482 3346 Nonque
508 3277 746 3330 animum
775 3274 1007 3330 illectum
1039 3274 1207 3344 gloria
1232 3287 1366 3326 vana
1405 3273 1541 3326 linit.

213 3367 427 3423 l‘OI'bida
453 3381 616 3422 seuve
645 3365 810 3420 abicit
834 3373 1009 3420 metus
1037 3373 1094 3418 et
1121 3362 1586 3432 contagia-pestis,

267 3461 352 3514 Sic
377 3459 562 3514 sordes
589 3458 719 3512 aedis
746 3471 934 3526 aSpera
959 3470 1121 3525 scopa
1149 3454 1337 3523 abigit.

213 3552 371 3620 reque
395 3550 626 3620 superba
656 3549 792 3613 lues,
827 3546 977 3602 furor
1005 3555 1060 3602 et
1087 3554 1330 3612 ventose,
1360 3545 1571 3615 repellit

265 3639 575 3710 Exemplum
602 3638 822 3692 humilis
846 3637 1012 3706 regis,
1042 3645 1097 3690 et
1123 3635 1238 3704 ejus
1269 3649 1442 3690 amor.

213 3730 261 3782 Et
297 3737 469 3783 metus
497 3728 750 3798 angelica:
775 3726 979 3781 caelesti
1006 3742 1072 3780 ex
1103 3741 1230 3780 arce
1259 3727 1449 3789 ruinae,

264 3820 415 3874 Unde
443 3819 609 3873 miser
630 3832 868 3887 praeceps
903 3815 1064 3871 corde
1089 3825 1326 3871 tumente
1353 3818 1507 3883 ruit._

221 3911 281 3963 lle
307 3909 534 3978 superba
564 3907 809 3976 loquens,
838 3906 905 3960 de
933 3905 1072 3960 coelo
1100 3905 1152 3959 in
1186 3913 1390 3958 tartara
1431 3919 1664 3966 mersus,

264 3998 518 4054 Horridus
541 4007 626 4052 est
651 3997 879 4060 daemon,
920 3996 1012 4065 qui
1045 3996 1268 4065 angelus
1303 4003 1428 4050 ante
1455 3995 1574 4050 fuit.

213 4093 261 4143 \t
283 4089 538 4143 Dominus
564 4085 784 4141 lmmilis
811 4087 1032 4140 veniens
1067 4101 1132 4140 ex
1161 4085 1381 4140 aetheris
1408 4099 1552 4149 arce,

257 4179 484 4249 Agmina
511 4175 769 4232 caelicolis
791 4183 964 4230 terrea
988 4176 1280 4230 consociat.

213 4275 412 4329 l‘er'reat
439 4288 568 4344 ergo
598 4273 873 4326 hominum
900 4285 1070 4342 genus
1095 4270 1238 4325 illius
1266 4275 1384 4322 atra
1410 4267 1588 4330 ruina,

263 4365 491 4420 Mulceat
512 4378 770 4419 ascensus
795 4372 849 4418 et
871 4361 1188 4417 redimentis
1214 4358 1354 4414 heri.

213 4456 340 4509 dens
364 4455 504 4510 elata
528 4455 674 4530 cadit
701 4452 957 4517 hominis,
979 4458 1254 4521 prostrata
1287 4447 1541 4518 resurgit,

262 4547 377 4614 Quo
397 4561 556 4616 mage
575 4546 762 4615 juncta
789 4543 923 4608 solo,
955 4543 1035 4596 sic
1062 4555 1218 4612 mage
1233 4538 1424 4608 juncta
1449 4537 1591 4607 polo.

214 4638 575 4694 )escendendo
600 4637 763 4700 subit,
791 4634 998 4705 patitur
1022 4631 1330 4687 scandendo
1364 4630 1600 4692 ruinam,

261 4729 364 4782 Per
390 4740 646 4781 numeros
676 4734 729 4780 et
755 4731 885 4779 eunt
909 4729 1104 4777 cuncta
1135 4719 1440 4790 gradusque
1471 4731 1618 4772 suos.

214 4821 382 4876 )mnia
401 4819 609 4890 judicio
631 4824 757 4872 sunt
777 4811 1138 4884 dispensanda
1168 4823 1424 4879 superno,

264 4909 416 4976 Quod
444 4907 644 4978 premit
668 4905 857 4969 elatos,
885 4902 1046 4972 erigit
1070 4908 1125 4955 et
1143 4896 1393 4952 humiles.

213 5003 322 5066 dum
338 5016 438 5072 per
458 5006 612 5070 prata
632 5011 824 5068 parum
848 4994 1102 5047 vitiorum
1140 4989 1291 5044 Musa
1321 4985 1534 5041 measti.

266 5095 320 5147 ln
349 5091 512 5162 tepidi
537 5090 658 5144 libri
683 5087 862 5141 sistito
894 5085 1000 5138 fine
1027 5081 1272 5152 gradum.

213 5185 445 5240 Zladihus
471 5184 558 5238 his
585 5189 791 5251 septem
821 5185 991 5232 totum
1013 5177 1320 5229 vastaverat
1339 5171 1548 5234 orbem,

267 5276 464 5345 Hisque
491 5272 853 5340 triumphator
882 5266 1048 5322 totius
1071 5263 1220 5319 orbis
1252 5269 1388 5316 erat.

214 5368 291 5421 iis
318 5381 486 5436 genus
514 5366 810 5419 humanum
840 5357 984 5413 vitiis
1009 5354 1156 5408 ferus
1185 5351 1358 5406 hostis
1388 5346 1620 5403 habebat

264 5455 568 5524 Captivum,
598 5452 683 5506 his
719 5449 885 5504 armis
910 5444 1333 5509 subdideratque
1361 5437 1484 5492 sibi.

214 5547 432 5605 ’erculil
459 5555 513 5601 et
542 5546 775 5615 primum
798 5539 1094 5611 probrosus
1123 5542 1183 5588 ut
1209 5533 1296 5586 ille
1318 5538 1620 5600 parentem,

265 5641 415 5694 illius
443 5638 496 5691 in
528 5645 698 5691 totum
726 5635 806 5688 sic
827 5637 1010 5686 movet
1045 5641 1197 5681 arma
1224 5636 1410 5694 genus.

270 5761 296 5789 α
339 5745 538 5808 Ouarte
581 5733 767 5798 libelle.
825 5741 1040 5796 Partem
1072 5740 1213 5794 hanc
1246 5731 1424 5803 operis
1465 5728 1548 5784 sui
1588 5727 1764 5786 Theo—

1529 355 1855 410 CARMINA.
1894 356 2018 411 LIB.
2061 359 2122 413 ν.

3356 357 3466 415 35$

1818 473 1866 530 Λ
1895 472 1960 526 Et
1985 474 2180 540 quibus
2209 474 2349 529 hunc
2375 475 2542 529 armis
2571 474 2830 530 scelerata
2859 483 3036 529 mente
3062 473 3292 544 subegit,

1962 562 2056 616 llis
2085 564 2185 617 sibi
2216 565 2524 635 progeniem
2552 565 2778 619 subdere
2802 573 2972 619 certat
3001 572 3174 618 atrox.

1891 652 1984 704 Est
2038 653 2159 722 gula
2207 669 2439 724 namque
2496 669 2699 719 vorax,
2737 655 2978 724 sequitur
3027 655 3166 708 hanc
3223 653 3452 708 mmehia

3161 743 3384 815 [turpis,

1957 832 2127 887 Fraus
2150 842 2204 887 et
2227 836 2490 898 avaritia),
2519 850 2612 889 seu
2644 835 2820 889 scelus
2844 834 3076 898 invidiae,

1886 923 2127 977 Tristitia
2150 925 2272 978 hinc
2305 926 2510 995 segnis,
2541 914 2759 979 furioszn
2782 926 2999 979 morbus
3028 933 3082 979 et
3108 924 3220 988 irzn,

1952 1012 2178 1080 Duxque
2213 1013 2405 1064 harum
2432 1012 2516 1066 his
2537 1007 2781 1081 superest
2809 1014 2932 1066 inde
2961 1013 3190 1082 superba
3216 1012 3347 1066 lues.

1882 1101 2045 1154 Arma
2076 1101 2171 1154 sed
2200 1101 2316 1155 haec
2341 1101 2524 1170 posuit
2548 1100 2692 1155 Deus
2713 1103 2798 1156 his
2818 1104 3090 1156 contraria
3130 1102 3314 1167 larvis,

1953 1188 2154 1242 Harum
2184 1189 2488 1243 adnulletur
2518 1190 2640 1259 quis
2669 1190 2941 1259 sapienter
2961 1205 3117 1260 opus.

1885 1280 1976 1337 Sic
2001 1282 2216 1338 adhibet
2239 1285 2454 1352 sapiens
2475 1283 2714 1337 medicus
2737 1283 3012 1336 contraria
3040 1283 3242 1337 morbis

1953 1371 2114 1425 Arma
2136 1388 2167 1425 e
2193 1373 2425 1435 diverso,
2453 1373 2612 1427 detur
2640 1380 2698 1426 ut
2727 1372 2868 1425 alma
2902 1372 3065 1426 Salus.

1884 1460 2099 1529 Frigida
2128 1476 2452 1530 componens
2485 1461 2675 1516 calidis
2707 1462 2984 1515 humenlia
3013 1459 3193 1524 siccis,

1956 1549 2131 1602 Mollia
2156 1565 2279 1604 cum
2305 1550 2473 1613 duris,
2503 1549 2712 1604 lenibus
2733 1551 2878 1604 hirta
2907 1552 3094 1604 etiam.

1886 1639 2082 1694 Sancta
2109 1639 2244 1710 gula:
2265 1640 2555 1709 ingluviem
2585 1649 2836 1708 superant
2862 1638 3066 1708 jejunia
3089 1637 3309 1704 laedam,

1958 1727 2086 1794 Qua:
2113 1728 2339 1782 mortale
2368 1744 2536 1797 genus
2565 1727 2749 1792 allicit,
2778 1738 2942 1794 artat,
2973 1730 3104 1799 agit.

1801 1799 1847 1857 Β
1878 1819 2038 1890 Virgo
2065 1820 2340 1888 pudicitia,
2369 1821 2610 1889 specioso
2636 1831 2852 1891 compta
2879 1823 3092 1884 decore,

1943 1912 2250 1981 Exstinguit
2287 1911 2548 1974 ﬂammas,
2572 1919 2711 1966 tetra
2731 1911 2924 1974 libido,
2957 1919 3096 1966 tuas.

1882 2001 2052 2056 Vincit
2081 2001 2362 2054 avaritiam
2398 1999 2524 2054 felix
2546 2000 2793 2070 operatio
2821 1999 3008 2064 dandi,

1945 2093 2178 2146 Dextera
2209 2092 2357 2160 larga
2387 2092 2525 2161 gerit
2547 2107 2670 2145 cum
2699 2090 2918 2158 pietatis
2941 2103 3097 2158 opus.

1871 2184 2132 2237 Invidiam
2162 2191 2382 2252 superat
2412 2181 2644 2242 Domini,
2684 2189 2739 2235 et
2770 2180 2987 2233 dilectio
3022 2177 3277 2242 fratrum,

1943 2272 2111 2341 Hujus
2134 2279 2190 2326 et
2217 2279 2342 2326 actu
2375 2271 2493 2339 ejus
2529 2284 2688 2323 omne
2725 2266 2926 2321 fatiscit
2952 2282 3106 2336 opus.

1872 2364 2277 2431 Tristitiamque
2303 2360 2452 2430 fugat
2476 2359 2713 2413 fraterna
2742 2357 2943 2411 locutio
2972 2371 3214 2424 segnem,

1941 2453 2142 2509 Orandi
2172 2459 2230 2506 et
2256 2451 2516 2512 studium,
2558 2448 2716 2503 lectio
2741 2448 2852 2501 sive
2883 2461 3058 2502 sacra.

1871 2545 1940 2598 At
1975 2557 2162 2598 secura
2199 2543 2332 2596 iram
2371 2539 2570 2607 frangit
2603 2537 2862 2607 patientia
2893 2536 3065 2590 diram

1940 2635 2122 2696 Lenis,
2152 2642 2208 2686 et
2240 2633 2383 2686 illius
2417 2629 2622 2700 spicula
2645 2643 2787 2683 szeva
2815 2627 2962 2681 terit.

1871 2723 2159 2792 Frangitur
2180 2721 2438 2791 exemplis
2465 2719 2646 2774 inﬂata
2676 2717 2925 2787 superbia
2946 2714 3170 2780 Christi,

1940 2811 2200 2881 ﬂauoque
2236 2820 2409 2864 metus
2435 2822 2609 2879 paena:
2637 2807 2815 2871 solvit,
2846 2814 2900 2860 et
2931 2805 3106 2859 almus
3134 2819 3288 2858 amor

1872 2904 1963 2959 Sic
1986 2903 2230 2957 medicus
2261 2901 2351 2954 hic
2371 2915 2468 2970 per
2504 2899 2774 2953 contraria
2807 2912 2947 2967 saape
2979 2896 3246 2960 medetur,

1940 2992 2070 3047 Fert
2097 3000 2154 3046 et
2175 2989 2245 3044 ab
2269 2987 2531 3058 oppositis
2561 3001 2701 3056 saepe
2723 2985 2914 3041 salutis
2943 3000 3120 3056 opem.

1872 3081 2024 3150 Smpe
2045 3082 2208 3135 etiam
2234 3094 2330 3148 per
2360 3093 2448 3132 res
2467 3075 2674 3132 similes
2697 3072 2946 3131 conferre
2972 3072 3234 3129 medelam

1794 3140 1838 3201 Ε
1940 3140 2264 3226 {Vulneribus
2292 3165 2454 3235 hujus
2482 3165 2682 3220 assolet
2708 3163 2850 3218 alma
2880 3177 3090 3217 manus.

1869 3262 2154 3331 Longaque
2179 3260 2270 3314 dat
2302 3258 2494 3328 longis,
2527 3256 2852 3324 adhibetque
2875 3253 3102 3308 rotunda
3126 3250 3374 3307 rotundis

1939 3351 2264 3420 Emplastra,
2291 3358 2344 3402 ct
2367 3348 2582 3401 modulo
2610 3343 2848 3399 vulneris
2877 3351 3024 3412 aptat
3048 3358 3134 3398 ea.

1869 3442 2036 3510 Ligno
2070 3453 2214 3491 mors
2243 3436 2424 3496 subiit,
2454 3435 2593 3487 redit
2615 3441 2669 3485 et
2694 3431 2804 3486 vita
2834 3431 3030 3499 inclyta
3058 3431 3224 3500 ligno,

1936 3530 2085 3595 Illam
2110 3535 2297 3597 gustus
2325 3524 2454 3593 agit,
2488 3523 2629 3575 hanc
2661 3520 2842 3574 crucis
2873 3519 3012 3572 altus
3039 3519 3228 3572 honos.

1869 3623 2030 3690 Virgo
2055 3628 2206 3673 vetus
2240 3623 2491 3676 mortem,
2531 3611 2715 3667 retulit
2745 3625 2883 3664 nova
2914 3609 3066 3678 virgo
3094 3609 3345 3670 salutem,
3426 3679 3430 3686 ι

1938 3712 2062 3765 Haec
2093 3707 2371 3763 suadendo
2406 3703 2604 3767 virum,
2637 3701 2753 3754 haec
2783 3698 3095 3770 generando
3131 3697 3324 3752 Deum.

1865 3803 2049 3856 Prisca
2079 3800 2264 3868 virago
2291 3797 2409 3849 viro
2438 3793 2642 3847 lethum
2674 3790 2796 3854 fert,
2827 3798 3034 3844 atnova
3062 3789 3338 3845 Christum

1936 3891 2128 3945 Vivere
2153 3884 2430 3955 discipulis
2458 3883 2670 3937 nuntiat
2694 3895 2820 3935 ecce
2843 3880 2970 3949 piis.

1865 3983 2050 4050 Angue
2075 3980 2326 4047 loquente
2353 3975 2496 4030 subit
2524 3973 2767 4044 morbus,
2805 3971 3072 4040 pendente
3101 3969 3334 4050 fatiscit,

1937 4071 2047 4124 lloc
2073 4082 2393 4138 squamosus
2423 4073 2600 4128 atrox,
2631 4077 2806 4118 aereus
2836 4060 2968 4115 illud
2998 4060 3132 4130 agit.
3199 4043 3216 4058 ’

1865 4162 2002 4216 Esca
2034 4160 2178 4214 dedit
2202 4165 2455 4219 mortem,
2487 4154 2653 4208 vitam
2675 4151 2928 4207 concedit
2954 4157 3009 4202 et
3038 4163 3164 4203 esca
3191 4167 3204 4201 :

1937 4252 2088 4306 Tunc
2113 4251 2276 4305 dabat
2299 4249 2411 4301 Eva
2437 4261 2659 4309 nocens,
2687 4244 2785 4297 das
2815 4243 2975 4296 modo
2995 4239 3210 4294 Christe
3235 4249 3447 4309 potens.

1867 4343 2030 4412 Virga
2055 4340 2167 4395 abit
2196 4340 2250 4392 in
2277 4335 2580 4400 colubrum,
2621 4333 2766 4388 redit
2806 4332 2935 4386 hinc
2963 4331 3019 4384 in
3064 4330 3248 4401 virgea
3280 4346 3452 4384 mem-

3215 4419 3332 4492 [bra
3362 4437 3375 4472 :

1937 4520 2189 4578 Christus
2215 4518 2258 4571 it
2283 4517 2338 4571 in
2363 4523 2615 4579 mortem,
2648 4513 2803 4568 vivus
2831 4519 2888 4567 et
2927 4509 3052 4565 inde
3081 4509 3238 4565 redit.

1868 4614 2029 4684 Virga
2058 4618 2382 4681 potestatem
2412 4607 2613 4676 signat,
2651 4612 2992 4673 mortemque
3018 4601 3300 4671 chelydrus
3328 4617 3341 4654 :

1938 4704 2075 4758 llinc
2105 4702 2241 4756 bene
2271 4697 2567 4753 succedunt
2599 4696 2700 4750 ista
2724 4694 2812 4749 vel
2851 4693 2940 4746 illa
2971 4692 3094 4746 sibi.

1868 4796 2070 4852 Dividit
2104 4793 2195 4848 illa
2221 4791 2418 4855 solum,
2454 4788 2671 4857 peragit
2698 4801 2794 4842 seu
2820 4786 2972 4855 signa
3003 4781 3271 4853 pavenda,

1941 4889 2110 4956 Quam
2138 4885 2337 4939 retines
2375 4881 2510 4950 legis
2544 4879 2744 4950 inclyte
2772 4877 2920 4932 Mose
2945 4884 3093 4946 typo.

1874 4978 2136 5034 Convenit
2163 4982 2217 5030 et
2251 4973 2443 5029 mortis
2466 4979 2632 5042 queat
2666 4977 2726 5024 ut
2753 4976 2968 5041 gestare
2991 4967 3219 5038 figuram

1947 5071 2201 5141 Serpens,
2231 5066 2373 5136 quod
2399 5079 2496 5135 per
2525 5079 2650 5118 eum
2689 5076 2836 5116 mors
2862 5059 3147 5114 maledicta
3175 5057 3340 5112 subit.

1875 5164 2004 5230 Quae
2031 5176 2128 5231 per
2147 5168 2304 5230 prata
2333 5170 2522 5226 parum
2550 5153 2806 5208 vitiorum
2832 5165 2986 5205 musa
3013 5148 3226 5212 measti,

1945 5252 2180 5318 Tempus
2205 5249 2377 5312 adest,
2413 5245 2518 5299 isto
2553 5243 2730 5298 sistito
2758 5240 2863 5294 (ine
2887 5241 3132 5310 gradum.

2612 5331 2697 5386 Ill.

2289 5438 2592 5481 PARA-ZNESIS
2621 5438 2689 5477 AD
2727 5434 3026 5475 EPISCOPOS.

1876 5537 1898 5563 α
1932 5525 2130 5592 Quarte
2157 5517 2335 5574 libelle
2356 5517 2532 5571 tribus
2560 5515 2673 5584 jam
2702 5525 2843 5566 nunc
2865 5504 3095 5562 succede
3119 5499 3372 5569 peractis,

1944 5591 2181 5668 Prmvius
2209 5617 2262 5664 et
2293 5608 2519 5661 fratrum
2546 5597 2652 5674 quo
2680 5608 2835 5656 vocat
2871 5597 3003 5652 ordo
3030 5591 3170 5646 subi.

1876 5726 2051 5780 dulfus
2077 5726 2128 5778 in
2159 5729 2392 5792 quatuor
2416 5715 2624 5772 libellos
2668 5711 2938 5769 diviserat,
2981 5715 3211 5774 quorum
3250 5699 3448 5773 singuli

1790 4475 1844 4534 D
