3970 6184
415 346 525 402 555

418 463 646 517 Famma
672 456 762 527 qui
789 451 971 518 mutis,
1000 451 1090 521 qui
1117 448 1210 503 dat
1228 446 1453 516 vestigia
1493 443 1722 505 claudis,

492 554 594 622 Qui
634 552 719 607 bis
746 550 867 605 tulit
890 545 1167 609 auxilium,
1204 543 1294 597 hic
1322 542 1418 595 tibi
1448 554 1611 610 posce
1651 538 1808 592 ferat.

421 645 518 701 llis
536 642 788 715 generale
819 640 923 694 fuit
950 637 1276 693 fundendum
1303 635 1492 703 dogma
1515 647 1613 703 per
1632 645 1842 694 omnes,

491 735 589 789 Ast
616 748 751 803 opus
778 731 921 786 istud
953 728 1057 783 crit
1076 726 1186 795 iam
1214 725 1449 795 speciale
1481 725 1597 778 tibi.

421 825 632 880 Primus
659 824 821 877 habet
846 827 1048 876 sanctae
1078 819 1320 886 qumdam
1353 818 1675 871 documenta
1701 814 1847 878 fidei,

490 914 701 983 Resque
726 911 919 982 quibus
945 916 1106 964 notus
1135 916 1220 962 est
1245 908 1368 976 pius
1389 906 1509 975 eius
1533 920 1692 974 apex.

336 1024 339 1031 ι
421 1005 538 1071 Quo
566 1003 635 1057 sit
660 1001 903 1056 habenda
928 999 1089 1054 modo
1107 997 1349 1052 breviter
1390 996 1537 1050 cauit
1563 995 1677 1064 ipsa
1700 996 1990 1059 secundus,

490 1095 618 1162 Qua:
646 1095 763 1149 loca
796 1094 907 1148 sint
933 1091 1198 1159 reprobis,
1224 1103 1411 1159 quaeve
1445 1096 1634 1157 parata
1656 1087 1777 1155 piis.

420 1184 634 1240 Tertius
666 1182 938 1238 horrenda
963 1181 1159 1235 bellum
1187 1195 1306 1233 cum
1335 1185 1495 1248 gente
1521 1176 1813 1247 gerendum

491 1274 715 1335 Edocet,
745 1252 797 1326 et
822 1270 999 1325 socios
1023 1284 1127 1337 qua
1154 1269 1295 1321 valet
1313 1275 1489 1320 armat
1515 1280 1636 1334 ope.

418 1362 734 1417 Fundamen
757 1359 899 1421 fidei,
928 1357 1146 1411 fabricm
1172 1358 1509 1410 incrementa
1532 1354 1784 1420 salubris,

494 1451 561 1505 lli
588 1451 725 1504 bene
751 1455 1096 1516 componunt,
1130 1446 1256 1499 dant
1283 1444 1507 1513 piajura
1535 1445 1673 1499 loco.

424 1539 708 1595 Obsistunt
732 1538 899 1601 vitiis,
920 1537 1065 1590 cives
1092 1535 1377 1589 virtutibus
1406 1541 1638 1598 armant,

495 1630 939 1698 Componuntque
965 1625 1152 1679 urbem
1180 1621 1368 1688 milite,
1395 1622 1534 1691 lege,
1570 1623 1693 1677 fide.

426 1718 544 1788 ipse
574 1717 881 1773 sacerdotes
909 1715 975 1769 ad
1015 1714 1211 1767 moenia
1242 1720 1426 1767 nostra
1462 1720 1676 1775 vocato,

499 1806 807 1875 ﬂorumque
834 1803 1074 1873 obsequii
1103 1803 1175 1857 sit
1204 1802 1298 1856 tibi
1330 1816 1460 1856 cura
1490 1801 1587 1871 pii.

427 1896 630 1951 llornm
670 1903 721 1949 te
743 1893 978 1964 primum
1014 1892 1241 1963 genibus
1264 1900 1542 1963 prostrare
1569 1904 1856 1957 memento,

499 1986 568 2042 Ut
593 1984 930 2040 benedicaris
953 1997 1188 2037 cernuus
1210 1982 1337 2037 inde
1352 1986 1515 2053 ’roga.

423 2077 556 2130 Cum
582 2074 746 2129 fueris
774 2072 973 2128 sanctis
1007 2072 1275 2137 manibus,
1299 2073 1627 2142 gremiisque
1658 2079 1930 2140 receptus,

497 2163 692 2219 Oribus
720 2169 774 2215 et
795 2160 946 2216 collis
975 2160 1160 2215 oscula
1183 2159 1328 2215 ferre
1352 2174 1504 2229 para.

422 2252 622 2307 Oscula
651 2267 775 2306 cum
800 2250 1066 2315 dederint,
1095 2250 1319 2319 supplex
1346 2259 1522 2305 tamen
1550 2252 1734 2305 oscula
1761 2262 1933 2312 sume,

498 2342 683 2411 Teque
714 2340 1016 2394 locuturum
1048 2340 1256 2394 scilicet
1282 2354 1402 2393 esse
1428 2353 1583 2392 cane.

430 2431 501 2486 At
529 2430 624 2485 tibi
648 2444 769 2484 cum
798 2427 962 2483 fuerit
986 2443 1241 2482 concessa
1276 2428 1493 2482 licentia
1526 2425 1696 2491 fandi,

501 2519 718 2575 Excusa
750 2525 1049 2581 auctorem,
1076 2532 1180 2586 qua
1210 2525 1387 2586 potes,
1416 2532 1587 2586 usque
1611 2524 1780 2570 tuum.

426 2608 584 2675 Quod
612 2621 726 2660 rem
757 2618 1080 2676 congressus
1109 2620 1217 2660 non
1249 2605 1352 2660 sim
1388 2605 1711 2660 temerarius
1751 2604 1934 2671 istam,

501 2696 652 2751 Mens
680 2710 782 2752 nec
814 2696 1197 2767 praesumptiix
1224 2703 1381 2767 cogat
1410 2696 1476 2750 ad
1504 2696 1646 2751 istud
1674 2711 1827 2765 opus.

431 2787 542 2843 Nec
563 2802 651 2841 me
677 2785 993 2857 praesulibus
1024 2786 1300 2840 doctorem
1337 2784 1565 2854 praefero
1596 2786 1815 2848 sanctis,

501 2875 739 2943 Quorum
772 2874 885 2928 vita
912 2873 1046 2928 mihi
1070 2888 1258 2928 norma
1289 2874 1481 2929 salutis
1508 2860 1667 2928 inest.

377 2960 379 2963 ’
435 2964 607 3018 Parva
635 2964 728 3018 sed
751 2974 777 3003 ι
807 2964 861 3017 in
907 2976 1100 3032 magna
1141 2977 1264 3016 cum
1303 2963 1406 3017 sim
1442 2962 1686 3018 Levitide
1712 2964 1869 3018 turba

506 3052 658 3117 Pars,
684 3051 864 3123 placet
896 3061 957 3105 ut
980 3060 1166 3120 patres
1195 3066 1302 3120 qua
1333 3066 1471 3120 queo
1499 3060 1647 3106 sorte
1666 3051 1866 3121 iuvem.

434 3143 645 3212 Quique
674 3143 764 3211 pio
789 3142 968 3211 cupio,
1005 3140 1174 3205 soleo,
1200 3140 1284 3195 vel
1310 3141 1484 3196 debeo
1509 3150 1655 3208 voto,

507 3234 601 3287 llis
632 3233 838 3287 servire
861 3231 1100 3296 humilis,
1129 3231 1322 3301 hisque
1352 3230 1534 3287 favere
1561 3232 1753 3289 libens.

439 3324 502 3379 Ut
529 3323 669 3377 bene
689 3321 820 3377 sella
843 3321 959 3376 solo
988 3320 1245 3387 emineat,
1270 3320 1524 3390 pulvillos
1554 3330 1610 3377 et
1634 3321 1726 3386 illi,

502 3412 597 3467 Est
620 3427 751 3467 cura
779 3420 840 3467 ut
869 3413 1009 3467 votis
1037 3412 1107 3467 sit
1128 3413 1304 3482 patris
1332 3420 1457 3482 apta
1484 3414 1638 3468 satis.

432 3506 595 3559 Linea
624 3518 855 3574 crusque
886 3506 1161 3575 pedesque
1197 3512 1381 3575 tegant
1420 3504 1611 3561 talaria
1642 3514 1702 3560 ut
1726 3517 1870 3578 apte,

500 3592 602 3661 Qui
625 3608 787 3663 super
813 3593 1043 3648 addatur
1073 3609 1367 3664 eampagus
1402 3596 1516 3664 ipse
1545 3596 1763 3651 decens.

432 3686 680 3740 Fundere
706 3698 903 3754 aquam
932 3683 1146 3751 palmis,
1179 3684 1421 3739 mantiiia
1447 3685 1591 3739 ferre
1617 3674 1898 3743 studemus

500 3770 742 3842 lmpexo,
771 3772 968 3825 tunicis
994 3771 1177 3824 instita
1202 3770 1361 3841 longa
1399 3773 1609 3828 damus.

433 3863 672 3919 Candida
697 3870 759 3916 ut
780 3862 1020 3916 extensis
1047 3861 1219 3916 niteat
1245 3861 1527 3918 dalmatica
1561 3867 1730 3937 rugis,

504 3952 745 4007 Fimbria
776 3966 909 4005 neve
946 3958 1092 4006 erret
1115 3951 1242 4005 huic
1266 3952 1382 4006 sine
1406 3952 1523 4023 lege
1544 3953 1700 4011 levis.

434 4044 601 4099 Pallia
626 4049 679 4096 ul
710 4049 920 4107 ornate,
948 4040 1192 4111 chlamys
1215 4050 1274 4095 ut
1296 4041 1434 4098 bene
1460 4046 1692 4112 pendeat
1719 4048 1834 4117 ipsa

504 4134 687 4199 Certo,
718 4145 1015 4202 manusque
1036 4138 1198 4201 caput
1224 4133 1409 4188 sedula
1436 4137 1602 4191 comit
1622 4139 1693 4192 ei.

434 4227 529 4283 Est
550 4226 703 4281 labor
729 4232 786 4280 et
813 4224 1011 4296 digitis,
1054 4222 1099 4277 si
1125 4238 1245 4294 quae.
1281 4224 1409 4292 sint,
1438 4227 1629 4283 tollere
1658 4230 1867 4293 sordes,

505 4317 708 4373 Plantis
735 4331 800 4372 ac
818 4324 936 4372 toto
954 4314 1289 4371 subnitidare
1314 4324 1547 4386 patrem.

438 4407 661 4461 Lumine
679 4404 748 4461 de
770 4420 1000 4462 accenso
1031 4404 1076 4460 si
1107 4419 1232 4460 cera
1261 4415 1356 4461 aut
1379 4407 1575 4463 humor
1598 4408 1726 4464 olivi

504 4495 719 4560 Defluit,
744 4497 859 4550 haec
885 4494 1067 4566 digitis
1085 4502 1235 4550 veste
1261 4493 1518 4567 fugantur
1542 4499 1693 4553 item.

434 4583 674 4655 Occupat
700 4592 757 4638 et
788 4582 983 4639 faciem
1006 4583 1053 4638 si
1074 4585 1258 4649 sudor,
1292 4586 1553 4656 tergimus
1575 4587 1744 4652 illam,

506 4674 562 4730 Si
592 4674 769 4745 pulvis
792 4681 993 4738 vestes,
1022 4675 1374 4730 excutiendas
1400 4678 1526 4732 erit.

436 4761 628 4832 Frigus
654 4769 715 4815 ut
741 4761 1014 4826 abscedat,
1044 4762 1380 4817 substramus
1407 4766 1567 4834 pallia
1593 4767 1825 4835 plantis:

504 4848 795 4902 Fervorem
819 4847 940 4902 falsi
962 4847 1194 4904 ﬂaminis
1223 4864 1356 4904 aura
1381 4850 1549 4920 fugat.

437 4938 655 5003 Tentet,
686 4938 764 4993 ait
787 4938 1066 5005 Dominus,
1089 4941 1134 4994 si
1156 4954 1334 4996 caecus
1360 4942 1556 4996 dueere
1578 4957 1799 5012 caecum,

510 5028 739 5085 Corruet
758 5028 813 5082 in
842 5028 1051 5084 foveam
1084 5030 1266 5099 lapsus
1289 5037 1521 5100 uterque
1548 5032 1726 5089 simul.

440 5121 646 5174 Pravus
672 5127 727 5173 et
747 5119 1017 5184 indoctus,
1052 5135 1174 5174 cum
1203 5121 1275 5175 sit
1299 5121 1667 5191 prohibendus
1685 5134 1935 5197 uterque,

511 5210 631 5276 Hic,
661 5208 805 5279 quod
833 5208 1016 5279 iniqua
1044 5210 1203 5282 gerit,
1233 5212 1323 5268 hic
1346 5212 1473 5282 quia
1509 5223 1697 5269 sancta
1734 5224 1894 5272 tacet.

436 5322 568 5396 quid
595 5326 949 5396 continerent
972 5323 1126 5396 initio
1156 5325 1333 5396 quarti
1362 5340 1502 5381 nunc
1528 5325 1780 5396 explicat.
1812 5328 1892 5382 Ex
1920 5328 2005 5383 his

438 5392 674 5517 quatiior
704 5392 875 5479 primi
919 5392 1025 5447 duo
1057 5392 1431 5477 desiderantur
1471 5392 1612 5451 cam'
1635 5405 1793 5465 parte
1834 5398 2001 5452 tertii.

486 5474 607 5517 ertn
631 5480 776 5517 enim
809 5479 938 5517 pars
973 5463 1162 5517 altera.
1188 5481 1404 5517 omnor.
1432 5481 1496 5517 ea
1523 5476 1607 5517 est
1634 5479 1756 5517 eum
1783 5467 1851 5517 de
1878 5482 2001 5517 con-

486 5465 607 5520 ertii
631 5463 776 5521 enim
809 5479 938 5535 pars
973 5463 1162 5531 altera,
1188 5466 1404 5536 opinor,
1432 5481 1496 5521 ea
1523 5476 1607 5521 est
1634 5463 1756 5533 qua:
1783 5467 1851 5522 de
1878 5482 2004 5521 con-

441 5534 587 5589 flictu
618 5534 870 5592 vitiorum
894 5536 1140 5606 proxime
1162 5534 1470 5592 antecessit.
1508 5535 1777 5606 Caeterum
1804 5551 1924 5591 cum
1950 5537 2003 5591 in

443 5606 607 5676 veteri
635 5607 820 5662 codice
848 5603 991 5660 nulla
1031 5622 1256 5676 usquam
1287 5608 1339 5660 in
1381 5608 1590 5662 caeteris
1627 5603 1887 5661 librorum
1921 5621 2007 5663 es-

441 5680 530 5724 set
559 5673 855 5742 distinctio,
886 5678 939 5732 in
967 5693 1060 5734 sex
1090 5673 1191 5749 ipsi
1229 5677 1395 5734 libros
1420 5682 1670 5751 poemata
1708 5678 1889 5732 omnia
1924 5678 2006 5732 di-

1417 327 1804 386 TllEODULFl
1848 319 2400 380 AURELIANENSIS
2438 314 2652 376 EPISC.

2017 439 2065 496 Α
2093 434 2313 490 Adsolet
2340 431 2599 488 ambabus
2626 426 2923 498 constringi
2950 425 3178 495 pedibus
3200 439 3341 481 unus

3561 310 3674 364 555

2160 526 2380 591 Rector,
2407 525 2453 579 si
2480 530 2660 578 rector
2678 520 2801 589 iure
2838 518 3112 574 vocandus
3138 518 3263 572 erit.

2088 614 2191 681 Qui
2219 621 2377 669 nocet
2399 611 2669 682 exemplo,
2697 609 2790 679 qui
2818 624 2924 663 non
2949 608 3103 678 juvat
3134 617 3253 663 arte
3277 607 3530 677 docendi,

2157 703 2274 771 Quo
2300 704 2487 773 nequit
2519 710 2614 756 aut
2637 715 2735 755 sua
2760 714 2935 764 mens,
2968 706 3063 752 aut
3090 697 3263 752 aliena
3290 699 3426 769 regi.

2088 792 2364 863 improbat
2384 793 2632 847 indoctos
2659 792 2745 846 his
2776 789 2958 844 verbis
2980 796 3204 844 sanctus
3228 787 3422 845 Esaias

2161 884 2443 947 nectores,
2471 881 2683 936 Domini
2710 880 2872 935 verba
2900 886 3116 934 sacrata
3140 893 3365 934 canens.

2091 974 2342 1030 Pastores
2365 974 2465 1043 ipsi
2494 987 2600 1027 non
2626 981 2699 1037 te,
2725 969 3029 1040 prudentia,
3067 978 3291 1031 norunt.

2163 1064 2270 1120 Sed
2299 1063 2697 1134 speculatorum
2718 1061 2906 1117 concio
2934 1060 3072 1114 lucis
3107 1074 3296 1130 egens.

2093 1154 2352 1224 Cmcaque
2378 1169 2513 1223 quos
2539 1152 2776 1224 graviter
2800 1150 3002 1220 premit
3030 1150 3338 1221 ignorantia
3360 1158 3610 1219 cum,

2164 1246 2450 1314 Turbaque
2475 1244 2706 1298 latrandi
2727 1251 2813 1297 est
2833 1243 3037 1298 viribus
3062 1245 3195 1298 orba
3222 1259 3440 1298 canum.

2095 1335 2208 1389 lleu
2236 1334 2463 1398 facinus,
2498 1336 2599 1388 heu
2622 1334 2825 1403 grande
2853 1334 3027 1397 nefas,
3058 1348 3185 1388 cum
3209 1349 3401 1388 norma
3421 1334 3615 1390 salutis

2164 1425 2266 1491 Qui
2286 1423 2403 1479 fore
2430 1425 2709 1488 debuerat,
2736 1426 2795 1477 iit
2822 1423 2907 1477 via
2937 1425 3152 1494 duxque
3178 1424 3326 1479 mali.

2095 1514 2268 1583 ipsius
2295 1515 2540 1583 exemplo
2568 1523 2830 1584 quotquot
2857 1515 3091 1583 periere,
3120 1516 3370 1587 malignis

2176 1602 2283 1656 Pro
2313 1605 2521 1657 cunctis
2550 1617 2754 1671 paruas,
2780 1612 2843 1656 ut
2868 1617 3011 1667 reor,
3044 1603 3159 1672 ipse
3192 1605 3364 1660 dabit.

2098 1693 2317 1748 Sentior
2343 1694 2430 1748 hic
2458 1692 2576 1748 fure
2594 1700 2701 1757 est,
2730 1694 2985 1762 praedone
3012 1703 3069 1749 et
3094 1696 3306 1750 sontior
3327 1707 3473 1764 atro,

2026 1791 2072 1849 Β
2171 1783 2271 1838 llic
2301 1785 2425 1853 quia
2452 1784 2573 1853 plus
2596 1784 2775 1848 rebus,
2801 1782 3073 1839 mentibus
3094 1783 3212 1854 ipse
3236 1795 3414 1842 nocet.

2105 1877 2372 1931 Exteruas
2403 1876 2492 1929 hic
2519 1874 2656 1928 tollit
2679 1889 2828 1943 opes,
2861 1874 2953 1929 hic
2976 1874 3170 1930 intima
3189 1885 3390 1943 vastat,

2174 1964 2417 2033 Namque
2449 1963 2685 2018 animam
2714 1963 2865 2018 carni
2888 1964 3011 2032 quis
3038 1979 3204 2035 super
3228 1982 3348 2023 esse
3377 1979 3541 2039 neget
3560 1972 3586 2023 ἲ

2104 2055 2199 2109 Est
2226 2055 2392 2108 etiam
2413 2053 2505 2121 qui
2537 2059 2683 2106 recta
2709 2052 2887 2119 docet,
2916 2054 3012 2109 sed
3036 2054 3220 2124 iniqua
3243 2059 3480 2126 gerendo

2176 2142 2417 2223 Destruit
2446 2142 2549 2196 hoc
2574 2151 2720 2207 actu,
2747 2143 2893 2211 quod
2921 2144 3082 2198 struit
3100 2146 3219 2200 oris
3239 2161 3361 2216 cpe.

2105 2232 2205 2288 llic
2233 2248 2291 2287 se
2311 2246 2570 2302 perverso
2590 2231 2817 2286 demens
2840 2231 3111 2300 iaculatur
3135 2235 3204 2289 ab
3224 2245 3369 2301 actu,

2175 2325 2311 2378 Dum
2340 2322 2480 2376 mala
2507 2338 2628 2392 qua:
2655 2323 2825 2393 gestis
2853 2331 3149 2393 perpetrat,
3180 2340 3279 2380 ore
3312 2327 3460 2382 ferit.

2106 2415 2206 2470 llic
2230 2415 2351 2470 aliis
2376 2415 2622 2485 prodest,
2652 2414 2869 2469 sibimet
2896 2417 3156 2484 prodesse
3180 2426 3418 2483 recusat,

2177 2503 2356 2575 Atque
2382 2504 2502 2558 aliis
2525 2505 2714 2559 vivens
2740 2512 2987 2559 mortuus
3013 2506 3127 2575 ipse
3152 2506 3254 2560 sibi
3276 2515 3382 2561 est.

2106 2595 2205 2651 ilic
2233 2601 2416 2649 monet
2444 2608 2570 2649 esse
2593 2592 2750 2659 alios,
2778 2594 2882 2648 sibi
2908 2595 2967 2648 fit
3000 2595 3118 2650 sine
3143 2605 3343 2661 mente,
3372 2596 3470 2652 sed
3499 2596 3635 2654 inde

2176 2686 2344 2741 Cerea
2366 2685 2457 2739 lux
2489 2684 2631 2749 aliis,
2656 2683 2724 2738 fis
2746 2684 2887 2741 cinis
2917 2685 3030 2754 ipse
3050 2686 3167 2741 tibi.

2109 2776 2204 2831 Est
2225 2777 2389 2830 etiam
2418 2776 2601 2846 gravis
2625 2775 2716 2830 ille
2746 2776 2954 2840 modus,
2984 2791 3095 2847 quo
3120 2777 3323 2847 pellere
3347 2780 3552 2849 probra

2181 2867 2304 2921 Rite
2330 2866 2470 2921 valet
2499 2865 2702 2932 nullus,
2742 2867 3031 2923 dummodo
3054 2869 3254 2938 probra
3283 2870 3443 2940 gerit.

2109 2958 2226 3026 Qua
2258 2972 2393 3028 rogo
2419 2966 2569 3013 sorte
2595 2964 2760 3026 queat
2782 2956 3009 3029 sordens
3028 2959 3341 3032 abstergere
3361 2961 3557 3021 sordes

2177 3049 2450 3121 Evigilare
2473 3050 2608 3105 alios
2637 3064 2797 3119 quem
2823 3064 2989 3119 sopor
3017 3050 3159 3108 altus
3180 3053 3385 3108 habet?

2030 3136 2078 3197 C
2110 3139 2308 3208 Quteve
2323 3137 2513 3207 iacens
2546 3138 2713 3194 facies
2735 3139 2952 3194 studeat
2979 3140 3221 3197 relevare
3235 3143 3507 3213 iacentes,

2177 3228 2286 3283 Aut
2314 3242 2507 3283 curare
2530 3234 2687 3297 paret
2712 3226 2936 3282 vulnera
2958 3228 3152 3284 vulnus
3180 3230 3435 3289 bame

2107 3316 2300 3373 Cessat
2323 3318 2393 3372 ab
2418 3318 2652 3389 ingluvie
2674 3318 2872 3387 pmsul
2896 3333 3242 3390 compescere
3263 3324 3469 3380 ventris

2180 3408 2390 3474 Plebes,
2422 3410 2468 3465 si
2497 3409 2726 3480 dapibus
2748 3425 2968 3480 pressus
2999 3421 3054 3467 et
3079 3412 3194 3482 ipse
3218 3411 3384 3482 iacet.

2113 3500 2265 3556 llaud
2290 3510 2438 3557 vetat
2479 3502 2567 3558 hic
2594 3503 2800 3567 vinum,
2831 3504 2877 3557 si
2904 3517 3024 3558 sese
3052 3504 3342 3574 inmittet
3371 3506 3486 3572 illo,
3528 3486 3546 3497 ’

2182 3594 2378 3650 Ebrius
2405 3594 2548 3649 haud
2576 3594 2772 3664 popqu
2801 3597 3016 3650 sobrius
3042 3604 3161 3651 esto
3180 3606 3358 3653 canet.

2114 3683 2228 3739 Non
2258 3684 2390 3738 vitia
2414 3685 2723 3752 spernenda
2750 3697 2932 3740 monet
2952 3686 3151 3755 quibus
3176 3687 3297 3757 ipse
3314 3697 3577 3758 gravatur

2185 3774 2564 3844 Virtutumque
2588 3790 2784 3844 expers
2816 3791 2926 3830 non
2956 3776 3062 3831 iter
3084 3785 3234 3848 aptat
3265 3779 3366 3835 eis.

2113 3862 2344 3933 Compos
2364 3863 2606 3919 avaritia
2629 3880 2736 3919 non
2758 3863 2875 3932 eius
2908 3881 3041 3922 voce
3070 3867 3292 3923 fatiscit.

2182 3952 2352 4020 Quem
2374 3953 2508 4024 ligat
2526 3954 2690 4009 istius
2708 3955 2877 4025 pestis
2907 3957 3118 4012 adunca
3146 3973 3360 4014 manus.

2113 4043 2229 4098 Non
2263 4043 2372 4099 odii
2400 4045 2599 4112 poterit
2619 4044 2903 4100 mordaces
2942 4046 3152 4102 solvere
3178 4049 3371 4115 nodos,

2180 4132 2345 4201 Cuius
2376 4148 2529 4188 mens
2549 4134 2657 4189 odii
2686 4143 2927 4190 monstra
2953 4136 3185 4192 nefanda
3210 4139 3371 4209 gerit.

2111 4225 2327 4281 Plebem
2344 4225 2639 4295 tranquilla
2668 4227 2852 4294 nequit
2876 4227 2966 4282 hic
2984 4243 3307 4297 componere
3329 4244 3480 4300 pace,

2180 4315 2284 4383 Qui
2310 4315 2455 4370 nulla
2480 4317 2633 4385 plebi
2659 4332 2791 4387 pace
2811 4318 3006 4390 ligatus
3039 4321 3198 4376 inest.

2114 4408 2222 4459 Aut
2242 4405 2337 4461 irae
2360 4406 2609 4461 stimulos
2622 4407 2826 4476 quibus
2852 4409 3021 4464 armis
3047 4409 3296 4481 frangere
3320 4411 3517 4482 quibit,

2035 4466 2088 4524 D
2182 4496 2379 4552 Lurida
2406 4511 2567 4566 quem
2600 4466 2836 4565 praedam
2864 4497 3063 4554 fecerit
3087 4466 3353 4556 irausuau;
3370 4503 3396 4556 τ

2111 4586 2193 4641 An
2228 4587 2414 4643 sedeat
2438 4601 2666 4642 vacuum
2691 4603 2853 4657 quem
2874 4605 3011 4645 vana
3032 4591 3284 4661 superbia
3315 4601 3534 4650 ventum

2182 4677 2399 4742 Perlat,
2430 4678 2476 4732 si
2504 4686 2690 4733 tensus
2718 4676 2937 4734 ﬂatibus
2960 4678 3078 4748 eius
3100 4682 3233 4736 eat?

2112 4767 2298 4835 Quove
2324 4768 2483 4823 modo
2502 4768 2707 4838 poterit
2728 4777 3093 4839 contemptum
3114 4770 3343 4826 suadere
3366 4773 3591 4828 mundi?

2163 4841 2339 4911 'ilunc
2358 4857 2463 4912 nisi
2483 4856 2801 4922 contemnit,
2830 4858 3090 4913 temnitur
3118 4859 3219 4913 iste
3246 4874 3497 4915 monens.

2113 4945 2281 5011 Quem
2308 4945 2463 5000 favor
2483 4946 2753 5002 humanus
2775 4946 2959 5002 docuit
2993 4947 3231 5002 mulcere
3251 4956 3525 5018 potentes,

2181 5034 2405 5102 Quando
2430 5035 2517 5090 hic
2533 5033 2807 5104 iudicibus
2825 5035 2949 5105 iura
2976 5043 3163 5092 tenere
3188 5039 3389 5093 canet?

2110 5126 2216 5179 Aut
2243 5126 2386 5181 dicet
2406 5126 2633 5181 miseros
2660 5126 2877 5196 pietatis
2898 5127 3019 5199 lege
3041 5116 3285 5194 tuendos,

2179 5214 2289 5270 Hos
2316 5216 2363 5271 si
2396 5230 2617 5293 quaque
2641 5214 2786 5271 valet
2812 5227 2958 5274 sorte
2973 5232 3204 5289 gravare
3226 5216 3450 5289 gravat?

2113 5329 2396 5401 gessimus.
2430 5328 2665 5383 Titulum
2710 5329 2877 5385 etiam
2903 5330 3031 5387 huic
3068 5331 3344 5402 opusculo,
3384 5344 3496 5400 φο
3529 5344 3686 5386 care-

2109 5399 2223 5454 bat.
2264 5398 2331 5453 de
2360 5407 2548 5454 nostro
2572 5397 2886 5454 adiecimus.

2148 5416 2223 5464 al,
2264 5416 2331 5453 (lt!
2360 5416 2548 5454 [108er
2572 5416 2886 5464 θολοειωιιε.

2184 5413 2223 5464 ι,
2264 5413 2331 5453 ue
2360 5413 2548 5454 nostro
2572 5413 2886 5466 adiecimus.

2180 5480 2206 5509 ι
2242 5466 2311 5522 1η
2350 5467 2558 5523 Ιευὶιὶάε
2599 5470 2772 5523 turba.
2813 5470 3105 5526 Diaconum
3151 5485 3212 5526 se
3240 5469 3522 5535 duntaxat,
3557 5483 3681 5524 eum

2108 5537 2528 5612 litec_s_cribe_rct,
2562 5546 2654 5591 aut
2684 5538 2954 5596 inferioris
2994 5540 3195 5612 gradus
3217 5542 3475 5612 clericum
3516 5538 3682 5595 fuisse

2108 5605 2651 5689 significatqideoque
2675 5619 2897 5667 excusat
2922 5605 3068 5682 quod
3086 5609 3250 5668 ofﬁcii
3274 5611 3358 5669 stu'
3376 5610 3680 5667 admonere

2107 5678 2302 5734 audeat
2327 5678 2627 5750 episcOpos.
