3970 6184
231 320 284 371 ’ἱῖ
1471 317 1768 372 CAlllllNA

1871 317 1967 371 .IB.
2009 319 2069 374 V'.

233 447 343 485 nem
364 430 496 486 levat
515 432 664 485 aerio
691 431 926 499 pendens
942 431 1198 500 jactantia
1228 429 1370 491 fune,

255 523 468 590 Fertque
489 521 542 574 in
568 522 801 575 deterius
834 522 1119 575 ambitiosa
1147 521 1280 583 lues,

237 615 363 666 ivere
383 612 671 681 jactantem
695 610 906 678 jactans
931 612 1072 665 haud
1096 611 1183 664 ille
1205 618 1441 672 coercet,

253 702 351 755 Nec
372 701 579 754 cuidam
609 701 751 754 dicet
780 701 1068 754 ambitione
1097 715 1240 754 care.

232 810 289 845 ua
319 800 455 846 sorte
484 806 710 846 examen
742 807 992 861 magnum
1026 797 1182 844 canet
1207 790 1309 843 iste
1335 785 1656 848 timendum,

247 882 323 934 Me
346 882 620 945 miserum,
645 882 788 949 quod
818 895 922 933 non
955 879 1176 933 forsitan
1207 880 1309 932 iste
1333 877 1526 930 timet?

238 974 333 1039 xjus
357 973 532 1042 lingua
561 973 740 1042 operis
769 972 972 1042 proprii
999 978 1081 1025 est
1113 970 1319 1023 frenata
1352 967 1570 1036 lupatis,

244 1064 439 1117 Probra
467 1063 636 1116 aliena
663 1071 824 1126 tacet,
855 1077 923 1115 nc
953 1062 1092 1115 ferat
1113 1075 1243 1114 aure
1271 1074 1388 1112 sua.

232 1157 268 1206 ie
290 1154 424 1207 bona
447 1169 554 1207 non
582 1154 792 1217 suadet,
824 1167 942 1221 quze
970 1168 1077 1206 non
1109 1150 1336 1204 fortasse
1374 1148 1604 1218 peregit,

244 1246 305 1298 Et
327 1246 466 1298 mala
492 1261 596 1299 non
622 1245 899 1315 prohibet,
927 1259 1044 1312 quae
1079 1244 1245 1296 miser
1271 1242 1384 1310 ipse
1413 1239 1570 1309 gerit,

232 1353 280 1388 in
312 1351 433 1405 ego,
462 1337 775 1404 pontificum
805 1337 930 1390 dum
955 1336 1122 1388 vitam
1158 1335 1336 1387 scribo
1358 1331 1645 1396 malorum,

240 1427 341 1477 Aut
363 1425 530 1479 decus
557 1426 668 1494 ipse
685 1426 810 1494 piis,
839 1433 932 1477 aut
955 1438 1072 1476 mea
1101 1437 1251 1475 musa
1282 1421 1398 1474 tibi.

231 1517 399 1570 ilehra
425 1532 524 1570 nec
553 1515 748 1569 urticis
774 1529 943 1568 exnro
961 1513 1072 1566 lilia
1095 1513 1322 1576 scabris,

236 1607 343 1658 Nec
378 1613 595 1674 segetes
621 1604 796 1658 dumis
828 1612 948 1656 trux
979 1602 1188 1672 paliure
1211 1602 1332 1655 tuis.

232 1695 420 1748 illibus
444 1695 500 1746 in
537 1693 706 1762 pratis
730 1692 1021 1746 miscentur
1056 1690 1231 1743 mollia
1269 1689 1436 1751 duris,

237 1785 407 1838 Noxia
435 1799 560 1837 cum
591 1782 775 1837 nitidis
802 1781 1004 1835 semina
1034 1789 1205 1850 gestat
1243 1794 1390 1849 ager.

232 1884 367 1927 ll'lllS
395 1870 709 1925 aromaticis
735 1868 982 1924 redolens
997 1869 1394 1938 pulcherrimus
1417 1867 1623 1930 herbis,

238 1963 429 2017 Gestat
452 1961 698 2014 nidorem
731 1972 870 2028 sape
892 1959 1068 2012 cicuta
1099 1967 1273 2012 tuum.

231 2069 300 2106 Im
329 2051 470 2106 mala
497 2051 656 2104 mista
686 2050 859 2113 bonis,
889 2049 1032 2104 bona
1059 2049 1260 2118 pravis,
1289 2047 1368 2101 ire
1389 2062 1487 2117 per
1515 2059 1685 2100 aevum

240 2144 372 2209 Quis
398 2149 578 2210 neget,
606 2149 699 2195 aut
732 2140 986 2194 dubitans
1008 2138 1320 2192 diffateatnr
1344 2137 1546 2192 homo?

232 2247 414 2300 imque
442 2231 805 2286 revellendum
826 2231 1024 2285 vitioso
1052 2230 1257 2284 semine
1283 2244 1478 2299 purum

242 2323 500 2375 Crescere
529 2320 722 2374 messis
748 2321 912 2374 herus
931 2328 1144 2388 tempus
1171 2321 1227 2373 in
1254 2333 1424 2388 usque
1441 2317 1612 2385 jubet.

231 2409 375 2462 nristi
408 2409 460 2462 in
488 2408 627 2462 ovile
653 2417 874 2462 manent
903 2409 1056 2478 agnis
1086 2423 1208 2462 cum
1239 2407 1448 2461 lenibus
1471 2406 1630 2469 haedi,

246 2502 641 2570 Exspectatque
668 2499 784 2567 pios
809 2499 1020 2563 dextra,
1053 2498 1270 2553 sinistra
1294 2513 1433 2551 reos.

233 2595 400 2663 ystica
420 2591 711 2661 permistos
731 2598 994 2659 ceperunt
1023 2590 1180 2644 tertia
1205 2589 1414 2659 pisces:

250 2683 384 2735 Pars
411 2682 550 2734 bona
576 2679 716 2734 lecta
739 2680 900 2749 viget,
929 2694 1058 2749 pars
1085 2679 1224 2732 mala
1241 2677 1384 2746 jacta
1411 2678 1568 2746 perit.

231 2773 432 2827 celesia:
457 2771 601 2840 quod
629 2785 779 2840 ager,
807 2769 951 2840 quod
981 2769 1121 2825 ovile
1147 2778 1204 2824 et
1233 2770 1369 2823 retia
1400 2776 1635 2839 gestant,

250 2866 357 2918 Cur
384 2878 489 2916 non
512 2861 751 2931 gestabit
777 2861 1032 2915 carminis
1051 2861 1214 2930 hujus
1233 2861 1402 2928 opus?

235 2962 282 3004 ut
302 2967 404 3005 cur
428 2951 725 3004 multorum
754 2965 860 3004 non
887 2958 1060 3006 certet
1087 2950 1307 3020 pingere
1336 2962 1538 3012 mores,

252 3045 583 3095 Cunctorum
613 3056 792 3096 mores
813 3041 1120 3096 emaeulare
1141 3040 1376 3110 parans?

234 3134 323 3186 lius
363 3132 592 3203 insignis
616 3133 861 3186 radiabat
889 3133 1092 3188 lumine
1114 3133 1300 3198 vestis,

254 3223 652 3291 Blanditiasque
676 3223 952 3278 hominum
977 3224 1179 3278 visibus
1205 3223 1292 3276 illa
1323 3222 1502 3276 dabat.

239 3325 253 3368 t
277 3316 371 3370 tibi
397 3315 659 3369 virtutum
685 3317 813 3370 dent
837 3325 1154 3370 ornamenta
1181 3317 1448 3378 decorem,

257 3407 427 3474 Atque
439 3405 614 3460 oculis
639 3406 818 3460 cordis
847 3421 951 3474 qua
978 3414 1133 3475 potes
1170 3421 1342 3474 usque
1374 3403 1514 3457 fave.

236 3497 263 3549 li
293 3505 409 3550 erat
434 3497 489 3550 in
516 3509 676 3550 sacro
704 3495 910 3565 pollens
939 3496 1244 3550 reverentia
1272 3495 1440 3559 cultu,

259 3587 320 3641 Et
343 3588 507 3642 decus
533 3588 588 3642 in
611 3587 797 3640 habitu
826 3586 1157 3656 pontificalis
1180 3587 1316 3655 opis.

237 3687 385 3733 aucta
411 3685 496 3732 est
521 3677 574 3730 in
602 3688 788 3731 saneta
817 3678 1026 3731 tibimet
1053 3677 1356 3732 reverentia
1385 3685 1578 3749 matre,

260 3769 324 3822 Et
345 3769 472 3822 vita
497 3767 714 3830 studiis,
739 3767 950 3821 actibus
977 3769 1139 3838 inque
1166 3769 1290 3837 piis.

241 3873 362 3912 urea
387 3857 660 3926 pontiﬁcis
686 3856 935 3926 cingebat
964 3856 1160 3910 lamina
1189 3856 1442 3918 frontem,
1509 3909 1526 3920 ,,

260 3950 369 4014 Qua
395 3948 481 4003 bis
504 3948 665 4003 binus
693 3963 826 4017 apex
857 3962 1052 4001 nomen
1079 3947 1250 4002 herile
1277 3947 1456 4002 dabat.

244 4049 259 4090 t
286 4038 378 4092 tibi
408 4037 559 4092 frons
581 4038 778 4091 mentis
802 4038 1053 4106 cingatur
1082 4037 1332 4092 sensibus
1353 4036 1532 4102 almis,

260 4128 538 4182 Christum
558 4126 868 4197 evangelico
892 4142 995 4182 vox
1019 4136 1074 4181 et
1101 4126 1170 4180 ab
1197 4140 1294 4181 ore
1315 4133 1481 4180 tonet.

238 4220 311 4272 int
333 4217 609 4273 manifesti
631 4227 787 4272 actus
814 4217 963 4283 ﬁdei,
986 4217 1272 4286 probitatis
1297 4225 1353 4272 et
1376 4217 1540 4286 inqui,

261 4310 361 4376 Qui
385 4311 462 4366 sit
478 4311 742 4364 virtutum
762 4318 1017 4380 quattuor
1038 4310 1171 4366 ordo
1194 4309 1312 4363 tibi.

245 4402 254 4452 i
284 4401 636 4470 speculantur
655 4402 799 4458 enim
832 4410 1150 4458 cunctorum
1169 4400 1473 4456 comminus
1494 4408 1670 4458 actus.

262 4491 533 4548 Providus
555 4501 613 4546 ut
637 4494 913 4563 proprium
941 4500 1126 4562 pastor
1147 4490 1288 4546 ovile
1314 4489 1468 4545 solet.

240 4581 392 4650 icque
415 4581 592 4637 bonos
619 4591 675 4638 et
701 4590 907 4647 amant,
934 4591 990 4636 ct
1019 4582 1280 4635 amandos
1305 4578 1428 4647 jure
1453 4578 1708 4639 fatentur,

263 4674 524 4743 Quosque
551 4674 622 4728 ita
651 4673 892 4729 ﬁrmatos
913 4673 979 4728 ad
1006 4673 1229 4728 meliora
1258 4679 1470 4727 vocant.

244 4772 260 4813 t
283 4774 478 4817 contra
503 4763 621 4818 vitii
651 4764 904 4834 reprimit
933 4779 1069 4833 quos
1095 4763 1303 4832 pondus
1331 4761 1559 4823 inorme,

265 4855 374 4910 llos
397 4871 728 4926 quacunque
749 4857 930 4910 valent
958 4864 1103 4910 sorte
1129 4855 1308 4910 lemre
1338 4853 1534 4908 levant.

242 4959 257 5001 t
291 4949 337 5003 si
363 4964 503 5018 quos
527 4957 803 5018 nequeunt
825 4949 1080 5004 vitiorum
1105 4947 1252 5002 fasce
1278 4947 1482 5011 levare,

264 5044 571 5101 Portandos
597 5046 854 5101 adhibent
873 5046 970 5100 hos
998 5045 1254 5114 patiendo
1277 5044 1401 5097 sibi.

242 5136 324 5189 uis
351 5145 450 5190 aut
476 5137 588 5190 vita
632 5137 846 5200 borum,
889 5143 984 5189 aut
1019 5135 1210 5190 suadet
1239 5133 1498 5203 patientia
1524 5132 1782 5193 fructum,

266 5227 407 5282 Dum
433 5229 536 5284 hos
561 5228 871 5292 emendant,
901 5229 998 5282 hos
1022 5227 1254 5281 tolerare
1277 5233 1491 5294 parant.

241 5319 374 5372 urba
404 5319 525 5373 haec
549 5328 633 5374 est
652 5317 800 5384 felix,
840 5334 873 5374 o
897 5325 1158 5388 quantum
1185 5316 1349 5371 distat
1375 5316 1444 5369 ab
1465 5315 1590 5378 ista,

261 5409 398 5474 Quae
429 5425 531 5463 sua
560 5425 668 5465 non
699 5410 912 5464 Domini
937 5409 1087 5464 lucra
1125 5408 1400 5463 inhianter
1425 5410 1572 5464 adit!

244 5517 323 5555 uae
349 5503 614 5571 prodesse
638 5514 820 5575 negat,
846 5512 1051 5560 tantum
1077 5518 1309 5574 praesse
1325 5504 1559 5569 laborat,

267 5591 381 5647 lloc
403 5593 475 5648 ad
511 5610 645 5664 opus
670 5597 867 5662 stertit,
906 5598 1131 5668 pervigil
1157 5597 1286 5654 illud
1307 5598 1434 5667 agit.

245 5701 373 5741 nam
398 5685 519 5744 fcta
560 5691 881 5746 contristent
915 5691 1093 5760 populi
1119 5693 1430 5760 peccamina
1457 5707 1755 5762 nunquam,

1804 4443 1856 4502 D

3312 323 3420 379 358

1770 430 1818 486 Α
1916 427 2024 482 Nec
2051 429 2190 482 bona
2214 429 2488 485 Iretificant
2513 432 2667 500 plebe
2695 443 2912 503 peracta
2940 449 3054 488 sua.

1851 519 1918 574 Ut
1944 535 2040 573 sua
2071 519 2372 588 deplorent,
2410 537 2528 590 qua:
2555 539 2825 592 nunquam
2848 525 3075 579 crimina
3103 528 3284 596 pravis

1915 609 2115 663 Adfore
2153 625 2270 677 quae
2300 626 2574 680 nunquam
2610 613 2944 669 sollicitando
2965 615 3108 670 beat.

1849 700 2021 754 Ditior
2048 708 2106 753 ut
2143 701 2210 754 sit
2249 701 2382 766 hiat,
2419 718 2546 756 nam
2570 710 2809 760 sanctior
2836 720 2954 760 esse
2978 713 3214 771 recusat,

1919 789 2175 856 Donaque
2202 789 2406 844 militia:
2430 793 2677 863 percipit,
2709 810 2855 849 arma
2886 794 3040 865 fugit.

1846 874 1962 929 Non
1989 890 2126 945 opus
2147 891 2250 930 neu
2281 878 2375 931 sed
2400 893 2552 947 Opes,
2598 896 2697 936 nec
2727 898 2886 949 onus,
2915 882 3010 938 sed
3040 885 3211 939 honor
3256 885 3434 955 placet

3263 976 3330 1028 illi

2063 979 2067 984 .
3263 976 3330 1028 Ἣ.

1921 1058 1985 1111 Et
2013 1057 2148 1112 bene
2171 1057 2354 1128 juncta
2380 1072 2592 1124 secans,
2618 1063 2732 1116 hac
2757 1072 2924 1128 tenet,
2954 1065 3040 1119 illa
3065 1066 3218 1135 jacit,
3237 974 3275 1046 [1
3320 993 3356 1040 ι’

1851 1145 1951 1211 Qui
1976 1161 2073 1199 sua
2099 1161 2202 1199 non
2228 1147 2407 1216 pepuli
2441 1151 2760 1217 perquirunt
2785 1155 3086 1216 commoda,
3118 1162 3328 1208 tantum

1924 1235 2036 1287 Dici
2065 1242 2119 1288 et
2143 1244 2407 1302 pastores,
2437 1250 2545 1290 non
2583 1247 2762 1292 tamen
2792 1253 2912 1294 esse
2941 1241 3143 1294 volunt.

1855 1324 1961 1379 Sed
2001 1340 2172 1394 neque
2199 1342 2323 1380 cura
2346 1329 2521 1397 gregis
2542 1331 2817 1398 pascendi,
2842 1332 2954 1385 sive
2985 1335 3188 1396 tuendi,

1925 1415 2032 1470 Sed
2057 1417 2228 1486 rapidi
2257 1418 2539 1472 intendunt
2563 1421 2705 1488 quod
2736 1430 2899 1490 queat
2930 1421 3020 1475 ille
3046 1424 3190 1492 capi.

1858 1509 2086 1563 Mentior
2105 1510 2353 1578 egregius
2374 1511 2418 1563 si
2445 1526 2554 1562 non
2582 1512 2727 1564 canit
2747 1512 2846 1565 ista
2868 1514 3180 1582 prophetes,

1926 1598 2056 1653 Cum
2083 1599 2241 1653 modo
2263 1599 2458 1654 divinis
2486 1600 2708 1655 vocibus
2739 1601 2842 1655 ista
2869 1611 3045 1658 sonet.

1859 1688 2219 1742 lsraelitarum
2244 1691 2424 1758 pravis
2449 1690 2754 1759 pastoribus
2777 1692 2934 1756 eheu,

1782 1769 1830 1826 Β
1928 1778 2027 1846 Qui
2051 1777 2153 1832 sibi
2179 1779 2342 1832 multa
2363 1789 2558 1848 parant
2579 1795 2800 1849 pascua,
2831 1782 2974 1836 nulla
3005 1785 3176 1855 gregi.

1858 1869 2088 1924 Ltlcteus
2114 1871 2307 1924 humor
2340 1871 2482 1924 enim
2509 1870 2781 1940 pmbebat
2805 1872 3002 1941 pabula
3027 1873 3199 1938 vobis,

1930 1961 2183 2031 Lanaque
2213 1962 2443 2016 deducto
2477 1963 2674 2017 vellere
2700 1965 2869 2018 vestis
2890 1972 3028 2018 erat.

1861 2051 1916 2105 Si
1947 2051 2090 2120 quod
2120 2060 2240 2132 grat
2263 2067 2526 2117 crassum,
2554 2053 2792 2107 laniabat
2823 2055 2981 2108 turba
3008 2056 3270 2116 voratrix.

1931 2142 2038 2197 Nec
2070 2143 2170 2195 fuit
2198 2141 2469 2196 infirmum
2497 2145 2834 2199 consolidare
2857 2145 3028 2201 labor.

1863 2232 2088 2304 digroto
2113 2234 2295 2304 pecori
2325 2235 2680 2289 medicamina
2714 2236 2853 2291 nulla
2890 2237 3106 2301 tulistis,

1932 2324 1997 2377 Et
2022 2323 2254 2378 fractum
2285 2325 2489 2394 sprevit
2511 2333 2692 2380 vestra
2731 2327 2895 2397 ligare
2918 2343 3128 2381 manus.

1864 2410 2030 2466 Nemo
2056 2413 2222 2466 redux
2245 2414 2449 2468 studuit
2481 2412 2749 2482 dejectum
2780 2417 3002 2470 reddere
3035 2415 3226 2478 caulis,

1931 2501 2145 2556 Perdita
2175 2517 2274 2557 nec
2306 2504 2460 2559 vobis
2487 2520 2727 2573 querere
2752 2521 2882 2560 cura
2910 2505 3029 2560 fuit.

1865 2587 2005 2642 Dura
2042 2591 2134 2644 sed
2161 2591 2386 2660 imperio
2414 2594 2747 2662 imposuistis
2769 2594 2917 2662 jnssa
2945 2595 3201 2666 maligno,

1935 2677 2002 2731 Et
2030 2687 2150 2732 trux
2183 2681 2296 2734 sive
2324 2691 2513 2750 potens
2544 2684 2700 2737 turba
2732 2683 2914 2738 fuistis
2940 2685 3038 2739 eis.

1864 2767 2091 2837 Agmina
2117 2778 2242 2822 sunt
2271 2769 2392 2823 ideo
2419 2771 2693 2825 balantum
2725 2788 2911 2842 sparsa
2941 2788 3204 2836 mearum,

1935 2857 2090 2913 Haud
2117 2859 2242 2927 quia
2271 2861 2361 2928 qui
2387 2871 2574 2930 pastor
2603 2873 2850 2932 pasceret
2870 2864 3012 2919 ullus
3033 2876 3168 2919 erat.

1865 2949 2097 3004 Devorat
2126 2959 2286 3019 atque
2313 2951 2435 3007 illas
2463 2955 2641 3008 rabies
2667 2955 2881 3009 inimica
2911 2955 3169 3022 ferarum,

1933 3038 2230 3110 Praedaque
2269 3039 2328 3095 iit
2359 3045 2618 3100 monstris
2647 3061 2783 3115 quos
2807 3047 2956 3100 vehit
2983 3048 3132 3103 orbis
3163 3063 3309 3119 ager.

1790 3103 1831 3160 (ἶ
1865 3127 2101 3183 Necdum
2133 3103 2376 3198 deposito
2405 3103 2926 3204 vitiorum-pondere
2963 3136 3102 3200 diro,

1936 3217 2195 3273 Ponderis
2223 3222 2424 3291 egregii
2453 3224 2543 3291 qui
2574 3225 2780 3292 petiere
2808 3225 3006 3281 locum.

1869 3310 2108 3364 Tramite
2133 3312 2222 3379 qui
2251 3313 2373 3366 vitm
2402 3324 2676 3381 nequeunt
2705 3317 3010 3383 prmcederc
3035 3327 3236 3371 sanctze

1939 3400 2242 3470 Subjectos,
2275 3403 2468 3470 quibus
2499 3405 2613 3456 hmc
2643 3420 2747 3458 non
2775 3407 2910 3459 bene
2935 3414 3060 3460 nota
3090 3407 3308 3460 viai-st.

1872 3493 1987 3558 Quo
2013 3508 2142 3562 rogo
2171 3493 2293 3561 quis
2318 3502 2475 3562 pacto
2505 3495 2666 3549 sociis
2688 3496 2803 3563 quit
2832 3497 3062 3565 praevius
3084 3512 3234 3561 esse,

1943 3585 2042 3652 Qui
2073 3585 2230 3639 modo
2255 3586 2397 3655 quod
2429 3593 2610 3640 teneat
2652 3587 2740 3641 hic
2769 3603 2982 3656 quoque
3013 3589 3185 3643 nescit
3215 3589 3347 3643 iter?

1876 3675 1930 3730 Si
1969 3676 2117 3730 calor
2155 3685 2269 3742 est,
2312 3679 2589 3739 umbram,
2637 3679 2681 3732 si
2718 3677 2885 3748 frigus
2919 3680 3210 3749 qumrimus
3250 3679 3434 3750 ignem

1945 3765 2164 3835 Quoque
2188 3767 2379 3836 juvare
2407 3781 2550 3836 queo
2577 3776 2726 3822 certo
2747 3766 2941 3836 juvare
2973 3787 3001 3821 u
3025 3769 3146 3823 odo.

1875 3859 2005 3924 Quis
2034 3865 2176 3912 vetet
2205 3858 2432 3912 interius
2460 3859 2638 3913 verbis
2659 3874 2854 3913 ornare
2883 3859 3199 3930 magistrum
3219 3901 3233 3925 ,

1948 3949 2115 4015 Quem
2141 3948 2277 4002 solet
2300 3950 2537 4004 exterius
2561 3965 2775 4004 comere
2799 3960 2982 4005 nostra
3011 3953 3240 4006 manus?

1878 4043 2011 4096 Vitae
2038 4051 2092 4096 et
2121 4043 2438 4096 munditiem
2470 4058 2567 4096 cur
2588 4059 2694 4097 non
2731 4042 2988 4096 adbibere
3017 4045 3238 4111 parabo,

1945 4133 2079 4187 Cum
2109 4133 2267 4186 modo
2297 4133 2342 4186 si
2366 4132 2580 4187 sordem
2605 4147 2709 4185 non
2745 4131 2859 4185 fero
2887 4132 3052 4185 vestis
3085 4131 3286 4186 habet?

1877 4223 1985 4277 Cur
2010 4239 2116 4277 non
2143 4222 2340 4291 optabo
2368 4230 2586 4276 :eternre
2613 4221 2966 4274 adcommoda
2999 4221 3142 4282 vitae,

1949 4313 2082 4367 Cum
2111 4313 2270 4368 modo
2302 4319 2502 4382 quanta
2531 4323 2668 4379 queo
2697 4309 2978 4364 commoda
3008 4307 3125 4363 Pere
3153 4309 3322 4378 paro?

1882 4403 2137 4456 Ecclesiae
2173 4402 2301 4455 huic
2335 4401 2496 4453 debet
2523 4398 2751 4468 populus
2781 4413 2838 4451 se
2869 4397 3097 4454 subdere
3129 4407 3317 4461 totum,

1955 4493 2085 4558 Quze
2115 4491 2376 4545 laudanda
2410 4505 2583 4544 aevum
2611 4489 2766 4542 turba
2797 4503 2890 4558 per
2916 4503 3075 4542 omne
3096 4499 3302 4544 manet.

1885 4607 2014 4672 Qua:
2041 4605 2206 4658 decus
2237 4612 2291 4657 et
2315 4601 2585 4671 splendor,
2614 4599 2889 4654 fundatrix
2917 4598 3032 4668 ejus
3056 4599 3120 4656 'et
3143 4601 3331 4667 altrix,

1955 4697 2182 4751 Nomina
2220 4708 2538 4764 magnorum
2566 4699 2690 4761 post
2714 4692 2958 4746 duodena
2983 4691 3178 4746 virum.

1885 4788 2002 4857 Ipse
2025 4785 2394 4840 columnarum
2425 4783 2479 4836 in
2519 4781 2736 4837 Christo
2767 4780 3106 4837 firmissimus
3136 4782 3268 4837 ordo

1958 4877 2139 4940 Fixus,
2170 4875 2255 4928 cui
2287 4873 2549 4928 incumbit
2588 4872 2772 4926 sedula
2804 4872 2906 4926 rite
2933 4873 3148 4928 cohors.

1889 4966 2056 5035 Hujus
2083 4967 2305 5022 sidereae
2334 4963 2684 5033 resplendens
2701 4961 2866 5032 janua
2899 4963 3075 5028 sedis,

1958 5057 2061 5110 Per
2085 5070 2222 5126 quos
2250 5055 2315 5108 ad
2341 5053 2613 5108 Christum
2640 5054 2731 5122 qui
2768 5055 2914 5124 cupit
2941 5055 3107 5109 intrat
3133 5069 3319 5110 ovans.

1887 5146 2026 5202 Cura
2055 5145 2413 5215 regendarum
2439 5145 2635 5214 quibus
2663 5152 2744 5199 est
2772 5161 3029 5202 concessa
3058 5148 3358 5202 animarum

1961 5236 2196 5290 Sortitos
2218 5234 2398 5305 populi
2425 5233 2664 5304 pondera
2690 5250 2880 5306 magna
2910 5235 3110 5291 ferunt.

1891 5328 2100 5397 Quique
2127 5326 2344 5381 incensa
2370 5340 2588 5394 precum
2623 5325 2750 5379 dant
2791 5341 2892 5394 pro
2926 5325 3238 5395 peccamine
3271 5318 3460 5388 plebis.

1963 5419 2027 5470 Et
2051 5416 2188 5471 mala
2217 5414 2497 5485 deplorant
2525 5414 2682 5469 mista
2713 5414 2886 5468 aliena
2916 5415 3047 5470 suis.

1891 5511 2095 5566 Judicis
2124 5516 2375 5563 avertunt
2400 5507 2645 5562 immensi
2673 5522 2702 5559 a
2732 5506 2978 5574 plebibus
3001 5505 3159 5566 iram,

1961 5600 2094 5655 Cum
2120 5599 2337 5670 preprio
2363 5597 2466 5653 hoc
2501 5597 2708 5668 Moyses
2733 5594 2902 5648 fratre
2925 5593 3150 5661 gerebat
3175 5603 3332 5660 opus.

1893 5692 1984 5746 Ille
2009 5691 2299 5747 voluntatis
2323 5693 2524 5744 chorus
2548 5697 2630 5742 est
2655 5693 2906 5741 narrator
2931 5684 3146 5750 herilis,
