3970 6184
190 236 268 290 36]
1408 228 1703 286 CAHMINA

1798 230 1897 284 ΑΒ.
1942 232 2024 285 γι.

189 346 395 417 Displicet
417 345 698 400 Altithrono
726 345 920 414 duplex
945 345 1166 415 pellacia
1204 353 1450 414 semper;

239 438 326 493 Cor
346 447 516 492 rectum
545 445 602 492 et
640 437 868 506 simplex
893 437 1098 491 arbiter
1119 453 1304 506 :equus
1332 446 1498 492 amat.

852 528 936 582 ιιι.

180 639 314 687 ρελιε
345 637 561 678 ιεωκιωι
609 637 678 675 ΕΤ
725 636 841 683 QUE
894 636 1213 675 PARCIIONIA
1264 634 1366 674 DEO
1417 636 1680 674 ACCEPTA-

263 709 376 748 BILIS
407 709 510 755 SIT,
552 708 619 746 ΕΤ
673 707 848 745 POSSIT
893 707 1196 745 ωινετιιλκε
1244 707 1572 745 Ροετυιλτλ.

179 786 378 855 Namque
410 799 496 854 per
521 783 796 853 egregium
825 783 1026 853 jejunia
1059 792 1239 837 sancta
1261 782 1574 852 prophetem

232 875 338 929 Hzec
369 883 572 944 accepta
598 874 699 928 sibi
733 890 828 927 rex
851 873 992 928 Deus
1018 874 1130 942 ipse
1157 873 1367 942 probat.

179 967 344 1020 Solvite
365 965 757 1030 vincturas,ait,
777 964 1064 1034 impietatis
1094 964 1287 1032 iniquae
1316 979 1331 1016 :

229 1055 407 1110 Solvite
439 1053 720 1109 fasciculos
745 1054 837 1124 qui
865 1053 1005 1108 male
1038 1068 1178 1122 saepe
1207 1062 1474 1122 premunt.

179 1148 257 1203 F‘ac
281 1156 332 1202 ut
355 1158 434 1204 eat
451 1148 584 1203 liber
604 1149 932 1203 constrictus
960 1149 1050 1218 qui
1077 1147 1178 1201 fuit
1207 1157 1354 1212 ante,

224 1241 501 1312 Disruptum
525 1244 597 1296 sit
623 1257 759 1296 onus
781 1257 1003 1310 prorsus
1025 1250 1081 1295 et
1106 1255 1264 1295 omne
1294 1241 1411 1296 tibi.

179 1334 310 1400 luem
333 1341 495 1387 manet
519 1333 744 1397 esuries,
772 1347 963 1402 panem
991 1348 1058 1387 ne
1094 1332 1343 1402 frangere
1367 1343 1567 1393 temne,

223 1425 295 1480 Sit
323 1441 476 1494 vagus
499 1433 552 1478 et
572 1425 643 1480 sit
671 1439 836 1494 egens
863 1425 1056 1478 ductus
1076 1424 1128 1476 in
1155 1423 1270 1477 aede
1297 1432 1407 1477 tua.

177 1514 344 1570 t'estito
371 1517 579 1580 nudum,
614 1525 670 1571 et
698 1517 973 1586 propriam
1007 1531 1074 1568 ne
1103 1513 1322 1584 despice
1347 1529 1587 1579 carnem,

219 1605 443 1673 Ejusdem
463 1608 715 1677 quoniam
744 1606 1074 1662 conditionis
1100 1605 1234 1661 ines.

177 1696 288 1750 l‘uuc
314 1705 368 1752 ut
393 1712 543 1752 mane
572 1707 675 1752 tuae
700 1705 1010 1767 prorumpet
1036 1696 1205 1767 gloria
1253 1697 1408 1762 lucis,

217 1794 277 1846 Et
301 1793 436 1848 celer
459 1795 697 1849 exoritur
733 1809 857 1847 mox
881 1803 972 1848 tua
995 1801 1145 1848 certa
1178 1793 1348 1848 salus.

177 1884 542 1953 ’rarcedentque
569 1896 715 1940 tuam
747 1886 936 1940 faciem
962 1887 1048 1955 pia
1072 1885 1195 1953 jura
1226 1886 1486 1940 Tonantis
1506 1928 1518 1948 ,

215 1975 426 2045 Colliget
451 1985 504 2029 et
531 1984 701 2030 temet
733 1976 901 2046 gloria
927 1985 1113 2030 sancta
1142 1975 1259 2028 Dei.

177 2065 294 2118 ‘uuc
319 2079 432 2118 cum
456 2064 633 2133 poscis
657 2065 776 2119 heri
801 2065 972 2134 pietas
995 2073 1049 2118 te
1075 2064 1330 2120 exaudiet
1351 2065 1498 2118 almi.

212 2153 405 2208 Adsum
427 2153 680 2209 clamanti
716 2153 856 2209 dicet
880 2163 934 2209 et
963 2154 1076 2224 ipse
1104 2155 1201 2208 tibi
1228 2167 1272 2207 α.

861 2271 950 2325 IV.

388 2375 595 2416 CONTRA
633 2377 998 2420 SIDIULATORES
1034 2383 1102 2421 ετ
1141 2383 1420 2423 SL'BDOI.OS.

177 2453 220 2506 iil
252 2454 436 2507 horum
469 2453 574 2508 ﬁxe
595 2455 758 2524 geris,
789 2457 904 2511 haec
938 2466 1115 2512 tamen
1147 2461 1325 2513 omnia
1361 2460 1482 2513 ﬁcte

207 2542 331 2596 Fers
359 2542 656 2609 simulator,
687 2546 854 2600 habes
888 2549 978 2617 qui
1005 2548 1292 2604 simulacra
1326 2551 1472 2604 boni.

178 2635 234 2698 uti
271 2634 404 2688 mala
443 2645 591 2689 certa
621 2638 782 2706 gerit,
812 2637 952 2692 bona
997 2655 1089 2693 seu
1118 2641 1368 2696 simulata
1402 2642 1688 2713 malignus,

205 2726 324 2781 Odit
351 2728 436 2798 qui
467 2729 605 2797 quod
633 2738 798 2793 amat,
831 2731 972 2800 quod
997 2732 1138 2788 Deus
1166 2735 1281 2788 odit
1311 2743 1475 2788 amat.

180 2834 256 2872 uze
281 2817 419 2872 Deus
446 2819 579 2884 odit,
605 2821 679 2874 ait
704 2822 918 2890 sapiens
947 2839 1042 2878 rex
1072 2824 1124 2890 ιδ,
1148 2825 1378 2894 denique
1402 2839 1494 2879 sex
1529 2834 1653 2880 sunt
1675 2866 1689 2890 ,

200 2912 348 2978 Quod
371 2912 666 2968 detestatur
690 2929 841 2969 mens
872 2930 967 2970 sua
997 2917 1282 2986 septimum
1316 2918 1473 2972 inest.

175 3004 395 3058 ublimes
420 3004 622 3068 oculos,
653 3005 928 3061 mendacis
959 3005 1158 3062 famina
1189 3007 1404 3078 linguae,

199 3093 484 3164 Sanguinis
512 3096 749 3152 insontis
777 3097 898 3166 quis
923 3097 1039 3152 fluit
1059 3098 1221 3163 unda,
1239 3114 1448 3154 manus.

175 3201 332 3255 orque
359 3187 502 3257 quod
525 3187 854 3243 immundum
876 3189 1157 3246 meditatio
1177 3206 1342 3260 prava
1366 3191 1692 3261 frequentat,

199 3275 553 3345 Pernicesquc
574 3277 737 3346 pedes
769 3277 820 3331 in
853 3277 993 3331 mala
1031 3293 1254 3347 qumque
1288 3280 1455 3349 gradi.

176 3367 386 3422 allacem
421 3375 609 3422 testem
642 3370 923 3423 mendacia
953 3385 1093 3423 szeva
1135 3373 1435 3430 canentem,

204 3459 261 3512 Et
281 3460 366 3529 qui
397 3459 539 3514 inter
561 3459 756 3514 fratres
776 3458 955 3531 jurgia
981 3460 1099 3514 dira
1133 3460 1266 3514 serit
1295 3462 1343 3512 ιι.

175 3567 246 3605 :ec
272 3552 414 3606 mala
432 3559 626 3607 cuncta
650 3553 808 3622 gerit,
827 3553 1013 3622 gessit,
1035 3561 1186 3623 geret
1205 3553 1496 3622 improbus,
1515 3569 1698 3608 amens

185 3643 279 3698 Est
315 3659 414 3699 sua
437 3659 589 3698 mens
615 3644 829 3713 probris
852 3659 1024 3713 usque
1056 3643 1258 3714 repleta
1289 3645 1464 3699 malis.

874 3755 937 3808 ν.

214 3861 285 3900 E0
335 3861 478 3910 QUOD
534 3863 734 3903 AVARUS
780 3865 1182 3906 AGGLOHERATIS
1229 3867 1468 3907 DIYERSIS
1514 3867 1698 3926 οηιθιβιτε

681 3935 894 3973 εΑτιΑιυ
935 3936 1148 3982 Νεουιτ.

175 4005 388 4074 Iidquid
420 4007 586 4061 habet
608 4008 771 4062 variis
798 4009 1096 4078 completus
1130 4011 1378 4080 gentibus
1406 4011 1573 4076 orbis,

176 4096 297 4150 Non
337 4098 445 4152 sibi
476 4097 803 4162 sufﬁcerent,
837 4100 879 4153 si
912 4115 1007 4154 sua
1043 4110 1237 4155 cuncta
1267 4100 1462 4156 forent.

175 4189 278 4256 ijus
311 4189 426 4243 erit
447 4197 728 4258 promptus
757 4190 999 4259 capiendi
1029 4206 1241 4259 semper
1262 4190 1531 4257 Avernus,

175 4277 288 4333 Nec
316 4278 512 4348 Stygis
541 4279 748 4349 impleri
772 4287 911 4334 tetra
938 4282 1190 4336 barathra
1224 4290 1450 4350 queunt.

175 4370 257 4423 iod
299 4368 522 4440 Chryse
555 4377 714 4440 atque
751 4368 987 4442 Argyra,
1019 4379 1074 4425 et
1111 4373 1252 4442 quod
1294 4372 1698 4465 Taprobanicus
1725 4402 1776 4465 Ι)

1413 4462 1594 4535 [orbis
1609 4506 1623 4530 ,

175 4548 427 4616 Quorum
466 4551 730 4606 sublimes
754 4566 876 4607 esse
903 4552 1158 4607 feruntur
1185 4569 1336 4624 opes.

175 4641 259 4695 lus
293 4642 521 4696 habens
559 4656 824 4711 gemmas,
853 4642 1149 4712 pigmenta,
1184 4651 1239 4698 et
1275 4644 1514 4699 eburnea
1551 4660 1700 4699 mon-

1465 4735 1630 4808 [stra,

175 4822 384 4893 )bryzi
413 4831 584 4892 anque
613 4824 730 4879 auri
758 4825 910 4880 dives
937 4823 1108 4896 Ophir
1130 4829 1299 4898 regio.

175 4930 272 4967 sur
301 4914 554 4968 odorato
581 4915 759 4969 veniat
795 4916 842 4970 si
866 4917 1058 4985 plenus
1084 4934 1320 4984 amomo,

176 5003 534 5072 )ivitiasque
562 5018 688 5058 suas
718 5004 899 5060 Persis
921 5015 972 5061 et
1001 5007 1116 5076 ipsa
1143 5008 1300 5063 ferat.

175 5108 350 5161 mque
382 5108 498 5148 suo
518 5107 685 5162 prepe
709 5093 780 5148 sit
815 5093 1134 5165 longinquus
1163 5097 1321 5151 thure
1351 5097 1594 5165 Sabmus,

175 5185 357 5252 itque
385 5183 814 5239 Eudaemonicus
837 5201 1060 5240 munera
1089 5196 1267 5256 portet
1291 5189 1485 5244 Arabs.

175 5275 376 5328 veniat
405 5274 646 5346 Bagatat
663 5275 929 5346 Agarenis
951 5277 1112 5331 rebus
1134 5287 1348 5343 onusta,

176 5367 317 5422 jrbs
354 5377 421 5424 ct
449 5368 822 5424 Achaemeniis
847 5385 967 5438 quae
994 5367 1093 5424 fuit
1119 5368 1228 5423 alta
1257 5369 1409 5425 locis.

175 5463 276 5517 tris
311 5469 379 5517 et
408 5461 724 5530 Euphrates
757 5462 900 5530 quod
934 5462 1116 5527 habet,
1147 5459 1397 5518 Jordauis
1418 5473 1472 5520 et
1498 5465 1630 5538 ipse,

175 5556 363 5625 itque
390 5556 726 5611 Palmstinus
762 5555 864 5610 fert
893 5556 1206 5612 benedictus
1234 5571 1381 5626 ager.

176 5693 177 5698 η
215 5669 345 5723 lsa.
382 5685 552 5734 Lvm,
579 5667 612 5723 6
638 5683 750 5738 seq.

523 5751 789 5812 Parnm.
837 5751 958 5812 CV.

3231 235 3340 291 ⁸589.

1703 346 1753 403 Λ
1780 346 2075 417 Bactraque
2101 348 2146 401 si
2175 346 2317 416 quod
2336 347 2532 402 habent
2553 346 2784 416 pulchri,
2808 357 2862 402 et
2889 347 3144 407 Hircania
3169 355 3340 426 digni,

1849 439 1915 492 Et
1931 438 2058 509 juga
2093 438 2434 508 Bosphoreus
2461 455 2579 508 qua:
2607 439 2742 494 bene
2778 447 2920 494 temo
2949 442 3107 513 regit.

1782 531 2000 585 Sericus
2030 545 2265 585 oceanus
2289 531 2455 594 vehit,
2485 540 2541 584 et
2564 532 2704 598 quod
2728 531 2920 603 Caspia
2947 550 3130 604 regna,

1850 624 2111 693 Quodque
2141 625 2255 692 ipso
2285 623 2449 679 Seres
2486 625 2683 679 vellere
2711 626 2861 681 dives
2884 628 3063 683 habet.

1781 716 1934 782 Quod
1965 715 2162 787 Scytha
2194 717 2449 779 crudelis,
2465 716 2594 771 Ceta
2627 727 2771 782 trux,
2800 727 2855 772 et
2883 718 3129 775 Sarmata
3159 723 3348 784 durus,

1851 805 2119 874 Quidquid
2154 805 2420 874 Hydaspis
2447 807 2628 870 habet,
2655 809 2936 878 quidquid,
2972 813 3173 875 Araxe,
3199 819 3348 867 tuum

3142 900 3161 973 [
3177 910 3276 956 est.

1783 989 2044 1058 Quodque
2092 988 2328 1042 Gelonus
2379 996 2560 1051 atrox,
2607 995 2750 1061 quod
2800 994 2959 1048 habet
3008 995 3354 1064 Rhodopeius

1855 1171 2103 1238 Arvaque
2126 1169 2348 1238 Riphaeo
2378 1185 2590 1239 semper
2623 1174 2818 1227 amicta
2847 1174 2989 1243 gelu.
3045 1085 3284 1157 [Ebms’

1789 1260 1855 1313 Et
1889 1260 2028 1330 quod
2053 1259 2397 1330 Hyperborea
2435 1275 2566 1329 gens
2593 1262 2696 1315 tixa
2727 1263 2828 1317 sub
2856 1264 3019 1320 Elicis
3040 1281 3163 1331 axe,

1863 1352 1956 1407 Vel
1984 1353 2202 1419 Tanais,
2226 1353 2312 1408 vel
2336 1356 2479 1424 quod
2507 1355 2709 1410 Pontus
2733 1365 2788 1410 ct
2816 1357 2952 1412 Ister
2978 1359 3196 1414 habent.

1791 1441 1942 1510 Quod
1967 1444 2194 1499 crinitus
2220 1453 2366 1498 amat
2395 1445 2599 1510 Danus,
2629 1447 2906 1518 ﬂavusque
2931 1447 3162 1513 Suevus,

1863 1536 2100 1606 Qumque
2119 1537 2218 1591 sub
2247 1545 2490 1593 extremo
2518 1554 2650 1607 gens
2674 1540 2939 1612 Aquilone
2957 1540 3123 1610 jacet,

1795 1627 1861 1681 Et
1888 1629 2031 1698 quod
2062 1626 2223 1682 habet
2250 1627 2470 1695 Mmsus,
2494 1629 2687 1694 Dacus,
2705 1631 3152 1700 Thrax,Atticus,
3167 1633 3360 1700 Arcas,

1720 1693 1767 1752 Β
1861 1693 2232 1786 Constantine,
2256 1727 2346 1774 tua
2375 1693 2631 1791 quidquid
2664 1693 2716 1775 in
2741 1725 2873 1778 urbe
2896 1693 3058 1796 viget.

1790 1809 1995 1865 Grmcia
2029 1811 2171 1880 quod
2198 1811 2455 1880 prudens,
2482 1813 2623 1881 quod
2654 1812 2761 1868 fert
2795 1813 3081 1870 Germania
3111 1817 3286 1881 fortis,

1863 1900 2017 1967 Quod
2037 1899 2296 1956 deformis
2325 1901 2492 1967 Abar,
2521 1903 2969 1975 Pannonicusque
2990 1905 3173 1976 Gipes.

1790 1993 1992 2062 Inclyta
2023 2008 2141 2062 qua:
2166 1995 2410 2064 patribus
2435 1995 2636 2050 dudum
2662 2006 2746 2051 est
2769 1997 3032 2066 promissa
3060 1997 3250 2059 beatis.

1863 2083 2128 2153 Quidquid
2157 2084 2466 2140 Hierusales
2493 2088 2623 2141 urbs
2648 2087 2809 2141 habet
2834 2087 2972 2142 alma
3002 2089 3116 2144 Dei.

1793 2175 1945 2241 Quod
1979 2175 2274 2231 Pelusiacis
2295 2193 2426 2248 gens
2450 2189 2567 2233 usta
2591 2181 2884 2248 vaporibus
2907 2189 3112 2251 aptum,

1862 2269 2012 2336 Quod
2040 2270 2345 2325 Troclodita
2382 2271 2554 2341 niger,
2586 2274 2728 2341 quod
2752 2273 3045 2329 Meroensis
3072 2276 3250 2330 habet.

1793 2359 2017 2415 Decolor
2038 2360 2350 2432 Ethiopum
2386 2377 2480 2416 sua
2517 2363 2562 2416 si
2592 2363 2682 2418 det
2707 2373 2898 2419 cuncta
2935 2374 3171 2429 caterva,

1865 2451 1930 2504 Et
1953 2467 2081 2520 gens
2116 2453 2214 2506 sub
2241 2452 2435 2508 Cancri
2466 2453 2646 2508 sidere
2673 2470 2898 2526 quaeque
2921 2458 3087 2526 jacet.

1795 2542 1947 2608 Quod
1975 2542 2270 2598 Nomadum
2293 2545 2496 2615 populi,
2526 2547 2669 2614 quod
2709 2546 2908 2600 habent
2934 2557 3021 2602 tua
3052 2563 3216 2618 regna
3257 2547 3353 2602 Ju-

3023 2638 3042 2711 [
3065 2640 3252 2709 gurtha
3277 2681 3290 2697 .

1865 2724 2125 2795 Quodque
2153 2736 2336 2781 secant
2367 2727 2575 2798 Syrtes,
2603 2728 2840 2799 Afraque
2870 2746 2996 2783 rura
3032 2731 3251 2785 vehunt.

1794 2815 1955 2873 Orbis
1976 2820 2120 2888 quod
2145 2819 2398 2890 Libycus,
2435 2821 2516 2876 vel
2538 2824 2679 2892 quod
2709 2823 2976 2877 Maurusia
3006 2823 3185 2886 tellus,

1864 2908 2017 2976 Quod
2052 2910 2201 2965 locus
2221 2911 2415 2977 Antaei,
2447 2912 2644 2967 hortuli
2677 2922 2732 2968 et
2756 2915 3127 2984 Hesperidum.

1719 3041 1764 3104 Ο
1795 2998 1945 3066 Quod
1968 2999 2254 3056 fortunatis
2278 3011 2537 3072 praestant
2571 3019 2665 3058 sua
2700 3021 2824 3060 rura
2850 3003 3111 3066 Galaulis,

1864 3091 2100 3160 Quorum
2128 3095 2447 3166 multiplices
2475 3098 2645 3152 insula
2668 3100 2839 3169 gignit
2867 3115 3016 3170 opes.

1791 3183 2002 3240 Praebet
2029 3185 2316 3242 Atlantiaci
2345 3189 2603 3260 quidquid
2633 3192 2785 3261 plaga
2812 3192 3016 3248 fervida
3040 3193 3230 3258 Mauri,

1863 3277 1930 3329 Et
1956 3293 2088 3346 gens
2115 3279 2159 3331 si
2182 3293 2286 3347 qua
2321 3289 2475 3334 ortus
2509 3284 2723 3336 conscia
2742 3324 2755 3346 ,
2785 3283 2919 3344 Nile,
2951 3287 3027 3338 tui
3057 3294 3159 3340 est.

1795 3367 2065 3434 Quidquid
2095 3369 2256 3422 habet
2285 3368 2519 3433 Latium,
2550 3371 2776 3426 fecunda
2805 3372 3052 3428 Calabria
3084 3373 3364 3444 quidquid,

1868 3455 1933 3508 Et
1965 3453 2153 3509 Veneti
2181 3465 2236 3509 et
2260 3457 2507 3526 Ligures,
2541 3474 2668 3514 arva
2695 3469 2750 3514 et
2790 3476 3000 3516 amoma
3029 3463 3182 3519 Padi.

1803 3541 2046 3612 Urbsque
2073 3544 2220 3614 prius
2250 3545 2466 3600 Daemon
2499 3547 2736 3616 tua,jam
2761 3566 2903 3605 nunc
2927 3553 3104 3608 dedita
3127 3553 3366 3622 Christo,

1865 3635 2017 3703 Quod
2044 3645 2208 3707 caput
2231 3638 2379 3693 orbis
2405 3653 2592 3705 ovans,
2623 3641 2762 3711 quod
2790 3643 2878 3713 pia
2911 3653 3084 3700 mater
3112 3646 3292 3701 habet.

1797 3726 2062 3781 Fraterno
2085 3742 2336 3796 aspersos
2366 3745 2486 3800 qua:
2516 3737 2761 3788 temnens
2789 3736 3047 3806 sanguine
3080 3754 3298 3804 manes,

1866 3817 2066 3874 Ccelica
2088 3835 2251 3888 regna
2282 3821 2436 3890 petit,
2464 3822 2584 3878 fana
2618 3825 2841 3895 profana
2871 3827 3026 3900 fugit.

1798 3909 2054 3981 llaudque
2077 3911 2200 3980 lupa
2223 3913 2353 3967 colit
2383 3914 2526 3971 hunc
2550 3915 2756 3981 alitum,
2793 3921 2887 3974 sed
2915 3919 3124 3991 virgine
3147 3932 3353 3986 natum,

1867 3999 2092 4071 Statque
2114 4003 2166 4056 in
2196 4004 2494 4072 apostolico
2522 4005 2716 4061 robore
2747 4010 2851 4063 fixa
2882 4010 3088 4066 cluens.

1797 4089 1966 4145 Gallia
1997 4092 2144 4161 quod.
2163 4093 2332 4158 dives,
2362 4095 2504 4164 quod
2534 4094 2640 4149 fert
2669 4097 2926 4166 Hispania
2957 4099 3204 4167 pulchra,

1868 4179 2082 4236 Fertilis
2109 4189 2166 4236 et
2190 4197 2372 4236 rerum
2401 4183 2646 4238 Corduba
2680 4187 2941 4254 quidquid
2976 4188 3157 4243 habet.

1798 4269 2056 4341 Quodque
2084 4271 2374 4326 Britannus
2414 4274 2596 4338 habet,
2628 4273 2936 4330 Scottorum
2959 4277 3210 4332 Hibernia
3229 4280 3370 4349 quod

3128 4366 3266 4439 [fert
3285 4410 3299 4435 ,

1877 4451 2018 4506 Utile
2045 4453 2089 4506 si
2117 4453 2245 4521 quid
2274 4454 2436 4510 habet
2459 4457 2505 4512 si
2531 4456 2718 4513 ultima
2749 4459 2862 4514 Tile
2891 4457 3049 4515 ferat.

1805 4541 2046 4611 Cumque
2072 4543 2228 4598 bonis
2251 4545 2485 4614 propriis
2511 4547 2696 4602 veniat
2724 4548 3056 4604 fortissimus
3083 4549 3266 4614 Astur,

1877 4631 1978 4698 Qui
2002 4641 2084 4689 est
2106 4635 2272 4690 decus
2309 4634 2686 4706 Hesperidum,
2717 4641 2874 4695 miles
2899 4639 2954 4694 in
2978 4655 3127 4695 arma
3163 4641 3368 4713 vigens.

1807 4723 2122 4794 Galliciique
2145 4725 2246 4781 soli
2269 4727 2453 4782 veniat
2480 4729 2524 4783 si
2555 4728 2731 4786 cultor
2760 4731 2992 4801 opimus,

1880 4814 2151 4871 Finitimis
2171 4825 2397 4884 praestat
2421 4819 2510 4887 qui
2540 4819 2678 4874 bona
2707 4821 2929 4892 pulchra
2957 4823 3090 4877 suis.

1805 4902 1996 4960 Omnia
2028 4906 2072 4961 si
2104 4907 2322 4962 sibimet
2341 4909 2500 4963 simul
2531 4911 2644 4966 haec
2672 4920 2924 4982 congesta
2951 4913 3232 4982 darentur,

1877 4994 1992 5052 Non
2020 5011 2116 5052 sua
2142 5013 2304 5052 avara
2333 5014 2528 5056 manus
2554 5001 2717 5058 ditior
2745 5005 2870 5060 inde
2895 5003 3052 5062 foret.

2538 5109 2624 5165 Vl.

1879 5214 1942 5251 DE
1971 5213 2039 5253 εο
2066 5215 2203 5262 QUOD
2231 5215 2542 5265 PLERUIIQUII
2575 5218 2828 5260 REPHOBIS
2855 5221 3118 5262 PROSPERA
3148 5221 3301 5262 SUNT.

1811 5287 1994 5358 Ενίρθ,
2025 5289 2226 5357 David,
2257 5293 2430 5362 aquis,
2459 5308 2645 5359 orans,
2672 5311 2758 5351 me
2783 5312 2847 5351 ex
2873 5298 3132 5369 pluribus,
3164 5299 3370 5364 inquit,

1881 5379 2226 5452 Externaque
2251 5400 2410 5438 manu
2435 5386 2618 5455 proles
2646 5390 2839 5444 acerba
2869 5400 2959 5443 tua

1809 5471 1909 5539 Qui
1937 5482 2082 5530 stant
2103 5477 2407 5548 vaniloquis
2434 5478 2829 5536 furiata'meute
2855 5480 3107 5550 loquelis,

1881 5567 2108 5622 Dextera
2134 5578 2187 5622 ct
2211 5579 2293 5623 est
2317 5585 2542 5639 quorum
2569 5573 2788 5627 dextera
2819 5571 3090 5640 nequitiae,

1897 5676 1922 5714 ι»
1958 5675 2119 5740 Prov,
2152 5694 2227 5744 γι,
2257 5679 2320 5733 16
2353 5695 2465 5749 seq.
2871 5739 2942 5794 10
