3970 6184
409 284 443 337 5
459 282 520 335 ’ἶῦ

412 394 520 449 Ceu
547 408 685 448 nova
712 401 960 447 natorum
985 396 1171 446 vernat
1193 387 1453 458 plantatio
1475 399 1704 454 quorum
1725 424 1739 448 ,

485 485 684 540 lndolis
710 500 738 537 a
767 493 963 538 tenerae
984 497 1102 553 qua:
1128 487 1369 550 vegetata
1396 479 1484 533 die
1509 486 1611 532 est.

416 579 738 647 Compositze
760 583 815 629 et
843 581 1070 643 compta
1095 572 1516 640 circumquaque
1543 569 1780 637 undique
1807 573 1944 618 naue
1961 602 1976 626 ,

489 669 597 724 Ceu
624 666 804 736 templi
832 665 1055 719 illustris
1081 662 1251 717 aulica
1277 659 1448 715 forma
1477 660 1597 714 Dei.

421 759 622 813 [lorum
645 764 702 811 et
726 756 780 809 in
807 755 1123 808 alterutrum
1147 751 1361 806 cellaria
1388 750 1548 819 plena
1574 747 1904 809 redundant,

487 850 661 916 Atque
686 860 835 900 mem
856 845 1095 900 exsultat
1119 843 1370 898 uberiore
1396 857 1556 910 penu.

419 939 749 1008 Simplicitas
774 937 912 991 redit
933 937 1081 1006 itque
1107 935 1212 988 illis
1240 934 1406 989 fetosa
1435 934 1743 996 bidentum,

489 1028 725 1097 Corpora
754 1034 878 1081 sunt
904 1027 1096 1080 horum
1124 1025 1416 1095 plurimum
1440 1022 1602 1077 obesa
1632 1023 1814 1076 boum.

418 1119 571 1174 Nulla
596 1126 755 1190 parat
776 1118 957 1188 paries
979 1115 1264 1186 praesentis
1294 1115 1447 1184 signa
1482 1114 1650 1167 ruinzc
1668 1154 1681 1176 ,

490 1210 597 1266 Res
622 1224 726 1264 nec
751 1222 938 1264 eorum
961 1207 1103 1261 ullus
1127 1206 1382 1258 transitus
1409 1219 1577 1273 angor
1599 1204 1727 1273 agit.

421 1303 549 1357 llaec
571 1307 700 1356 sunt
722 1298 814 1369 qui
837 1297 1092 1368 populum
1118 1295 1271 1349 multi
1295 1294 1480 1349 dixere
1503 1295 1740 1359 beatum,

484 1391 593 1445 Est
617 1389 747 1445 l‘elix
771 1385 924 1456 cuius
950 1401 1038 1441 res
1062 1386 1202 1441 Deus
1234 1388 1350 1457 ejus
1379 1386 1540 1441 herus
1568 1398 1615 1438 ι.

1156 1497 1244 1552 νη

855 1585 920 1623 DE
945 1583 1119 1623 EADEI
1150 1584 1215 1622 RB
1246 1584 1299 1622 IN
1327 1584 1571 1623 JEREMIA.

427 1663 694 1720 Jcremias
722 1662 972 1732 precibus
995 1661 1080 1715 his
1105 1661 1457 1730 compellasse
1482 1661 1782 1715 Tonantem

501 1752 708 1808 Gaudet
729 1793 743 1818 ,
772 1761 827 1805 et
851 1752 950 1806 hac
977 1752 1030 1806 in
1058 1767 1118 1806 re
1143 1751 1275 1806 talia
1303 1753 1464 1806 verba
1491 1753 1639 1806 dare.

429 1841 542 1899 Cur
564 1843 648 1897 via
675 1851 992 1912 peccantum
1019 1850 1104 1897 est
1122 1843 1424 1912 justissime
1445 1858 1701 1913 prospera
1728 1843 1943 1896 rector?

500 1934 568 1988 Et
588 1934 722 1988 bene
746 1949 872 1987 nam
898 1933 1109 1988 cunctis
1133 1934 1225 2004 qui
1252 1933 1391 1988 mala
1419 1949 1644 2003 qumque
1672 1942 1884 2003 gerunt.

427 2025 473 2079 Α
500 2033 552 2079 te
575 2024 802 2094 plantati
826 2023 1049 2094 pulchra
1076 2024 1259 2079 radice
1283 2025 1588 2086 virescunt,

498 2115 792 2171 Proﬁciunt
816 2113 1024 2170 fructus
1049 2123 1104 2171 et
1127 2115 1371 2170 faciendo
1397 2131 1543 2172 suos.

431 2202 587 2258 Ficto
611 2217 864 2258 sermone
891 2203 1105 2258 illorum
1131 2220 1190 2260 es
1216 2213 1272 2259 tu
1300 2207 1578 2274 proximus
1602 2206 1714 2270 ori,

503 2292 762 2346 lnteriore
787 2299 967 2347 tamen
996 2295 1192 2348 mentis
1219 2296 1287 2350 ab
1313 2311 1440 2350 arce
1467 2297 1677 2366 procul.

433 2383 500 2436 Et
525 2390 580 2435 tu
602 2423 617 2447 ,
643 2397 853 2436 summe
875 2383 1038 2448 Deus,
1066 2385 1152 2438 cui
1177 2386 1384 2456 singula
1408 2387 1589 2442 clausa
1614 2396 1926 2458 patescunt,

503 2475 574 2529 Et
597 2473 734 2528 bene
759 2475 1065 2544 cognoscis,
1090 2481 1145 2531 et
1169 2477 1306 2532 bene
1330 2479 1509 2534 cernis
1533 2494 1645 2535 eos.

433 2565 542 2621 llos
569 2565 642 2619 ita
669 2564 1011 2634 conglomera
1029 2607 1043 2631 ,
1075 2567 1216 2623 sicut
1244 2569 1338 2625 tibi
1364 2570 1582 2626 victima
1604 2587 1734 2642 grex
1759 2582 1839 2628 est
1857 2616 1870 2638 ,

498 2655 861 2713 Sanctiﬁcans
879 2655 1026 2726 juste
1052 2667 1294 2731 tempore
1317 2663 1508 2719 mortis
1532 2679 1627 2720 eos
1654 2665 1700 2719 ι).

1156 2773 1288 2828 VIII.

933 2859 999 2897 DE
1025 2858 1202 2898 BADEI
1229 2859 1296 2898 RE
1321 2859 1375 2900 Ill
1400 2860 1508 2901 ΣΘΒ.

434 2929 536 2987 Iob
558 2947 771 3003 quoque
795 2934 874 2989 sic
900 2933 1096 2988 recinit
1114 2973 1130 3000 ,
1154 2941 1300 3000 tuus,
1327 2949 1361 2990 o
1384 2935 1645 3006 patientia
1669 2937 1826 2992 miles
1842 2977 1858 3002 ,

510 3021 754 3093 Remque
778 3025 917 3080 hanc
941 3025 995 3079 in
1019 3026 1238 3096 proprio
1262 3028 1502 3082 carmine
1521 3029 1721 3098 promit
1746 3029 1842 3083 ita.

433 3116 546 3174 Cur
571 3133 703 3189 ergo
726 3118 868 3174 elata
892 3133 1183 3190 pravorum
1208 3118 1374 3175 factio
1398 3120 1564 3187 vivit,

511 3208 653 3266 Sunt
677 3211 966 3268 confortati
992 3227 1122 3282 gaza
1147 3212 1256 3266 tuis
1280 3210 1514 3282 opibus?

434 3303 730 3361 Permanet
750 3304 1030 3360 infandum
1054 3320 1236 3360 coram
1263 3305 1370 3360 illis
1396 3320 1582 3361 semen
1607 3319 1796 3362 eorum
1815 3347 1829 3372 ,

509 3395 689 3452 Turba
713 3397 1137 3468 pr0pinquorum
1163 3405 1219 3453 et
1243 3397 1481 3466 undique
1505 3396 1674 3470 cingit
1696 3411 1811 3454 eos.

434 3486 687 3543 l’razsunt
712 3488 922 3542 securis
942 3487 1279 3557 sincerisque
1300 3486 1505 3543 adibus
1529 3488 1651 3554 isti,

508 3575 740 3647 Nonque
766 3592 929 3648 super
954 3577 1055 3633 hos
1077 3584 1162 3632 est
1186 3592 1282 3632 rex
1305 3585 1397 3632 tua
1423 3578 1572 3649 virga
1598 3579 1759 3636 Deus.

436 3667 675 3725 Parturit
699 3668 894 3723 horum
919 3667 1040 3731 bos,
1069 3682 1302 3722 nocuum
1325 3683 1428 3722 nec
1452 3669 1619 3722 sentit
1639 3668 1886 3725 abortum
1904 3710 1920 3737 ,

509 3758 712 3814 Bucula
735 3773 837 3813 nec
861 3756 974 3812 fetu
1000 3757 1060 3811 lit
1081 3757 1300 3812 viduata
1325 3773 1446 3813 suo.

436 3847 605 3917 Inque
632 3861 853 3916 gregum
879 3847 1154 3902 modulum
1181 3848 1425 3916 procedit
1449 3849 1669 3918 parvula
1695 3852 1848 3908 turba
1871 3893 1887 3920 ,

506 3936 801 3992 Exsultans
825 3937 992 3991 variis
1019 3936 1224 3992 lusibus
1249 3945 1411 4007 atque
1429 3939 1588 4008 jocis.

428 4027 717 4100 Tympana
740 4041 930 4097 nempe
945 4042 1107 4080 manu
1125 4028 1385 4092 retinent,
1405 4029 1749 4100 citharaeque
1765 4046 2008 4098 sonoras,

508 4118 894 4190 Organeusque
917 4133 1082 4174 sonus
1106 4119 1302 4190 gaudia
1329 4129 1554 4189 przestat
1578 4122 1678 4175 eis.

431 4213 692 4269 Pluribus
711 4212 880 4283 inque
903 4212 1060 4268 bonis
1083 4213 1354 4267 deducunt
1380 4221 1621 4283 tempora
1649 4216 1799 4282 vita,

497 4303 617 4360 Sed
641 4302 822 4374 Stygis
847 4303 904 4358 in
934 4310 1135 4374 puncto
1161 4311 1303 4359 tetra
1327 4303 1583 4360 barathra
1608 4315 1796 4376 petunt
1820 4319 1866 4362 ο.

531 4521 677 4572 QUOD
707 4523 936 4563 DOIINUS
960 4523 1254 4564 ιιιτηκυυε
1275 4524 1360 4564 Sl'l'
1386 4525 1561 4577 NOBIS,
1590 4527 1652 4567 AC
1679 4529 1901 4569 PENITUS

888 4594 1136 4636 AIANDUS
1157 4595 1229 4635 ΕΤ
1256 4596 1546 4636 ῖηιεκυυε.

431 4670 675 4742 Namque
699 4671 944 4728 imitatur
955 4687 1089 4728 .eum
1113 4672 1317 4742 pietate
1338 4673 1424 4729 vel
1448 4674 1656 4728 actibus
1677 4675 1858 4738 almis,

503 4763 604 4829 Qui
626 4763 789 4817 nobis
813 4771 869 4819 et
893 4763 1058 4818 herus
1081 4771 1140 4818 et
1163 4763 1330 4818 Pater
1357 4763 1536 4818 almus
1560 4765 1719 4818 inest.

433 4852 530 4908 Cui
556 4852 730 4921 pietas
758 4852 1019 4908 immensa
1044 4861 1257 4919 manet,
1284 4853 1570 4909 clementia
1595 4853 1789 4920 dulcis,

506 4941 610 5010 Qui
634 4942 886 5012 precibus
909 4943 1086 5013 dignis
1111 4957 1328 5012 semper
1351 4943 1541 4998 adesse
1563 4942 1718 4998 solet.

1412 272 1796 332 TllEODULFI
1837 261 2385 325 AURELIANENSIS
2426 259 2636 318 EPISC.

2003 381 2053 438 Α
2085 374 2328 444 Degener
2351 374 2537 429 existit
2558 373 2604 428 si
2630 370 2827 442 proles,
2854 384 3021 426 verna
3048 370 3342 439 superbus.

3543 256 3650 313 36$

2155 464 2398 520 Dedecus
2418 464 2745 518 immensum
2770 460 2940 516 (adat
2962 470 3252 530 utrumque
3274 460 3426 516 satis.

2833 572 2902 627 X.

2085 679 2149 720 DE
2171 679 2544 719 SlIlUl.ATOBUM
2565 680 2634 717 ΕΤ
2651 679 2969 718 ετυιτοιιωι
2992 677 3270 729 SOCORDIA,
3289 680 3376 728 QUI
3400 682 3661 722 NESCIUNT

2157 754 2187 790 Λ
2219 751 2314 790 εωι
2354 751 2657 788 Ριυινιτλτε
2694 751 2794 788 PER
2826 749 3000 789 ΒοΝΑιι
3039 750 3493 792 ΕΧΒΟΒΤΔΤΙΟΝΕΙ
3532 753 3661 793 σοι(-

2155 822 2342 862 γειιτι.

2084 896 2237 951 lllum
2266 913 2374 952 non
2402 895 2518 964 sal,
2543 912 2649 952 non
2678 896 2839 952 istum
2866 896 3128 967 sapientia
3155 898 3372 964 condit,

2162 990 2317 1045 Hunc
2344 991 2589 1046 doctrina
2614 989 2802 1059 nequit
2825 990 3063 1053 vincere,
3094 989 3174 1044 sal
3199 1005 3300 1045 nec
3322 1006 3446 1046 eum
3462 1033 3477 1055 ,

2090 1080 2401 1135 Doctrlnam
2429 1082 2584 1150 cujus
2605 1096 2800 1134 vanum
2826 1087 2912 1134 est
2935 1079 3195 1134 adhibere
3219 1080 3489 1146 medullis,

2161 1169 2386 1238 Quoque
2415 1169 2586 1239 magis
2613 1169 2827 1234 doceas,
2857 1168 3075 1223 stultior
3099 1169 3224 1225 inde
3251 1169 3362 1225 ﬁet.

2093 1260 2184 1316 Sic
2210 1261 2432 1316 crudum
2457 1261 2669 1315 studeat
2691 1259 2911 1314 laterem
2936 1261 3062 1314 dum
3087 1260 3317 1330 quisque
3343 1262 3523 1320 lavare
3539 1305 3554 1330 ,

2164 1350 2282 1417 Quo
2307 1350 2481 1420 magis
2505 1349 2732 1415 eluerit,
2761 1349 2885 1419 plus
2911 1348 3041 1404 facit
3067 1350 3193 1405 inde
3219 1351 3339 1406 luti.

2097 1439 2236 1506 Quid
2260 1441 2398 1494 bona
2423 1439 2584 1494 verba
2600 1437 2811 1507 juvant,
2832 1439 2924 1494 ubi
2945 1438 3021 1493 nil
3042 1440 3204 1495 habet
3225 1441 3369 1496 alma
3386 1443 3671 1500 voluntas?

2166 1533 2273 1586 Aut
2299 1533 2428 1601 quid
2452 1533 2506 1586 in
2531 1533 2721 1588 urticis
2747 1531 2956 1587 semina
2975 1530 3121 1600 jacta
3139 1533 3368 1602 juvent?

2100 1622 2261 1677 Flava
2288 1625 2418 1692 quid
2442 1624 2727 1680 horrendis
2753 1633 2978 1693 prosunt
3002 1625 3126 1679 data
3153 1625 3312 1681 mella
3337 1627 3580 1685 lacunis?

2173 1717 2312 1785 Quid
2335 1718 2462 1772 litor
2485 1727 2578 1772 aut
2602 1718 2707 1773 olei
2735 1727 2976 1774 stercore
3001 1720 3196 1774 mistus
3218 1721 3379 1790 aget?

2100 1811 2239 1877 Quid
2259 1810 2411 1879 juvat
2433 1810 2610 1865 aurito
2633 1810 2744 1881 lyra
2769 1810 2814 1865 si
2840 1811 3100 1880 persultet
3127 1811 3316 1877 asello,

2168 1899 2462 1972 Cornigero
2486 1911 2579 1955 aut
2602 1901 2766 1956 lituus
2788 1902 2835 1956 si
2859 1911 3066 1971 strepat
3091 1911 3207 1957 arte
3231 1903 3390 1958 bovi?

2100 1988 2226 2047 Sole
2251 1993 2460 2048 oriente
2486 1995 2632 2064 viget
2651 2002 2916 2064 quantum
2941 2001 3032 2048 tua
3055 1995 3194 2049 visio
3213 2010 3357 2051 caece
3373 2036 3388 2059 ,

2173 2083 2406 2139 Tantum
2433 2083 2552 2154 ejus
2579 2100 2772 2140 sensus
2797 2093 2920 2154 post
2942 2084 3084 2140 bona
3113 2087 3273 2140 verba
3301 2086 3456 2141 solet.

2100 2172 2354 2229 Carmina
2372 2175 2526 2245 plura
2541 2185 2767 2246 queunt,
2783 2185 3057 2248 nequeunt
3073 2187 3252 2233 tamen
3268 2180 3472 2247 omnia,
3488 2195 3676 2250 quam-

2172 2262 2376 2317 Littera
2403 2265 2637 2333 gentilis,
2668 2266 2769 2321 hoc
2793 2281 3006 2336 quoque
3032 2281 3221 2321 sancta
3247 2269 3410 2323 canit.
3547 2269 3567 2344 [
3591 2272 3674 2327 vis

2104 2353 2310 2409 Dicitur
2334 2363 2390 2410 et
2411 2354 2566 2410 Circe
2594 2358 2770 2412 socios
2795 2357 3020 2428 insignis
3045 2358 3251 2429 Ulyssis

2175 2446 2409 2501 Mutasse
2436 2447 2489 2500 in
2517 2447 2697 2501 varias
2723 2447 2981 2502 carminis
3007 2457 3122 2504 arte
3149 2447 3312 2503 feras.

2105 2536 2342 2591 Plurima
2371 2552 2493 2592 cum
2518 2536 2760 2606 possint,
2789 2538 3025 2594 scabiem
3053 2554 3245 2594 sanare
3275 2539 3607 2610 nequibant,

2179 2628 2345 2684 Tinea
2371 2644 2471 2684 nec
2496 2630 2689 2685 horum
2717 2645 2993 2686 murmure
3020 2646 3150 2685 sana
3178 2631 3288 2688 (iet.

2107 2721 2176 2778 Ut
2201 2729 2378 2777 tamen
2406 2722 2493 2776 illa
2519 2723 2653 2778 nihil
2679 2723 2765 2779 cui
2790 2725 3047 2779 manserit
3075 2725 3249 2779 hirnia
3274 2734 3534 2794 prosunt,

2174 2812 2418 2883 Cumque
2445 2812 2614 2878 ﬁunt,
2649 2820 2818 2868 totum
2842 2814 3082 2883 perditur
3109 2815 3236 2870 illud
3263 2830 3397 2886 opus
3422 2830 3439 2870 :

2109 2902 2200 2962 Sic
2227 2908 2483 2977 deperdct
2510 2923 2644 2977 opus
2671 2908 2765 2964 tibi
2793 2910 2884 2978 qui
2904 2950 2919 2974 ,
2945 2909 3226 2964 simulator
3249 2911 3460 2980 inique,

2179 2997 2442 3065 Quiddam
2473 2998 2620 3053 nisus
2646 2999 2750 3053 erit
2775 2999 3049 3054 insinuare
3072 3001 3220 3055 boni.

2110 3089 2351 3160 Denique
2377 3106 2468 3146 rex
2494 3091 2711 3161 sapiens
2737 3105 2859 3145 cum
2882 3091 3110 3161 plurima
3133 3092 3330 3148 dixerit
3355 3093 3546 3159 istinc,

2179 3181 2292 3239 Hoc
2317 3198 2483 3238 unum
2509 3183 2739 3254 exempli
2763 3199 2964 3254 ponere
2990 3195 3134 3241 sorte
3159 3186 3306 3242 libet.

2111 3271 2168 3329 Si
2197 3283 2454 3330 contusus
2477 3275 2580 3330 erit
2606 3275 2726 3345 pila:
2752 3275 2805 3330 in
2829 3278 3092 3349 vertigine
3117 3279 3313 3334 stultus

2182 3365 2254 3422 Ut
2277 3365 2380 3432 far,
2409 3367 2664 3438 segnities
2690 3383 2796 3423 non
2823 3384 2918 3423 sua
2943 3369 3151 3440 linquet
3173 3387 3296 3425 eum
3323 3377 3372 3426 α.

2110 3456 2285 3512 Verba
2310 3456 2460 3511 ducis
2484 3457 2636 3525 posui
2653 3498 2668 3522 ,
2695 3472 2892 3527 ponam
2919 3459 3046 3528 quid
3075 3461 3274 3515 rustica
3294 3462 3495 3531 plebes,

2183 3547 2262 3603 Re
2287 3549 2422 3603 bene
2448 3549 2515 3603 de
2542 3549 2635 3603 tali
2663 3549 2843 3606 dicere
2870 3567 3009 3622 saepe
3035 3553 3174 3608 solet
3199 3572 3214 3609 :

2111 3631 2226 3692 Non
2254 3637 2432 3692 facere
2459 3638 2561 3692 hoc
2583 3655 2683 3694 usu
2700 3681 2714 3706 ,
2742 3656 2849 3696 non
2876 3643 3102 3697 verbere
3127 3645 3330 3714 quibis,
3360 3656 3419 3702 ut
3441 3665 3692 3720 unquam

2182 3725 2333 3781 Bubo
2359 3727 2429 3781 sit
2453 3727 2731 3797 accipiter,
2759 3729 2847 3798 qui
2873 3738 3021 3799 petat
3045 3748 3218 3803 ungue
3245 3751 3424 3804 grues.

2113 3817 2291 3888 thue
2317 3825 2466 3872 tuum
2490 3817 2722 3873 oliicium
2742 3861 2755 3882 ,
2787 3835 2948 3890 cape,
2977 3823 3155 3878 vultur
3176 3826 3346 3894 possit
3374 3827 3577 3883 habere
3593 3869 3609 3894 ,

2183 3912 2279 3967 Est
2305 3912 2432 3982 quia
2465 3914 2650 3967 tardus
2670 3953 2685 3978 ,
2711 3913 2844 3968 edax
2863 3955 2878 3981 ,
2909 3915 3071 3986 inque
3098 3918 3341 3972 vehendo
3369 3921 3570 3990 gravis.

2113 4005 2332 4061 Discere
2355 4005 2500 4060 nulla
2525 4006 2673 4076 cupit
2697 4009 2837 4062 bona
2859 4051 2872 4075 ,
2905 4011 2999 4064 sed
3025 4011 3166 4065 mala
3193 4012 3398 4069 discere
3423 4023 3620 4072 cuncta
3637 4057 3662 4084 ,

2185 4101 2280 4156 Vis
2304 4116 2400 4155 cur
2426 4102 2528 4156 hoc
2555 4099 2718 4156 faciat
2744 4102 2962 4158 dicere?
2986 4105 3183 4159 stultus
3210 4106 3368 4162 inest.

2116 4188 2212 4249 flic
2236 4191 2372 4247 Juda
2400 4193 2553 4263 pejor
2579 4195 2772 4250 melior
2795 4203 2848 4252 te
2876 4195 3036 4253 Petre
3059 4198 3231 4252 videri

2185 4285 2344 4350 Vult,
2371 4285 2510 4340 mala
2537 4286 2702 4340 multa
2730 4287 2861 4356 tegit
2886 4303 3005 4343 sors
3030 4289 3318 4344 simulante
3341 4290 3517 4360 peplo.

2113 4377 2213 4432 Hic
2237 4379 2375 4434 bona
2397 4394 2562 4450 parva
2585 4388 2737 4448 putat
2761 4395 2974 4450 magna,
3003 4391 3060 4435 et
3084 4383 3222 4438 mala
3249 4383 3480 4453 plurima
3508 4385 3686 4455 nulla,

2036 4486 2088 4548 Β
2186 4469 2256 4527 Se
2281 4486 2404 4527 cum
2428 4471 2541 4526 vult
2563 4472 2698 4528 alios
2723 4470 2910 4529 fallere
2936 4472 3073 4528 fallit
3095 4475 3268 4544 inops.

2841 4581 2932 4637 XI.

2147 4690 2289 4738 QUAII
2315 4689 2382 4730 OB
2410 4689 2516 4729 ιειι
2541 4689 2853 4730 ειοΑτιιιεεε
2872 4715 2888 4740 ,
2914 4690 3046 4738 QUAS
3071 4691 3299 4730 DOllNUS
3324 4692 3377 4730 IN
3402 4693 3655 4733 Μεδιοη

2203 4760 2474 4811 θυεειςιητ,
2499 4761 2552 4799 ιε
2579 4760 3011 4800 ιιεευιιιιεοτιοκε
3038 4761 3292 4801 ΟΒΒΟΩΤᾹΞ
3320 4763 3420 4802 NON
3445 4764 3591 4803 SINT.

2111 4852 2354 4925 Namque
2376 4853 2660 4910 cicatrices
2687 4853 2900 4909 Domini
2924 4868 3022 4924 pro
3048 4853 3263 4909 homine
3289 4853 3444 4910 factae

2179 4945 2506 5016 Martyribus
2532 4946 2736 5001 sanctis
2761 4959 2924 5000 eausa
2951 4945 3165 5000 decoris
3189 4955 3366 5000 erunt.

2024 1765 2071 1823 B

2033 3137 2079 3200 C

433 5031 551 5089 Non
582 5039 787 5086 tantum
810 5032 902 5088 hic
925 5032 1138 5088 veniam
1159 5033 1426 5088 scelerum
1447 5074 1462 5099 ,
1485 5034 1580 5089 sed
1596 5035 1816 5106 praemia
1837 5037 2002 5093 donat
2105 5035 2202 5091 Sic
2225 5035 2638 5106 Phlegetontmis
2663 5036 2804 5090 redit
2829 5042 2888 5088 ut
2911 5033 3158 5091 Salvator
3180 5035 3248 5090 ab
3271 5036 3479 5091 umbris
3495 5076 3512 5104 ,

504 5123 790 5182 Conversis
813 5122 1055 5194 placidus
1073 5164 1088 5190 ,
1110 5139 1334 5194 parcere
1359 5139 1574 5194 semper
1600 5141 1812 5182 amans.

435 5217 493 5274 Si
523 5224 678 5290 pater
699 5225 782 5273 est
807 5224 862 5272 et
884 5217 1050 5273 herus
1075 5217 1233 5273 nobis
1259 5217 1400 5272 Deus
1426 5216 1656 5289 inclytus
1673 5259 1688 5284 ,
1718 5217 1836 5289 ejus

507 5305 774 5368 sectanda
797 5314 884 5363 est
900 5307 1110 5379 pietas,
1140 5309 1305 5374 actio,
1334 5309 1495 5364 corde
1513 5348 1530 5374 ,
1557 5309 1680 5364 ﬁde.

434 5399 616 5459 Discet
640 5414 824 5456 amare
844 5407 1058 5471 patrem
1083 5399 1258 5470 proles
1277 5441 1292 5467 ,
1320 5408 1375 5455 et
1397 5398 1609 5455 Averna
1635 5401 1826 5456 timere
1844 5440 1860 5465 ,

507 5492 660 5550 llunc
684 5507 859 5559 amor,
884 5489 1034 5547 illum
1059 5501 1208 5563 aptct
1233 5493 1302 5548 ad
1324 5491 1539 5564 potiora
1571 5492 1758 5548 timor.

507 5617 537 5678 ξ
565 5605 706 5678 Psal.
733 5622 898 5665 cum
920 5647 936 5673 ,
965 5607 997 5663 7
1023 5621 1139 5678 seq.

497 5673 682 5732 δίει.
711 5693 816 5745 xu,
849 5682 872 5734 l
903 5693 1019 5750 seq.

2181 5125 2346 5197 Signa
2369 5125 2538 5181 refert
2561 5125 2677 5195 ejus
2703 5141 2799 5195 pes
2817 5165 2833 5191 ,
2863 5125 3003 5180 latus
3029 5133 3192 5196 atque
3216 5139 3427 5181 manus.

2108 5215 2225 5273 Non
2254 5217 2399 5287 quod
2425 5232 2532 5272 non
2557 5225 2772 5286 poterat
2796 5224 3023 5272 cunctas
3047 5217 3317 5272 obducere
3339 5216 3527 5288 plagas
3544 5258 3564 5285 ,

2181 5307 2333 5378 Saepe
2357 5317 2416 5363 ut
2437 5307 2654 5380 gentilis
2677 5307 2912 5364 somniat
2935 5322 3092 5363 error
3115 5308 3302 5375 hebes,

2109 5400 2211 5470 Qui
2237 5400 2411 5470 potuit
2434 5408 2659 5455 cunctos
2683 5400 2878 5455 mortis
2903 5399 3189 5455 devincere
3214 5414 3396 5466 casus,

2179 5490 2346 5548 Gesta
2374 5491 2468 5547 sed
2490 5489 2680 5546 ofﬁciis
2709 5500 2838 5548 sunt
2862 5492 2990 5564 quia
3016 5491 3170 5564 plena
3196 5492 3322 5563 piis.

2183 5617 2206 5647 ε
2237 5603 2357 5661 Job.
2388 5619 2480 5658 xx:
2501 5645 2516 5670 ,
2542 5605 2575 5659 7
2600 5619 2717 5670 seq.

2179 5674 2207 5716 ἀ
2234 5675 2396 5732 Prov.
2425 5691 2571 5731 xxvu
2590 5715 2606 5743 ,
2631 5674 2719 5730 22.
