3838 6144
289 226 382 282 565

289 335 534 402 Quattuor
561 336 665 390 ista
691 338 892 393 vehunt
917 339 1156 395 celebres
1181 342 1438 412 mysteria
1462 358 1654 399 causas
1674 384 1688 410 ,

347 425 452 480 Hoc
475 427 624 494 quod
647 427 771 480 vitm
794 440 982 484 auctor
1004 432 1256 502 stigmata
1288 434 1479 488 mortis
1508 435 1691 489 habet.

289 515 509 570 Primum
527 556 542 578 ,
570 524 632 570 ut
656 517 904 586 discipuli
931 536 1289 590 corpuspuon
1319 523 1554 579 ﬂaminis
1580 540 1767 580 auram
1787 567 1800 586 ,

347 606 408 660 Se
435 607 636 660 vidisse
664 608 838 669 sciant
855 649 869 669 ,
899 612 1077 666 cordis
1103 620 1158 666 et
1184 628 1310 667 arce
1335 614 1530 669 loeent.

289 697 425 754 Certa
453 698 591 752 ﬁdes
616 708 678 752 ut
703 713 798 754 eos
823 699 1034 755 Domini
1061 705 1333 773 surgentis
1360 705 1612 766 adornet,

344 788 608 859 Spemque
632 789 944 859 resurgendi
965 791 1120 846 saecla
1145 808 1240 862 per
1252 793 1427 862 ampla
1453 804 1669 850 canant.

285 877 601 941 Proximum,
624 885 685 930 ut
723 877 956 932 humana
979 894 1076 948 pro
1102 881 1255 936 nobis
1283 893 1428 938 sorte
1447 886 1732 954 precando,

342 965 392 1019 In
417 981 477 1019 se
504 965 839 1020 demonstret
862 967 1286 1028 vuhieranostra
1310 972 1486 1041 patri:

287 1057 514 1127 Quosque
537 1057 612 1110 sit
636 1056 867 1112 humana
889 1073 1078 1127 passus
1097 1077 1194 1130 pro
1215 1071 1374 1131 gente
1397 1063 1629 1129 labores,

343 1147 567 1202 Assidue
591 1147 828 1204 clemens
850 1158 1112 1206 monstret
1132 1160 1188 1207 et
1207 1153 1398 1209 oﬂieio.

288 1239 345 1293 I't
366 1239 746 1294 reminiscatur
767 1240 1001 1294 retinent
1023 1257 1180 1310 quem
1203 1243 1398 1298 oblivia
1423 1261 1722 1316 nunquam,

342 1331 399 1385 Et
422 1332 806 1386 miserescatur
829 1347 1041 1401 semper
1069 1333 1123 1386 id
1151 1333 1325 1389 almus
1353 1351 1540 1405 agens.

286 1420 533 1475 Admonet
598 1420 902 1487 instanter,
960 1422 1236 1478 hominum
1286 1433 1345 1478 ut
1391 1425 1702 1482 meminisse
1746 1440 1844 1497 per

1555 1515 1770 1587 Bevum,

344 1603 405 1656 Et
430 1601 679 1657 misereri
716 1601 858 1658 almo
884 1617 1098 1674 semper
1127 1619 1309 1662 amore
1341 1606 1487 1662 velit.
1586 1641 1588 1644 ν

287 1693 499 1761 Quorum
529 1703 738 1748 natura:
766 1694 838 1748 sit
858 1709 1082 1751 consors
1109 1697 1266 1752 unica
1292 1697 1488 1766 proles,

342 1785 437 1839 Pro
465 1785 663 1857 quibus
686 1793 742 1839 et
763 1784 932 1840 voluit
958 1784 1179 1842 vulnera
1212 1795 1360 1843 tanta
1389 1790 1522 1858 pati.

289 1875 464 1938 Tertio,
496 1885 558 1930 ut
582 1875 738 1930 electi
765 1875 1031 1931 desistant
1058 1877 1285 1934 reddere
1309 1895 1581 1949 nunquam

347 1966 534 2023 Laudis
559 1983 716 2038 opus,
745 1976 835 2022 tua
861 1969 988 2024 dum
1017 1971 1197 2039 passio
1224 1972 1374 2043 signa
1403 1973 1600 2028 vident.

289 2056 398 2125 Ejus
418 2069 470 2113 et
489 2067 609 2113 atra
637 2075 789 2114 suam
815 2068 1096 2116 cernentes
1118 2059 1286 2132 ﬂagra
1316 2061 1566 2130 salutem,

346 2148 420 2204 Ad
445 2160 594 2222 styga
624 2165 921 2206 concursus
947 2151 1064 2219 ejus
1087 2152 1156 2207 ad
1185 2162 1332 2208 astra
1362 2169 1509 2218 suos,

295 2239 406 2308 Ejus
430 2250 599 2297 morte
623 2257 777 2297 suam
802 2241 1003 2312 pollere
1027 2258 1124 2313 per
1147 2244 1330 2298 omnia
1357 2245 1547 2309 vitam,

347 2332 406 2386 Et
433 2333 589 2387 tribui
614 2333 786 2404 spinis
813 2348 979 2388 aurea
1003 2341 1151 2390 serta
1181 2333 1304 2390 sibi.

295 2421 483 2489 Quarto,
505 2434 562 2478 ut
582 2433 824 2479 extremo
840 2425 1189 2496 reproborum
1205 2426 1346 2480 hunc
1363 2434 1604 2498 tempore
1615 2442 1838 2486 cernens

348 2513 540 2579 Factio,
575 2516 823 2570 tristetur
847 2531 1036 2586 pressa
1071 2516 1256 2573 dolore
1283 2519 1452 2588 gravi.

297 2602 354 2659 Ut
379 2603 642 2676 Scriptura
671 2606 836 2672 canit,
859 2622 1020 2677 quem
1047 2607 1368 2664 transﬁxere
1399 2610 1654 2668 videbunt
1680 2624 1729 2668 ι.

349 2695 672 2767 Alteriusque
697 2696 802 2756 loci
832 2698 1028 2769 pagina
1056 2715 1243 2755 rursus
1265 2700 1379 2756 ait:

295 2782 454 2840 Omnis
479 2796 664 2841 cernet
691 2801 816 2842 eum
842 2788 1012 2854 visus,
1042 2803 1161 2857 qum
1187 2798 1242 2844 et
1275 2789 1434 2846 turba
1453 2793 1694 2864 pupugit,

351 2872 414 2928 Se
441 2884 492 2930 et
517 2890 680 2945 super
711 2877 852 2946 hunc
885 2875 1104 2946 planget
1143 2879 1318 2935 omnis
1345 2879 1404 2934 in
1427 2881 1558 2936 orbe
1588 2885 1760 2940 tribus
1785 2883 1835 2949 δ,

296 2959 346 3014 Et
368 2978 421 3018 se
455 2966 780 3020 damnandos
809 2975 1034 3020 noscent
1058 2967 1308 3022 examine
1327 2967 1493 3036 justo,

352 3052 544 3124 Proque
567 3055 679 3112 suis
705 3056 915 3111 meritis
945 3056 1100 3128 ignea
1125 3055 1294 3129 ﬂagra
1319 3059 1451 3128 pati.

292 3139 396 3198 Non
421 3145 523 3201 lucc
556 3145 705 3202 salva
729 3161 920 3200 manus
945 3162 1065 3216 qua:
1092 3147 1278 3217 injecit
1302 3147 1458 3204 turba
1484 3149 1758 3221 malignas

353 3234 406 3290 In
425 3237 723 3303 Dominum,
753 3253 848 3293 seu
883 3254 1004 3309 quae
1039 3247 1277 3296 temnere
1306 3239 1456 3308 jussa
1493 3242 1664 3311 cupit,

293 3323 392 3378 Aut
415 3336 645 3398 suscepta
672 3341 948 3396 premens,
972 3336 1064 3382 aut
1097 3337 1410 3399 susceptare
1437 3345 1716 3396 recusans,

367 3415 455 3469 Aut
479 3417 525 3472 in
553 3432 645 3474 eos
682 3418 857 3474 cernit
885 3433 1018 3488 quos
1042 3420 1274 3474 retinere
1303 3419 1506 3474 furens.

298 3503 342 3559 0
370 3509 551 3564 crudele
579 3509 733 3566 nefas
755 3511 1050 3577 hominum,
1084 3527 1117 3567 ο
1143 3512 1361 3566 vesania
1387 3511 1626 3575 demens,

370 3596 554 3656 Ofuror
571 3601 852 3668 immanis,
887 3616 922 3657 ο
955 3611 1038 3658 sat
1065 3601 1208 3658 anile
1238 3601 1467 3656 malum!

296 3687 436 3756 Quod
454 3694 525 3750 vel
554 3711 660 3752 non
688 3694 885 3752 colitur
908 3696 1068 3762 Deus,
1096 3703 1191 3749 aut
1213 3695 1356 3765 quod
1391 3693 1614 3750 crimine
1651 3693 1841 3765 grandi

359 3783 562 3856 Impune
588 3788 694 3843 hoc
721 3801 829 3842 non
849 3794 932 3843 est
953 3786 1208 3856 quoniam
1229 3785 1440 3841 colitur.

1000 3897 1112 3953 XII.

584 4007 651 4047 DE
689 4007 832 4057 FIDE,
865 4007 936 4045 ετ
971 4005 1086 4055 SP3,
1123 4005 1194 4045 ετ
1227 4005 1558 4046 ΩΙΙΛΒΙΤΔΤΕ.

298 4078 428 4136 Alma
457 4081 586 4138 ﬁdes
616 4083 854 4147 tandem,
885 4096 1012 4151 spes
1035 4089 1093 4136 et
1111 4081 1421 4146 concordia,
1451 4096 1678 4153 regnum

355 4171 606 4228 Mentibus
636 4173 690 4226 in
721 4170 892 4241 plebis
915 4171 1156 4226 continet
1187 4185 1314 4226 ecce
1339 4170 1519 4225 simul.

301 4256 398 4315 “me
421 4263 560 4318 Deus
587 4261 842 4317 Ecclesiae
868 4260 1180 4316 fundamina
1198 4258 1332 4328 iecit
1355 4260 1533 4325 avitae,

352 4353 565 4412 Fabrica
596 4368 706 4423 quo
735 4352 860 4408 caeli
886 4367 1108 4423 surgere
1128 4349 1252 4419 jure
1279 4358 1462 4421 queat.

1579 235 1906 291 CARMINA.
1944 235 2070 291 LIB.
2116 238 2224 295 VII.

3403 249 3509 314 $66

1863 356 1910 412 Α
1937 347 2029 402 Ille
2060 348 2218 405 ﬁdem
2246 351 2441 422 signat,
2476 357 2675 426 rapidis
2705 374 2824 427 quae
2855 364 3052 419 crescit
3073 366 3125 419 In
3153 368 3332 435 undis,

2007 442 2168 512 Inque
2190 445 2544 514 procellarum
2587 451 2800 506 turbine
2829 453 2944 509 laeta
2972 458 3122 513 eluit.

1939 533 2074 590 Huic
2101 537 2447 594 incredulitas
2475 544 2762 609 contraria,
2799 561 2973 603 saevus
2995 559 3054 603 ut
3079 554 3288 624 anguis,

2004 629 2249 686 Perﬁdiae
2276 633 2453 704 lingua
2486 639 2720 703 percutit
2758 647 2917 709 atque
2946 653 3120 698 necat.

1938 719 2047 774 Aut
2069 721 2115 774 si
2140 736 2299 776 ovum
2322 734 2548 793 quaerat,
2575 728 2791 784 dabitur
2809 733 2936 786 huic
2961 736 3223 806 scorpius,
3253 755 3404 796 nacte

2010 811 2148 866 Ense
2175 811 2299 868 ferit
2323 817 2533 882 eandm,
2571 818 2685 873 sive
2712 821 2954 877 minatur
2979 831 3154 879 atrox.

1940 899 2074 953 Nam
2103 903 2189 970 pia
2218 904 2354 958 dona
2379 907 2491 974 spei
2519 911 2981 981 tereti'signantur
3008 916 3061 969 in
3087 933 3206 983 ovo,

2011 992 2270 1063 Tegmine
2309 996 2686 1054 obumbratum
2724 1003 2865 1071 quod
2901 1007 3048 1060 vehit
3092 1009 3237 1064 intus
3281 1012 3503 1068 habens.

1943 1083 2013 1138 Ut
2041 1085 2241 1154 pullum
2271 1101 2371 1141 ova
2407 1097 2612 1157 tegunt,
2644 1091 2722 1145 sic
2747 1107 2896 1162 spem
2924 1100 3208 1164 praesentia
3242 1101 3451 1167 celant;

2012 1175 2110 1230 llic
2131 1184 2280 1246 patet
2305 1187 2516 1243 exutus,
2549 1179 2635 1234 illa
2666 1182 2842 1236 futura
2873 1195 3046 1253 parat.

1942 1261 2075 1318 Huic
2100 1264 2322 1320 adversa
2354 1276 2534 1321 manet
2570 1285 2694 1323 nam
2723 1271 3015 1342 disperatio
3045 1277 3260 1341 ltedcns,

2011 1355 2182 1422 Quem
2213 1358 2354 1413 male
2379 1374 2517 1429 pone
2544 1360 2690 1428 ferit,
2731 1363 2806 1418 ire
2830 1380 2931 1421 nec
2962 1375 3088 1423 ante
3122 1370 3267 1424 sinit.

1943 1445 2000 1503 Si
2031 1449 2171 1517 quod
2200 1464 2340 1518 pone
2368 1450 2494 1506 ferit
2517 1454 2726 1522 sopiant
2751 1455 2948 1511 oblivia
2975 1459 3157 1531 digna,

2011 1539 2194 1608 Teque
2219 1541 2286 1594 ad
2313 1555 2377 1595 ea
2406 1544 2663 1598 extendas
2687 1559 2794 1613 quo
2821 1549 3093 1604 anteriora
3120 1562 3335 1607 vocant.

1941 1627 2074 1683 Cum
2101 1628 2266 1685 Paulo
2293 1645 2545 1700 superam
2579 1634 2759 1702 capies
2779 1650 2941 1705 super
2966 1639 3166 1694 aethera
3195 1643 3446 1711 palmam,

1870 1703 1915 1762 Β
2013 1718 2166 1774 Serta
2196 1722 2494 1776 venustatis
2525 1723 2675 1778 laetus
2703 1725 2756 1778 in
2787 1703 2912 1781 arce
2949 1744 3158 1799 gerens.

1942 1806 2183 1880 Cumque
2207 1809 2364 1864 ﬁdem
2391 1812 2580 1880 piscis,
2611 1829 2759 1884 spem
2789 1830 2969 1883 ovum,
3002 1827 3148 1888 aptet
3175 1823 3331 1890 panis
3364 1839 3510 1879 amo-

3279 1913 3434 1985 [rcm.

2011 1991 2246 2061 Quisque
2269 2004 2417 2050 caret
2447 1995 2616 2052 tribus
2650 1998 2755 2063 his,
2784 2009 2867 2054 sat
2891 2001 3056 2056 miser
3081 2003 3168 2060 ille
3201 2017 3400 2063 manet.

1941 2077 2074 2134 Cum
2100 2096 2243 2136 nunc
2267 2098 2417 2152 mqua
2448 2095 2648 2152 meent,
2677 2097 2920 2144 remeent
2945 2099 3000 2146 et
3026 2093 3206 2163 iniqua
3246 2097 3507 2166 dolenter,

2010 2170 2137 2226 Haec
2163 2173 2264 2227 tria
2290 2189 2413 2229 cum
2439 2176 2622 2232 multis
2651 2187 2777 2233 sunt
2807 2181 3069 2251 tepefacta
3099 2185 3272 2241 bonis.

1941 2261 2006 2316 Et
2036 2264 2288 2332 quoniam
2314 2266 2629 2336 improbitas
2653 2270 2813 2338 valet,
2839 2272 3025 2340 instat,
3045 2275 3227 2344 pollet,
3256 2278 3504 2346 abundat,

2010 2353 2161 2408 Eheu
2189 2356 2482 2412 multorum
2508 2373 2649 2428 saepe
2673 2361 2894 2431 refriget
2927 2379 3097 2420 amor.

2657 2451 2793 2508 XIII.

1939 2550 2006 2589 DE
2043 2550 2455 2594 DISPENSATIONE
2507 2555 2715 2605 DIVINA,
2763 2558 2879 2606 QUB
2928 2559 3070 2598 Sil-2P3
3107 2561 3343 2605 OCCUL'I'A
3383 2568 3504 2617 εετ,

2355 2626 2604 2673 NUNQULI
2643 2628 2819 2668 TAIEN
2858 2631 3094 2672 INJUSTA.

1939 2690 1986 2751 Ο
2012 2693 2119 2760 vis,
2145 2709 2178 2750 ο
2207 2696 2390 2762 decus,
2421 2713 2455 2752 ο
2491 2699 2689 2754 excelsi
2715 2700 2884 2771 gloria
2909 2718 3120 2770 sensus,

2011 2781 2142 2850 Quae
2171 2784 2355 2840 mirari
2387 2803 2598 2852 omnes,
2629 2804 2852 2846 noscere
2879 2807 3037 2850 nemo
3064 2796 3225 2852 valet.

1939 2873 2108 2930 Multa
2133 2875 2246 2946 regi
2273 2876 2420 2932 varie
2444 2877 2536 2947 qui
2563 2879 2796 2935 humana
2818 2881 2870 2936 in
2895 2892 3054 2952 gente
3084 2887 3345 2953 videmus,

2011 2965 2292 3037 Ignarique
2321 2984 2505 3024 sumus
2532 2985 2630 3024 cur
2655 2970 2786 3040 quid
2810 2981 2866 3027 et
2890 2963 3032 3030 unde
3057 2975 3170 3032 ﬁat.
3219 3042 3222 3046 ,

1863 3062 1910 3122 C
1938 3058 2071 3114 Nam
2119 3061 2260 3116 mala
2307 3079 2450 3134 saepe
2497 3065 2699 3132 bonos,
2754 3070 3010 3138 reprobus
3054 3072 3196 3134 bona
3243 3090 3506 3147 saepe-se-
3587 3139 3598 3150 ,

3159 3163 3445 3238 [quuntun

2013 3247 2080 3301 Et
2113 3249 2256 3306 bona
2285 3265 2426 3320 saepe
2454 3251 2644 3318 bonos,
2683 3261 2736 3308 et
2761 3254 2902 3308 mula
2929 3270 3070 3325 smpe
3105 3257 3293 3313 malos.

1945 3337 2096 3409 Smpe
2132 3342 2305 3398 bonus
2334 3344 2618 3411 premitur,
2649 3346 2822 3402 malus
2859 3347 2916 3401 in
2945 3349 3172 3420 sublime
3197 3349 3423 3415 levatur,

2013 3433 2221 3488 Decidit
2240 3442 2404 3504 atque
2433 3437 2630 3502 malus,
2665 3439 2838 3509 surgit
2869 3441 2938 3494 ad
2966 3441 3069 3496 alta
3094 3443 3284 3499 bonus.

1944 3523 2132 3580 Omnia
2159 3524 2376 3595 iudiciis
2413 3537 2536 3583 sunt
2559 3530 2674 3585 hmo
2698 3532 2974 3586 moderata
2998 3535 3264 3602 supernis.

2024 3615 2162 3672 Sunt
2205 3631 2346 3687 saepe
2393 3617 2602 3673 occulta
2658 3619 2813 3683 haec,
2859 3636 3133 3692 nunquam
3178 3624 3459 3681 inhonesta

3073 3763 3078 3766 .
3180 3717 3401 3791 [ιεηκη.

1945 3801 2074 3870 Quae
2100 3804 2250 3858 suavi
2277 3819 2342 3859 ac
2369 3802 2497 3859 forti
2527 3805 2763 3876 disponit
2791 3807 3001 3878 singula
3025 3817 3161 3864 nutu

2013 3897 2059 3951 A
2092 3896 2196 3953 ﬁne
2221 3898 2274 3952 in
2305 3897 2487 3964 ﬁnem,
2519 3906 2576 3953 et
2601 3902 2795 3956 euneta
2823 3902 3087 3972 gubernat
3116 3905 3297 3961 herus.

1943 3986 2154 4044 Judicat
2175 3988 2305 4058 ergo
2329 3989 2470 4044 Deus
2496 4005 2595 4045 nec
2627 3990 2793 4056 nulla,
2830 4007 2930 4047 nec
2957 3995 3137 4049 omnia
3157 4011 3388 4066 semper,

2014 4079 2260 4148 Improba
2284 4095 2405 4150 quae
2439 4081 2574 4136 ﬁunt
2600 4096 2741 4135 nunc
2765 4082 2883 4137 sine
2909 4082 3025 4154 lege
3049 4099 3164 4138 sua.

1945 4167 2208 4239 Tempore
2227 4168 2487 4238 judicium
2522 4171 2566 4225 si
2593 4170 2793 4226 nullum
2820 4173 3049 4242 agitaret
3074 4174 3127 4227 in
3156 4175 3278 4238 isto,

2014 4259 2200 4313 Nonne
2227 4260 2443 4329 impune
2466 4260 2605 4315 foret
2631 4263 2772 4330 quod
2797 4261 2948 4317 furor
2967 4271 3084 4317 ater
3105 4265 3252 4335 agit?

1947 4349 2066 4404 Mox
2095 4364 2290 4404 curare
2316 4351 2482 4405 Deum
2515 4352 2759 4406 mortalia
2793 4353 2936 4408 nulla
2962 4363 3230 4424 putantes,

302 4440 474 4516 Cuique
501 4413 638 4500 ﬁdes
677 4459 776 4500 nos
815 4445 928 4510 dat,
959 4413 1084 4512 spes
1107 4413 1229 4507 fert,
1262 4413 1417 4497 amor
1445 4441 1677 4512 inclytus
1702 4440 1839 4506 unit,
1867 4413 1920 4473 Ῑ)
2014 4437 2256 4497 Ell‘renes
2299 4441 2512 4502 irent-in
2548 4441 2688 4495 mala
2713 4451 2906 4498 cuncta
2939 4413 3086 4498 mali.

349 4534 559 4607 Hocque
586 4535 832 4592 triforme
868 4535 1067 4590 bonum
1092 4534 1309 4598 excitat,
1341 4540 1512 4602 aptat,
1539 4531 1666 4602 agit.

293 4623 369 4680 His
392 4639 601 4684 mentes
623 4637 824 4684 nostra:
845 4626 1068 4698 pollent,
1098 4633 1434 4696 vegetamur,
1459 4623 1696 4688 aluntur,

344 4719 638 4785 Poscimus,
666 4720 961 4790 accipimus
989 4718 1102 4773 haec
1129 4726 1283 4788 patre
1311 4717 1472 4772 dante
1501 4717 1631 4771 Deo.

281 4809 543 4882 Nunquid,
571 4811 649 4866 ait
674 4810 953 4875 Dominus,
987 4824 1146 4864 verso
1169 4808 1224 4862 in
1251 4806 1523 4862 contraria
1551 4815 1700 4871 voto,

341 4902 542 4958 Probra
574 4902 694 4972 quis
718 4901 946 4970 accipiet
970 4910 1120 4970 grata
1153 4898 1386 4968 petendo
1404 4897 1648 4968 patrem?
1707 4945 1710 4948 .

274 4992 406 5046 Nam
446 5008 545 5062 pro
568 5007 672 5062 ope
695 4991 818 5061 quis
860 4991 1014 5062 panis
1047 4990 1239 5060 lapidis
1270 4989 1556 5046 tribuendo
1582 4989 1836 5060 rigorem,

341 5083 586 5139 Poscenti
621 5083 785 5138 faciet
811 5083 872 5137 in
891 5097 988 5138 sua
1015 5091 1138 5137 vota
1162 5081 1297 5137 satis
1326 5081 1386 5134 οἳ

268 5175 507 5245 Namque
533 5177 699 5231 Deum
728 5182 785 5230 et
807 5173 1036 5230 fratrum
1061 5173 1217 5244 panis
1237 5171 1484 5242 designat
1501 5185 1764 5236 amorem,

337 5266 454 5336 Quo
479 5270 784 5338 quicunque
808 5274 978 5331 caret,
1003 5279 1163 5320 saxea
1193 5264 1355 5319 corda
1378 5262 1536 5334 gerit.

266 5357 403 5414 Itium
431 5374 531 5429 pro
549 5360 696 5431 pisce
723 5358 871 5413 dabit
899 5358 1115 5414 sinuosa
1143 5355 1366 5426 ambage
1397 5352 1730 5421 chelydrum,

334 5450 470 5506 Cum
497 5451 656 5507 modo
675 5451 840 5521 piscis
864 5450 994 5514 alat,
1026 5449 1303 5520 improbus
1327 5446 1416 5501 ille
1439 5444 1626 5500 necet?

340 5578 362 5605 ι
389 5565 547 5620 Joan.
576 5581 692 5628 xu,
721 5565 810 5621 '57.

339 5637 366 5676 ιν
397 5637 583 5691 Matth.
618 5653 744 5689 xrtv
796 5637 884 5690 30.

1942 4531 2011 4586 At
2036 4531 2080 4586 si
2107 4537 2392 4601 peccantes
2418 4545 2541 4585 mox
2563 4530 2694 4585 ultio
2720 4531 2878 4601 digna
2905 4532 3110 4598 feriret,

2013 4623 2229 4691 Ictaque
2244 4620 2434 4690 judicii
2464 4629 2656 4677 cuncta
2683 4637 2874 4679 secure
2897 4623 3116 4679 forent:

1941 4715 2096 4770 Irrita
2127 4711 2362 4784 supremi
2393 4720 2736 4768 remanerent
2756 4711 2878 4783 jura
2902 4714 3029 4780 diei,

2011 4805 2206 4861 ludicii
2234 4813 2289 4859 et
2313 4804 2516 4859 nullum
2544 4813 2755 4877 tempus
2777 4807 3001 4862 haberet
3022 4822 3174 4878 opus.

1941 4897 2154 4953 Iudicat
2198 4897 2327 4953 hinc
2382 4896 2664 4967 quaedam,
2717 4905 2781 4952 ut
2837 4908 3023 4954 nostra
3075 4899 3217 4955 hunc
3273 4915 3465 4973 curare

3243 5006 3436 5056 tamus,

3261 5006 3336 5044 am

2011 5079 2078 5134 Et
2102 5079 2227 5148 quia
2254 5094 2375 5149 qua;
2403 5082 2641 5152 gerimus
2665 5086 2876 5151 spectat
2903 5078 2973 5135 ab
3001 5095 3127 5137 arce

1941 5171 2153 5226 Judieat
2181 5171 2384 5226 idcirco
2405 5187 2514 5226 non
2541 5172 2745 5237 omnia,
2770 5170 2922 5242 plura
2953 5179 3218 5237 reservat,

2015 5261 2086 5318 Ut
2105 5263 2233 5332 quid
2266 5270 2392 5334 agat
2417 5264 2613 5318 habeat
2635 5264 2822 5318 ultima
2847 5279 3039 5334 magna
3071 5264 3218 5319 dies..

1942 5355 2111 5423 Quam
2139 5353 2244 5417 lex,
2268 5369 2426 5424 quam
2447 5362 2618 5418 vates,
2638 5355 2893 5410 Dominus
2911 5369 3068 5424 quam
3091 5351 3301 5406 nuntiat
3323 5350 3455 5420 ipse,

2011 5447 2140 5513 Quae
2167 5455 2292 5500 nota
2321 5453 2404 5500 est
2435 5446 2644 5501 cunctis
2673 5447 2764 5514 qui
2794 5446 2998 5499 ratione
3024 5443 3222 5511 vigent.

2017 5572 2036 5599 ο
2069 5558 2197 5613 Luc.
2236 5575 2308 5618 χι.
2345 5559 2401 5611 II
