3970 6184
399 281 508 336 361
1411 273 1796 331 TllEODUlJ-‘l
1835 271 2384 327 AURELIANENSIS
2422 269 2630 326 EPISC.
3533 273 3638 330 368

402 407 519 472 Qua
537 400 686 471 justo
714 399 914 472 justam
941 397 1212 469 positurus
1252 395 1484 462 pondere
1507 391 1720 454 libram,

479 493 752 551 Subnixus
777 491 956 545 veniat
985 488 1123 541 nube
1149 485 1370 539 rubente
1397 483 1557 536 Deus.

405 589 507 657 Qui
533 589 655 659 pius
675 593 730 641 et
755 584 950 654 justus,
989 580 1132 636 fovet
1165 577 1311 641 hinc,
1340 575 1577 629 deterret
1605 581 1661 626 et
1695 571 1837 635 inde,

474 679 640 746 Quem
666 682 846 729 metuo
871 671 1098 740 justum,
1125 681 1288 736 cogor
1323 678 1505 719 amare
1531 663 1700 734 pium.

403 765 555 833 Quod
584 762 704 835 pius
739 760 992 829 indulget,
1023 763 1231 810 resecat
1256 759 1474 822 peccata
1502 752 1646 821 quod
1665 765 1869 819 aequus,

472 855 665 910 Mulcet
682 860 737 906 et
771 851 896 905 hinc
922 847 1060 911 oleo,
1087 844 1264 915 arguit
1295 842 1420 897 inde
1445 855 1616 896 mero.

1113 960 1252 1016 XIV.

544 1074 683 1122 QUOD
721 1071 916 1112 υυιτιδ
953 1066 1172 1106 INDICIIS
1221 1064 1358 1105 FINIS
1394 1063 1656 1104 PBOXlMUS
1692 1060 1812 1101 ESSE

997 1138 1167 1177 MONST
1177 1135 1371 1175 BBTUB.

389 1219 628 1273 Cernere
655 1219 814 1279 inest,
847 1224 906 1268 ut
927 1221 1016 1268 eat
1043 1210 1274 1266 mundus
1309 1211 1591 1280 signetque
1618 1206 1851 1271 ruinam,

459 1309 851 1377 «Defectumque
876 1305 956 1359 sui
985 1317 1117 1358 voce
1151 1309 1363 1356 tacente
1395 1308 1576 1356 canat.

396 1399 530 1453 Nam
555 1397 795 1466 loquitur
814 1393 994 1457 rebus,
1023 1401 1295 1446 taceamus
1325 1391 1572 1461 dogmata
1597 1387 1840 1457 quamvis

462 1489 675 1544 Divina:
706 1485 858 1556 legis,
885 1497 1006 1552 quas
1035 1481 1087 1536 id
1117 1480 1231 1535 fore
1258 1488 1448 1534 cuncta
1479 1479 1663 1533 boant.

398 1579 515 1633 Non
545 1592 610 1631 ea
640 1573 922 1643 temperies
943 1570 1150 1642 hyemis
1182 1569 1329 1638 prius
1364 1577 1421 1622 ut
1455 1566 1555 1620 fuit
1587 1572 1784 1626 exstat,

468 1668 598 1736 Quae
627 1663 834 1719 nutrire
860 1669 1022 1732 queat
1048 1659 1308 1730 gramina,
1346 1658 1507 1728 ligna,
1539 1665 1674 1710 sata.

399 1757 565 1826 Copia
592 1755 742 1809 deest
765 1751 894 1807 solis
923 1750 1172 1806 torrendo
1199 1757 1384 1803 aestate
1407 1745 1598 1810 labori,

475 1848 646 1903 llerna
669 1857 768 1898 nec
789 1841 964 1897 cilicio
993 1849 1119 1896 sunt
1144 1839 1301 1894 modo
1329 1837 1448 1891 lzeta
1473 1851 1589 1891 suo.

399 1938 651 1992 Dulcibus
677 1934 817 1989 haud
843 1934 977 1988 adeo
989 1931 1196 2003 .mustis
1225 1937 1482 1983 autumna
1509 1926 1825 1986 redundant,

469 2027 712 2084 Ftetibus
739 2024 982 2080 arboreis
1006 2037 1113 2077 non
1140 2028 1361 2076 onerata
1389 2020 1587 2090 vigent.

397 2121 480 2175 Nil
513 2120 670 2175 modo
711 2125 855 2172 terra
879 2115 1005 2170 boni
1035 2114 1116 2168 sic
1144 2111 1246 2167 fert
1280 2111 1425 2166 velut
1450 2118 1576 2165 ante
1603 2108 1827 2174 ferebat,

467 2211 706 2266 Etl‘aatam
732 2216 788 2262 et
811 2205 1051 2261 sterilem
1079 2212 1248 2260 semet
1274 2203 1449 2258 inesse
1478 2202 1653 2256 docet.

398 2303 467 2357 Et
492 2301 670 2356 minor
695 2297 880 2352 existit
911 2295 1119 2351 cunctis
1143 2294 1414 2365 opulentia
1443 2293 1624 2356 rebus,

472 2393 665 2448 Deﬁcit
697 2391 859 2460 inque
885 2388 1020 2442 locis
1045 2386 1185 2457 plus,
1217 2386 1261 2440 it
1295 2386 1494 2454 ubique
1520 2383 1735 2438 minus:

397 2486 594 2542 Rarior
616 2459 851 2538 cilicium
877 2478 1122 2534 consistit
1147 2477 1202 2532 in
1223 2490 1382 2530 omne
1417 2459 1666 2529 minister

469 2575 640 2644 Quam
669 2572 837 2644 prius,
865 2581 922 2626 et
950 2569 1114 2624 ﬁxum
1140 2568 1216 2622 nil
1244 2574 1352 2622 stat
1374 2574 1434 2622 ut
1461 2574 1586 2621 ante
1608 2566 1774 2620 stetit.

401 2669 588 2724 Cultor
611 2665 774 2737 agris,
809 2663 1004 2718 castris
1029 2668 1085 2714 et
1115 2659 1287 2724 miles,
1318 2657 1498 2714 navita
1517 2664 1703 2726 ponto,

471 2761 628 2814 Libra
653 2759 706 2812 in
725 2755 961 2827 judieiis,
986 2753 1149 2822 inque
1181 2750 1300 2805 foro
1319 2750 1512 2820 pietas.

394 2854 496 2912 Est
521 2853 579 2910 in
608 2848 860 2909 amicitiis
885 2861 1132 2916 concors,
1163 2843 1282 2920 quis
1309 2847 1365 2904 in
1391 2851 1508 2902 arte
1535 2841 1762 2918 peritus,

469 2948 588 3013 Quo
615 2943 895 3013 disciplina
932 2943 987 2996 in
1012 2941 1253 2996 moribus
1281 2939 1420 2993 alma
1455 2939 1633 3008 viget?

397 3035 517 3092 Non
542 3036 707 3106 viget,
729 3041 789 3086 ut
813 3032 982 3103 viguit
1014 3031 1214 3084 dudum
1238 3036 1485 3100 vegetata
1515 3027 1758 3097 juventa,

455 3128 676 3182 ~Cuncta
704 3131 952 3178 senectus
982 3129 1138 3176 atrox
1163 3134 1260 3176 ore
1284 3120 1532 3190 nigrante
1568 3125 1741 3173 vorat.

313 3171 342 3196 ί

402 3220 646 3288 Namque
671 3230 892 3271 necesse
923 3221 1110 3269 manet
1139 3209 1330 3277 minui,
1361 3211 1447 3265 cui
1485 3208 1761 3278 proximus
1794 3213 1973 3262 exstat

467 3308 651 3373 .Finis,
676 3315 738 3361 et
760 3319 1013 3360 occasum
1051 3302 1192 3357 haud
1219 3300 1406 3372 procul
1433 3315 1554 3355 esse
1578 3300 1742 3354 videt.

393 3401 612 3458 .Dat-sol
640 3401 748 3454 ima
777 3405 966 3468 petens
992 3395 1172 3450 radios
1193 3393 1476 3464 splendore
1505 3393 1728 3455 minore,

475 3492 734 3561 Lunaque
761 3487 1084 3542 decrescens
1107 3498 1309 3540 cornua
1336 3480 1484 3537 fusca
1511 3481 1670 3553 gerit.

405 3585 598 3647 Arbos,
625 3596 745 3652 qua
762 3579 977 3650 juvenis
1001 3576 1262 3632 vernabat
1280 3575 1410 3631 ﬂore
1440 3575 1734 3644 comisque,

457 3671 712 3727 tDeformi
742 3669 918 3724 fundit
939 3668 1184 3740 germina
1205 3681 1329 3721 rara
1353 3666 1479 3721 situ.

391 3765 632 3819 .Fonset
661 3761 985 3816 inundantes
1015 3757 1204 3813 solitus
1227 3757 1480 3811 diducere
1509 3755 1672 3818 rivos,

481 3855 570 3908 Sic
596 3861 802 3923 guttam
827 3855 1044 3904 tenuem
1071 3863 1214 3918 saepe
1239 3855 1480 3900 vetustos
1503 3843 1683 3899 habet.

405 3942 760 4013 Scissusagit
779 3940 960 4012 paries
983 3948 1223 3994 venturae
1248 3937 1401 4008 signa
1421 3936 1608 4001 ruinae,

483 4034 585 4102 Qui
606 4031 822 4102 juvenis
841 4030 1042 4086 solidus
1061 4029 1244 4100 pictus
1259 4035 1322 4082 et
1341 4034 1457 4080 arte
1491 4025 1658 4079 stetit.

398 4125 455 4182 ευ
465 4135 588 4194 tque
617 4136 800 4178 senem
827 4120 1026 4175 laedent
1047 4117 1159 4186 jam
1178 4115 1418 4181 cantica,
1440 4113 1664 4178 ludicra,
1695 4112 1829 4180 ludi,

481 4218 657 4280 Stare,
675 4215 958 4284 equitare,
987 4210 1160 4283 gradi,
1181 4209 1344 4265 verba
1363 4207 1550 4277 jocosa
1575 4207 1741 4278 loqui.

403 4310 653 4378 Dumque
668 4305 841 4375 quatit
864 4301 1122 4359 tremulos
1145 4299 1286 4356 male
1303 4299 1494 4354 creber
1515 4296 1783 4352 anhelitus
1805 4304 1976 4361 artus,

479 4401 747 4470 Suspirat,
777 4397 955 4453 fundit
976 4408 1253 4450 murmura
1271 4393 1462 4447 crebra
1494 4404 1733 4460 gemens.

408 4492 594 4547 Dulcia
620 4491 700 4546 sic
734 4488 970 4544 vetulum
991 4485 1264 4556 liquerunt
1288 4483 1468 4539 omnia
1487 4481 1778 4545 .mundum,

476 4584 585 4640 Nec
620 4590 806 4638 manet
830 4580 972 4634 ullus
995 4578 1050 4633 ei
1075 4577 1168 4647 qui
1194 4574 1297 4630 fuit
1321 4584 1448 4628 ante
1473 4573 1645 4643 vigor.

398 4678 530 4733 Dira
557 4673 756 4744 cupido
786 4672 953 4741 viget,
981 4669 1192 4732 sordes,
1216 4665 1474 4736 perjuria,
1505 4663 1684 4726 luxus,

474 4766 638 4820 Livor
658 4763 820 4828 edax,
849 4761 1066 4825 falsum,
1086 4757 1288 4829 iurgia,
1311 4760 1450 4821 rixa,
1482 4754 1655 4809 dolus.

1130 4867 1248 4922 X‘V.

450 4981 534 5020 ‘EX
570 4978 827 5020 ειηετοωι
871 4977 938 5016 ΑΊ)
975 4973 1292 5015 εοιιικτιιιοε
1326 4969 1560 5019 CARIEN,
1599 4970 1666 5008 AD
1704 4968 1910 5009 PRBCEI

789 5045 1054 5087 CUJUSDAI
1091 5043 1320 5083 IONACHI
1355 5041 1584 5082 ι-Αοτυιι.

399 5129 500 5188 Sic
521 5131 771 5196 vegetata
792 5124 981 5178 sedent
1003 5120 1219 5177 sibimet
1239 5118 1557 5189 plerumque
1581 5117 1855 5182 decenter,

475 5217 702 5288 Quando
725 5229 890 5270 unum
919 5229 988 5270 ex
1015 5211 1182 5267 variis
1198 5210 1550 5266 continuatur
1576 5223 1727 5280 opus.

402 5312 656 5374 Pluribus
686 5311 740 5365 in
773 5310 938 5364 rebus
959 5310 1122 5364 habet
1144 5308 1247 5362 hoc
1275 5306 1667 5379 pulcherrimus
1688 5307 1840 5361 ordo.

456 5403 587 5460 Hoc
612 5402 778 5458 etiam
805 5399 1007 5470 eloquii
1027 5399 1196 5471 pollet
1225 5399 1278 5452 in
1309 5405 1425 5452 arte
1453 5397 1610 5461 satis,

396 5495 591 5566 Auipla
614 5494 808 5564 quibus
826 5507 995 5548 sacrae
1022 5491 1305 5560 scripturae
1335 5496 1491 5559 prata
1519 5487 1838 5551 redundant,

477 5589 538 5643 Et
563 5604 753 5644 nemus
776 5589 1060 5644 ambroseo
1086 5585 1256 5657 spirat
1288 5584 1452 5641 odore
1479 5583 1646 5653 piunt.

456 5709 501 5744 ιι
526 5698 594 5754 ll
622 5697 742 5755 Cor.
767 5718 845 5767 vi,
873 5701 896 5755 i
935 5716 1046 5774 seq.

1996 392 2046 448 Α
2071 385 2195 441 llaec
2218 402 2317 458 ego
2336 386 2461 441 dum
2482 387 2673 451 lustro,
2699 386 2826 440 dum
2849 399 2946 455 per
2971 384 3192 440 violaria
3219 400 3401 448 curro.

2139 479 2285 546 Quas
2305 479 2464 533 vehat
2489 479 2577 533 hic
2603 479 2846 534 calathus
2867 493 3044 549 ungue
3073 478 3253 532 recido
3275 494 3445 534 rosas.

2068 568 2220 625 Hanc
2247 578 2438 626 sancto
2468 569 2695 640 sumpsit
2723 569 2892 624 sancti
2915 569 2982 623 de
3011 569 3261 640 dogmate
3287 569 3460 635 Pauli,

2136 657 2283 714 illius
2310 660 2460 714 misit
2477 661 2617 730 quod
2643 659 2813 730 stylus
2844 659 3158 714 Arcadieus.

2069 747 2430 819 Compositam
2458 759 2806 819 sanctamque
2831 758 2990 805 ornat
3019 765 3268 807 sermone
3289 752 3581 823 loquelam,

2137 837 2428 908 Postquam
2455 840 2685 895 virtutes
2709 841 3043 895 enumeravit
3070 841 3166 896 ita.

2068 928 2184 995 Quo
2205 929 2364 984 dictis
2384 929 2549 984 variis
2572 938 2824 1001 aptantur
2858 931 2998 985 dicta
3028 932 3302 1000 decenter,

2139 1019 2341 1076 Sensus
2362 1031 2415 1076 et
2437 1023 2666 1092 egregia:
2691 1023 2945 1093 panditur
2963 1024 3094 1079 ordo
3118 1025 3239 1080 vite.

2073 1111 2196 1177 Vos,
2230 1113 2328 1177 ait,
2358 1112 2637 1167 hortamur
2661 1127 2728 1168 ne
2750 1129 2779 1167 a
2808 1115 2977 1181 vobis,
3013 1117 3165 1184 plebs
3188 1119 3276 1187 pia
3302 1117 3563 1187 fratrum,

2137 1204 2303 1272 Capta
2331 1204 2402 1259 sit
2424 1205 2476 1258 in
2506 1221 2731 1260 vacuum
2761 1207 2931 1276 gratia
2963 1217 3149 1263 saneta
3179 1211 3294 1265 Dei.

2066 1295 2269 1366 Nempe
2293 1297 2370 1352 ait
2393 1297 2570 1351 audivi
2598 1306 2747 1352 vates
2769 1307 2820 1352 te
2854 1307 3092 1369 tempore
3121 1312 3294 1371 grato,

2139 1384 2383 1454 Hincque
2410 1385 2497 1440 die
2519 1386 2698 1440 studui
2737 1386 2876 1440 ferre
2900 1387 3089 1443 salutis
3113 1403 3289 1460 opem,

2069 1473 2222 1529 Nunc
2255 1490 2397 1529 nunc
2425 1489 2551 1530 ecce
2579 1483 2746 1545 patet,
2776 1485 2922 1546 patet
2943 1479 3269 1549 acceptabile
3290 1490 3530 1552 tempus,

2139 1563 2514 1634 Gratiﬁcaeque
2541 1565 2657 1621 dies
2685 1581 2811 1621 ecce
2845 1568 3032 1623 salutis
3065 1571 3237 1626 adest.

2073 1655 2280 1711 Nullius
2306 1663 2361 1710 et
2387 1657 2519 1711 nulli
2551 1657 2827 1714 maculans
2856 1658 3080 1716 oﬂ'ensio
3117 1663 3276 1717 detur
3295 1704 3311 1728 ,

1996 1730 2046 1792 Β
2141 1745 2220 1801 Ne
2245 1746 2440 1800 merito
2464 1757 2708 1803 nostrum
2730 1749 2834 1804 vile
2861 1750 2932 1804 sit
2954 1751 3207 1807 cilicium.

2067 1838 2326 1907 Aptemus
2354 1837 2448 1892 sed
2481 1853 2581 1893 nos
2602 1839 2679 1892 sic
2716 1840 2874 1894 rebus
2900 1841 2953 1894 in
2985 1844 3254 1909 omnibus,
3286 1846 3470 1900 omnis

2141 1928 2335 1986 Nostra
2365 1930 2435 1985 sit
2462 1939 2522 1985 ut
2545 1933 2740 1987 summi
2769 1935 2922 1989 turba
2947 1937 3192 1993 ministra
3217 1941 3333 1994 Dei.

2069 2021 2305 2076 Plurima
2327 2029 2387 2076 ut
2411 2023 2464 2078 in
2494 2023 2648 2078 nobis
2672 2026 2850 2093 vigeat
2869 2027 3144 2096 patientia,
3175 2047 3282 2101 quo
3315 2049 3412 2088 nos

2141 2111 2324 2168 Turbo
2352 2113 2590 2184 procella
2615 2115 2742 2169 mali
2771 2130 2877 2170 non
2899 2131 3155 2188 superare
3179 2131 3359 2191 queat.

2069 2199 2316 2257 Conditio
2344 2218 2443 2258 nos
2459 2203 2593 2258 dura
2619 2221 2890 2275 premens,
2921 2211 3162 2279 angustia
3188 2211 3408 2279 laedens,

2137 2290 2431 2348 Pravorum
2456 2294 2702 2363 impietas
2719 2294 2841 2363 jure
2866 2299 3144 2368 probando
3165 2303 3345 2359 beent.

2069 2379 2360 2437 Carcerum
2391 2383 2446 2437 in
2469 2383 2670 2451 illuvie,
2697 2401 2792 2440 seu
2827 2389 3184 2447 seditionibus
3208 2394 3362 2459 atris,

2143 2471 2416 2528 Scandere
2438 2485 2697 2545 purgatos
2721 2478 2909 2533 ctelica
2934 2495 3094 2551 regna
3120 2484 3289 2539 decet.

2071 2561 2264 2617 Nostra
2289 2562 2580 2620 laboriﬁuis
2605 2567 2676 2621 sit
2707 2583 2855 2624 mens
2879 2573 3112 2628 exercita
3141 2575 3286 2630 curis
3303 2616 3319 2638 .

2145 2653 2325 2710 Simus
2352 2664 2408 2710 et
2432 2656 2725 2726 insomnes,
2754 2677 2849 2717 eor
2879 2664 2949 2718 sit
2967 2673 3021 2719 et
3053 2654 3212 2722 omne
3248 2668 3390 2740 vigil.

2074 2745 2359 2802 Mundities
2384 2748 2456 2803 sit
2478 2749 2635 2805 nobis
2658 2761 2826 2819 easta,
2852 2755 3072 2811 scientia
3101 2758 3290 2826 solers,

2141 2835 2500 2909 Longanimes
2521 2840 2705 2906 simus,
2732 2853 2786 2898 et
2809 2845 2924 2902 sine
2949 2849 3106 2905 sorde
3130 2849 3254 2911 luis.

2074 2925 2329 3003 ﬂensque
2349 2925 2538 3002 jugum
2565 2930 2777 2991 Domini
2803 2934 2999 2995 referat
3025 2945 3316 3014 tranquilla
3345 2964 3528 3014 suave,

2145 3021 2404 3079 Flaminis
2427 3034 2484 3079 ut
2510 3028 2680 3082 sancti
2706 3045 2918 3085 sumere
2945 3031 3082 3088 dona
3113 3048 3292 3105 queat.

2077 3112 2194 3180 Quo
2231 3129 2338 3170 non
2365 3114 2522 3170 ﬁctus
2549 3131 2703 3171 amor
2731 3120 2823 3184 sit,
2856 3123 2949 3176 sed
2972 3123 3186 3180 dilectio
3206 3143 3356 3193 vera,

2150 3204 2218 3260 Ut
2241 3205 2415 3275 possit
2433 3222 2594 3262 verus
2622 3224 2746 3263 mox
2769 3211 2898 3265 dare
2923 3228 3048 3267 vera
3078 3231 3260 3272 sonus.

2075 3293 2133 3348 in
2160 3295 2359 3351 virtute
2387 3296 2501 3361 Dei,
2534 3312 2637 3366 qua
2667 3308 2858 3354 cuncta
2882 3313 3065 3359 creata
3093 3317 3372 3376 reguntur,

2145 3383 2276 3454 Quae
2303 3401 2541 3442 convexa
2567 3389 2695 3458 poli,
2723 3405 2867 3456 rura,
2904 3393 3226 3467 Thetimque
3261 3409 3421 3454 tenet.

2076 3477 2268 3549 Incipit
2293 3480 2554 3550 oppositis
2577 3481 2690 3551 jam
2720 3499 2864 3540 nunc
2887 3500 3156 3555 opponere
3182 3493 3444 3559 qumdam,

2147 3567 2373 3624 Comere
2399 3578 2454 3624 et
2481 3571 2750 3640 eloquium
2780 3574 2857 3628 sic
2886 3578 3128 3633 variante
3155 3581 3309 3650 stylo.

2076 3658 2263 3724 Arma,
2292 3659 2386 3725 ait,
2414 3670 2497 3716 ast
2518 3663 2657 3732 arqui
2684 3666 2870 3720 dextra
2897 3666 3131 3740 lzevaque
3161 3681 3436 3740 gerantur,

2150 3753 2300 3809 Miles
2327 3762 2386 3809 ut
2411 3755 2686 3817 altithroni
2713 3759 2887 3814 victor
2914 3764 3365 3834 utrimque,cluat.

2080 3845 2182 3902 Per
2210 3846 2375 3903 decus
2402 3848 2528 3904 hinc
2548 3849 2773 3916 clarum,
2797 3867 2894 3922 per
2914 3853 3144 3910 dedecus
3168 3857 3287 3911 inde
3310 3873 3644 3928 repressum,

2147 3936 2431 3995 Cernimur
2460 3938 2710 4008 infames,
2734 3943 2804 3996 sit
2822 3943 2962 3998 bona
2990 3944 3130 4000 fama
3161 3948 3330 4003 bonis.

2080 4025 2161 4082 Sit
2182 4028 2529 4088 seductorum
2554 4039 2809 4101 tanquam
2836 4037 3102 4090 sententia
3130 4036 3238 4091 lata

2149 4119 2206 4173 In
2231 4135 2350 4187 nos,
2373 4137 2597 4177 veraces
2618 4139 2718 4178 nos
2743 4133 2922 4180 tamen
2947 4141 3068 4181 esse
3089 4128 3262 4182 decet.

2076 4208 2147 4264 At
2170 4208 2317 4264 velut
2341 4211 2528 4282 ignoti,
2569 4213 2785 4268 tandem
2805 4230 2993 4270 sumus
3019 4218 3196 4287 agnita
3227 4217 3430 4288 plebes,

2152 4299 2220 4354 Ut
2257 4300 2576 4356 moribunda
2607 4319 2816 4367 manus,
2845 4305 3076 4361 vivimus
3101 4322 3227 4363 ecce
3254 4316 3453 4363 tamen.

1999 4423 2053 4486 Β
2079 4391 2222 4486 Casti
2249 4402 2401 4486 grata
2428 4395 2623 4450 cohors
2649 4411 2754 4451 non
2777 4397 3100 4454 mortiﬁcata
3131 4415 3430 4468 manemus,

2143 4481 2251 4537 Ceu
2275 4483 2477 4550 tristes,
2505 4499 2719 4555 semper
2736 4487 2911 4542 laatula
2945 4491 3103 4544 turba
3131 4504 3336 4544 sumus.

2076 4571 2233 4628 Flens
2257 4583 2318 4628 ut
2343 4587 2510 4644 egens
2535 4591 2745 4642 sumus,
2765 4587 2821 4632 et
2854 4579 3087 4634 ditemus
3107 4581 3162 4634 in
3183 4582 3398 4650 agmine
3421 4581 3642 4649 multos,

2146 4663 2231 4719 Nil
2256 4674 2311 4720 et
2338 4667 2586 4722 habendo
2612 4669 2818 4738 amplas
2842 4670 3211 4740 possideamus
3236 4687 3368 4743 opes
3388 4686 3437 4728 ι.

2787 4761 2923 4816 XVI.

2201 4865 2266 4903 DE
2303 4865 2512 4905 ηυοτυ
2548 4866 2811 4914 αεκτεηο,
2850 4866 3120 4908 εεχιεεαο
3151 4868 3222 4907 ET
3258 4869 3506 4910 τωαεκο.

2075 4939 2171 4995 Est
2198 4953 2326 5012 ager
2351 4941 2604 4998 Ecclesiae
2627 4953 2814 5012 partes
2835 4943 3118 4999 distinctus
3144 4946 3197 4999 in
3235 4945 3392 5010 istas,

2145 5033 2366 5089 Semine
2393 5036 2458 5089 de
2486 5034 2698 5091 Domini
2729 5051 2850 5106 quae
2883 5044 2968 5090 est
2997 5037 3233 5092 animata
3263 5039 3423 5091 bono.

2074 5126 2207 5182 Pars
2228 5128 2399 5196 prima
2435 5137 2519 5183 est
2538 5137 2782 5192 centum,
2813 5143 2940 5198 pars
2961 5143 3226 5200 sexagena
3252 5131 3506 5197 secanda,

2145 5219 2326 5274 Tertia
2355 5221 2618 5274 tricenum
2641 5221 2883 5276 continet
2909 5221 3034 5276 inde
3059 5223 3304 5292 gradum.

2074 5311 2140 5366 Et
2163 5312 2339 5381 primo
2364 5319 2644 5380 pereunte,
2683 5312 2872 5381 nequit
2899 5325 3023 5366 mox
3055 5313 3135 5367 ire
3159 5313 3441 5378 secundus,

2144 5404 2248 5460 Sed
2279 5405 2485 5459 ratione
2513 5403 2690 5458 locum
2716 5405 2909 5459 tertius
2935 5405 3054 5475 ejus
3081 5405 3211 5459 adit.

2076 5493 2286 5550 Tertius
2311 5504 2368 5548 et
2383 5495 2618 5563 primum
2649 5494 2907 5563 sequitur,
2937 5494 3078 5548 hunc
3113 5493 3236 5550 inde
3262 5494 3531 5550 secundus

2142 5585 2250 5641 Sed
2285 5595 2467 5642 tamen
2487 5585 2554 5640 ad
2578 5585 2813 5656 primum
2841 5601 2998 5640 nemo
3027 5585 3203 5641 redire
3232 5589 3391 5640 valet.
