3970 6184
317 261 399 317 369
1527 250 1858 306 εΑιιιιιΝΑ.
1899 250 2026 304 LIB.
2075 247 2180 302 VII.

1835 380 1883 434 Α
1910 363 2061 418 Nunc
2089 363 2336 418 simulata
2378 362 2525 416 venit
2551 362 2748 425 vestis,‘
2767 358 3129 414 simulatus-et
3155 366 3362 419 auctor,

317 375 488 428 Tertius
507 385 560 425 eu
587 370 830 424 miseram
862 369 1074 438 linquit,
1099 367 1230 437 petit
1251 375 1415 435 atque
1446 365 1732 428 secundus,

374 462 740 532 Ilaudquaquam
771 460 977 531 primus
1003 460 1098 514 sed
1126 457 1446 527 repetendus
1474 456 1598 510 erit.

949 589 1108 646 XVII.

823 698 886 737 υε
926 698 1100 737 ελιιειι
1142 695 1225 736 ιιε.

309 799 418 854 Nam
443 797 560 853 bona
588 794 705 860 jure
731 795 930 849 bonum
965 791 1156 848 cecidit
1175 807 1296 846 cum
1322 805 1505 846 semen
1536 790 1588 842 in
1615 803 1764 851 arva,

365 891 491 958 Quod
506 888 715 961 placidae
751 887 947 957 segetis
977 885 1114 940 sevit
1139 899 1322 938 amore
1346 891 1494 938 sator
1522 896 1536 934 :

305 983 425 1038 Frux
452 981 671 1046 terdena,
698 987 754 1033 et
781 977 1033 1040 sexdena,
1065 984 1121 1030 et
1146 983 1366 1029 centena
1393 972 1712 1033 redundant.

361 1072 522 1128 Adfert
543 1086 657 1141 quae
679 1069 800 1124 ﬁdei
827 1068 1030 1123 semine
1054 1067 1252 1120 mentis
1281 1081 1429 1135 ager.

300 1165 509 1221 Ter-dena
533 1163 582 1218 in
601 1170 787 1234 nuptu,
820 1161 873 1215 in
900 1160 1074 1214 viduis
1102 1157 1333 1213 sexdena
1364 1162 1645 1220 coruscat,

358 1257 450 1312 Ista
472 1256 565 1313 duo
590 1261 806 1323 superat
835 1253 1023 1308 tertius
1050 1249 1182 1304 ordo
1203 1247 1352 1301 boni.

295 1349 356 1402 Et
376 1349 482 1402 data
506 1347 789 1418 virginibus
817 1343 1026 1400 centeni
1057 1340 1226 1412 gloria
1257 1338 1484 1401 fructus,

358 1433 869 1509 Martyrioque‘sacer
889 1432 1136 1504 congruit
1166 1431 1254 1484 hic
1276 1442 1552 1482 numerus.

289 1531 425 1597 Quod
449 1529 572 1584 satis
600 1531 651 1582 in
686 1527 926 1582 numeris
951 1524 1236 1593 digitorum
1270 1519 1483 1574 inﬁcxio
1513 1517 1708 1588 signat,

347 1623 442 1676 Res
463 1629 512 1676 et
531 1621 595 1675 ab
615 1618 851 1688 antiquis
876 1615 1000 1684 jure
1033 1621 1244 1683 reperta
1277 1611 1428 1665 viris.

3367 244 3483 297 370‘

1979 455 2110 522 Quae
2134 457 2272 511 bene
2312 454 2634 508 conveniant
2673 467 2929 521 mensque
2960 451 3276 518 habitusque
3312 449 3432 503 sibi.

1914 547 2082 602 Fluxa
2128 547 2339 602 camilla
2371 555 2551 617 caput,
2584 553 2818 600 mentem
2853 545 2985 614 tegit
3038 551 3153 599 atra
3184 544 3429 600 voluntas
3454 585 3471 608 ,

1981 639 2186 709 Aspera
2216 639 2337 692 lana
2363 645 2534 703 artos,
2551 638 2717 692 vestis
2737 637 2896 691 ovina
2924 637 3123 708 lupum.

1915 725 2094 779 Clama
2117 726 2311 796 duplex
2334 726 2467 781 foris
2485 736 2587 790 est,
2613 727 2757 780 intus
2779 728 3072 795 praecordia
3098 728 3309 799 duplex,

1986 814 2354 885 Simplicitatis
2381 818 2553 871 honos
2590 825 2673 872 est
2712 817 2781 871 ab
2806 825 3033 887 utroque
3063 821 3266 888 procul.

1916 904 2138 960 Follicat
2168 905 2340 974 ampla
2383 906 2578 974 quibus
2607 908 2840 976 turgenti
2866 908 3031 962 calcia
3061 924 3266 978 panno,

1988 995 2277 1065 Velocique
2317 996 2437 1064 pedi
2475 995 2598 1049 vilis
2637 997 2778 1051 inest
2813 999 3005 1068 caliga.

1921 1085 2052 1140 Pars
2089 1099 2302 1154 quoque
2350 1085 2481 1139 laeva
2513 1086 2659 1140 vehit
2699 1087 2951 1152 cultrum,
2981 1091 3354 1159 geminamque
3398 1100 3479 1145 ιη·
3565 1100 3572 1109 '

3185 1182 3374 1234 bellam
3399 1223 3412 1242 ,

3185 1182 3221 1234 b

1990 1268 2058 1322 Et
2083 1269 2220 1324 bene
2249 1278 2460 1340 tegmen
2486 1269 2535 1323 ei
2563 1278 2618 1325 et
2643 1270 2899 1341 graphius
2922 1285 3041 1325 esse
3069 1180 3221 1326 salit.

1924 1361 2099 1416 Pallor
2127 1370 2182 1416 et
2211 1377 2307 1417 ora
2345 1370 2513 1428 tenet,
2537 1364 2766 1434 suspiria
2803 1373 2990 1432 pectus
3017 1364 3206 1418 anhela
3235 1406 3248 1428 ,

1993 1454 2061 1508 Et
2097 1455 2241 1508 tenui
2269 1455 2446 1509 sonitu
2475 1470 2573 1509 vox
2599 1457 2926 1526 gemebunda
2957 1462 3130 1510 sonat.

1927 1546 2041 1602 Vox
2070 1547 2405 1618 gemebunda
2433 1555 2590 1602 sonat
2629 1549 2761 1602 dans
2789 1548 2908 1601 ﬁcta
2939 1557 2992 1602 et
3026 1548 3201 1602 dulcia
3229 1549 3412 1612 verba,

1992 1637 2136 1691 Pura
2180 1645 2243 1692 ut
2271 1637 2431 1692 corda
2463 1639 2740 1692 hominum
2785 1647 2904 1707 post
2953 1655 3047 1692 sua
3081 1647 3200 1693 vota
3247 1641 3482 1694 trahant.

283 1715 504 1784 Namque
524 1713 674 1768 index
707 1724 944 1780 summus.
970 1706 1163 1801 lmine"
1192 1720 1312 1801 (ξυω
1350 1701 1541 1801 Ρξηίίεθ
1563 1698 1786 1768 lima“
1851 1714 1896 1773 B
1923 1727 2144 1782 Plorare
2183 1738 2241 1782 ut
2284 1737 2576 1801 nequeant,
2611 1698 2832 1797 cupiunt
2859 1729 3098 1798 plorasse
3125 1730 3325 1795 videri,

348 1805 626 1859 Terdenum
650 1802 700 1856 in
727 1800 966 1855 numeris
993 1799 1096 1854 scit
1129 1798 1364 1850 retinere
1390 1795 1588 1848 locum.

283 1895 444 1948 Mollis
467 1903 519 1949 et
539 1894 813 1961 amplexus
838 1891 1126 1960 digitorum
1153 1886 1327 1942 dulcia
1359 1885 1535 1951 signat

351 1983 530 2038 Oscula
551 1979 798 2050 conjugii,
835 1994 954 2049 qua:
981 1977 1080 2032 sibi
1111 1984 1260 2047 grata
1285 1981 1521 2028 manent.

282 2072 347 2126 At
375 2071 538 2142 pollex
564 2085 727 2124 curvo
751 2075 1004 2122 curvatus
1026 2066 1094 2120 ab
1119 2066 1292 2120 indice
1318 2080 1538 2134 pressus

347 2161 612 2215 Sexdenos
638 2166 922 2224 monstrat,
948 2157 1108 2227 inque
1132 2166 1256 2226 typo
1278 2155 1486 2208 viduas.

280 2252 346 2308 Ut
366 2251 553 2320 digitus
579 2251 822 2319 digitum,
850 2250 950 2303 has
980 2263 1146 2320 angor
1169 2261 1310 2317 saepe
1333 2255 1593 2310 coarctat,

343 2341 583 2396 Turturis
616 2355 680 2394 ac
701 2340 932 2411 gemitus
959 2338 1189 2408 inclytus
1213 2344 1369 2392 ornat
1393 2353 1504 2391 eas.

271 2431 548 2487 Transitus
574 2446 605 2484 a
627 2415 758 2484 latva
787 2429 833 2484 si
862 2430 917 2483 in
943 2429 1187 2484 dextram
1211 2441 1274 2482 ex
1306 2428 1497 2482 ordine
1527 2426 1648 2491 fiat,

341 2524 498 2579 Index
524 2537 752 2592 eumque
785 2537 883 2576 suo
916 2521 1106 2592 pollice
1123 2519 1345 2588 junctus
1369 2521 1492 2586 erit,

267 2617 336 2676 Et
356 2615 588 2687 placidus
614 2613 770 2669 tereti
799 2611 1059 2668 formetur
1085 2613 1318 2668 circulus
1337 2614 1489 2679 orbe,

333 2708 559 2766 Centum
582 2707 680 2760 sub
708 2705 949 2760 numeris
972 2705 1072 2760 ista
1099 2703 1270 2774 ﬁgura
1300 2713 1471 2758 tenet.

265 2801 422 2854 Serta
444 2796 740 2851 venustatis
771 2802 927 2866 typus
957 2795 1043 2849 hic
1066 2793 1185 2856 fert,
1217 2810 1335 2864 qua:
1362 2793 1502 2849 bene
1527 2795 1726 2850 sanctis

335 2889 475 2944 Sunt
501 2889 624 2944 data
655 2886 970 2958 virginibus,
1000 2886 1435 2958 martyribusque
1460 2887 1580 2956 piis.

261 2983 550 3038 Transitus
587 2982 686 3036 iste
713 2987 894 3034 monet
924 2979 1210 3050 praesentia
1246 2987 1484 3033 temnere
1520 2978 1669 3045 lieva,

338 3071 536 3125 Dextra
559 3068 739 3124 futura
765 3068 919 3124 bonis
950 3069 1156 3123 actibus
1186 3075 1452 3138 appetere.

258 3161 417 3217 Nulla
439 3163 641 3216 caduca
669 3161 839 3229 sequi,
863 3160 1132 3215 mansuris
1163 3160 1322 3230 ﬁgere
1347 3169 1579 3216 mentem
1599 3202 1614 3225 ,

329 3254 628 3308 Labentem
651 3252 906 3306 mundum
931 3266 1204 3320 spernere,
1231 3267 1414 3306 amare
1443 3251 1630 3305 Deum.

260 3345 462 3400 (halica
483 3343 703 3407 sectari,
736 3349 1057 3413 postponere
1085 3350 1261 3396 terrea
1290 3351 1482 3394 cuncta
1502 3381 1517 3405 ,

330 3435 596 3492 Sanctum
625 3449 758 3506 opus
781 3447 896 3500 ore,
937 3448 1099 3488 manu
1133 3432 1418 3504 prendere,
1452 3429 1636 3498 corde,
1674 3432 1794 3488 ﬁde.

955 3568 1137 3624 XVIII.

839 3679 904 3718 nn
937 3677 1268 3728 nvrocarris,

257 3756 322 3810 Et
349 3755 494 3827 quod
530 3752 887 3827 apostolorum
923 3751 1258 3827 temporibus,
1287 3749 1392 3827 sive
1429 3768 1608 3806 eorum
1638 3768 1836 3827 succea-

320 3822 534 3889 sorum,
559 3822 727 3894 magis
749 3822 996 3894 Ecclesia:
1016 3824 1226 3877 virtutes
1261 3823 1534 3893 viguerunt
1560 3839 1717 3890 quam
1752 3823 1833 3877 his

322 3895 634 3949 novissimis
653 3892 992 3963 lemporibus.

257 4007 444 4060 Virtus
473 4004 607 4059 ﬁcta
633 4004 796 4074 viget,
823 4002 1183 4072 nequidquam
1206 4018 1334 4058 vera
1368 4001 1596 4067 fatiscit,

314 4097 541 4151 Extulit
569 4095 662 4150 illa
691 4102 872 4166 caput,
898 4095 1013 4150 haec
1039 4096 1174 4168 petit
1207 4095 1314 4150 ima
1336 4109 1576 4167 gemens.

257 4188 405 4244 N'unc
433 4188 690 4259 probitas
717 4198 776 4242 ut
797 4200 922 4241 vera
940 4186 1114 4256 juvat,
1136 4187 1216 4242 sic
1240 4185 1376 4241 falsa
1402 4188 1636 4252 nocebit,

314 4280 634 4336 Cousulere
662 4281 762 4334 ista
789 4287 964 4350 parat,
990 4279 1176 4334 fallere
1202 4286 1258 4333 at
1280 4277 1368 4332 illa
1394 4278 1586 4332 inhiat.

257 4374 510 4443 furtique
541 4374 884 4427 sacerdotum
908 4371 1076 4441 viguit
1104 4369 1350 4424 doctrina
1377 4369 1610 4438 piorum,

322 4465 538 4521 Sermo
561 4464 889 4533 habitusque
914 4462 1104 4515 horum
1129 4474 1313 4514 norma
1340 4459 1526 4514 salutis
1547 4467 1681 4513 erat.

257 4561 401 4613 (une
429 4555 819 4612 situulatorum
845 4550 1036 4620 duplex
1065 4565 1180 4612 cor,
1209 4550 1374 4603 verba
1404 4549 1588 4603 dolosa

309 4649 569 4709 Pollent,
596 4654 652 4700 et
682 4645 878 4698 retinet
906 4641 1050 4696 ﬁctio
1078 4639 1189 4696 sola
1215 4639 1410 4695 locum.

258 4738 597 4792 ’uutiﬁcum
625 4735 788 4790 decus
813 4741 868 4786 et
891 4731 1165 4801 specimen
1191 4737 1316 4784 tunc
1344 4745 1472 4784 cura
1489 4730 1728 4800 gerebat,

303 4829 332 4883 ,Ι
342 4830 472 4885 uris
501 4825 792 4899 apostolici
815 4823 972 4895 queis
999 4823 1144 4878 dedit
1168 4824 1302 4877 ordo
1322 4824 1597 4877 thronum.

258 4938 365 4975 ura
399 4921 624 4991 quibus
651 4918 773 4972 data
803 4922 928 4970 sunt
959 4913 1196 4970 solvendi
1236 4914 1346 4968 sive
1374 4914 1600 4985 ligandi,

302 5014 492 5070 Clave
523 5011 716 5065 valent
753 5021 980 5078 quorum
1014 5021 1177 5076 regna
1205 5014 1388 5076 patere
1429 5005 1556 5075 puli.

257 5106 410 5172 lueis
442 5098 809 5158 commendat
856 5111 986 5151 oves
1014 5104 1289 5166 pastorum
1319 5103 1508 5163 pastor
1554 5104 1608 5148 et
1653 5108 1844 5164 agnos,

298 5195 606 5264 Quodque
635 5190 717 5246 sui
743 5189 931 5243 tribuit
961 5188 1152 5256 pignus
1177 5185 1376 5239 amoris
1401 5198 1555 5253 opus.

258 5291 321 5344 lic
353 5299 530 5352 tunc,
574 5299 722 5340 nunc
742 5281 847 5337 alio
868 5280 1178 5335 discurrunt
1205 5276 1385 5330 omnia
1411 5291 1570 5329 cursu
1587 5315 1602 5340 ,

297 5384 422 5438 Pes
455 5383 728 5450 superest
750 5373 933 5444 capiti,
961 5369 1133 5440 vergit
1169 5370 1224 5422 in
1255 5368 1362 5421 ima
1390 5375 1572 5435 caput.

263 5473 412 5526 allia
443 5467 763 5540 apostolica
789 5465 914 5519 data
952 5470 1078 5516 tunc
1119 5461 1184 5515 de
1209 5460 1336 5513 sede
1360 5459 1642 5528 vigebant,

293 5564 325 5618 ι
335 5577 543 5633 usque
574 5558 863 5631 potestatis
887 5555 1053 5612 vestis
1081 5563 1136 5610 et
1171 5553 1304 5609 ordo
1334 5551 1452 5606 fuit.

297 5694 324 5721 ι
377 5681 605 5737 Matth.
649 5695 719 5744 vr,
743 5676 794 5730 3.

1996 1815 2190 1872 Fallaci
2225 1818 2454 1872 incultas
2487 1817 2658 1872 imbre
2688 1817 2895 1887 rigante
2923 1833 3104 1888 genas.

1925 1911 2184 1966 Nituntur
2201 1910 2359 1980 justi,
2390 1912 2686 1982 sanctique,
2714 1912 2894 1980 piique
2924 1911 3124 1976 videri,

1998 2002 2198 2058 Laudis
2224 2013 2284 2058 ut
2307 2004 2555 2058 humana:
2583 2003 2750 2072 gloria
2783 2003 2948 2072 possit
2977 2004 3103 2057 emi.

1927 2091 2041 2145 Hoc
2071 2092 2254 2146 habitu
2285 2092 2489 2146 vultum
2518 2092 2734 2162 pietatis
2755 2091 2899 2146 velat
2931 2093 3134 2160 imago,

1997 2183 2124 2239 Plus
2159 2184 2306 2239 cerni
2332 2184 2386 2238 hi
2419 2185 2589 2239 sancti
2611 2199 2772 2253 quam
2804 2193 2982 2238 tamen
3023 2200 3142 2240 esse
3167 2186 3364 2240 volunt.

1928 2276 2088 2332 Plura
2118 2293 2217 2332 nec
2266 2278 2369 2332 hoc
2405 2277 2680 2334 hominum
2722 2293 2888 2349 genus
2917 2278 2994 2331 ire
3031 2294 3127 2348 per
3162 2279 3354 2349 oppida
3403 2295 3493 2334 ne-

3250 2371 3387 2443 [seit
3408 2415 3420 2433 ,

2001 2463 2261 2517 Lustrare
2291 2469 2384 2515 aut
2410 2470 2588 2517 cessat
2624 2463 2856 2532 compita
2879 2503 2892 2525 ,
2925 2477 3073 2526 rura,
3119 2478 3291 2516 casas.

1935 2554 2046 2610 Hoc
2074 2554 2185 2626 agit
2213 2561 2275 2608 ut
2301 2554 2502 2625 rapidis
2527 2563 2687 2624 queat
2717 2553 2939 2609 inferire
2982 2555 3253 2609 crumenis

2005 2645 2184 2715 Turpe
2224 2644 2468 2708 lucrum,
2500 2652 2556 2699 et
2580 2645 2800 2714 cupidos
2835 2660 3015 2698 rerum
3055 2659 3280 2699 onerare
3321 2647 3492 2700 sinus.

1935 2735 2000 2790 Ili
2041 2735 2180 2791 bona
2203 2737 2474 2806 jactanter
2497 2742 2778 2806 peragunt,
2812 2735 2948 2788 mala
2979 2734 3144 2788 multa
3175 2735 3421 2795 latenter.

2003 2826 2108 2882 Ista
2141 2834 2330 2896 patent
2354 2825 2634 2879 hominum
2668 2825 2894 2889 visibus,
2923 2824 3011 2879 illa
3045 2825 3158 2880 Dei.

1933 2916 2160 2988 Dignum
2187 2930 2322 2988 Opus
2348 2915 2596 2969 humanis
2628 2915 2871 2985 quisquis
2899 2931 2999 2985 pro
3022 2913 3268 2972 laudibus
3295 2917 3425 2986 egit,

2003 3006 2299 3062 Mercedem
2339 3007 2533 3077 recipit
2559 3008 2692 3062 heu!
2726 3007 2892 3062 miser
2919 3007 3010 3062 ille
3046 3023 3216 3062 suam.

1935 3095 2095 3152 Verbi
2130 3099 2426 3168 evangelici
2466 3099 2629 3153 lituus
2673 3100 2752 3153 sic
2788 3098 2997 3153 intonat
3028 3099 3243 3169 ingens,

1997 3187 2063 3241 Et
2091 3189 2225 3242 bene
2247 3203 2346 3258 per
2371 3189 2553 3242 mundi
2577 3189 2812 3258 compita
2842 3190 3012 3258 mugit
3040 3203 3206 3241 ovans
3232 3203 3246 3241 :

1930 3277 2080 3342 Quod
2111 3287 2200 3331 tua
2239 3280 2425 3331 dextra
2467 3280 2604 3348 gerit
2633 3279 2795 3333 facito
2843 3279 3054 3332 nescire
3086 3279 3388 3341 sinistram,

2001 3365 2152 3420 Tunc
2170 3367 2275 3421 erit
2296 3375 2574 3436 acceptum
2598 3367 2738 3436 quod
2771 3369 2916 3437 geris
2949 3383 3108 3421 omne
3139 3368 3247 3422 Deo
3271 3381 3316 3420 ιι.

1934 3456 2154 3512 Scilicet
2189 3467 2249 3512 ut
2274 3457 2447 3511 laudis
2479 3459 2728 3512 humanae
2767 3458 2948 3512 nescia
2989 3472 3138 3512 mens
3176 3459 3283 3524 sit,

2003 3547 2137 3602 Cum
2172 3547 2420 3602 dextrum
2450 3549 2659 3619 peragit
2703 3548 2935 3620 inclytus
2965 3565 3094 3604 usus
3133 3566 3286 3621 opus.

1934 3639 2036 3694 Per
2063 3639 2250 3693 laevam
2275 3653 2534 3710 prmsens,
2562 3657 2661 3711 per
2687 3642 2949 3697 dextram
2967 3642 3074 3696 vita
3112 3642 3286 3698 futura

2005 3728 2280 3800 Signatur,
2317 3731 2474 3785 docet
2502 3731 2604 3786 hoc
2629 3732 2821 3801 pagina
2852 3741 3037 3786 sancta
3069 3733 3182 3788 Dei.

1936 3819 2177 3891 Namque
2204 3821 2441 3892 50phista
2477 3831 2665 3892 potens
2684 3824 2923 3894 quidam,
2953 3839 3046 3880 rex
3085 3825 3315 3897 inclytus
3337 3869 3350 3894 ,
3373 3829 3500 3884 olim

2005 3912 2224 3968 Talibus
2247 3928 2278 3968 e
2304 3915 2464 3968 rebus
2486 3913 2612 3968 talia
2637 3915 2802 3970 verba
2837 3917 3002 3971 dedit.

1936 4005 2064 4076 Ejus
2087 4005 2243 4077 longa
2282 4005 2396 4060 dies
2425 4014 2507 4061 est
2539 4007 2728 4062 dextra
2763 4009 2817 4062 in
2851 4016 3004 4078 parte
3040 4009 3248 4074 locata,

2006 4099 2169 4169 Inque
2193 4099 2310 4170 ejus
2343 4098 2475 4153 laeva
2509 4099 2702 4170 gloria,
2727 4101 2960 4165 culmen,
2988 4117 3116 4169 opes
3147 4103 3194 4156 δ.

1935 4189 2080 4244 Illius
2106 4197 2286 4244 exstat
2311 4191 2439 4245 item
2467 4199 2654 4244 nostro
2680 4192 2779 4245 sub
2804 4193 3005 4245 vertice
3030 4193 3157 4246 laeva
3183 4234 3196 4256 ,

2009 4279 2074 4332 Et
2101 4279 2247 4334 dabit
2276 4279 2552 4346 amplexus
2587 4280 2808 4333 dextera
2838 4287 3020 4333 sancta
3053 4281 3190 4348 pios.

1942 4369 2041 4421 Dat
2068 4366 2322 4435 quoniam
2363 4367 2418 4420 in
2449 4366 2580 4420 laeva
2605 4368 2887 4436 praesentis
2916 4369 3197 4423 commoda
3226 4371 3368 4435 vitae,

1864 4436 1914 4493 D
2009 4456 2287 4526 Perpetua:
2316 4457 2370 4509 in
2390 4456 2580 4510 dextra
2615 4471 2709 4512 seu
2729 4457 2845 4512 sine
2878 4456 2985 4511 ﬁne
3009 4467 3182 4528 parat.

1942 4548 2078 4603 Nam
2119 4548 2224 4602 duo
2253 4546 2494 4617 discipuli
2522 4547 2712 4601 laevam
2749 4548 3103 4619 dextramque
3136 4557 3320 4606 tenere

2012 4640 2124 4696 Hoc
2151 4639 2365 4709 signant
2391 4639 2601 4693 Domini
2631 4641 2724 4709 qui
2750 4641 3032 4696 residendo
3061 4643 3262 4699 volunt.

1944 4731 2161 4787 Scilicet
2185 4731 2238 4783 in
2269 4730 2458 4784 dextra
2493 4731 2701 4800 pollens
2747 4733 3018 4802 sapientia
3060 4734 3258 4790 Christi
3292 4748 3398 4804 est,

2012 4822 2137 4877 Haec
2165 4836 2286 4892 quae
2314 4829 2515 4875 interna
2545 4821 2704 4877 datur
2727 4823 3006 4894 spiritibus
3045 4828 3276 4896 requies.

1942 4910 2226 4966 Permanet
2260 4911 2314 4964 in
2340 4909 2471 4964 laeva
2501 4910 2655 4965 istius
2680 4912 2975 4967 moderatio
2998 4915 3152 4981 vitae,

2013 4998 2192 5052 Donec
2217 4998 2287 5053 ad
2321 5005 2552 5054 aeternas
2589 5003 2964 5070 perveniamus
3005 5019 3154 5074 opes.

1947 5088 2151 5143 Divitiae
2174 5103 2313 5143 vera:
2334 5097 2460 5144 sunt
2487 5090 2656 5160 gloria
2693 5107 2879 5146 norma
2911 5093 3030 5149 ﬁdei
3047 5135 3061 5160 ,

2014 5183 2142 5248 Quae
2171 5197 2270 5236 nos
2291 5182 2484 5238 exsilio
2515 5183 2618 5238 rite
2637 5192 2853 5239 tuentur
2873 5185 2928 5240 in
2957 5187 3078 5242 hoc.

1946 5275 2080 5331 Nam
2109 5283 2229 5340 tua,
2258 5275 2471 5330 Christe
2499 5284 2708 5346 potens,
2738 5277 2897 5347 hujus
2937 5277 3248 5348 plerumque
3275 5276 3506 5335 sinistrae

2019 5369 2155 5423 Vitae
2180 5369 2462 5440 praesentis
2487 5368 2663 5424 innuit
2688 5369 3006 5424 Ecclesiam.

1949 5463 2085 5516 Dum
2113 5460 2179 5516 de
2216 5460 2323 5516 illis
2350 5476 2486 5516 cano
2511 5461 2603 5530 qui
2631 5461 2800 5515 sancti
2843 5459 3022 5527 specie
3065 5465 3217 5509 tenus
3253 5465 3506 5525 exstant,

2019 5552 2236 5624 Culpari
2257 5553 2475 5618 nollem,
2503 5550 2792 5607 dummodo
2827 5564 2954 5602 vera
2983 5563 3195 5601 canam.

2024 5674 2050 5713 1³
2088 5673 2245 5726 Prov.
2290 5685 2381 5734 tu,
2428 5667 2508 5719 I6.
