3970 6184
0 5324 23 5795 ὶ

348 310 453 373 δτι

1627 505 1818 579 [iustis
1839 545 1855 568 ,

421 607 664 681 Quorum
686 619 781 660 eor
820 602 1040 664 etelum,
1067 614 1221 657 meus
1249 599 1367 655 sitit
1399 600 1541 654 alma
1567 596 1760 653 Deum.

352 700 517 769 Queis
538 698 732 754 devota
759 694 895 753 ﬁdes
913 735 927 759 ,
953 693 1043 765 pia
1066 707 1222 763 spes,
1250 691 1468 749 dilectio
1496 690 1695 755 dulcis,

423 791 621 850 Vivere
642 787 796 860 queis
827 783 1095 851 Chrisuis,
1121 791 1419 853 sanctaque
1447 782 1599 838 lucra
1625 780 1785 836 mori.

354 885 559 940 Cuncta
595 878 931 950 reliquerunt
954 876 1047 948 qui
1075 875 1261 932 audita
1290 890 1423 931 voce
1467 872 1751 937 Tonantis,

423 977 712 1032 Deeertant
735 969 1022 1025 Dominum
1064 967 1260 1024 mentis
1280 966 1479 1021 'amore
1507 964 1664 1035 sequi
1698 982 1712 1017 :

354 1070 531 1139 Atque
559 1068 614 1123 in
653 1063 963 1137 apostolicae
1002 1062 1130 1117 vita:
1162 1059 1477 1117 fundamine
1510 1065 1679 1120 stare,

424 1160 638 1215 Perstet
666 1165 727 1211 ut
749 1153 1004 1211 Ecclesia:
1032 1152 1127 1222 qui
1154 1151 1258 1207 fuit
1297 1158 1425 1206 ante
1466 1149 1679 1205 modus.

355 1249 545 1309 Omnia
570 1256 699 1306 sunt
728 1247 926 1317 quibus
951 1242 1169 1315 egregio
1205 1241 1512 1297 communia
1537 1249 1687 1306 voto,

426 1339 663 1396 Mentem
690 1336 1043 1403 animumque
1061 1347 1228 1388 unum
1266 1330 1422 1400 queis
1447 1331 1590 1386 Dens
1617 1330 1733 1400 ipse
1765 1328 1932 1388 dedit,

358 1434 629 1503 Pluraque
651 1429 922 1501 permixto
950 1432 1177 1483 currunt
1208 1439 1309 1495 per
1342 1422 1553 1493 singula
1581 1437 1771 1486 cursu,

432 1524 611 1593 Atque
642 1519 800 1576 malis
824 1520 967 1576 bona
994 1525 1143 1582 sunt,
1174 1525 1230 1572 et
1263 1516 1405 1571 mala
1430 1515 1597 1571 mixta
1624 1514 1801 1571 bonis.

362 1617 456 1672 Sic
480 1615 607 1671 vino
633 1611 738 1668 faex
757 1620 862 1676 est,
904 1618 961 1666 et
982 1608 1128 1665 olivo
1165 1607 1340 1677 turpis
1367 1620 1615 1671 amurca,

435 1707 503 1762 Et
529 1705 709 1776 liquor
734 1700 1039 1759 ambrosius
1067 1698 1242 1755 mellis
1273 1698 1438 1755 habet
1470 1698 1719 1753 abacum.

1375 304 1761 361 TilEODULFI
1800 303 2351 361 AURELIANENSIS
2388 303 2602 360 EPISC.

351 426 470 482 Non
522 433 701 481 tamen
756 425 872 479 bare
920 422 1201 486 recinens,
1240 419 1524 479 monachis
1578 433 1679 489 ego
1730 417 1932 485 derogo
1959 416 2002 475 Α

3499 294 3606 351 572

2760 418 2897 473 XIX.

2402 526 2428 556 ⁸
2468 526 2796 567 EPI'I‘APBIUI
2846 523 3242 565 BELI‘ENGALDI.

2026 600 2137 657 Hac
2182 603 2475 672 requiescit
2508 604 2673 659 humo
2720 600 3137 671 Helmengaldus
3166 596 3364 653 nobilis
3406 596 3605 663 heros,

2098 691 2280 748 Gloria
2302 693 2396 763 qui
2421 693 2607 764 patriae
2628 700 2683 748 et
2708 692 2875 749 decus
2903 705 3062 747 omne
3094 688 3217 744 fuit.

2028 786 2187 842 Dives
2228 799 2389 854 opum
2433 794 2489 838 et
2522 798 2732 850 sensus,
2772 799 2867 839 seu
2900 782 3181 837 nobilitate
3210 794 3496 844 coruscus,

2097 874 2334 930 Moribus
2362 882 2609 940 ornatus,
2642 874 2893 929 omnibus
2918 882 3080 944 atque
3105 872 3285 928 bonis.

2029 967 2267 1023 Consilio
2292 966 2518 1035 pollens,
2546 962 2660 1020 fors
2679 966 2862 1029 armis,
2893 965 3100 1021 viribus
3125 974 3338 1031 auctus,

2103 1057 2335 1130 Legibus
2362 1058 2625 1122 imbutus,
2654 1070 2750 1112 ore
2775 1071 3043 1126 manuque
3080 1064 3292 1126 potens.

2032 1149 2274 1220 Namque
2302 1149 2537 1219 palatina
2569 1148 2671 1204 fuit
2702 1148 2791 1205 hic
2817 1146 3104 1218 praefectus
3138 1148 3192 1202 in
3219 1146 3361 1212 aula,

2106 1244 2243 1297 Dum
2273 1248 2488 1313 regeret
2516 1239 2741 1297 Carolus
2772 1248 2990 1308 seeptra
3021 1252 3215 1293 serena
3242 1237 3386 1310 pius.

2034 1334 2302 1392 Ecclesias
2336 1337 2526 1408 opibus
2553 1335 2741 1391 ditavit
2776 1335 3018 1407 pluribus
3062 1333 3185 1399 iste,
3428 1324 3435 1333 ⁸
3510 1322 3515 1333 ’

2105 1429 2359 1498 Fecitque
2384 1428 2625 1484 hmredes
2656 1427 2816 1483 rebus
2843 1426 3018 1482 inesse
3047 1425 3175 1481 suis.

2036 1520 2138 1575 Pes
2163 1518 2263 1574 fuit
2289 1519 2378 1574 hic
2405 1517 2631 1584 claudis,
2658 1516 2937 1572 oculorum
2964 1504 3133 1588 gloria
3164 1515 3342 1579 caecis,

2108 1610 2358 1666 Solamen
2402 1610 2592 1665 habuit
2621 1608 2811 1664 debilis
2839 1608 3016 1664 omnis
3040 1622 3182 1662 eum.

2036 1704 2142 1758 iste
2177 1701 2481 1772 famemque
2507 1701 2760 1770 sitimque
2790 1698 2971 1766 simul,
3018 1713 3113 1755 seu
3145 1696 3345 1769 frigora
3392 1697 3535 1761 dira,

364 1795 569 1865 Nempe
585 1761 731 1851 'daos
758 1793 815 1848 in
861 1807 1012 1862 agro,
1057 1790 1389 1858 totidemque
1428 1789 1482 1843 iu
1513 1789 1747 1859 tegmine
1790 1788 1935 1853 lecti,
1965 1761 2012 1820 Β
2107 1761 2439 1863 Pauperibus
2462 1761 2721 1846 membris
2752 1761 3162 1861 pellerevsuetus
3188 1761 3324 1842 erat.

432 1887 597 1956 Inque
626 1883 766 1940 mola
793 1881 1057 1940 Dominus
1084 1881 1223 1938 dixit
1246 1880 1424 1936 inesse
1463 1880 1620 1935 duas.

367 1979 408 2034 Ε
439 1977 634 2049 quibus
659 1983 742 2032 est
763 1974 902 2030 alter
939 1980 1247 2042 susceptus,
1271 1971 1536 2041 linquitur
1563 1970 1721 2036 alter,

433 2069 569 2125 Pars
592 2070 708 2124 haec
732 2074 949 2138 sumpta
977 2064 1131 2131 eluit,
1154 2063 1243 2119 illa
1275 2062 1462 2119 relicta
1491 2062 1651 2132 perit.

364 2158 582 2216 Scilicet
608 2157 866 2215 Ecclesiae
893 2156 1157 2228 gremium
1200 2169 1402 2227 genera
1446 2155 1571 2210 lueet
1600 2153 1706 2208 tria
1742 2160 1936 2222 gestat,

433 2248 637 2307 Ordine
657 2249 870 2305 diverso
891 2262 1013 2318 qua:
1035 2246 1164 2319 ligat
1189 2262 1295 2301 una
1332 2245 1486 2301 ﬁdes.

366 2338 610 2397 Clericus
631 2338 767 2394 ordo
792 2338 849 2393 in
874 2352 1029 2408 agro,
1056 2337 1358 2393 monachus
1383 2337 1484 2392 sub
1529 2345 1678 2393 sorte
1716 2336 1937 2406 quietis,

438 2430 607 2498 Inque
632 2427 788 2482 molae
815 2443 947 2499 gyro
977 2428 1130 2496 plebs
1158 2426 1431 2497 popularis
1461 2426 1623 2482 inest.

371 2520 476 2576 iste
511 2519 651 2592 regit
679 2517 886 2590 plebes,
912 2516 1113 2573 fruitur
1156 2526 1344 2574 sancta
1372 2517 1463 2574 ille
1494 2517 1697 2588 quiete,

442 2613 805 2684 Mundanique
827 2619 985 2669 actus
1007 2611 1181 2666 currit
1207 2611 1261 2666 in
1296 2610 1429 2666 orbe
1446 2624 1699 2679 sequens.

373 2708 439 2763 Et
464 2716 577 2762 tres
606 2705 662 2761 in
685 2705 890 2763 bivium
926 2703 1125 2760 merito
1152 2703 1475 2760 scinduntur
1510 2702 1749 2761 hiulcum
1767 2740 1783 2767 ,

444 2794 668 2867 Singula
695 2809 824 2865 pars
850 2802 1063 2864 partem
1101 2792 1422 2865 perditionis
1454 2793 1639 2850 habet.

376 2887 505 2942 Pars
541 2885 679 2957 petit
716 2884 854 2941 alma
877 2884 1078 2955 polum.
1120 2882 1335 2955 Stygias
1360 2897 1488 2954 pars
1514 2882 1692 2953 pergit
1717 2883 1787 2937 ad
1808 2895 1946 2941 .um-

1678 2971 1874 3045 [bi-as,

449 3070 515 3125 Et
541 3068 757 3125 diversa
792 3066 899 3123 illis
925 3066 1006 3121 sic
1037 3065 1153 3122 loca
1183 3065 1293 3120 vita
1336 3074 1510 3135 parat.

380 3164 477 3219 llic
504 3161 639 3218 ordo
671 3160 868 3225 tribus,
892 3157 1019 3214 vitae
1045 3166 1101 3223 et
1129 3154 1416 3213 concordia
1443 3155 1616 3222 trinae,

444 3255 504 3311 in
543 3253 720 3310 tribus
744 3259 829 3311 est
854 3250 1058 3307 sanctis
1082 3246 1388 3319 signiﬁcata
1418 3244 1569 3303 viris.

377 3347 578 3419 Nempe
597 3344 710 3401 Noe
747 3343 1023 3416 specimen
1049 3346 1321 3397 rectorum
1358 3338 1597 3396 continet
1635 3336 1828 3400 almus,

2038 1883 2333 1939 llierusalis
2359 1882 2522 1938 habet
2551 1882 2665 1938 haec
2691 1882 2807 1952 ejus
2850 1888 3028 1936 terrea
3056 1896 3271 1951 corpus,

2111 1976 2342 2048 Spiritus
2367 1981 2422 2030 at
2447 1991 2655 2048 supera:
2696 1991 2859 2047 regna
2894 1976 3049 2031 beata
3090 1975 3244 2046 petit.

2039 2069 2137 2137 Qui
2188 2068 2322 2140 legis
2363 2068 2508 2123 hunc
2568 2066 2816 2136 titulum,
2870 2067 3135 2123 tumulum
3194 2082 3285 2124 seu
3344 2067 3614 2139 conspicis

3310 2158 3507 2232 [istum
3525 2199 3541 2224 ,

2109 2252 2205 2308 Dic
2223 2293 2237 2318 ,
2266 2249 2634 2323 Helmengaldi
2655 2291 2670 2317 ,
2698 2249 2769 2307 sit
2814 2250 2931 2307 sine
2954 2249 3061 2306 ﬁne
3084 2251 3258 2321 quies.

2040 2343 2154 2399 Hoc
2175 2343 2339 2398 etiam
2369 2341 2531 2397 faciet
2556 2342 2951 2407 monachorum,
2973 2352 3159 2399 saneta
3184 2350 3432 2409 caterva,

2113 2433 2249 2487 Dum
2276 2433 2415 2487 redit
2448 2433 2596 2503 itque
2625 2430 2910 2502 frequens,
2933 2430 3060 2488 dum
3087 2434 3221 2503 petit
3250 2422 3389 2488 istud
3416 2434 3541 2488 iter.

2042 2523 2187 2581 illius
2214 2524 2328 2595 ipsa
2357 2539 2565 2579 memor
2589 2531 2806 2578 maneat
2829 2538 2926 2593 per
2950 2523 3148 2579 smcula
3186 2530 3402 2591 cuncta,

2113 2615 2288 2685 Atque
2319 2623 2437 2670 oret
2463 2630 2629 2686 regna
2655 2624 2715 2671 ut
2752 2614 2941 2672 cmlica
2973 2614 3170 2671 dentur
3196 2615 3266 2670 ei.

2781 2703 2901 2761 XX.

2196 2797 2223 2837 δ
2254 2813 2321 2851 an
2358 2812 2672 2853 FARDULFUI
2711 2812 2954 2853 annual
2990 2812 3177 2853 SANCTI
3223 2811 3469 2850 ntoxrsu.

2046 2888 2257 2945 Sumito
2295 2905 2414 2960 quze
2452 2890 2572 2945 misi
2601 2890 2755 2945 laetus
2790 2890 3101 2946 munuscula
3130 2900 3299 2962 parva
3320 2930 3337 2957 ,
3418 2940 3421 2947 .

2116 2976 2297 3033 Dulcis
2322 2980 2496 3033 amice
2520 2977 2678 3045 mihi,
2721 2977 2891 3034 dulcis
2919 2987 2974 3034 et
3001 2987 3123 3049 apte
3163 2976 3341 3033 nimis.

1975 3115 2020 3178 Ο
2048 3069 2178 3138 Qua:
2207 3068 2316 3124 sint
2336 3084 2497 3140 parva
2537 3069 2682 3137 licet,
2718 3086 2905 3147 magna
2941 3070 3057 3127 haec
3090 3070 3304 3126 dilectio
3333 3071 3537 3139 mittit,1

2121 3160 2250 3228 Quae
2281 3178 2388 3216 non
2440 3171 2749 3233 compensat
2786 3178 2892 3229 res,
2926 3166 3018 3220 sed
3048 3166 3247 3221 amoris
3275 3180 3430 3236 opus.

2051 3251 2134 3306 Sit
2155 3250 2249 3306 tibi
2270 3250 2401 3316 vita,
2424 3251 2593 3318 salus,
2621 3253 2729 3308 sint
2749 3261 2803 3308 et
2828 3251 3001 3309 felicia
3022 3264 3234 3322 cuncta,

2119 3342 2186 3397 Et
2216 3341 2398 3397 tibide
2427 3342 2579 3398 oculis
2612 3359 2704 3398 rex
2741 3343 2883 3400 Deus
2914 3346 3074 3400 addat
3110 3362 3290 3417 opem.

445 3436 547 3505 Qui
578 3435 843 3508 pecudum
888 3442 1053 3502 atque
1097 3430 1379 3487 hominum
1426 3442 1578 3500 spem
1625 3428 1767 3497 regii
1810 3427 1951 3483 inlel‘
2050 3434 2115 3489 Et
2150 3433 2229 3489 sic
2256 3441 2307 3489 te
2339 3433 2575 3491 clemens
2596 3434 2756 3489 ducat
2777 3450 2871 3505 per
2892 3452 3152 3508 prospera
3182 3437 3386 3503 mundi,

1652 3518 1674 3592 [
1688 3532 1875 3589 aquas.

377 3622 590 3679 Celebs
611 3629 668 3677 et
691 3618 991 3677 monachus
1015 3617 1165 3689 viget
1179 3618 1235 3672 in
1260 3614 1483 3673 Daniele
1504 3614 1737 3671 eboreus
1755 3650 1770 3675 ,

446 3714 552 3784 Qui
578 3712 763 3768 luxum
802 3718 967 3780 atque
986 3708 1167 3780 gulam
1198 3707 1418 3763 vincere
1444 3704 1617 3773 quivit
1652 3717 1839 3759 ovans.

378 3804 481 3863 Job
508 3811 654 3868 sunt,
679 3814 819 3871 quos
840 3797 1026 3864 mundi
1047 3795 1131 3852 vel
1148 3796 1260 3869 agit
1288 3794 1371 3850 vel
1397 3794 1623 3863 paenitet
1662 3800 1837 3856 actus,

447 3897 673 3955 Actibus
691 3894 749 3949 in
776 3891 923 3948 saecli
950 3891 1046 3961 qui
1079 3889 1198 3946 sine
1221 3888 1343 3944 labe
1371 3886 1489 3941 fuit.

543 4011 1947 4041 οσοοοοοοοσοοοοοοοοοοοοιοι

458 4129 486 4158 ι
510 4112 860 4187 Epitaphium
886 4108 1276 4187 Herniengaidi.
1319 4106 1474 4187 Huic
1498 4106 1654 4187 aliine
1684 4108 1785 4161 hoc
1816 4118 1951 4161 tem-

461 4202 520 4242 re
558 4178 760 4240 nomen
788 4181 891 4239 fuit
936 4178 1249 4251 Heling'andi
1293 4178 1526 4244 comitis,
1557 4178 1649 4251 qui
1680 4193 1949 4251 nn:_|_cum

420 4272 541 4314 esse
579 4253 928 4311 Ambianensi
955 4248 1206 4323 episcpr
1248 4251 1453 4323 legatus
1485 4264 1516 4304 a
1544 4248 1735 4304 Carolo
1761 4248 1953 4323 Magno

387 4324 903 4396 Constantinopolim
943 4318 1155 4396 missus
1176 4330 1262 4396 est
1299 4318 1367 4396 a_d
1396 4320 1602 4377 lrenetn
1641 4333 1783 4396 anno
1823 4318 1947 4396 899.,

385 4399 587 4469 quique
615 4388 831 4469 biennio
860 4403 984 4469 ante
1022 4391 1290 4469 judicium
1299 4391 1514 4469 dictum
1537 4406 1659 4446 cum
1688 4389 1831 4469 aliis
1852 4388 1949 4444 Ca-

2122 3524 2188 3581 Ut
2216 3538 2313 3597 pes
2342 3524 2602 3581 inoffenso
2638 3527 2851 3581 tramite
2886 3527 3026 3583 celsa
3052 3537 3216 3598 petat.

2051 3617 2119 3671 Et
2159 3617 2249 3687 qui
2279 3616 2380 3672 hac
2417 3617 2472 3671 in
2492 3616 2601 3670 vita
2629 3617 2847 3685 dignum
2880 3619 3150 3674 concessit
3177 3620 3459 3685 honorem,

2122 3707 2219 3762 llic
2254 3708 2348 3762 tibi
2386 3715 2505 3777 post
2533 3708 2739 3762 obitum
2767 3709 2859 3764 det
2882 3725 3046 3781 super
3072 3720 3216 3768 astra
3254 3711 3450 3767 locum.

2770 3802 2911 3857 XXI;
3404 3810 3409 3817 '

2546 3905 2698 3946 SEMO
2732 3904 3163 3948 RESIPISCENDUSI.

2052 3983 2191 4051 Quid
2231 3982 2384 4053 juvat
2422 3985 2488 4039 ad
2520 3994 2730 4054 tempus
2773 4000 3032 4056 nugarum
3073 3985 3313 4056 linquere
3348 3985 3550 4052 larvas,

2112 4114 2238 4182 Hu_ic
2260 4128 2476 4182 quoque,
2500 4116 2612 4182 dum
2634 4113 2756 4182 ﬁdei
2770 4114 2981 4182 salvaret
3000 4128 3207 4182 munera
3237 4120 3375 4182 regi,

2178 4175 2289 4225 Rei
2305 4175 2396 4225 sibi
2423 4175 2686 4237 pt‘mcelsus
2713 4175 2909 4237 plurima
2931 4177 3050 4225 dona
3076 4177 3227 4227 dedit.

2119 4238 2252 4286 Inter
2274 4251 2383 4299 quas
2406 4239 2557 4287 sancti
2583 4240 2772 4299 Dionysi
2800 4246 2959 4287 rector
2983 4247 3035 4287 ut
3056 4240 3179 4287 aulae

2182 4297 2349 4348 Fieret
2374 4300 2570 4362 indulsit
2592 4297 2813 4362 paciﬁcus
2833 4298 3045 4352 Carolus.

2117 4360 2253 4411 Hauc
2276 4361 2573 4409 benefactori
2596 4360 2865 4410 construxit
2890 4362 3113 4419 providus
3133 4362 3307 4419 eadem.

2182 4421 2233 4469 In
2257 4435 2350 4482 qua
2376 4434 2485 4471 cum
2505 4420 2693 4472 famulis
2711 4423 2921 4483 gaudeat
2939 4424 3042 4481 ipse
3065 4425 3186 4471 suis.

384 4456 487 4525 r'oli
499 4456 825 4547 proceribus
865 4456 1252 4547 habuerannde
1278 4463 1344 4547 iis
1369 4456 1464 4547 q'ui
1492 4460 1724 4547 Leonem
1748 4458 1944 4547 rlilgpaj

2115 4485 2227 4547 ipse
2249 4456 2351 4547 s'uis
2366 4456 2537 4547 servis,
2566 4483 2676 4532 ﬁdei
2698 4456 2821 4546 (rues
2839 4456 3027 4532 vincitis
3042 4456 3272 4547 Διῖιξρῖιιηι,

384 4532 825 4609 pam'fmdissime
848 4542 1128 4609 vexarent.
1159 4533 1418 4589 Eumdem
1452 4543 1630 4586 tamen
1655 4532 1797 4589 hunc
1828 4545 1947 4585 esse

385 4605 491 4665 non
526 4606 685 4663 facile
712 4605 1047 4661 allirmarim.

456 4679 487 4720 ιι
511 4678 593 4733 Ad
634 4674 956 4745 Fardulfum
985 4674 1239 4728 abbatem.
1266 4672 1342 4745 De
1365 4687 1473 4745 quo
1498 4670 1945 4745 Aleuinnscarm.

388 4750 509 4804 H7.
558 4748 697 4815 Quin
746 4739 981 4801 Fardulﬁ
1025 4757 1238 4815 quoque
1284 4739 1449 4815 ipsius
1497 4742 1712 4795 nomine
1750 4739 1948 4815 dudum

385 4819 517 4877 editi
544 4808 671 4872 sunt
698 4831 905 4876 versus,
954 4808 1257 4884 magnificis
1289 4808 1521 4884 aedibus,
1573 4825 1709 4878 quas
1746 4810 1807 4884 in
1849 4808 1952 4863 Ca-

387 4888 489 4943 roli
533 4886 709 4956 Magni
751 4885 978 4956 gratiam
1022 4880 1317 4956 struxerat,
1350 4880 1621 4956 insculpti,
1667 4880 1951 4956 quibusse

385 4957 578 5013 Italum
622 4947 843 5008 ortu'ac
884 4962 1041 5025 gente
1068 4950 1481 5021 Longobardum
1521 4949 1606 5003 bis
1655 4947 1834 5004 verbis
1860 4948 1952 5007 de?

389 5028 563 5082 elarat
589 5042 604 5078 :

432 5128 627 5186 Versus
678 5120 924 5194 Fardulﬁ
965 5124 1167 5197 abbatis
1200 5121 1419 5197 milibus
1464 5125 1633 5179 sancti
1684 5122 1921 5197 Dionysii

1047 5194 1305 5265 inscripti.

451 5291 668 5347 Culmina
693 5288 921 5338 cernenti
954 5282 1123 5335 lectori
1152 5285 1313 5335 littera
1338 5298 1526 5348 prome,

512 5350 767 5407 Farduifus
786 5349 959 5402 Carolo
976 5349 1193 5398 condidit
1212 5348 1302 5397 ista
1323 5361 1429 5397 suo.

451 5417 609 5479 Quem
632 5409 891 5479 quondam,
917 5411 1125 5479 propria
1160 5408 1316 5479 fuerat
1338 5410 1450 5479 dum
1477 5418 1671 5473 sceptra
1693 5418 1897 5475 secutus

513 5469 706 5538 Gentis,
730 5476 777 5524 iu
800 5469 1027 5538 adversas
1046 5470 1141 5538 fata
1173 5469 1333 5520 tulere
1346 5473 1465 5538 vias.

456 5540 679 5591 Atlanteo
692 5533 793 5587 'bic
808 5534 920 5584 ﬁdei
941 5535 1150 5585 dominis
1171 5534 1381 5582 servavit
1398 5533 1649 5592 honorem,

512 5598 601 5650 His
620 5600 759 5662 regni
784 5597 1002 5662 quamvis
1028 5595 1191 5662 ultima
1209 5602 1339 5662 meta
1365 5592 1508 5662 foret.

457 5660 670 5712 Tandem
680 5656 898 5709 'rectoris
918 5657 1070 5709 Caroli
1094 5656 1315 5706 felicibus
1337 5656 1481 5703 armis

516 5721 693 5785 Cessit,
715 5728 767 5772 et
789 5721 839 5771 in
861 5720 1035 5773 melius
1054 5720 1151 5772 fors
1174 5719 1265 5771 sibi
1286 5719 1436 5770 cessit
1459 5720 1572 5770 iter.

2179 4545 2412 4593 Laetitiam
2437 4545 2664 4605 princeps
2698 4545 2911 4605 praebeat
2935 4545 3245 4604 amnipotens.

2118 4606 2252 4655 More
2277 4614 2441 4655 tamen
2467 4611 2688 4655 veterum
2710 4608 3167 4665 consurgerejnssit
3192 4618 3389 4656 avorum

2175 4667 2410 4723 Culmina,
2432 4665 2723 4729 praefulgent
2746 4669 2880 4728 regis
2901 4669 3084 4729 honore
3102 4670 3291 4729 domus,

2120 4728 2400 4790 Utgquoties
2415 4731 2567 4790 regni
2588 4727 2817 4789 prmclara
2840 4727 3010 4789 palatia
3038 4727 3223 4789 lustrat,

2178 4788 2386 4839 Fardulﬁ
2406 4788 2569 4837 famuli
2592 4788 2659 4837 sit
2684 4788 2870 4837 memor
2895 4789 2979 4837 ille
3000 4792 3096 4839 sui.

2126 4870 2279 4938 Quod
2322 4884 2453 4925 vero
2476 4870 2545 4925 de
2574 4885 2668 4925 sua
2698 4870 2751 4924 iu
2795 4870 3047 4925 Carolum
3074 4871 3179 4927 ﬁde
3215 4878 3623 4932 commemorat,

2055 4943 2121 4996 ad
2160 4940 2370 5010 Pippini
2408 4939 2557 4999 nothi
2599 4938 3025 5008 coniurationem
3069 4942 3407 4996 referendum
3453 4950 3557 5005 est,
3593 4956 3628 4993 a

2058 5010 2634 5095 Fardnlfqdetcctam,
2666 5011 3066 5095 etnDionysiani
3103 5011 3338 5095 Annales
3364 5011 3625 5095 indicant,

2058 5091 2112 5138 et
2154 5080 2368 5151 disertis
2394 5080 2573 5151 verbis
2618 5080 2675 5151 in
2709 5078 2977 5136 Chronico
3023 5090 3255 5136 testatur
3286 5078 3628 5151 Egiuhardus

2059 5167 2201 5207 anno
2231 5149 2335 5204 792
2365 5168 2377 5202 :
2422 5170 2440 5201 ι
2473 5149 2638 5221 Rege,
2665 5150 2861 5221 inquit,
2894 5151 3090 5206 ibidem
3127 5149 3368 5205 aestatem
3413 5158 3628 5221 agente,

2060 5220 2199 5275 facta
2234 5228 2317 5275 est
2358 5218 2691 5276 contra'eum
2717 5218 3016 5289 coniuratio
3056 5238 3086 5276 a
3120 5221 3231 5277 ﬁlio
3268 5236 3367 5277 suo
3400 5218 3627 5287 mitione,

2062 5292 2277 5361 nomine
2306 5290 2551 5361 Pippino,
2588 5299 2644 5345 et
2681 5290 2999 5360 quibusdam
3028 5292 3248 5347 Francis
3285 5293 3374 5361 qui
3403 5306 3462 5345 se
3498 5306 3631 5345 cru-

2062 5308 2277 5345 nomine
2306 5308 2551 5413 rtgptno,
2588 5308 2644 5345 et
2681 5308 2999 5360 quibusnam
3030 5308 3248 5347 rraneis
3285 5308 3374 5361 qui
3403 5308 3462 5345 se
3498 5308 3631 5345 cru-

2062 5360 2335 5433 delitatem
2406 5360 2631 5433 astradm
2667 5361 2865 5433 regina:
2911 5362 3054 5418 ferre
3081 5378 3186 5416 non
3225 5377 3383 5433 posse
3412 5375 3631 5415 asseve-

2060 5430 2275 5503 rabant,
2318 5438 2481 5500 atque
2519 5428 2639 5503 ideo
2661 5428 2960 5503 inluecem
2989 5434 3129 5503 regis
3164 5428 3628 5503 conspiraret-ant.

2060 5500 2191 5570 Quae
2225 5515 2350 5555 cum
2396 5514 2493 5570 per
2536 5500 2849 5556 Fardulfum
2895 5500 3345 5570 Langobardunm
3412 5502 3630 5555 detecta

2058 5568 2269 5635 fuisset,
2300 5568 2413 5638 ipse
2455 5570 2523 5625 ob
2550 5571 2803 5625 meritum
2839 5570 2964 5627 ﬁdei
2998 5568 3245 5636 servatae,
3295 5570 3634 5626 monasterio

2059 5639 2499 5712 sanetiDionysii
2544 5640 2774 5712 donatus
2792 5649 2904 5712 est.
2942 5662 2961 5695 ι
2990 5641 3299 5697 Fardulfum
3344 5641 3487 5697 enim
3518 5655 3629 5696 non

2058 5709 2339 5767 Ardulfum
2371 5709 2474 5784 legi
2508 5724 2574 5767 eo
2615 5710 2731 5767 loco
2768 5711 2965 5771 debere
2992 5713 3173 5785 palam
3216 5722 3319 5769 est.
3498 5736 3506 5743 -
