3970 6184
275 239 362 292 575
1499 240 1825 296 CARMINA.
1869 241 1995 296 LIB.
2041 244 2146 298 VII.
3357 243 3454 296 374

331 349 380 405 Si
411 351 602 405 demum
653 351 844 420 repetit
869 349 990 419 quis
1022 351 1327 408 malesanus
1361 354 1500 408 eas?
1818 361 1865 418 Α
1963 355 2297 427 Expleudum
2346 357 2412 410 ad
2452 355 2662 410 facinus
2702 354 2897 409 mentis
2921 362 2982 408 ut
3022 355 3194 424 impos
3233 364 3340 410 eat.

273 442 470 512 Surgere
499 440 621 510 quid
649 442 884 510 prodest,
915 441 961 496 si
991 442 1171 495 statim
1211 452 1431 498 corruet
1468 444 1555 498 illa
1892 448 2074 515 Deque
2119 447 2262 503 malo
2289 447 2558 516 placidum
2584 447 2770 501 tribuit
2791 445 3122 501 medicamen
3147 445 3359 514 iniquo,

329 531 426 598 Qua
453 530 613 600 iacuit
650 534 827 602 segnis
851 531 972 602 quis
1001 531 1293 587 labefactus
1317 533 1524 588 humo?
1961 538 2252 609 Temperat
2286 551 2447 609 atque
2486 541 2643 595 bonis
2675 541 2868 595 damna
2907 541 3150 610 pavenda
3189 542 3324 595 suis.

269 621 436 676 Fertur
461 639 616 678 anum
650 633 811 680 natus
859 632 1087 678 matrem
1111 639 1364 680 exorasse
1390 624 1618 695 puellus,
1891 626 2146 696 Scorpius
2177 629 2231 682 in
2259 629 2434 684 nitido
2475 629 2522 684 si
2561 638 2682 683 trux
2732 631 3029 700 perimatur
3075 631 3240 694 olivo,

324 717 476 786 Atque
501 716 572 772 illi
617 715 748 769 tales
777 715 1087 782 deposuisse
1113 729 1300 784 preces
1333 732 1346 768 :
1959 717 2258 787 Exsuperat
2293 719 2444 774 virus
2482 719 2624 774 illius
2648 721 2750 774 iste
2785 721 2980 789 liquor.

263 808 301 862 Ο
342 807 571 877 genitrix,
605 807 771 861 nostri
798 821 958 874 quam
983 819 1197 874 semper
1229 820 1359 860 cura
1391 805 1682 869 remordet,
1893 806 2136 862 Delibuta
2178 821 2370 863 recens
2399 809 2504 864 isto
2526 810 2572 863 si
2614 809 2770 881 plaga
2807 812 3014 881 liquore
3049 820 3154 876 est,

323 897 530 952 Cbarior
560 905 617 952 et
634 897 743 950 vita
771 903 827 950 tu
855 895 986 949 mihi
1014 910 1093 959 es,
1125 896 1238 966 ipse
1283 896 1399 951 tibi.
1961 894 2038 950 Nc
2070 896 2242 964 possit
2275 896 2420 952 virus
2451 897 2645 953 laedere
2683 900 2835 956 virus
2870 903 3001 972 agit.

261 986 366 1039 Μαι
397 986 592 1042 dederit
625 993 838 1041 cautum
865 983 998 1038 lucis
1026 985 1356 1053 praenuntius
1382 985 1517 1052 ales,
1893 984 1985 1040 Sic
2022 986 2155 1041 vitio
2192 987 2401 1053 vitium,
2444 988 2525 1043 sic
2558 989 2747 1044 morbo
2785 992 3004 1049 morbus
3042 995 3229 1058 abibit,

319 1075 592 1130 Confestim
635 1083 830 1130 memet
861 1073 1116 1144 evigilare
1151 1076 1326 1131 stude.
1964 1077 2138 1132 Unum
2180 1079 2259 1134 sic
2296 1079 2390 1133 uni
2425 1080 2618 1135 cedere
2640 1096 2778 1150 stepe
2801 1083 2961 1138 solet.

293 1168 354 1232 la,
372 1167 552 1224 Geram
572 1167 711 1239 quod
735 1182 903 1231 amas,
926 1167 1017 1221 sed
1039 1182 1166 1239 ages
1187 1170 1333 1238 quid,
1357 1171 1444 1226 die
1460 1170 1616 1237 mihi,
1637 1172 1792 1226 nate?
1893 1169 1959 1222 Et
1997 1184 2227 1224 cuneum
2266 1185 2492 1236 cuneus,
2525 1186 2618 1226 seu
2657 1171 2868 1227 clavum
2907 1174 3093 1230 clavus
3128 1175 3398 1245 abactum,

314 1259 634 1325 Obdormire,
664 1259 856 1328 inquit,
899 1257 1081 1314 forsan
1124 1258 1252 1315 item
1281 1268 1490 1330 potero.
1962 1257 2197 1328 Impulit,
2227 1259 2331 1315 hoc
2359 1259 2486 1314 illud
2525 1275 2649 1315 mox
2685 1262 2934 1317 veniente
2963 1264 3123 1333 perit,

256 1353 349 1407 Nec
378 1353 543 1409 minor
563 1353 767 1407 interea
793 1351 1061 1406 dementia
1090 1360 1307 1420 ceperat
1339 1352 1513 1418 illum,
1898 1347 1989 1402 Sic
2028 1348 2164 1417 lapis
2201 1357 2256 1402 et
2288 1349 2544 1418 lapidem,
2573 1365 2668 1406 seu
2713 1350 2916 1422 lignum
2945 1351 3092 1424 ligna
3129 1355 3444 1420 retundunt,

320 1443 544 1499 Venatus
585 1443 770 1498 retulit
796 1444 889 1513 qui
926 1440 1069 1496 bona
1102 1444 1246 1497 nulla
1292 1445 1376 1499 sui
1968 1435 2147 1506 Atque
2185 1437 2407 1508 chalybs
2443 1439 2728 1510 chalybem
2765 1442 2934 1509 endit,
2973 1453 3030 1498 et
3055 1451 3171 1499 arte
3215 1445 3363 1515 polit,

256 1539 476 1608 Denique
504 1539 796 1608 prudenter
826 1539 1034 1610 geritur
1057 1539 1289 1602 venatio,
1323 1538 1536 1606 quando
1901 1529 2015 1584 Hoc
2072 1530 2417 1598 reprimendo
2451 1531 2652 1586 malum
2688 1534 2875 1590 tribuit
2911 1535 3100 1592 solatia
3133 1536 3400 1601 Christus,

309 1627 408 1680 Aut
433 1627 606 1698 jocus,
631 1637 722 1682 aut
762 1635 997 1699 qurestus
1038 1636 1141 1691 est,
1175 1626 1259 1682 vel
1295 1637 1582 1696 utrumque
1617 1628 1795 1680 simul.

1517 1642 1582 1682 ue
1617 1628 1795 1680 simul.
1969 1617 2326 1686 Auticbriste,
2368 1629 2489 1676 tuos
2516 1636 2608 1676 seu
2637 1622 2930 1679 breviando
2949 1627 3083 1681 dies.

255 1720 434 1775 Prensa
460 1719 628 1775 solent
650 1719 856 1775 lucrum
894 1735 1102 1791 capreae
1126 1721 1274 1784 dare,
1313 1733 1525 1783 cervus,
1557 1729 1612 1772 et
1639 1719 1802 1786 alces,

1639 1719 1802 1786 alces,
1835 1713 1880 1772 Β
1909 1707 1983 1763 Ne
2010 1707 2175 1765 ferale
2214 1709 2413 1768 malum
2452 1711 2684 1768 modulis
2710 1712 3029 1772 inolesceret
3049 1720 3200 1782 atris,

311 1809 512 1876 Castor,
554 1811 728 1876 dama,
761 1811 963 1877 bisons,
1003 1811 1254 1876 bubalus,
1290 1826 1470 1875 ursus,
1503 1825 1651 1881 aper.
1976 1801 2256 1856 Clauditur
2281 1810 2508 1874 angusto
2531 1805 2790 1873 temporis
2829 1806 2884 1860 id
2923 1809 3115 1876 Spatia.

255 1901 430 1970 Figere
453 1917 572 1956 nam
595 1901 806 1972 lepores
828 1903 1042 1973 iaculis,
1083 1911 1301 1972 captare
1337 1902 1601 1960 molossis.

1589 1943 1601 1958 ,
1905 1891 2184 1963 Temporis
2222 1893 2364 1949 illius
2404 1895 2665 1964 probrosa
2705 1895 2941 1968 pericula
2979 1898 3157 1966 prodit

320 1997 375 2045 tn
403 1991 606 2046 modico
634 1991 784 2046 lucro
811 1993 959 2047 visus
979 2007 1221 2046 amamus
1255 1993 1416 2049 inest,
1982 1984 2259 2040 Vatitlieus
2295 1984 2475 2049 lituus,
2526 2001 2621 2040 rex
2662 1985 2750 2054 pie
2787 1985 3023 2051 Christe,
3051 1996 3190 2043 tuus.

255 2081 463 2134 Diversa
487 2080 590 2135 duo
626 2088 769 2135 sorte
797 2082 1052 2151 canisque
1095 2082 1352 2153 lepusque
1381 2083 1640 2148 volantes,
1904 2076 2056 2132 Tunc
2101 2077 2207 2131 erit
2228 2117 2244 2143 ο
2269 2087 2461 2134 amtor
2481 2079 2576 2144 aii.
2602 2095 2781 2134 rerum
2813 2079 3092 2134 tribulatio
3128 2096 3340 2153 magna.

314 2169 468 2224 Alter
497 2170 586 2224 ubi
611 2171 844 2240 praedam
874 2172 1080 2242 quaerit,
1113 2183 1166 2228 et
1192 2174 1328 2228 alter
1356 2189 1531 2244 opem.
1972 2164 2147 2220 Proh!
2186 2181 2288 2222 nec
2322 2175 2442 2222 erat
2479 2184 2579 2223 nec
2609 2168 2716 2222 erit
2750 2169 2926 2238 qualis
2957 2170 3025 2224 ab
3054 2185 3222 2240 usque
3276 2173 3432 2228 chao.

255 2260 428 2332 Ungue
448 2260 624 2316 cibum
657 2262 826 2328 canis,
858 2279 1032 2333 ungue
1059 2263 1188 2334 petit
1212 2263 1362 2334 lepus
1391 2263 1503 2334 ipse
1530 2264 1774 2331 salutem,

1604 2269 1774 2331 iurem,
1902 2254 2002 2322 Qui
2033 2256 2416 2312 breviabuutur
2443 2256 2681 2327 perfecto
2717 2259 2968 2315 examine
2991 2259 3132 2314 soles
3161 2279 3172 2314 :

309 2353 532 2408 Diverso
561 2361 614 2408 et
637 2363 764 2407 voto
793 2355 872 2408 sic
893 2355 1043 2408 labor
1078 2371 1217 2411 unus
1244 2356 1345 2419 eis,
1974 2347 2068 2403 Si"
2109 2347 2263 2414 alias.
2311 2349 2486 2404 omnis
2506 2364 2612 2405 non
2641 2365 2770 2406 caro
2812 2349 2960 2406 salva
2997 2350 3158 2406 forei-

255 2443 435 2497 llorum
475 2459 624 2498 amor
645 2452 699 2500 et
731 2445 966 2499 studium
1007 2445 1230 2500 delirum
1270 2447 1538 2500 invaserat
1557 2448 1728 2512 illam,
1905 2439 2018 2494 Hoc
2040 2440 2177 2495 bene
2203 2449 2451 2510 respectu
2495 2441 2704 2496 Domini
2729 2439 2838 2512 qdo
2874 2451 3068 2497 cuncta
3107 2453 3384 2513 geruntur.

306 2532 406 2600 Qui
455 2533 599 2588 nullo
648 2543 804 2604 capto
845 2535 1022 2590 taliter
1067 2549 1223 2590 orsus
1269 2545 1406 2591 erat.
1977 2533 2224 2602 Congrua
2259 2533 2520 2602 disposito
2547 2542 2792 2604 tempore
2829 2549 3022 2589 cursus
3059 2543 3202 2605 aget.

255 2623 522 2693 Suijectas
565 2624 731 2680 valles
767 2634 1096 2695 extensaque
1138 2641 1264 2680 rura
1289 2640 1610 2697 peragrans,
1909 2629 2146 2685 Tertium
2179 2637 2238 2684 ut
2274 2629 2796 2698 excedat,-quartum
2845 2645 2951 2683 non
3001 2629 3221 2699 impleat
3257 2647 3477 2696 annum,

307 2717 401 2772 Est
422 2716 570 2787 lepus
595 2717 843 2773 inventus
874 2718 968 2773 sed
1001 2717 1129 2772 mibi
1161 2717 1334 2772 nullus
1359 2718 1414 2772 in
1443 2719 1527 2774 his
1560 2737 1574 2772 :
1978 2721 2143 2791 Impia
2174 2728 2465 2789 tempestas
2498 2727 2553 2773 et
2589 2719 2892 2773 truculenta
2920 2719 3054 2775 lues.

255 2809 352 2862 lam
376 2808 492 2862 sine
532 2816 755 2863 venatus
786 2808 935 2865 lucro
968 2809 1036 2863 ad
1072 2823 1193 2864 mea
1237 2817 1372 2865 tecta
1418 2810 1658 2865 redibam
1685 2851 1700 2876 ,
1914 2812 2171 2882 Tempus,
2219 2811 2295 2865 ait
2320 2809 2524 2873 Daniel,
2563 2824 2654 2863 seu
2689 2817 2950 2878 tempora,
2980 2809 3442 2881 semivagumque,

308 2899 373 2954 Et
411 2899 536 2968 quia
570 2899 643 2954 nil
689 2901 837 2970 potui
874 2901 1156 2970 prendere,
1195 2901 1366 2956 tristis
1390 2916 1562 2956 eram.
1984 2902 2257 2959 Volvenda
2286 2900 2428 2956 illius
2457 2910 2697 2970 tempora
2734 2917 2876 2955 saeva
2907 2901 3052 2954 mali.

255 2989 424 3046 Saltus
449 2990 592 3045 inest
620 2991 882 3056 modicus,
911 3005 1070 3061 quem
1104 2991 1325 3063 cingunt
1350 2993 1587 3062 undique
1610 2992 1811 3063 campi,
1917 2996 2114 3065 Sicque
2141 2994 2486 3065 quaterdenis
2521 2995 2637 3049 haec
2661 2993 2933 3048 mensibus
2961 3003 3124 3064 atque
3164 2995 3371 3051 duobus

305 3081 404 3147 Qui
445 3095 602 3135 rarus
629 3089 809 3135 nostra
833 3081 995 3136 distat
1021 3083 1087 3136 ab
1127 3082 1242 3136 mde
1269 3097 1478 3152 parum.
1832 3069 1877 3130 C
1980 3087 2093 3142 Hoc
2117 3089 2290 3157 ipsum
2330 3103 2561 3142 narrans
2582 3087 2816 3158 explicat
2853 3095 3013 3156 atque
3050 3088 3216 3142 canit.

256 3177 366 3230 isse
405 3173 577 3229 feram
607 3176 727 3244 quis
753 3175 846 3242 ibi,
871 3175 1107 3246 leporem
1144 3176 1227 3231 vel
1273 3177 1518 3232 crederet
1547 3192 1806 3247 unquam,
1912 3179 2086 3233 Unum
2110 3193 2208 3248 per
2233 3187 2461 3248 tempus,
2498 3179 2738 3244 geminos
2768 3193 2865 3247 per
2889 3186 3127 3247 tempora
3170 3179 3422 3247 signans.

306 3264 441 3320 Cum
491 3264 632 3319 foret
675 3281 705 3319 a
742 3265 868 3320 villa
905 3266 1186 3335 proximus
1213 3267 1300 3320 ille
1345 3267 1538 3322 locus?
1982 3271 2084 3324 Per
2117 3285 2326 3323 semum
2352 3284 2566 3323 menses
2589 3284 2682 3323 sex
2713 3269 2826 3322 fore
2860 3271 2961 3323 rite
2999 3270 3175 3325 docet.

255 3357 346 3410 liae
383 3356 516 3410 mibi
545 3371 756 3427 cunque
801 3356 889 3411 die
922 3356 1163 3426 leporum
1204 3371 1328 3427 spes
1366 3357 1512 3411 nulla
1548 3365 1810 3422 maneret,
1915 3359 2244 3428 Summaque
2259 3361 2333 3414 sic
2350 3375 2593 3413 mensum
2615 3374 2897 3413 numerum
2920 3359 3275 3414 concurritad
3296 3360 3481 3413 istum.

303 3447 379 3501 Ex
415 3447 630 3518 illisque
676 3447 882 3503 lucrum
925 3463 1076 3503 rerer
1115 3448 1306 3502 abesse
1349 3448 1500 3502 mihi.
1986 3451 2120 3506 Tres
2153 3450 2280 3504 anni
2303 3459 2356 3503 et
2389 3449 2573 3515 semis,
2607 3450 2682 3503 nil
2722 3466 2893 3520 mage,
2917 3449 3059 3504 nilre
3089 3451 3287 3504 minus.

256 3548 431 3595 .ustro
453 3539 653 3606 locum,
679 3539 939 3610 mittoque
963 3554 1146 3605 canes,
1175 3549 1229 3594 et
1265 3540 1398 3594 retia
1428 3555 1588 3609 pono.
2609 3539 2795 3595 XXIV.

303 3631 438 3695 Quis
468 3629 648 3686 studio
685 3629 869 3701 gestis,
900 3629 1100 3683 nullum
1123 3631 1196 3686 ibi
1231 3631 1460 3701 reperio.
2328 3649 2415 3688 me
2443 3647 2664 3688 sensum
2696 3647 3098 3687 ANMVEBSARIO.

951 3720 1114 3775 XXII.
1916 3723 2014 3777 llic
2052 3722 2259 3794 populis
2278 3723 2497 3788 nostris,
2524 3723 2795 3792 cleroque,
2824 3724 3100 3793 sacrisque
3131 3724 3411 3788 ministris,

720 3825 914 3866 unus;
945 3825 1328 3866 exsrscrnto.
1913 3813 2103 3868 Annua
2130 3813 2386 3869 solemnis
2415 3823 2722 3868 remearunt
2755 3814 2949 3883 gaudia
2986 3811 3126 3868 festi.

255 3903 452 3957 irandc
483 3902 644 3958 habet
671 3903 880 3958 initium
918 3919 1040 3958 cum
1077 3920 1163 3959 res
1188 3904 1450 3960 vilissima
1480 3906 1645 3968 dictu,
1916 3903 2048 3958 Nam
2079 3905 2200 3974 quis
2234 3920 2338 3959 non
2369 3913 2530 3959 tanta:
2555 3907 2864 3959 thesaurum
2895 3904 2995 3958 rite
3033 3905 3233 3974 sopbire

305 3995 463 4049 Tunc
517 3995 689 4065 gignis
733 4009 962 4059 murem,
986 4011 1176 4065 magne
1199 3995 1503 4065 elephante,
1534 3998 1773 4051 brevem.
1914 3993 2188 4050 Laudibus
2221 4010 2285 4049 ac
2309 3995 2449 4050 votis
2476 3995 2720 4049 venerari
2745 3996 2940 4066 gestiat
2971 3994 3198 4064 amplis?

255 4087 322 4139 lic
351 4085 498 4154 patri
535 4083 750 4154 quidam
776 4085 957 4140 retulit
991 4100 1085 4140 sua
1113 4086 1318 4140 somnia
1349 4094 1526 4150 natus,
1917 4083 1995 4137 Ex
2030 4099 2138 4154 quo
2180 4084 2455 4154 perpetuis
2493 4091 2757 4140 ornantur
2785 4083 2980 4139 sarcula
3015 4085 3183 4155 gazis,

303 4176 645 4246 Depromens
670 4177 850 4230 animo
888 4175 1076 4230 frivola
1103 4177 1244 4232 dicta
1269 4192 1386 4230 suo.
1916 4174 2128 4229 Aureus
2165 4174 2309 4228 unde
2337 4173 2503 4228 micat
2523 4173 2728 4227 cmlesti
2761 4175 3012 4244 dogmate
3062 4188 3272 4236 sensus,

255 4271 271 4321 l
329 4276 513 4337 pater,
552 4267 605 4321 in
628 4269 831 4322 somnis
854 4268 1026 4321 dicam
1049 4283 1167 4336 quae
1193 4267 1329 4321 mira
1351 4267 1620 4332 videbam,
1917 4262 2203 4332 Eloquium
2229 4262 2436 4332 argenti
2459 4269 2680 4330 superat
2714 4261 2960 4330 lucisque
2988 4261 3244 4324 nitorem,

301 4361 596 4415 Moverunt
621 4360 860 4414 animum
899 4359 1026 4414 talia
1048 4359 1163 4414 visa
1193 4373 1391 4413 meum.
1842 4419 1865 4420 ί
1920 4353 2191 4408 Virtutum
2217 4361 2430 4407 cuncta:
2453 4349 2735 4405 fuscantur
2779 4350 2982 4404 lumine
3003 4365 3250 4420 gemmae,

255 4459 337 4510 los
369 4455 540 4510 dabat
565 4454 826 4508 humanas
865 4462 1076 4506 nostras
1107 4454 1208 4507 hac
1237 4459 1393 4506 nocte
1440 4451 1701 4521 loquelas,
1841 4419 1894 4478 Β
1921 4443 2050 4510 Quis
2081 4443 2262 4513 Libym
2288 4441 2491 4511 pollent
2519 4441 2674 4506 ﬁneS,
2702 4441 2824 4511 quis
2859 4440 3120 4496 Francica
3151 4456 3335 4512 regna,

305 4550 402 4604 Ille
457 4549 804 4618 loquebatur,
846 4563 945 4602 nos
984 4549 1352 4617 stupebamus,
1393 4547 1487 4601 ait.
1922 4536 2191 4607 Hesperiae
2224 4543 2412 4604 gentes
2447 4533 2662 4606 florent,
2689 4533 2977 4602 pepulique
3005 4531 3273 4596 Britanni,

256 4642 371 4693 ‘um
405 4647 572 4710 pater
611 4638 871 4692 attonitus
909 4654 1021 4692 rem
1056 4638 1133 4691 sic
1173 4638 1396 4706 inquirit
1421 4640 1488 4694 ab
1527 4639 1639 4703 illo,
1921 4629 1988 4683 Et
2026 4627 2284 4682 mundum
2327 4625 2616 4694 mundique
2643 4631 2803 4694 caput
2835 4640 2988 4679 sacra
3019 4625 3187 4679 Roma
3216 4631 3484 4690 coruscat,

305 4732 406 4787 Dic
447 4730 600 4802 quod
630 4730 841 4785 dicebat
871 4749 883 4783 :
918 4729 1092 4784 intulit
1116 4728 1225 4794 ille,
1261 4727 1424 4782 Nihil.
1921 4722 1998 4775 Ac
2027 4725 2142 4774 toto
2179 4718 2402 4773 illustris
2424 4717 2576 4788 plebs
2599 4715 2817 4771 credula
2841 4715 3079 4788 fulgurat
3103 4715 3252 4772 orbe.

964 4843 1145 4898 XXIII.

2612 4805 2777 4861 XXV.

303 4951 450 5000 quon
501 4949 813 4998 ριειιωιρυε
853 4951 975 4988 nm
1017 4949 1155 4988 IULA
1197 4949 1533 4997 PATIUNTUB,
1574 4946 1643 4986 ετ
1683 4947 1747 4984 nn
1928 4992 1962 5004 Α
2398 4912 2524 5004 ’,λθ
2542 4914 2785 4955 “mw”
2816 4913 3010 5004 “m3”?
3188 4992 3200 5004 .

711 4991 954 5062 resinous
1003 5019 1362 5058 ANTICIIRISTI.
1519 4991 1530 4997 ’
1921 4992 1966 5048 Ο
2003 5008 2120 5049 mea
2151 5008 2279 5064 magi

1921 4992 1966 5048 Ο
2003 5008 2120 5049 mea
2151 5007 2340 5064 magna
2371 4992 2538 5056 salus,
2561 5008 2594 5046 ο
2617 5005 2760 5062 spes,
2789 5006 2822 5046 ο
2860 4991 3026 5062 gloria
3053 4992 3222 5066 regni,

255 5102 336 5167 lui
358 5101 575 5156 virtute
605 5100 744 5170 regit
767 5097 1044 5161 mundum,
1072 5095 1277 5166 pietate
1301 5095 1582 5165 gubernat,
1991 5085 2167 5148 Carle.
2197 5085 2373 5139 valeto
2401 5085 2509 5154 poli
2533 5099 2658 5154 rege
2682 5082 2895 5140 favente
2914 5085 3028 5140 tibi.

305 5192 504 5247 Rebus
545 5207 668 5247 cum
706 5187 955 5244 humanis
982 5195 1107 5240 tunc
1125 5185 1263 5240 bene
1288 5184 1452 5254 gessit
1471 5197 1661 5247 ovans,
1926 5179 2002 5232 Tu
2033 5176 2206 5246 patris
2236 5184 2292 5230 et
2315 5175 2524 5244 patriae,
2553 5182 2608 5229 tu
2640 5175 2806 5229 totius
2828 5189 2955 5230 ecce
2987 5183 3210 5230 senatus

255 5283 372 5338 lum
409 5282 543 5337 tulit
568 5278 788 5336 infando
813 5277 966 5334 ferali
990 5274 1206 5330 hostilia
1235 5281 1495 5336 monstro,
1996 5268 2203 5325 Gaudia
2228 5267 2574 5337 multiplicas,
2602 5274 2656 5321 et
2675 5265 2841 5321 decus
2866 5281 3026 5321 omne
3050 5277 3231 5335 paras.

304 5453 330 5480 α
358 5439 450 5493 Ad
471 5437 726 5493 Carolum
753 5432 1091 5507 regemoNon
1119 5447 1316 5507 regem.
1341 5431 1441 5507 ,ξοδ
1472 5430 1612 5507 regis
1649 5431 1818 5507 filium
2051 5423 2322 5507 εἰίξμΡέίξέἓ
2340 5413 3278 5507 ἰξξὲᾰὲσέξὲἕτεὶτὲέςῐλέἃέξξῗῐὲὶὲῗὲοε

2052 5482 2215 5535 Indole
2237 5484 2324 5533 sed
2347 5485 2525 5531 mentis
2546 5484 2674 5530 clara
2699 5482 3036 5542 probitateque
3056 5488 3236 5542 morum
3261 5490 3269 5519 ;

2051 5546 2427 5604 Omuimodaque
2452 5553 2634 5604 patrem
2660 5537 3281 5604 vi'rtutmndotereferret,

2053 5610 2105 5657 Si
2127 5617 2315 5658 rectore
2338 5596 2431 5654 frui
2453 5596 2716 5655 meruisset
2737 5600 2936 5650 Francia
2959 5596 3062 5648 tali.

255 5510 429 5565 uultis
460 5511 569 5581 sub
611 5517 764 5581 patre
793 5501 998 5563 bellicis
1030 5501 1457 5581 expeditionibus
1472 5503 1824 5581 .victoriis‘que

255 5582 508 5636 labilem.
536 5571 641 5634 Sed
665 5579 752 5648 qui
781 5571 1127 5645 antepatrcm
1151 5573 1258 5648 vita
1281 5571 1512 5648 excessit
1536 5587 1674 5628 anno
1697 5571 1819 5629 811.

255 5651 380 5708 line
407 5643 697 5706 mortuum
722 5643 943 5702 laudans
970 5654 1124 5710 poeta
1154 5643 1452 5699 Saxonicus
1480 5659 1494 5695 :
