3970 6184
471 335 574 392 575

469 445 678 500 Clarior
703 441 927 501 electro.
961 450 1043 496 ter
1068 451 1223 498 cocto
1246 443 1430 512 purior
1455 458 1606 506 auro,

539 533 748 588 Cedunt
776 531 1046 602 splendori
1086 542 1280 587 cuncta
1310 533 1525 588 metalla
1561 546 1669 588 tuo.

469 624 700 679 Alitihus
725 623 912 688 levior,
938 633 993 678 tu
1019 623 1212 679 fortior
1233 625 1348 693 ipse
1382 623 1554 689 leone,

537 715 756 770 Artibus
780 715 1067 781 excellens,
1090 724 1370 786 promptus
1401 717 1454 771 in
1481 731 1632 770 arma
1670 732 1847 770 manu.

472 803 545 858 'le
571 804 791 859 nimium
819 806 1009 876 capitis
1031 806 1220 860 sitiunt
1253 806 1360 860 duo
1389 805 1588 860 lumina
1622 806 1813 868 nostri,

535 894 768 951 Cernere
791 903 946 966 teque
973 897 1122 966 cupit
1150 897 1388 966 pectoris
1416 896 1556 951 altus
1589 910 1758 950 amor.

469 984 599 1039 Nam
625 999 748 1038 cum
781 993 834 1038 tu
860 983 1124 1039 Occiduas
1151 985 1361 1055 ccepisti
1391 993 1613 1056 tangere
1642 991 1850 1054 partes,

543 1074 782 1129 Vicinum
807 1083 862 1128 et
882 1075 1026 1129 sensi
1052 1090 1241 1129 servus
1274 1076 1480 1130 amicus
1502 1075 1692 1130 herum
1723 1094 1735 1128 :

467 1167 583 1236 Ipse
620 1166 756 1221 Noto
780 1166 970 1232 levior,
994 1166 1198 1221 volucri
1220 1167 1455 1221 velocior
1478 1166 1640 1230 Euro,

536 1257 656 1312 Mox
681 1266 888 1312 vestros
918 1256 1059 1312 volui
1081 1272 1281 1327 pronus
1308 1256 1456 1311 adire
1482 1257 1662 1324 pedes.

464 1349 642 1404 Jussio
666 1364 753 1404 me
775 1348 917 1418 regis
939 1357 1065 1402 voto
1089 1349 1419 1418 compescuit
1450 1349 1572 1411 isto,

532 1441 602 1495 Et
624 1439 770 1495 dedit
803 1438 1025 1493 alterius
1052 1453 1277 1507 carpere
1306 1437 1454 1492 callis
1483 1439 1602 1492 iter.

463 1529 688 1600 Jamque
712 1530 1012 1600 iterumque
1033 1529 1217 1583 volens
1236 1529 1448 1598 impune
1476 1530 1740 1583 coercitus
1768 1539 1941 1592 exsto,

531 1619 728 1689 Bisque
752 1619 934 1674 venire
953 1634 1171 1688 parans,
1208 1619 1395 1688 bisque
1427 1628 1653 1690 negatur
1674 1619 1794 1674 iter.

466 1707 648 1763 Dulcia
674 1717 850 1764 vestra
876 1710 1008 1763 mihi
1033 1709 1218 1764 Gemis
1241 1717 1327 1764 est
1357 1725 1478 1764 cum
1502 1709 1662 1764 verba
1691 1709 1951 1778 profatus,

533 1798 709 1870 Seque
731 1801 963 1854 salutare
997 1800 1242 1855 servulus
1271 1802 1420 1856 audit
1440 1803 1627 1856 herum
1657 1817 1671 1855 :

464 1890 582 1945 .‘iox
611 1891 941 1962 lacrymosus
969 1894 1143 1948 hiems
1171 1894 1449 1950 oculorum
1477 1895 1618 1949 nube
1652 1895 1881 1961 relluxit,

529 1981 807 2051 lmhreque
833 1981 1052 2037 suffudit
1077 1983 1228 2039 frons
1251 1985 1531 2054 peregrina
1557 2001 1738 2056 genas.

458 2071 665 2126 Laetitia
694 2089 822 2143 ergo
849 2074 984 2128 solet
1013 2074 1148 2129 tales
1178 2076 1473 2144 producere
1497 2075 1693 2132 fontes.

525 2161 594 2216 Et
617 2163 736 2218 vice
761 2179 1023 2219 conversa
1047 2165 1242 2236 gaudia
1269 2165 1398 2219 dant
1420 2164 1706 2236 lacrymas.

457 2249 572 2306 Hoc
597 2267 726 2322 rogo
752 2253 1075 2323 mancipium
1106 2253 1297 2308 vinclis
1325 2264 1548 2309 onerate
1573 2256 1835 2326 gemellis,

526 2339 756 2395 Brachia
785 2343 830 2396 si
854 2351 1057 2406 nectas,
1088 2359 1195 2397 non
1217 2341 1473 2415 fugitivus
1497 2358 1611 2398 ero.

459 2430 553 2486 llis
594 2445 826 2500 proavus
849 2432 1038 2487 vinclis
1059 2442 1114 2487 et
1145 2448 1295 2500 avus,
1323 2442 1476 2504 pater
1497 2434 1612 2504 ipse
1641 2444 1886 2490 catervas

525 2519 835 2588 Nectentes,
866 2522 1017 2594 regni
1049 2538 1416 2578 commeruere
1466 2525 1738 2579 thronum.

453 2609 581 2666 lude
603 2613 956 2682 superborum
985 2612 1168 2683 plures
1193 2622 1434 2668 stravere
1461 2614 1775 2686 phalanges.

525 2708 796 2764 Certando
816 2718 872 2764 et
895 2709 1150 2780 subigunt
1174 2709 1401 2780 plurima
1424 2724 1590 2780 regna
1617 2711 1738 2766 sibi.

456 2800 527 2852 At
553 2807 630 2865 tu,
662 2814 857 2872 magne
886 2815 1040 2870 puer,
1065 2799 1316 2870 salveque
1333 2800 1572 2871 valeque,
1599 2818 1696 2872 per
1719 2818 1912 2870 aevum,

527 2889 606 2945 Te
632 2892 880 2947 dominus
901 2893 1022 2948 coeli
1057 2901 1322 2962 protegat,
1347 2901 1521 2959 ornet,
1553 2894 1680 2948 alat.

461 2978 528 3032 Ut
551 2979 756 3048 patrias
781 2980 960 3036 valeas
991 2982 1184 3037 rutilus
1212 2985 1570 3038 conscendere
1595 2986 1772 3050 sedes,

529 3071 704 3140 Atque
725 3070 946 3141 juvante
966 3072 1078 3128 Deo
1101 3083 1310 3143 sceptra
1332 3083 1514 3129 tenere
1537 3075 1719 3131 manu)

458 3155 526 3210 Et
559 3158 638 3212 sic
663 3160 918 3215 mundani
942 3162 1094 3232 regni
1122 3169 1334 3217 terrena
1365 3163 1638 3233 relinquas

524 3248 794 3317 Culmina,
831 3261 890 3306 ut
913 3253 1122 3307 mtherii
1150 3255 1428 3324 postmodo
1449 3271 1668 3327 compos
1693 3274 1805 3312 eas.

1142 3344 1328 3401 XXVI.

839 3452 905 3488 ΑΙ)
936 3449 1182 3491 εΑιιοιυι
1218 3451 1618 3492 ιιρειιηοιιειι.

447 3525 548 3590 Qui
573 3526 714 3596 regit
733 3542 884 3594 arva,
907 3527 1089 3597 polum
1119 3529 1215 3583 tibi
1240 3530 1332 3595 sit,
1354 3544 1471 3595 rex,
1493 3529 1671 3586 fautor
1694 3531 1909 3600 ubique,

519 3615 699 3686 Teque
721 3617 874 3686 juvet
903 3634 1118 3688 semper
1139 3621 1231 3690 qui
1257 3621 1396 3690 regit
1421 3635 1570 3685 arva,
1601 3621 1784 3689 polum

453 3707 550 3772 Qui
579 3707 678 3761 tibi
705 3718 918 3778 sceptra
943 3710 1106 3772 dedit,
1136 3712 1258 3765 vita:
1282 3713 1374 3765 det
1406 3720 1647 3780 tempora
1675 3711 1847 3781 longa,

524 3793 730 3848 Gaudia
757 3795 1016 3851 concedat
1048 3799 1138 3866 qui
1167 3798 1263 3852 tibi
1297 3807 1507 3867 sceptra
1535 3799 1699 3854 dedit.

452 3888 565 3942 Sub
602 3897 693 3941 tua
717 3887 839 3958 jura
868 3889 1009 3944 Deus
1037 3890 1183 3944 dedit
1210 3890 1474 3959 Europeia
1497 3907 1683 3961 regna,

523 3975 718 4031 Totum
746 3976 932 4032 orbem
958 3977 1180 4033 inclinet
1208 3979 1308 4033 sub
1337 3988 1427 4032 tua
1449 3978 1590 4047 jura,
1619 3979 1781 4034 Deus.

457 4063 523 4119 Ut
550 4065 750 4134 premis
783 4066 898 4138 ipse
921 4065 1094 4133 feras,
1129 4070 1394 4139 reprimas
1417 4070 1494 4125 sic
1523 4069 1753 4126 barbara
1787 4072 1943 4137 colla,

523 4157 842 4230 Hesperiam
865 4163 1127 4232 reprimas
1149 4173 1208 4217 ut
1229 4165 1432 4234 premis
1466 4166 1579 4234 ipse
1600 4165 1764 4221 feras.

453 4250 519 4305 Ut
543 4252 641 4308 tibi
675 4253 820 4309 cedit
847 4270 994 4325 aper,
1026 4255 1244 4311 Maurus
1273 4257 1371 4312 tibi
1399 4258 1576 4323 cedat,
1601 4257 1906 4329 Arabsque,

516 4341 762 4400 Sarmata
803 4345 1135 4411 succumbat,
1163 4356 1223 4402 ut
1256 4347 1352 4402 tibi
1384 4349 1693 4418 ceditaper.

446 4431 588 4487 Colla
614 4436 845 4506 superba
872 4445 1035 4503 teras,
1067 4447 1254 4494 anates
1289 4449 1349 4494 ut
1385 4440 1538 4494 turba
1564 4456 1840 4511 caporum,

511 4521 769 4581 Anserem
793 4535 853 4581 ut
880 4528 1156 4600 accipiter,
1180 4529 1316 4586 colla
1353 4531 1580 4599 superba
1622 4539 1786 4586 teras.

1475 331 1864 388 TIlEODULFI
1902 327 2450 387 AURELIANENSIS
2488 325 2700 382 EPISC.

3589 323 3706 378 373

2058 448 2106 502 Α
2134 439 2337 495 Gaudia
2363 439 2476 493 sive
2495 437 2648 507 jocos
2672 440 2802 494 istos
2827 446 3026 493 aeterna
3064 444 3376 505 sequantur,

2197 528 2358 584 Ferto
2377 545 2474 599 per
2497 530 2817 585 immensum
2844 528 3038 599 gaudia
3056 528 3179 582 sive
3200 526 3372 595 jocos.

2127 621 2309 676 Gratia
2334 637 2526 692 magna
2558 622 2652 676 Dei
2683 622 2806 676 vita:
2827 621 2922 675 tibi
2943 634 3165 675 munera
3192 619 3416 690 pandat,

2199 715 2272 769 Te
2299 724 2448 786 regat
2473 725 2634 784 atque
2663 723 2806 786 tegat
2831 714 3005 784 gratia
3035 727 3227 783 magna
3258 711 3372 766 Dei.

2127 804 2330 860 Gaudia
2357 806 2513 876 longa
2538 805 2757 870 habeas,
2782 805 3124 874 gaudensque
3145 801 3475 871 perenniter,
3513 815 3546 853 o
3574 815 3709 864 rex,

2197 897 2329 950 Cum
2357 897 2504 966 prole
2532 905 2693 965 atque
2723 896 2882 950 domo
2903 894 3094 966 gaudia
3120 893 3273 962 longa
3304 891 3525 946 habeas.

2130 988 2207 1042 Tu
2235 989 2395 1042 decus
2424 989 2792 1057 omnigenum,
2819 986 3136 1055 longamque
3159 991 3336 1038 teneto
3363 981 3587 1037 salutem

2196 1080 2330 1134 Cum
2356 1079 2500 1134 clero
2525 1089 2576 1133 et
2606 1077 2798 1148 p0pulo
2825 1085 2879 1131 tu
2906 1078 3070 1131 decus
3100 1075 3467 1143 omnigenum.

2128 1167 2259 1222 Nam
2291 1177 2380 1222 tua
2408 1177 2559 1238 grata
2585 1168 2728 1222 salus
2755 1167 2871 1221 istis
2895 1173 2978 1220 est
3011 1165 3193 1218 lumen
3227 1164 3432 1229 ocellis,

2197 1261 2292 1314 Est
2317 1260 2550 1330 optanda
2572 1258 2728 1314 bonis
2751 1273 2876 1312 nam
2904 1265 2994 1312 tua
3030 1264 3184 1328 grata
3210 1255 3375 1310 salus.

2130 1349 2299 1403 Macte
2322 1350 2483 1404 decus
2511 1348 2708 1418 populi,
2734 1346 2915 1402 Caesar
2934 1344 3229 1400 fortissime
3251 1353 3398 1408 nate,

2196 1439 2395 1510 Inclyta
2419 1451 2630 1508 sceptra
2655 1447 2844 1492 tenens
2863 1444 3038 1490 macte
3060 1435 3226 1489 decus
3257 1433 3460 1503 populi.

2127 1531 2474 1600 lnduperator
2497 1545 2594 1585 ave
2613 1530 2826 1599 longum
2847 1528 3119 1581 tribuente
3139 1524 3405 1588 Tonante,

2202 1620 2364 1676 Sume
2387 1635 2565 1675 meum
2591 1620 2763 1684 laetus,
2802 1617 3166 1687 induperator,
3198 1629 3314 1668 ave.

2807 1705 3018 1762 XXVII.

2055 1803 2102 1860 B
2347 1817 2377 1856 Α
2413 1815 2563 1854 rents
2591 1815 2643 1853 IN
2666 1813 2825 1852 PRIMA
2857 1812 3062 1852 unum
3097 1809 3484 1850 βιαιο-τηεσε.

2127 1892 2224 1959 Qui
2254 1891 2354 1946 sim
2382 1905 2540 1946 nosse
2565 1889 2766 1954 volens,
2795 1888 2952 1951 scito,
2990 1885 3318 1940 Bibliotheca
3342 1885 3512 1950 dicor,

2196 1985 2262 2039 Et
2289 1984 2486 2039 veteris
2515 1982 2648 2054 legis
2666 1979 2756 2050 jus
2776 1980 2931 2045 veho,
2971 1979 3084 2034 sive
3113 1991 3284 2031 novae.

2124 2079 2234 2137 Nec
2270 2093 2356 2135 me
2383 2092 2573 2148 sperne
2598 2091 2789 2146 precor
2809 2075 2932 2144 quia
2957 2071 3136 2128 cernis
3168 2082 3392 2140 corpore
3424 2083 3644 2138 parvam
3683 2087 3701 2123 :

2193 2171 2430 2242 Corpore
2454 2183 2572 2224 sum
2599 2167 2830 2231 modico,
2860 2165 3064 2220 viribus
3091 2162 3266 2232 ampla
3291 2170 3491 2216 tamen.

2125 2264 2206 2318 Me
2225 2265 2530 2334 quicunque
2558 2264 2728 2329 vides,
2759 2258 3036 2316 Theodulli
3063 2258 3141 2312 sis
3163 2270 3370 2311 memor
3391 2270 3510 2320 oro,

2193 2353 2356 2423 Cujus
2383 2369 2468 2409 me
2496 2355 2732 2410 studium
2763 2351 3022 2415 condidit,
3059 2356 3226 2419 aptat,
3254 2354 3418 2401 amat.

2125 2445 2191 2499 Et
2219 2443 2350 2498 foris
2380 2453 2624 2514 argento,
2647 2442 2871 2515 gemmis
2899 2440 3130 2504 ornavit,
3161 2447 3216 2492 et
3239 2451 3393 2502 auro,

2193 2531 2358 2602 Cujus
2378 2539 2432 2583 et
2455 2531 2682 2586 interius
2711 2529 2838 2584 lima
2859 2527 3062 2598 polivit.
3093 2525 3228 2580 Ave.

2783 2617 3014 2674 XXVIII.

2624 2725 2677 2763 IN
2706 2723 2917 2763 ALTERA
2957 2723 3182 2762 τΑΒυιΑ.

2123 2803 2224 2870 Qui
2249 2803 2402 2873 cupis
2427 2815 2546 2857 esse
2574 2800 2768 2866 bonus,
2798 2798 2889 2868 qui
2913 2798 3078 2852 vitam
3103 2795 3302 2866 quaeris
3323 2795 3622 2860 honestam,

2191 2895 2274 2950 Me
2299 2903 2440 2966 pete,
2471 2902 2523 2948 te
2551 2906 2762 2956 moneo,
2791 2893 2876 2944 lex
2904 2905 3003 2961 ego
3025 2899 3210 2944 sancta
3237 2889 3352 2943 Dei.

2123 2985 2253 3040 Sum
2281 2986 2391 3050 via,
2417 2999 2534 3038 sum
2556 2982 2666 3044 lux,
2701 2997 2819 3036 sum
2845 2980 3075 3044 doctrix,
3103 2994 3221 3033 sum
3253 2979 3470 3034 conscia
3501 2979 3636 3044 veri,

2193 3076 2396 3131 Lumen
2425 3073 2807 3128 inexstinctum
2835 3071 2927 3142 qui
2959 3070 3090 3124 mihi
3119 3078 3272 3141 paret
3296 3069 3476 3123 habet.

2049 3150 2092 3210 (ἶ
2125 3165 2326 3221 Caelica
2353 3180 2517 3235 regna
2541 3178 2695 3235 paro,
2725 3163 2995 3216 mundana
3027 3159 3354 3230 sophismata
3384 3160 3584 3230 pando,

2191 3256 2452 3312 Omnibus
2487 3257 2542 3310 in
2562 3257 2727 3311 rebus
2761 3254 2956 3326 polleo,
2989 3254 3102 3308 sive
3124 3252 3265 3308 cluo.

2124 3348 2286 3404 Utere
2308 3364 2416 3413 me,
2438 3347 2628 3412 lector,
2655 3346 2954 3414 mentisque
2976 3346 3030 3399 in
3057 3344 3183 3399 sede
3204 3343 3400 3407 locato,

2189 3439 2430 3508 Cumque
2459 3437 2655 3493 librum
2680 3437 2818 3508 petis
2847 3437 3008 3500 hunc,
3047 3436 3119 3490 sit
3147 3435 3248 3490 tibi
3276 3435 3384 3490 lota
3408 3448 3626 3488 manus.

2803 3528 2991 3583 XXIX.

2690 3635 2855 3674 ευιιειι
2883 3633 3107 3674 JANUAI.

2119 3714 2452 3782 Pauperibus
2474 3720 2678 3781 pateat,
2707 3710 2924 3781 praesul,
2961 3720 3049 3764 tua
3070 3711 3234 3781 janua
3272 3722 3486 3778 semper
3517 3726 3530 3761 :

2186 3803 2319 3857 Cum
2345 3801 2560 3856 miseris
2581 3800 2827 3856 Christus
2851 3801 3013 3854 intrat
3035 3807 3090 3854 et
3118 3799 3232 3866 ipse
3259 3797 3436 3852 simul.

2119 3894 2299 3963 Deque
2327 3894 2432 3949 tuis
2461 3892 2632 3963 epulis
2663 3901 2921 3962 pascatur
2955 3907 3156 3962 pauper
3181 3905 3401 3961 egenus,

2189 3984 2258 4038 Ut
2280 3984 2504 4038 conviva
2535 3999 2705 4054 queas
2728 3983 2898 4037 lectus
2925 3984 3113 4039 adesse
3138 3983 3266 4036 Deo.

2822 4070 2988 4125 XXX.

2565 4178 2729 4216 SUPER
2769 4176 3196 4217 PROPINATOBIUI
3209 4200 3222 4212 .

2114 4256 2214 4322 Qui
2242 4255 2430 4309 latices
2457 4254 2725 4323 quondam
2756 4253 2863 4306 vini
2885 4253 3150 4306 convertit
3171 4252 3221 4305 in
3254 4265 3429 4316 usum,

2183 4346 2250 4400 Et
2271 4344 2435 4399 fontis
2462 4344 2695 4412 speciem
2720 4342 2850 4399 fecit
2876 4341 3074 4397 habere
3104 4341 3252 4396 meri.

2114 4437 2228 4506 Ipse
2255 4437 2358 4507 piis
2379 4435 2624 4490 manibus
2655 4435 2932 4492 benedicat
2961 4433 3146 4505 pocula
3173 4441 3379 4497 nostra,

2183 4529 2250 4582 Et
2270 4527 2445 4582 laetam
2471 4525 2634 4583 faciat
2672 4535 2882 4583 nosmet
2913 4526 3113 4581 habere
3144 4524 3306 4579 diem.

1663 5007 1959 5041 ’ἦ
1967 5007 2148 5045 εςῶςας
2155 5005 2481 5044 ’9‘?—
