1985 3092
237 158 288 186 δτι)

327 215 387 241 i’ost
405 216 461 242 dies
476 216 544 242 δερ(Ἰί
560 216 655 242 subeas
672 216 800 243 Tonantis

325 250 416 284 Regna
431 256 456 276 tu
469 251 542 282 felix,
560 252 659 277 habeas
671 252 787 284 quietem

323 286 395 312 Inter
406 286 504 312 electos
522 286 653 312 tribuente
666 286 772 313 Christo

448 320 513 348 Fine
530 322 650 355 perenni.

605 366 647 393 Ill.

536 411 574 438 De
588 411 710 447 bilingue.

235 457 303 498 Εῳρ
316 465 405 498 nugax
421 457 498 485 labiis
516 458 560 498 [ἰξο
573 458 681 493 quidam
693 462 766 485 certa
781 466 942 491 susurrans,

270 492 345 519 Nunc
359 492 431 527 joca,
448 501 519 519 nunc
533 493 625 524 fletus,
641 501 711 520 nunc
726 501 831 528 quoque
846 498 922 528 turpe
936 495 1017 521 cauit.

235 527 382 555 Blanditias
394 528 529 559 tremulat,
541 528 635 555 volitat
647 536 718 555 nunc
730 527 806 555 more
818 527 936 557 cicadis:

269 562 386 599 Auribus
403 563 558 597 ingeminat,
573 571 639 599 quas
654 564 719 597 petit
733 563 879 599 orlivagus.

234 597 386 634 Durasatis
401 603 488 634 rostro
504 605 551 624 cett
564 597 652 632 pulsat
665 602 774 634 pectora
790 597 883 626 cornix
894 620 901 631 ,

268 632 422 668 Imbrifcros
433 633 512 659 luxus
524 640 584 659 cum
599 632 674 659 vorat
688 640 735 660 ore
750 641 859 668 procax.

234 667 287 694 Aut
304 667 405 701 rapidis
418 674 525 702 pressas
538 668 632 702 pennis
649 668 763 695 lustrare
777 668 886 696 lacunas

270 702 368 729 Tentat
383 702 497 729 hirundo
509 703 579 729 celer
592 703 679 730 dulcia
695 711 760 730 voce
772 711 880 731 canens.

234 736 310 772 Haud
325 744 404 764 secus
417 737 555 764 instabiles
566 739 699 772 percurrit
711 738 781 766 elluo
795 744 899 766 mentes

268 771 383 800 Infestus
390 773 529 806 juvenum,
545 771 611 807 quos
625 774 680 808 agit
693 781 758 800 aura
772 774 848 801 levis.

601 818 644 845 IV.

601 818 611 845 I
637 839 644 845 .

418 863 460 890 Ad
473 818 656 898 qnemdain:
670 865 831 892 muneribus.

234 907 383 944 Eiaimeum
398 909 477 936 solito
492 909 544 936 noli
560 914 718 938 convertere
734 919 862 944 carmen;

269 943 306 970 ΝΘ
319 951 430 971 vacuum
444 945 547 976 redeat,
560 952 635 972 more
648 950 742 973 CﬂVBlO
759 950 814 973 ιιιο.

232 977 283 1016 Au_t
297 980 446 1016 spumantis
457 980 520 1016 equi
536 985 580 1006 tua
597 988 670 1016 nunc
683 981 795 1016 vestigia
806 986 880 1009 retro

267 1013 411 1050 Impatiens
423 1014 509 1042 calcet
522 1015 629 1050 ungula.
644 1016 714 1043 dona
726 1013 806 1044 refer.

230 1047 284 1075 Ccu
302 1047 449 1076 rubicundo
462 1054 536 1077 ostro
550 1047 641 1078 Romae
652 1052 685 1078 de
698 1051 807 1079 nomine
821 1052 904 1078 vestis
913 1072 920 1082 ,

266 1084 352 1121 Quam
364 1085 483 1121 vocitare
496 1085 602 1117 Patres,
615 1085 657 1113 fac
676 1087 723 1114 tibi
737 1087 804 1113 colla
816 1090 931 1121 premat.

232 1117 387 1156 Venerisut
402 1119 464 1156 feiix
480 1120 596 1156 donatus
608 1129 720 1149 munere
730 1117 843 1156 pulchro
853 1142 860 1153 ,

267 1153 393 1191 Recipias
409 1154 451 1190 [L.
463 1155 598 1191 Accipias]
615 1161 705 1190 grates
717 1153 789 1184 mille
803 1164 885 1183 suave
899 1163 982 1183 meas.

233 1188 346 1224 Veneris
359 1194 387 1215 at
398 1188 498 1217 vacuus
510 1188 631 1217 nostram
644 1192 665 1218 si
680 1191 769 1218 forsan
789 1191 822 1218 ad
836 1191 920 1219 aedem
929 1211 937 1224 ,

268 1223 338 1251 Mille
354 1223 444 1260 ﬂagris
459 1233 544 1253 caesus
558 1226 620 1258 ibis,
636 1226 740 1261 inepte,
753 1227 834 1254 foras.

470 1315 509 1343 De
522 1315 650 1343 Passione
664 1316 780 1344 Domini.

231 1359 510 1397 omnipotentisiopus
520 1369 627 1389 sacrant
642 1369 719 1389 sacer
731 1370 778 1390 ore
789 1362 908 1397 popellus

268 1394 403 1422 Laudibus
414 1394 503 1423 ell‘crri
517 1401 570 1423 tam
584 1397 652 1424 bene
668 1398 721 1425 tale
735 1394 822 1425 decet.

233 1429 327 1466 Iutima
339 1430 410 1465 quod
424 1432 512 1466 magni
527 1432 650 1466 dignatus
663 1433 787 1466 conditor
799 1433 874 1461 orbis

267 1463 368 1498 Sponte
382 1473 430 1492 sua
444 1463 541 1500 patior,
555 1463 635 1494 laude
648 1463 828 1495 boare'deeet.

230 1497 344 1526 Pertulit
360 1497 483 1528 humanm
499 1501 524 1527 in
536 1497 659 1529 'humauo
676 1503 791 1531 denique
806 1508 885 1531 natus

266 1534 384 1570 Corpore
398 1544 458 1571 qua:
471 1536 595 1564 Christus
606 1542 703 1564 cuncta
716 1534 810 1566 salutis
823 1542 910 1565 erant.

605 1583 648 1610 VI.

461 1629 494 1656 In
509 1630 551 1657 die
567 1629 785 1658 Resurrectionis.

229 1673 289 1710 Eia,
303 1682 425 1707 camena,
441 1675 528 1703 libens
542 1684 614 1703 nunc
627 1676 708 1704 dicito
718 1677 957 1710 carmina,quazso,

265 1709 339 1736 Nunc
354 1711 620 1745 cane,posco,melos
631 1712 684 1744 eia,
699 1711 832 1744 Camena,
848 1709 944 1739 libens.

228 1744 307 1781 Festa
321 1745 418 1772 decora
432 1744 497 1774 satis
510 1754 583 1774 nunc
599 1754 703 1774 mecum
715 1754 839 1781 promere
854 1752 928 1775 certa
937 1768 944 1780 ,

263 1779 407 1816 Postmodo
423 1785 452 1808 ut
468 1782 585 1816 accipias
597 1781 665 1810 festa
680 1779 778 1809 decora
793 1783 870 1810 satis.

227 1814 354 1852 Carmine
369 1816 465 1852 dignus
477 1814 558 1848 inest,
572 1825 722 1852 pangamus
736 1818 857 1845 carmina
870 1818 960 1845 cuncti
974 1827 979 1844 :

262 1850 315 1877 Iste
329 1851 387 1887 dies
400 1850 497 1887 rutilus
510 1850 742 1887 carmine‘dignus
757 1853 838 1880 inest.

228 1885 300 1922 Mors
314 1886 376 1920 quia
393 1887 464 1913 victa
477 1886 549 1920 jacet
561 1886 669 1914 Christo
677 1885 809 1922 surgente
822 1891 972 1922 perempta,

264 1920 397 1956 Laetcmur
409 1921 510 1956 cuncti,
528 1929 600 1948 mors
615 1922 677 1955 quia
690 1920 760 1949 victa
775 1920 857 1956 jacet.

228 1954 342 1981 Tartara
358 1955 428 1982 vieta
440 1955 531 1989 jaceat
541 1977 548 1988 ,
566 1954 673 1983 Christo
688 1954 790 1984 viseute
802 1958 894 1985 beatos
908 1968 914 1984 :

264 1989 388 2025 Principe
404 1991 519 2023 devicto,
537 1995 637 2018 tartara
651 1992 721 2019 victa
734 1992 836 2025 jaceat.

227 2025 337 2062 Expulit
350 2026 413 2053 inde
429 2026 537 2061 probos,
555 2027 683 2061 reprobos
696 2027 797 2055 dimisit
811 2028 911 2056 ibidem
925 2037 932 2062 ;

274 2060 518 2098 ialcatoque’hoste
530 2060 632 2097 expulit
645 2063 706 2090 inde
720 2063 828 2098 probos.

228 2095 327 2132 Coglica
344 2095 424 2132 regna
438 2102 532 2132 petunt
546 2095 607 2132 post
619 2095 792 2125 tartara'dira
805 2099 892 2131 beati,

262 2131 354 2169 Ereptj
372 2131 386 2159 a
400 2131 518 2160 tenebris
533 2131 627 2160 coalita
643 2142 723 2169 regna
740 2139 842 2169 petunt.

226 2166 461 2203 Verte,’iCamena,
477 2169 599 2203 gradum,
613 2177 646 2196 ne
659 2166 878 2197 taédia'fratribus
893 2169 990 2202 addas,

326 2202 367 2243 [ρ.
382 2203 460 2243 Hinc]
477 2202 502 2231 te
512 2212 602 2243 (μιξξο
612 2205 666 2232 cito
678 2210 761 2236 verte,
775 2205 891 2243 Camena
903 2205 1015 2243 gradum

226 2237 334 2275 Dicito;
343 2238 443 2275 Prtesul
453 2237 650 2274 ave,’colloque
666 2249 772 2275 genuqu
785 2251 788 2257 -
802 2237 918 2273 reflexo:

261 2273 311 2301 llic
325 2277 352 2301 et
364 2274 390 2301 in
406 2279 535 2302 :eteruum
548 2273 639 2308 dicito,
653 2273 755 2303 Purzesul
770 2284 827 2303 ave.

264 2337 277 2351 ε
291 2330 360 2364 Quid
377 2331 411 2358 sit
426 2332 581 2363 talamasea,
594 2339 641 2359 seu
654 2331 806 2359 talamascae
816 2351 824 2364 ,
842 2331 896 2366 jam
912 2330 1012 2366 dudum

225 2366 392 2400 explicarunt
404 2368 452 2394 viri
468 2368 549 2394 docti.
562 2368 674 2394 Vo-sius
689 2367 714 2393 in
729 2367 775 2393 lib.
787 2375 805 2394 Il
822 2367 854 2393 de
868 2365 945 2392 Vitiis
957 2373 1014 2392 scr-

226 2401 323 2437 monis,
339 2405 367 2428 et
378 2403 509 2437 przecipue
519 2403 551 2429 V.
560 2403 589 2430 C.
603 2402 757 2436 Stephanus
767 2401 891 2437 Baluzius
903 2400 930 2427 in
944 2400 1014 2437 notis

226 2436 259 2463 ad
273 2435 527 2470 Reginonemfﬂuc
543 2435 778 2464 adducuntlocum
793 2436 891 2463 vetusti
907 2435 1013 2462 concilii

226 2471 404 2499 Bhemensis:
423 2481 431 2497 ι
449 2472 552 2499 Larvas
566 2472 730 2511 daemonum,
744 2479 812 2511 quas
830 2471 925 2506 vulgus
943 2471 1013 2511 titia-

226 2513 332 2534 mascas
344 2511 431 2540 vocat,
452 2509 502 2536 sub
518 2507 690 2535 anathemate
710 2505 895 2542 prohibemus.
915 2516 924 2532 ›
948 2505 1016 2533 IIiuc

544 159 737 188 THEODULFI
755 160 1029 188 AUIIELIANENSIS
1046 161 1152 189 EPISC.
1171 160 1377 189 CARMINA.—
1395 161 1573 189 APPENDIX.

1433 219 1488 246 VII.

1382 264 1419 291 De
1433 263 1538 290 tabella.

1070 319 1153 354 Parva
1166 319 1254 346 brevis
1269 319 1374 354 gemino
1389 319 1531 353 potiorque
1544 319 1670 354 fruorque
1686 320 1783 349 tabella

1104 352 1207 386 Officio,
1220 352 1308 388 specie
1323 352 1397 381 intus
1405 358 1433 381 et
1444 352 1506 388 apta
1519 354 1593 381 foris.

1069 388 1199 416 Ornatum
1212 389 1330 416 exterius
1341 389 1449 416 habitus
1462 389 1612 423 superaddo
1626 389 1722 418 fcrenti
1733 412 1741 424 ,

1103 424 1218 451 Interius
1229 431 1306 451 servo
1320 424 1401 451 verba
1415 424 1496 459 ligata
1509 424 1589 451 uotis.

1426 478 1491 506 VIII.

1344 524 1381 551 De
1394 523 1538 551 talamasaa
1553 532 1577 551 ι.

1069 570 1148 597 Pusio
1162 577 1283 604 personm
1295 577 1355 597 cum
1367 569 1467 596 vultum
1481 570 1590 597 obducit
1603 571 1711 599 inanem
1720 593 1727 605 ,

1104 605 1179 643 Quod
1195 605 1285 632 tremit
1300 605 1362 632 hinc
1371 608 1467 643 terret,
1480 605 1550 643 quod
1564 605 1631 641 fugit
1643 606 1703 634 inde
1718 607 1802 643 fugat.

1068 640 1154 667 Credo
1169 644 1195 666 et
1209 639 1462 674 prostratusjacuit,
1478 639 1632 675 palmasque
1645 639 1766 675 tetendit.

1102 675 1171 702 Ante
1182 675 1386 709 Redemptor-em
1396 675 1506 709 parvula
1520 676 1640 703 membra
1653 684 1773 706 movens.

1434 730 1481 758 IX.

1342 776 1434 804 Versus
1451 777 1478 804 in
1491 776 1580 804 altari.

1068 823 1125 850 Hoc
1139 824 1224 850 altare
1235 824 1292 855 tibi,
1309 823 1369 851 cozli
1385 828 1517 858 terraeque
1531 824 1658 857 Creator,

1104 858 1268 886 Theudulfus
1282 863 1344 885 voto
1359 866 1474 886 cernuus
1488 867 1556 886 orno
1566 859 1592 886 ni

1109 867 1268 886 tneuouuus
1282 867 1344 885 νοω
1359 867 1474 886 cernuus
1488 867 1556 886 orno
1586 867 1621 886 ιο.

1032 894 1056 923 Β
1070 894 1127 921 Hoc
1140 901 1204 929 rogo
1218 894 1340 928 quisquis
1352 894 1421 926 adis,
1441 894 1552 922 revehes
1566 868 1614 932 ε
1631 894 1760 932 referens]
1776 905 1856 925 sacra

1581 928 1591 963 Ῐ
1600 930 1666 957 dona
1680 928 1816 965 precesve.

1105 964 1145 990 Tu
1162 971 1266 991 memor
1277 967 1334 991 esto
1348 964 1410 995 mei,
1429 964 1451 991 si
1466 964 1536 992 Deus
1550 965 1605 999 ipse
1619 965 1667 992 tui.

1070 999 1164 1035 Pastor
1176 1006 1240 1026 oves
1255 999 1358 1035 Domini
1375 999 1487 1035 dapibus
1499 1000 1561 1027 hinc
1571 1007 1651 1034 pasce
1663 1002 1799 1035 supernis,

1104 1034 1170 1067 Quis
1182 1035 1244 1068 quia
1259 1034 1312 1061 vita
1323 1033 1416 1066 datur,
1425 1034 1486 1069 quis
1498 1033 1579 1069 patet
1586 1035 1645 1062 aula
1661 1033 1718 1063 Dei.

1069 1070 1117 1104 Est
1128 1073 1292 1104 superiastra
1306 1069 1365 1104 pius
1378 1073 1480 1103 pastor,
1494 1077 1547 1104 quo
1557 1071 1694 1104 pascimur
1705 1079 1814 1098 omnes:

1104 1103 1168 1137 Quaé
1183 1103 1229 1140 [F.
1247 1103 1342 1140 Quem]
1358 1104 1420 1131 dum
1432 1103 1523 1140 pastor
1537 1103 1622 1138 amas,
1638 1113 1707 1142 pars
1715 1115 1744 1133 es
1758 1112 1785 1133 et
1797 1107 1855 1142 ipse

1716 1150 1814 1169 ἔτρεις.

1068 1174 1164 1210 Cernis
1178 1174 1348 1210 anhelantem
1363 1174 1414 1202 hoc
1427 1175 1460 1202 ad
1472 1182 1593 1210 praasepe
1607 1140 1779 1204 catervgiaiin‘g.’3

1105 1209 1172 1236 Hinc
1180 1209 1312 1246 alimenta
1324 1208 1390 1244 Agni
1407 1208 1536 1246 sanguine
1546 1208 1649 1242 [carne
1661 1213 1742 1246 capit.

1069 1244 1154 1280 Quem
1172 1244 1253 1280 draco
1266 1252 1335 1271 szeve
1353 1244 1514 1280 tremis,'qui
1532 1250 1556 1272 te
1567 1246 1608 1273 leo
1623 1244 1723 1280 perﬁde
1736 1248 1818 1280 vicit.

1103 1278 1223 1306 Crimina
1238 1287 1286 1307 ceu
1302 1279 1394 1306 mundi
1408 1281 1453 1315 qui
1468 1278 1614 1308 inveterata
1624 1278 1698 1309 'tulit.

1068 1314 1164 1350 Etinos
1176 1315 1292 1342 aethereo
1304 1314 1425 1349 potaque
1431 1316 1544 1350 ciboque
1558 1320 1663 1344 sacrato
1672 1338 1680 1350 ,

1104 1349 1211 1386 Iiiequer
1220 1357 1280 1386 sumi
1288 1357 1387 1386 mensa:
1399 1349 1562 1386 participare
1576 1352 1657 1378 dedit.

1069 1384 1119 1418 Qui
1133 1389 1175 1413 est
1187 1385 1241 1418 via,
1257 1385 1321 1417 vita,
1337 1384 1418 1418 salus,
1433 1384 1541 1421 qua,'ad
1555 1394 1645 1421 quam,
1662 1387 1688 1414 in
1704 1395 1755 1422 qua
1771 1389 1856 1416 tutius

1743 1424 1796 1450 itur
1809 1433 1815 1450 :

1104 1454 1170 1482 Cum
1185 1463 1238 1490 quo
1252 1459 1294 1483 est
1309 1456 1537 1492 regnandumjam
1551 1456 1608 1484 sine
1622 1457 1674 1484 fine
1685 1422 1745 1492 piig.‘

1443 1511 1476 1538 X.

1352 1556 1385 1584 In
1398 1557 1569 1584 menodochio.

1068 1602 1194 1639 Enipatet
1207 1603 1263 1639 ista
1274 1603 1369 1630 domus
1384 1603 1514 1639 mediocri
1529 1608 1624 1631 exacta
1635 1609 1730 1639 paratu
1740 1625 1748 1636 ,

1130 1642 1245 1672 tcunque
1258 1638 1383 1665 humanis
1397 1638 1488 1665 usibus
1502 1643 1563 1673 apta
1576 1638 1676 1666 tamen.

1068 1673 1154 1706 Quam
1167 1673 1238 1701 Deus
1252 1681 1315 1701 arce
1329 1673 1381 1708 poli
1396 1673 1509 1701 famulos
1523 1674 1674 1701 miserando
1686 1675 1797 1707 revisat,

1104 1708 1205 1736 Cuncta
1219 1709 1331 1736 adversa
1346 1708 1433 1744 fuget,
1450 1716 1577 1744 prospera
1593 1713 1689 1736 cuncta
1702 1709 1782 1737 ferat.

1068 1743 1117 1779 llic
1132 1744 1218 1778 pudor
1232 1747 1258 1771 et
1271 1752 1364 1771 verum
1373 1743 1386 1776 ,ί
1396 1743 1482 1779 pietas
1497 1743 1668 1779 probitasque
1686 1745 1856 1777 redundent,

1104 1778 1146 1806 Sit
1156 1783 1255 1814 praesto
1267 1779 1335 1806 alma
1348 1778 1423 1812 fides,
1438 1783 1465 1806 et
1477 1778 1569 1814 procul
1582 1778 1661 1807 omne
1676 1779 1762 1807 nefas.

1068 1814 1197 1850 Esuriens
1209 1814 1311 1848 epulas,
1325 1814 1419 1842 sitians
1434 1819 1536 1850 potum,
1551 1815 1649 1850 hospes
1661 1816 1790 1842 honorem
1800 1836 1808 1847 ,

1105 1849 1198 1876 Nudus
1211 1850 1406 1885 operimentum
1422 1849 1465 1877 hic
1480 1849 1704 1885 reperire’queat.

1068 1884 1167 1921 Fessus
1179 1892 1270 1921 opem,
1283 1884 1413 1920 languens
1426 1885 1602 1918 medicamen,
1616 1884 1712 1921 gaudia
1727 1890 1844 1913 mmstus

1104 1919 1172 1946 Hinc
1186 1919 1265 1951 ferat,
1276 1924 1303 1947 et
1320 1919 1425 1947 cunctis
1440 1921 1560 1948 consulat
1574 1919 1628 1948 ista
1639 1920 1743 1948 domus.

1068 1955 1118 1982 Det
1133 1954 1214 1982 Pater
1228 1955 1389 1982 altithronus
1405 1955 1503 1983 donum
1518 1956 1568 1983 hoc
1587 1956 1769 1983 habitantibus
1782 1956 1856 1990 istic,

1103 1990 1214 2027 Civibus
1226 1995 1256 2017 ut
1267 1994 1368 2027 pateat,
1377 1994 1409 2027 iet
1421 1991 1631 2027 peregrine'tibi.

1070 2025 1103 2053 Ut
1115 2025 1227 2061 fratrum
1243 2030 1323 2060 atque
1338 2026 1384 2053 Dei
1395 2025 1497 2061 regnet‘
1504 2026 1612 2053 dilectio
1622 2033 1743 2061 seraper,

1103 2060 1276 2096 Virtutesque
1287 2069 1381 2089 omnes
1399 2060 1450 2089 hac
1461 2062 1528 2089 duce
1543 2060 1703 2089 conveniant
1716 2071 1721 2088 :

1068 2096 1141 2133 Quas
1152 2097 1297 2133 miserante
1305 2097 1362 2133 Deo
1369 2104 1430 2133 mox
1441 2097 1579 2133 commoda
1592 2102 1687 2124 cuncta
1695 2101 1853 2133 sequantur.

1104 2131 1193 2158 Livori
1209 2135 1236 2158 et
1251 2131 1329 2159 smvis
1343 2132 1377 2158 sit
1391 2131 1433 2158 via
1446 2132 1517 2158 nulla
1530 2132 1607 2159 dolis.

1067 2166 1114 2193 Jus
1126 2171 1201 2201 regat
1212 2167 1257 2194 hic
1270 2170 1386 2198 mentes,
1403 2172 1563 2201 maneatque
1577 2167 1710 2201 opulentia
1728 2175 1829 2200 rerum,

1104 2202 1137 2228 Et
1151 2202 1242 2235 procul
1259 2207 1339 2236 atque
1352 2202 1444 2236 procul
1460 2202 1495 2229 sit
1506 2202 1565 2229 sitis
1578 2207 1658 2237 atque
1671 2202 1766 2229 fames.

1068 2237 1119 2270 Qui
1130 2237 1200 2271 petis
1214 2237 1263 2264 has
1281 2238 1358 2264 sedes
1373 2237 1523 2269 Theudulfi,
1536 2246 1636 2271 (lu-rso,
1654 2242 1789 2265 memento
1799 2258 1807 2269 .

1101 2271 1163 2299 Haac
1182 2272 1228 2307 qui
1243 2273 1393 2300 construxit
1407 2276 1477 2300 tecta
1492 2272 1596 2299 favente
1609 2273 1673 2300 Deo.

1065 2327 1203 2362 vulgatum
1221 2327 1291 2361 apud
1310 2331 1446 2354 nostrates
1460 2326 1552 2354 Gallos
1570 2336 1677 2362 masque
1698 2335 1746 2362 pro
1767 2327 1842 2354 larva

1065 2363 1121 2390 Iino
1143 2363 1224 2389 etiam
1246 2362 1358 2390 occulta)
1374 2363 1524 2389 litterarum
1542 2367 1611 2389 noue
1633 2367 1763 2390 vocantur
1785 2362 1855 2389 tala—

1066 2405 1175 2429 mascaa,
1188 2401 1217 2423 ut
1229 2397 1356 2424 observat
1372 2397 1506 2430 Baluzius,
1523 2402 1666 2433 propterea
1688 2397 1757 2433 quod
1781 2398 1858 2433 aliud

1064 2433 1241 2469 prmscferant
1259 2440 1340 2469 quam
1364 2433 1525 2468 significent.
1549 2433 1598 2461 Hic
1612 2440 1676 2469 ergo
1691 2432 1861 2461 Theodulfus

1066 2469 1122 2503 agit
1137 2469 1169 2495 de
1181 2468 1294 2502 pusione
1305 2468 1418 2496 larvato.
