3970 6184
530 315 636 374 585

1623 313 1676 369 S.
1713 314 1956 370 ElGlLlS
1993 312 2282 369 ABBATIS
2321 314 2699 370 FULDENSIS

3664 318 3774 374 εει

531 445 654 491 ctus
677 475 691 498 ,
739 434 1070 488 occidentale
1115 433 1369 503 templum
1418 433 1553 487 mira
1585 441 1701 486 arte
1737 442 1792 486 et
1833 432 2095 503 immensa
2124 439 2172 496 Α
2199 447 2299 502 pus
2335 431 2829 503 Wirceburcensis,
2880 432 2948 485 ad
2991 430 3232 485 eamdem
3258 443 3478 485 causam
3507 446 3779 503 convene-

534 504 898 576 magnitudine
923 504 1075 576 alteri
1113 502 1389 576 eopubms,
1433 518 1598 576 unam
1629 503 1757 576 fecit
1787 502 2094 576 ecclesiam.

534 573 815 629 Rabanum
840 584 893 628 et
926 574 1212 628 Hattonem
1244 573 1474 629 Turonis
1503 573 1702 632 direxit
1747 573 1820 626 ad
1843 573 2098 628 Albinum
2141 590 2145 594 ’

536 644 848 711 magistrum
890 643 1062 714 gratia
1104 642 1354 698 liberales
1395 643 1634 699 discendi
1670 653 1856 707 artes;
1898 643 2102 698 Bruno-

533 730 653 770 nem
679 714 744 767 ad
773 713 1086 777 Einardum,
1125 714 1392 768 variarum
1419 715 1618 768 artium
1661 713 1934 768 doctorem
1965 714 2104 782 peri-

534 785 797 839 tissimum
822 801 836 848 ;
865 782 1162 838 Modestum
1186 792 1240 838 et
1265 783 1563 839 Candidum
1589 799 1709 838 cum
1739 783 1858 838 aliis
1887 784 1952 836 ad
1983 783 2102 838 Cle-

533 862 764 908 mentem
806 852 1024 908 Scotum
1053 855 1419 924 grammatica:
1448 852 1698 924 studendi
1752 853 1947 924 gratia.
1987 851 2102 924 Sed

529 933 584 980 et
612 939 744 994 auro
768 932 823 978 et
851 923 1090 994 argento,
1122 925 1338 979 coronis
1362 932 1419 978 et
1465 923 1702 978 lucernis
1725 964 1739 985 ,
1766 923 1829 977 et
1851 923 2102 978 omnibus

529 994 684 1049 bonis
706 993 880 1064 locum
908 993 1138 1064 gloriose
1164 995 1432 1062 provexit.
1477 994 1627 1048 Fecit
1672 993 1833 1064 etiam
1871 994 1965 1049 hic
2007 1009 2100 1046 ve-

527 1063 799 1120 nerandus
824 1062 985 1118 Pater
1025 1065 1414 1120 monasterium
1457 1062 1738 1119 laudabilis
1774 1073 1832 1117 et
1855 1065 2104 1118 discretae

529 1149 795 1188 mensurae
824 1134 877 1187 in
918 1141 1121 1198 monte,
1153 1135 1239 1187 cui
1267 1136 1535 1203 pretiosus
1564 1140 1774 1203 martyr
1796 1133 2104 1189 Bonifacius

526 1203 761 1274 episcopi
810 1218 1005 1274 nomen
1054 1202 1282 1274 indidit,
1318 1213 1372 1257 et
1416 1205 1483 1258 ab
1528 1202 1806 1258 Haislo’llfo
1833 1204 2100 1274 Mogunti-

524 1277 710 1328 nensis
739 1273 984 1327 ecclesia:
1038 1273 1443 1341 archiepiscopo
1488 1274 1542 1327 in
1596 1275 1854 1329 honorem
1903 1273 2104 1329 sancta:

529 1344 622 1397 Dei
653 1342 932 1412 genitricis
979 1341 1161 1396 Maria:
1205 1343 1440 1398 dedicari
1494 1343 1657 1407 fecit,
1691 1352 1746 1399 et
1775 1345 1828 1396 in
1875 1344 2103 1398 introitu

527 1413 808 1484 claustrali
853 1413 1023 1484 ipsius
1054 1413 1298 1467 ecclesiae
1327 1416 1392 1484 ad
1420 1415 1660 1469 dextram
1694 1430 1855 1468 senex
1896 1425 1950 1467 et
1988 1415 2102 1484 ple-

528 1499 632 1537 nus
665 1482 874 1536 dierum
916 1483 1177 1536 bonorum
1231 1483 1517 1552 sepultum
1555 1485 1786 1539 traditus
1829 1491 1913 1539 est
1950 1482 2104 1539 z'cui

528 1553 792 1606 successit
818 1552 984 1621 Egit,
1017 1553 1269 1606 nimirum
1298 1569 1438 1608 anno
1467 1555 1588 1610 8|8.

600 1622 797 1694 Lglloc
826 1621 1070 1694 Ratgarii
1092 1622 1321 1694 elogium
1350 1624 1619 1679 videbitur
1647 1625 2016 1688 immodicum,
2058 1625 2105 1680 si

530 1693 840 1747 consideres
870 1694 988 1762 ipso
1025 1693 1218 1747 abbate
1251 1710 1413 1763 quam
1455 1696 1703 1750 turbatus
1732 1696 1894 1750 fuerit
1921 1709 2107 1750 mona-

2201 499 2491 570 runtjussu
2521 502 3502 572 imperatoris,eamquesanaverunt.
3526 521 3544 554 ι
3574 502 3776 558 Eadem

2200 573 2363 628 verba
2385 582 2512 626 sunt
2533 570 2786 629 Chroniei
2809 570 3371 632 llildenesheimensis,
3402 580 3456 625 et
3484 571 3776 626 Annalium

2199 641 2609 697 veterrimorum
2636 641 2690 695 in
2709 656 2858 713 anno
2881 649 3078 713 quarto
3107 639 3364 713 Ludovici
3410 640 3640 713 Augusti
3683 643 3779 697 de-

2201 713 2510 782 sinentium,
2551 727 2683 782 quos
2705 710 3237 782 PetrusLambecius
3273 712 3449 782 edidit
3475 710 3528 766 in
3557 723 3707 767 tomo
3735 713 3781 768 ιι

2199 781 2543 838 Bibliotheca:
2572 781 2863 846 'Cazsarex,
2901 781 2996 837 lib.
3031 797 3093 844 ιι,
3121 795 3240 850 cap.
3267 781 3322 846 5,
3342 781 3445 850 ubi
3488 782 3605 839 haec
3633 798 3784 838 anno

2200 851 2270 906 44
2293 851 2473 907 Caroli
2499 852 2672 922 Magni
2703 852 2963 907 accidisse
3003 849 3518 922 leguntur.7Carolo
3560 862 3784 907 mortuo

2201 937 2322 976 cum
2350 921 2638 992 Ratgarius
2664 937 2695 975 a
2724 937 2942 976 suorum
2982 921 3265 976 vexatione
3292 921 3437 976 haud
3464 923 3781 990 desisteret,

2203 992 2501 1063 Ludovicus
2534 993 2804 1063 Augustus
2831 992 3176 1063 Fuldensium
3198 992 3618 1063 iteratisimotus
3647 1009 3788 1063 que-

2202 1062 2348 1126 relis,
2379 1061 2658 1122 monachos
2689 1061 3075 1125 Occidentales,
3120 1062 3174 1116 id
3214 1069 3298 1117 est
3339 1061 3683 1128 Gallicanos,“
3715 1080 3786 1120 eo

2202 1133 2388 1197 misit;
2450 1141 2566 1186 tum
2624 1131 2938 1203 Batgarium
3000 1131 3159 1199 abjici
3215 1148 3278 1187 ac
3333 1133 3560 1203 relegari
3616 1132 3787 1202 jussit

2204 1217 2346 1256 anno
2376 1203 2502 1265 8l‘l,
2527 1211 2581 1256 et
2610 1202 2773 1256 alium
2802 1203 3047 1258 abbatem
3077 1203 3129 1256 in
3156 1203 3272 1272 ejus
3297 1202 3470 1258 locum
3502 1204 3779 1258 substitui.

2202 1272 2423 1327 Electus
2442 1273 2563 1343 dein
2592 1273 2751 1341 Eigil,
2801 1274 2895 1343 qui
2926 1281 3335 1343 rerum.statum
3381 1274 3436 1328 in
3472 1274 3669 1329 melius
3693 1289 3783 1328 re-

2204 1343 2398 1406 stituit,
2428 1352 2482 1398 et
2503 1342 2826 1413 Ratgarium'
2845 1344 2914 1398 ab
2940 1342 3129 1397 exsilio
3158 1343 3297 1412 (qua:
3321 1344 3396 1413 pii
3421 1344 3553 1408 viri,
3589 1346 3701 1399 imo
3728 1355 3785 1400 et

2204 1359 2398 1406 sntutt,
2428 1359 2482 1398 et
2504 1359 2607 1396 nat
2645 1359 2815 1396 arium
2845 1359 2914 1398 an
2940 1359 3129 1397 exsmo
3158 1359 3297 1412 (quae
3321 1359 3396 1413 pn
3421 1360 3553 1408 Vll'l,
3589 1361 3701 1399 imo
3728 1359 3784 1400 et

2203 1415 2589 1484 monachorum
2609 1359 2957 1468 g‘uldensium
2977 1414 3281 1484 benignitas
3298 1422 3354 1468 et
3379 1416 3784 1472 commiseratio

2204 1481 2326 1552 fuit)
2357 1483 2622 1537 communi
2652 1499 2872 1538 suorum
2893 1481 3157 1538 consensu
3185 1485 3475 1539 revocavit.

2273 1553 2326 1606 5.
2361 1551 2520 1622 Eigili
2561 1553 2824 1608 successit
2866 1553 3122 1608 Rabanus
3165 1569 3306 1609 anno
3352 1554 3477 1620 822,
3530 1555 3787 1624 rexitque

2205 1624 2588 1695 monasterium
2617 1639 2788 1695 annos
2810 1624 3036 1694 viginti;
3078 1625 3204 1695 dein
3226 1625 3417 1681 cedere
3445 1626 3785 1695 compulsus,

2204 1693 2549 1767 po_stm9_dum
2607 1691 2779 1767 factus
2808 1691 2892 1749 est
2939 1694 3378 1767 archiepiscopus
3413 1691 3784 1767 Moguntinus,

529 1764 682 1843 sterii
709 1771 884 1843 status
910 1804 925 1828 ,
971 1772 1031 1843 et
1051 1779 1170 1843 quae
1195 1765 1453 1843 harumce
1481 1766 1757 1843 turbarum
1782 1781 1945 1843 causa
1971 1783 1984 1818 :
2023 1766 2105 1819 ni—
2133 1785 2178 1843 Β
2207 1763 2881 1843 cujnuanit-amreferemus
2916 1763 3218 1843 adua-nnlum
3254 1765 3376 1819 856.

529 1834 727 1904 mirum
764 1833 1006 1904 Ratgarii
1054 1833 1188 1888 dura
1236 1835 1495 1889 severitas
1521 1836 1576 1889 in
1609 1837 1903 1890 monachos
1952 1850 2099 1900 suos,

525 1903 724 1974 quzein
758 1903 964 1958 tantum
1011 1905 1238 1968 exarsit,
1289 1915 1348 1958 ut
1400 1906 1498 1974 ipsi
1548 1908 1722 1961 coacti
1775 1907 1882 1960 sint
1911 1906 2101 1960 Carolo

528 1973 715 2048 Magno
742 1975 1022 2048 porrigere
1063 1974 1300 2048 libellum
1325 1973 1644 2048 supplicem,
1680 1975 1912 2048 inferius
1953 1975 2103 2030 exhi-

523 2044 757 2116 bendum
787 2044 914 2113 post
931 2046 1070 2116 hanc
1092 2045 1289 2111 Vitam,
1322 2044 1508 2116 inquo
1552 2047 1692 2115 apud
1717 2047 2098 2116 imperatorem

519 2114 772 2181 querelas
796 2127 922 2169 suas
952 2115 1258 2185 deponunt,
1301 2114 1682 2186 postulantrlue
1712 2114 1890 2171 mores
1927 2124 1981 2170 et
2024 2115 2102 2170 le-

524 2199 619 2253 ges
643 2185 959 2239 monasterii
988 2187 1040 2239 in
1067 2187 1354 2256 pristinum
1387 2185 1605 2241 restitui
1642 2194 1865 2240 statum.
1923 2187 1992 2240 Et
2033 2202 2102 2241 ne

521 2264 679 2326 putes
726 2256 824 2310 has
860 2256 1049 2311 turbas
1081 2257 1314 2313 factione
1361 2265 1572 2312 tantum
1619 2256 1945 2312 nebulonum
1973 2271 2106 2326 quo-

525 2325 774 2378 rumdam
820 2326 1088 2381 excitatas
1139 2325 1338 2392 fuisse;
1382 2329 1538 2396 probi
1567 2328 1768 2397 quique
1795 2368 1810 2392 ,
1857 2327 1963 2381 imo
1992 2325 2103 2381 tota

523 2401 724 2467 quanta
750 2403 871 2467 erat
907 2399 1255 2467 congregatio
1301 2397 1649 2452 Fuldensium
1691 2397 2101 2462 monachorum,

523 2462 624 2544 hac
648 2463 883 2544 procella
918 2462 1178 2544 exagitati
1215 2467 1669 2544 su_n_t,_Rabanus
1697 2467 1751 2522 in
1778 2467 1992 2544 primis,
2043 2475 2106 2522 ut

522 2536 637 2606 ipse
665 2541 896 2606 testatur
916 2536 972 2590 in
999 2536 1245 2606 peemate
1272 2539 1340 2593 30
1371 2538 1447 2592 De
1465 2538 1686 2592 transitu
1706 2536 2103 2603 monachorum,

515 2605 609 2676 qui
637 2619 666 2658 a
697 2603 957 2676 Ratgario
987 2603 1182 2662 abbate
1203 2609 1563 2664 secessionem
1595 2609 1855 2664 fecerunt.
1895 2607 1953 2662 ld
1976 2623 2104 2662 con-

516 2675 702 2756 tigisse
725 2675 868 2756 anno
890 2677 987 2756 81]
1014 2677 1170 2756 docet
1195 2695 1294 2734 nos
1307 2678 1611 2756 Chronicon
1632 2678 1967 2756 .Saxonicum
1998 2692 2099 2756 ms.

523 2745 608 2820 his
635 2746 832 2820 verbis
846 2766 923 2820 ελ
947 2747 1145 2803 Eodem
1175 2765 1282 2818 quo
1335 2765 1498 2820 supra
1535 2749 1770 2804 diximus
1814 2763 1956 2804 anno
1995 2748 2096 2804 8M

518 2815 660 2870 facta
688 2823 771 2869 est
793 2816 974 2871 Fuldze
993 2815 1334 2874 conturbatio
1362 2815 1468 2875 non
1498 2821 1719 2874 minima
1750 2821 1802 2874 in
1827 2827 2100 2874 monaste-

520 2885 606 2959 rio
614 2886 801 2959 sancti
832 2887 1093 2943 Bonifacii
1121 2907 1134 2944 :
1162 2900 1216 2944 et
1242 2889 1440 2946 fratres
1467 2891 1749 2946 duodecim
1778 2905 1845 2944 ex
1875 2891 1990 2959 ipsa
2021 2889 2100 2944 fa-

517 2955 1042 3031 miliaperrexerunt
1092 2961 1296 3031 pariter
1345 2977 1470 3015 cum
1505 2961 1700 3015 abbate
1735 2955 1994 3031 Batgario
2025 2959 2095 3014 ad

509 3026 774 3109 judicium
797 3026 1166 3109 imperatoris
1180 3030 1409 3109 _Ca_r_oli;
1456 3045 1555 3109 nec
1586 3039 1764 3109 tamen
1803 3026 2094 3109 commotio

517 3096 609 3171 illa
632 3096 855 3171 quievit.
895 3097 1086 3171 Postea
1129 3100 1369 3156 Ricolfus
1399 3096 1842 3171 archiepiscopus
1877 3099 2097 3171 Mogun-

518 3167 683 3242 tinus,
711 3176 766 3220 et
791 3167 1120 3242 Bernharius
1145 3172 1430 3241 episcopus
1464 3167 1698 3227 civitatis
1717 3167 2092 3242 \Vangionum,

2278 1833 2330 1887 6.
2362 1832 2634 1905 DeEigile
2663 1834 2715 1905 id
2741 1851 2907 1888 unum
2931 1835 3062 1889 mihi
3093 1835 3483 1890 observandum
3511 1845 3784 1905 superest,

2206 1919 2332 1957 eum
2356 1903 2638 1972 scripsisse
2664 1904 2902 1960 libellum
2931 1906 2996 1961 de
3029 1906 3148 1960 Vita
3191 1906 3364 1960 sancti
3407 1903 3632 1961 Sturmii
3658 1907 3793 1960 Ful-

2207 1973 2632 2045 densisabbatis
2660 1974 2859 2045 primi:
2901 1990 3060 2044 quem
3094 1975 3332 2031 libellum
3365 1976 3624 2032 Rabanus
3668 1975 3792 2031 lau-

2204 2041 2575 2117 dare‘videtur
2602 2041 2942 2117 in'poematé
2972 2046 3057 2111 14,
3089 2045 3176 2101 cui
3207 2045 3390 2102 titulus
3416 2046 3485 2099 ad
3523 2046 3787 2117 Eigilum,

2204 2114 2268 2167 de
2293 2114 2425 2186 libro
2449 2130 2599 2184 quem
2622 2115 2848 2186 scripsit.
2876 2117 2933 2171 in
2957 2124 3201 2186 poemate
3226 2117 3467 2186 sequenti
3497 2114 3614 2184 ejus
3637 2133 3793 2173 man—

2205 2185 2540 2239 suetudinem
2573 2185 2912 2242 commendat
2938 2185 3024 2242 his
3056 2187 3282 2259 aliisque
3304 2185 3578 2243 versibus.

2267 2301 2540 2366 Presbyter
2562 2309 2730 2366 agtate,
2757 2303 2944 2366 meritis
2968 2306 3019 2366 et
3043 2301 3303 2366 presbiter
3325 2300 3452 2352 alme

2330 2361 2480 2424 Eigil,
2505 2372 2556 2413 te
2572 2361 2790 2413 Christus
2806 2363 2962 2413 salvet
2987 2365 3033 2411 in
3046 2361 3181 2412 'orbe
3194 2361 3354 2413 Deus.

2269 2424 2361 2488 Sis_
2371 2423 2484 2472 mihi
2509 2425 2634 2487 quod
2655 2438 2827 2488 posco;
2851 2425 3080 2486 quodque
3103 2432 3242 2485 opto,-
3261 2425 3350 2488 boc
3373 2428 3481 2472 esto
3505 2423 3780 2486 benignus,

2330 2485 2627 2548 Praeceptor,
2652 2485 2832 2548 pastor,
2855 2485 3050 2548 Semper
3075 2487 3282 2547 amicus,
3310 2487 3480 2534 honor.

2268 2545 2371 2609 Nec
2395 2560 2476 2596 me
2505 2545 2794 2597 contristant
2817 2545 2898 2596 tua
2922 2545 3232 2609 corripienti:
3258 2545 3423 2608 verba,

2332 2608 2449 2658 Cum
2469 2612 2568 2671 scio
2591 2610 2717 2671 quod
2742 2621 2938 2669 semper
2963 2608 3159 2670 pectora
3183 2611 3330 2671 amica
3352 2616 3513 2657 tenes.

2269 2667 2452 2719 Verum
2472 2669 2580 2720 dico
2604 2667 2709 2730 (ibi,
2736 2683 2827 2718 nec
2850 2667 2930 2717 ine
2951 2667 3200 2720 sententia
3224 2669 3360 2729 fallit,

2328 2730 2402 2781 Te
2428 2744 2575 2794 unum
2597 2745 2696 2794 pra:
2718 2731 2880 2780 multis
2900 2732 3044 2780 corde
3069 2741 3245 2782 tenere
3271 2730 3392 2780 volo.

2263 2792 2342 2843 Sis
2367 2793 2487 2841 mihi
2510 2791 2708 2854 semper
2731 2794 2879 2852 idem,
2903 2795 3015 2854 quia
3039 2806 3145 2843 sum
3170 2793 3260 2842 tibi
3284 2803 3483 2854 semper
3506 2794 3558 2843 et
3577 2791 3728 2842 idem.

2320 2856 2529 2919 Semper
2546 2858 2726 2904 amicus
2748 2863 2874 2903 amat
2899 2867 2911 2902 :
2935 2867 3132 2919 semper
3154 2854 3385 2904 amandus
3408 2855 3518 2903 erit.

2197 2962 2456 3018 Eamdem
2477 2963 2664 3034 Eigilis
2689 2961 2965 3034 lenitatem
2985 3005 3000 3030 ,
3037 2963 3375 3034 comitatem,
3408 2961 3786 3034 etiafl'abilita—

2200 3042 2311 3089 tem
2335 3032 2594 3104 praedicat
2622 3033 2896 3088 Candidus
2921 3034 2976 3087 in
3005 3034 3250 3104 sequenti
3280 3032 3419 3088 Vita.
3462 3033 3540 3104 Ex
3567 3047 3679 3102 quo
3702 3032 3788 3086 in-

2201 3103 2460 3174 telligitur
2483 3104 2709 3174 Eigilem
2745 3103 2830 3174 his
2860 3105 3142 3173 praditum
3170 3103 3335 3160 fuisse
3374 3103 3612 3168 dotibus,
3662 3118 3786 3171 quae

2205 3175 2272 3229 ad
2321 3171 2697 3247 corrigendam
2757 3171 3001 3245 Ratgarii
3066 3173 3404 3231 ferocitatem
3457 3174 3787 3230 necessaria:

514 3245 571 3294 et
593 3235 758 3292 Hatto
771 3235 1448 3313 episcopusAugustensis,
1481 3250 1536 3298 et
1569 3235 1883 3314 Wolgarius
1895 3235 2103 3312 episco-
2130 3235 2177 3298 C
2207 3251 2384 3300 erant.

1601 3523 2134 3603 PRZEFATIO
2193 3524 2723 3604 AUCTORIS.

1937 3709 2320 3720 ——-——-—

589 3797 638 3849 l.
665 3796 1026 3850 Dilectissimo
1051 3795 1206 3850 fratri
1233 3805 1289 3850 et
1330 3797 1772 3868 compresbytero
1793 3812 1891 3853 suo
1921 3800 2101 3856 Mode-

514 3894 600 3940 sto
634 3883 928 3948 Candidus,
977 3895 1250 3955 perpetuae
1296 3886 1446 3955 pacis
1475 3894 1530 3942 et
1577 3887 1924 3945 beatitudinis
1950 3898 2101 3960 optat

514 3977 570 4031 in
609 3976 826 4033 Christo
852 3976 1104 4032 salutem.

590 4069 666 4124 De
693 4076 893 4125 caetero
922 4084 1134 4139 quoque
1161 4078 1346 4125 notum
1369 4070 1509 4127 facio
1529 4081 1634 4126 tua:
1659 4072 1930 4135 charitati,
1955 4074 2097 4144 quod

512 4179 657 4219 anno
709 4163 990 4233 przeterito
1051 4162 1282 4219 domnus
1313 4165 1480 4218 abbas
1522 4164 1798 4228 Rabanus,
1854 4178 1976 4219 cum
2023 4164 2100 4220 illi

509 4256 779 4326 querebar
805 4254 926 4325 quia
956 4269 1063 4310 non
1087 4254 1341 4310 haberem
1378 4271 1703 4326 quemquam
1727 4271 1936 4311 mecum
1967 4272 2098 4312 con-

509 4349 805 4411 sociorum,
837 4361 958 4400 cum
995 4362 1105 4401 uno
1142 4346 1194 4400 in
1219 4346 1398 4401 divina
1420 4346 1652 4401 lectione
1683 4346 2008 4416 disputando
2039 4355 2096 4401 et

509 4439 734 4510 legendo
762 4438 1028 4509 proficere
1072 4439 1366 4509 potuissem
1392 4479 1407 4504 ,
1462 4438 1568 4493 tale
1610 4437 1741 4492 mihi
1776 4452 2089 4508 reSponsum

512 4531 819 4588 referebat:
883 4549 901 4580 ι
937 4530 1161 4592 Exerce,
1214 4531 1409 4602 inquit,
1447 4531 1791 4600 temetipsum
1843 4529 2086 4599 legendo,

2206 3814 2370 3854 unum
2399 3813 2578 3868 prosa,
2608 3796 2836 3851 alterum
2867 3809 2993 3850 vero
3029 3793 3274 3849 versibus
3298 3793 3560 3864 explicavi
3592 3813 3604 3848 :
3643 3810 3783 3864 quos

2207 3897 2385 3945 tamen
2415 3887 2536 3943 ideo
2559 3887 2616 3940 in
2666 3899 2829 3940 unum
2864 3898 3058 3953 corpus
3101 3882 3352 3952 colligare
3400 3885 3680 3954 rogabam,
3719 3891 3783 3939 ut

2205 3984 2258 4038 in
2316 3999 2496 4038 rerum
2554 3981 2865 4036 narratione
2915 3978 3052 4035 alter
3094 3977 3248 4033 alteri
3297 3977 3535 4034 subsidia
3587 3979 3777 4035 ferret.

2201 4073 2260 4129 In
2291 4073 2488 4144 quibus
2535 4072 2789 4126 nimirum
2835 4069 3110 4126 Ludowici
3167 4069 3498 4125 serenissimi
3548 4069 3776 4141 Augusti

2199 4164 2542 4220 clementiam
2588 4164 2731 4218 circa
2774 4179 2874 4218 nos
2925 4162 3124 4218 factam
3154 4170 3463 4217 reverenter
3509 4163 3776 4232 expressi,

2198 4254 2350 4325 cujus
2375 4255 2848 4310 commonitionem
2892 4262 3054 4324 atque
3098 4253 3418 4319 doctrinam,
3453 4253 3553 4308 etsi
3592 4253 3665 4307 ita
3716 4261 3778 4309 ut

2197 4349 2265 4403 ab
2303 4362 2368 4402 eo
2396 4347 2619 4416 prolata).
2646 4354 2792 4411 sunt,
2820 4344 2887 4399 ad
2913 4345 3182 4415 integrum
3209 4342 3499 4414 explanare
3525 4343 3774 4412 nequivi;

2195 4438 2509 4495 benevolam
2533 4449 2712 4493 tamen
2749 4437 3079 4492 voluntatem
3106 4435 3248 4489 illius
3278 4435 3572 4489 secundum
3597 4434 3775 4504 legem

2197 4533 2291 4588 Dei
2323 4541 2377 4587 et
2410 4530 2991 4601 sanctorumdogmata
3029 4528 3250 4582 Patrum
3276 4528 3510 4582 enodare
3543 4529 3772 4584 curari:

508 4633 565 4680 et
591 4623 792 4695 aliquid
824 4624 1074 4680 utilitatis
1096 4625 1234 4680 adde
1254 4624 1524 4680 dictando.
1563 4622 1697 4677 Nam
1720 4621 1845 4676 dum
1875 4637 1973 4692 ego
1996 4621 2096 4676 ibi-
2119 4617 2172 4676 D
2198 4630 2462 4694 quatenus
2495 4637 2594 4692 per
2631 4621 2735 4674 hoc
2765 4618 3146 4675 misericordiae
3179 4618 3377 4672 bonum
3411 4616 3523 4685 ejus
3568 4633 3776 4671 meme.

506 4720 628 4773 dem
651 4759 665 4782 ,
701 4717 794 4771 ubi
823 4733 966 4772 nunc
1009 4718 1124 4787 ipse
1147 4717 1376 4772 moraris
1403 4757 1419 4782 ,
1466 4717 1734 4786 quondam
1783 4728 2090 4768 commane-

510 4831 644 4879 rem,
673 4815 869 4868 librum
893 4830 1051 4884 prosa
1079 4824 1131 4868 et
1160 4816 1406 4870 versibus
1435 4815 1486 4868 in
1509 4815 1722 4869 laudem
1751 4820 1948 4866 sancta:
1972 4829 2092 4867 cru-

506 4905 587 4960 cis
617 4905 798 4958 divina
829 4905 1005 4974 gratia
1041 4907 1340 4974 inspirante
1369 4906 1562 4974 incmpi
1582 4945 1598 4968 ,
1629 4914 1790 4972 atque
1842 4903 2088 4958 fidelibus

510 4997 791 5067 legendum
821 4995 1064 5051 studioso
1090 4995 1273 5052 labore
1298 4995 1684 5051 consummavi.
1719 5015 1737 5048 ι
1789 4994 1902 5048 [lac
1926 4995 2089 5065 igitur

508 5087 696 5152 frater,
727 5083 945 5140 licen’tia
969 5083 1158 5152 fretus,
1190 5087 1325 5142 duos
1353 5085 1519 5141 libros
1547 5087 1612 5142 de
1637 5087 1756 5141 Vita
1779 5087 1965 5157 Eigilis
1992 5085 2086 5141 ab—

506 5179 652 5238 batis
673 5178 869 5248 nostri,
897 5178 1148 5237 dictando
1181 5190 1237 5238 et
1271 5181 1554 5237 scribendo
1579 5180 1673 5236 Dei
1709 5181 1850 5236 dono
1868 5179 2080 5252 peregi:

2193 4717 2271 4772 ria
2321 4715 2672 4784 subolumque
2713 4714 2855 4769 illius
2879 4713 3020 4783 apud
3059 4727 3158 4766 nos
3197 4721 3518 4780 nostrosque
3551 4725 3773 4765 succes-

2193 4823 2343 4864 sores
2387 4806 2438 4860 in
2469 4813 2653 4861 sancta
2681 4806 2922 4861 oratione
2948 4811 3161 4860 maneat
3190 4817 3420 4870 semper.
3467 4800 3578 4854 Hoc
3605 4801 3776 4871 igitur

2191 4916 2348 4970 opus,
2383 4899 2730 4954 dilectissime
2769 4899 2958 4962 frater,
2987 4895 3052 4950 ad
3075 4895 3372 4965 profectum
3399 4902 3451 4947 et
3480 4892 3772 4947 utilitatem

2191 4989 2512 5061 legentibus,
2537 4989 2648 5044 Deo
2675 4990 2930 5051 donante,
2955 4987 3226 5057 congessi,
3248 4993 3302 5039 et
3325 4981 3646 5040 tibiofamulo
3669 4981 3774 5038 Dei

2191 5081 2524 5146 consecravi,
2553 5090 2609 5134 ut
2638 5081 2711 5135 sit
2741 5081 2792 5134 in
2820 5079 3138 5136 memoriam
3168 5078 3375 5148 antiqui
3420 5074 3776 5147 pmeploﬁs

2191 5174 2270 5230 tui
2293 5172 2495 5246 jugiter
2523 5175 2663 5245 apud
2691 5182 2762 5230 te.
2794 5171 2944 5229 Vale.
