3970 6184
231 263 274 315 l5
517 251 521 258 “
1667 257 1845 313 VITA.

1249 533 1780 647 INCIPIT
1865 531 2254 680 VITA.

236 846 282 900 2.
310 845 381 898 Ex
405 858 464 897 eo
493 842 652 911 igitur
679 834 937 912 tempore,
987 858 1092 912 quo
1123 859 1208 898 me
1252 842 1574 898 venerabilis
1601 842 1703 895 Pa—
1731 843 1782 902 Α
1806 841 1997 912 capitis
2025 840 2263 895 omnium
2287 837 2605 909 jurgiorum,
2648 844 2884 897 surrexit
2929 845 3109 900 statim
3145 862 3270 902 cura
3304 860 3359 906 et

231 957 243 969 ·
267 937 393 1007 Eigil
418 936 590 989 Vitam
616 933 853 1003 Baugulli
893 945 917 973 ι
947 933 1096 987 chari
1142 933 1350 987 abbatis
1377 932 1546 987 nostri
1590 931 1702 1000 jam

275 1027 530 1100 ergastulo
572 1026 812 1096 corporis
846 1023 1073 1078 absoluti
1115 1023 1299 1077 intima
1333 1024 1703 1078 exhortatione

231 1124 410 1178 rsuasit
453 1119 646 1176 litteris
682 1117 971 1188 explicare,
1025 1131 1091 1170 ex
1124 1131 1188 1170 eo
1231 1129 1316 1168 me
1353 1115 1508 1170 libuit
1536 1115 1700 1169 bene-

231 1212 428 1266 [entiam
450 1252 463 1275 ,
497 1209 728 1264 studium
763 1214 817 1261 et
846 1205 1159 1276 gravitatem
1205 1206 1340 1258 tanti
1384 1205 1560 1260 Patris
1585 1219 1698 1259 me-

231 1304 331 1356 πὶιε
359 1299 752 1356 commendare.

231 1396 269 1447 5.
301 1392 395 1446 Hic
427 1391 587 1460 igitur
614 1389 696 1442 vir
732 1385 1048 1458 parentibus
1077 1385 1326 1456 ingenuis
1349 1385 1544 1444 Norica
1573 1403 1699 1457 pro-

231 1485 318 1537 Icia
358 1490 522 1546 ortus,
579 1496 684 1535 non
725 1479 880 1551 longe
907 1489 1029 1549 post
1070 1479 1388 1549 martyrium
1434 1479 1577 1532 beati
1601 1477 1697 1533 Bo-

231 1573 326 1627 acii
355 1569 637 1624 translatus
666 1577 749 1624 est
798 1571 970 1640 gratia
1018 1569 1296 1625 servitutis
1328 1569 1423 1623 Dei
1477 1569 1542 1624 ad
1585 1585 1697 1625 mo-

231 1662 430 1716 Iterium
470 1661 523 1714 in
558 1660 694 1715 silva
736 1660 1020 1715 Bochoniae
1046 1661 1414 1725 constitutum,
1447 1674 1602 1715 secus
1625 1660 1696 1714 ri-

232 1768 263 1804 n
305 1751 528 1804 ﬂuminis
572 1749 752 1804 Fuldze
772 1790 786 1814 ,
813 1751 882 1804 ob
917 1749 1067 1820 cujus
1092 1750 1420 1806 vicinitatem
1450 1751 1551 1804 hoc
1582 1764 1696 1804 mo-

231 1845 432 1898 ;terium
471 1844 669 1897 usitato
707 1842 923 1897 nomine
965 1842 1132 1898 Fulda
1176 1851 1560 1914 nuncupatur:
1600 1842 1692 1897 ubi

239 1944 350 2005 rtyr
380 1934 570 1989 Christi
606 1933 915 1989 Bonifacius
941 1949 1095 1989 sacro
1121 1947 1346 2004 corpore
1371 1933 1690 2004 requiescit;

231 2028 311 2080 vir
345 2027 655 2082 venerabilis
697 2025 900 2097 Styrmi
943 2034 1204 2097 cognatus
1230 2025 1366 2094 ej'us,
1389 2027 1455 2081 de
1489 2041 1596 2095 quo
1620 2025 1694 2080 lo-

231 2119 380 2180 imur,
427 2131 489 2170 eo
529 2125 765 2187 tempore
817 2117 1030 2170 turbam
1082 2117 1472 2170 monachorum
1517 2116 1692 2188 dignis

1805 933 2058 986 auxilium
2108 931 2251 985 circa
2297 945 2394 984 nos
2422 931 2674 986 Ludovici
2717 935 3044 989 serenissimi
3088 936 3308 1008 Augusti
3343 959 3356 994 :

1804 1020 1953 1088 cujus
1974 1021 2135 1074 etiam
2165 1035 2261 1073 cor
2281 1027 2462 1073 nostra
2491 1021 2706 1074 miseria
2733 1023 2864 1078 adeo
2892 1036 3275 1092 commoverat,
3304 1038 3362 1084 ut

1803 1110 2004 1166 diceret
2057 1126 2114 1164 se
2146 1118 2352 1163 tantum
2400 1108 2600 1163 doloris
2630 1127 2901 1181 nunquam
2949 1127 3251 1185 expertum,
3277 1134 3364 1173 ρι-

1801 1209 1955 1270 cepto
1984 1214 2071 1265 eo,
2093 1201 2183 1270 qui
2213 1199 2262 1254 ei
2288 1198 2561 1255 acciderat
2587 1215 2653 1254 ex
2687 1209 2858 1256 morte
2889 1203 3062 1259 beatae
3090 1209 3364 1262 memoria:

1799 1294 1976 1349 Caroli
2007 1294 2265 1366 genitoris
2310 1293 2411 1348 sui.
2447 1292 2544 1347 Hic
2590 1293 2756 1365 igitur
2801 1295 2947 1349 misit
2989 1301 3206 1355 nuntios
3236 1317 3366 1357 suos

1797 1383 1974 1438 Aaron
2021 1392 2075 1438 et
2117 1381 2452 1439 Adalfridum
2505 1397 2629 1436 cum
2662 1383 2825 1437 sociis
2869 1384 3131 1453 ipsorum,
3175 1405 3362 1444 mona-

1797 1475 1927 1529 chos
1949 1474 2180 1540 scilicet,
2219 1473 2580 1528 occidentales
2621 1473 2671 1539 ά,
2705 1475 2795 1543 qui
2838 1491 2938 1530 nos
2967 1476 3021 1530 in
3069 1481 3367 1536 tentatione

1797 1562 2105 1632 temporalis
2148 1561 2379 1616 miseriae
2424 1561 2750 1617 consolando
2797 1563 3168 1632 sublevarent;
3208 1576 3280 1633 et,
3313 1570 3364 1624 si

1794 1668 1914 1723 quae
1954 1653 2021 1707 de
2047 1652 2244 1722 regula:
2275 1651 2541 1706 institutis
2577 1652 2718 1722 apud
2747 1667 2846 1707 nos
2869 1661 2961 1707 aut
2986 1654 3238 1726 incapta,
3265 1667 3359 1712 aut

1795 1743 2000 1813 dilapsa
2029 1742 2306 1809 ~fuissent,
2357 1740 2596 1796 fraterna
2647 1742 2935 1798 dilectione
2979 1749 3366 1812 praemonendo

1793 1835 2147 1903 corrigerent.

1861 1925 1914 1980 6.
1963 1925 2190 1980 Eramus
2232 1924 2445 1994 quidem
2496 1923 2667 1980 multo
2717 1931 2954 1994 tempore
3002 1925 3056 1980 in
3109 1929 3356 1985 ctenobio

1794 2019 2045 2086 degentes
2074 2017 2238 2072 vitam
2275 2017 2512 2086 quietam
2547 2017 2650 2072 sub
2673 2031 2859 2072 eorum
2906 2018 3239 2089 magisterio,
3267 2021 3359 2075 ad-

1794 2112 1904 2167 dito
1927 2114 2235 2182 praeposito,
2265 2110 2481 2166 decanis
2509 2110 2577 2165 ab
2617 2110 2823 2165 eisdem
2849 2111 3177 2166 constitutis.
3207 2112 3364 2168 Post-

231 2181 651 2264 iversationibus-
677 2224 865 2280 regere
907 2208 1206 2262 videbatur.
1257 2207 1394 2262 Huic
1439 2181 1692 2262 nimirum
1721 2181 1766 2240 Β
1793 2203 2008 2257 modum
2039 2215 2271 2271 namque
2311 2200 2656 2272 congregatio
2690 2199 2922 2254 fratrum
2960 2201 3099 2255 inito
3136 2201 3367 2256 consilio

235 2315 316 2354 mc
340 2299 588 2369 puerulus
620 2299 751 2370 Eigil
793 2299 859 2353 de
884 2297 1056 2367 patria
1087 2305 1501 2368 transportatus,
1529 2299 1696 2354 hono—

232 2409 289 2448 ce
329 2408 356 2446 a
387 2392 695 2462 parentibus
721 2397 1106 2460 prmsentatur;
1142 2405 1301 2461 quem
1334 2398 1553 2460 paterna
1584 2391 1697 2459 pie-

231 2503 252 2538 εξ
297 2487 562 2540 blanditiis
620 2485 900 2539 delinitum
963 2483 1161 2539 schol:e
1202 2483 1231 2523 ι’
1273 2484 1693 2556 congregationi,

231 2601 236 2629 ι
261 2575 341 2631 lex
377 2577 551 2631 divina
580 2575 691 2646 jugi
721 2575 1109 2630 exercitatione
1140 2574 1368 2629 discitur
1391 2581 1445 2628 et
1471 2573 1698 2628 docetur

231 2683 265 2718 η
325 2681 528 2720 summa
580 2663 862 2728 industria,
914 2679 1076 2719 causa
1127 2663 1426 2718 litterarum
1483 2665 1694 2719 sociare

231 2757 412 2810 ndavit
455 2772 469 2810 :
519 2756 610 2825 qui
657 2771 780 2810 mox
832 2755 1012 2809 divina
1057 2755 1229 2826 gratia
1276 2756 1616 2810 ministrante
1641 2755 1694 2811 in

235 2858 346 2902 tum
376 2847 690 2917 proficiebat
715 2846 952 2917 quotidie
984 2847 1036 2901 in
1072 2847 1418 2904 meditatione
1447 2847 1696 2904 scientia-

231 2957 254 2992 η
293 2939 711 3007 Scripturarum,
746 2947 803 2991 ut
831 2938 991 2991 etiam
1018 2952 1144 3006 apes
1169 2939 1468 2994 esurientes
1499 2938 1553 2992 in
1580 2939 1693 2993 col-

231 3033 363 3087 -ndis
378 3032 598 3087 ﬂoribus
623 3033 819 3087 imitari
843 3033 1135 3088 videretur.

231 3152 256 3173 ι.
287 3121 358 3174 At
387 3135 514 3176 vero
540 3137 646 3175 non
675 3120 859 3176 multis
885 3129 1006 3191 post
1037 3124 1151 3177 haec
1177 3122 1406 3177 evolutis
1432 3138 1693 3178 annorum

232 3212 440 3277 'ricttlis,
463 3211 802 3268 confortatus
825 3214 878 3267 in
907 3214 997 3268 Dei
1026 3214 1265 3278 servitio,
1293 3214 1351 3268 fit
1377 3215 1691 3269 monachus.

231 3303 326 3355 uati
360 3318 459 3356 suo
483 3303 732 3357 videlicet
757 3305 954 3358 charus
981 3313 1035 3358 et
1061 3314 1267 3358 cunctae
1292 3303 1693 3373 congregationi

231 3393 346 3454 uvis;
376 3393 692 3446 memoriam
723 3394 929 3448 habens
952 3393 1176 3463 justitiae
1199 3393 1494 3460 Dei.quam
1518 3391 1696 3446 docuit

231 3499 256 3534 η
288 3483 431 3536 Deus
461 3497 489 3535 a
514 3480 796 3550 iuventute
828 3499 945 3549 sua,
972 3492 1031 3537 ut
1064 3483 1406 3536 annuntiaret
1434 3482 1693 3536 mirabilia

231 3591 264 3626 ς.
292 3573 433 3627 Hinc
459 3573 621 3628 etiam
649 3589 902 3643 processu
937 3584 1254 3644 temporum,
1277 3573 1453 3626 divina
1484 3573 1697 3642 dispen-

234 3680 340 3718 one
383 3672 680 3733 promotus,
729 3666 1008 3720 ordinatur
1031 3665 1099 3720 ab
1124 3663 1276 3717 Lullo
1307 3664 1558 3733 episcopo
1587 3663 1698 3718 Mo-

232 3756 500 3810 tiacensis
543 3755 784 3810 ecclesiae
812 3756 1113 3826 presbyter,
1147 3753 1237 3823 qni
1281 3763 1402 3823 post
1451 3763 1697 3810 sanctum

239 3850 471 3904 ifacinm
497 3865 750 3920 magnum
780 3859 835 3904 et
862 3850 1091 3904 electum
1119 3849 1213 3902 Dei
1243 3845 1552 3917 pontificem
1584 3845 1699 3914 ejus

231 3945 273 3997 is
299 3945 673 4013 episcopatum
714 3945 929 3998 tenebat
950 3944 1172 4014 primus.

233 4079 246 4090 .
279 4038 504 4090 Interea
533 4036 740 4105 primus
761 4035 964 4107 Styrmi
1003 4036 1209 4105 primus
1236 4035 1404 4089 abbas
1427 4043 1482 4089 et
1511 4035 1701 4089 funda-

267 4127 594 4181 monasterii
651 4126 852 4191 Fuldze,
912 4142 1068 4196 quem
1119 4135 1335 4181 sanctus
1396 4125 1702 4182 Bonifacius

234 4229 435 4291 ceptor
487 4221 602 4291 ejus
651 4221 931 4275 eremitam
987 4234 1142 4274 suum
1191 4221 1429 4275 vocitare
1477 4218 1698 4285 solebat,

232 4314 315 4366 -bo
373 4319 542 4380 atque
587 4319 862 4366 senectute
911 4311 1143 4366 lassatus
1195 4311 1358 4379 coepit
1396 4309 1698 4364 infirmari:

240 4402 416 4456 etiam
447 4415 558 4454 non
587 4408 709 4470 post
751 4400 919 4454 multo
949 4405 1248 4470 temporum
1279 4395 1579 4463 intervallo,
1621 4413 1704 4452 se-

259 4501 318 4546 et
358 4491 560 4560 plenus
589 4490 816 4554 dierum,
845 4491 900 4544 in
931 4505 1061 4559 pace
1086 4489 1339 4560 migravit
1365 4489 1431 4544 de
1457 4488 1560 4542 hac
1587 4487 1706 4542 luce

232 4581 414 4650 porali
460 4580 528 4634 ad
559 4580 750 4642 lucem,
794 4580 1081 4643 credimus,
1117 4579 1232 4634 sine
1264 4578 1370 4633 ﬁne
1400 4579 1702 4637 durantem.

250 4687 504 4741 namque
533 4672 793 4726 successit
821 4670 1112 4742 Baugolfus
1149 4668 1522 4735 Germanicus,
1559 4670 1706 4740 ejus-

231 4784 241 4818 I
285 4764 620 4819 monasterii
655 4764 969 4818 monachus.
1012 4763 1125 4816 Hoc
1180 4761 1435 4815 nimirum
1465 4771 1708 4816 cessante

1793 2309 1915 2348 cum
1965 2292 2143 2347 Aaron
2193 2298 2248 2346 et
2294 2291 2461 2346 sociis
2521 2289 2656 2361 ejus,
2700 2290 2963 2345 miserunt
3020 2290 3355 2346 Adalfridum

1793 2397 1957 2437 unum
1986 2396 2052 2436 ex
2073 2381 2175 2446 eis,
2204 2380 2377 2434 virum
2403 2380 2487 2453 (ut
2514 2382 2667 2436 nobis
2697 2381 2999 2452 videbatur)
3029 2383 3166 2438 bene
3195 2383 3360 2437 mori-

1794 2482 2058 2544 geratum,
2095 2483 2150 2528 et
2175 2489 2298 2528 cum
2321 2488 2385 2528 eo
2411 2473 2606 2528 fratres
2641 2481 2854 2528 nostros
2893 2474 2960 2527 ad
3004 2473 3354 2543 imperatoris

1795 2563 2154 2627 clementiam,
2198 2563 2242 2617 si
2309 2563 2444 2618 forte
2482 2564 2799 2636 dignaretur
2842 2563 2973 2632 quid
3023 2562 3256 2633 indignis
3291 2565 3358 2618 de

1796 2655 2008 2709 abbatis
2057 2653 2318 2708 electione
2350 2662 2783 2724 prtemonstrare.
2828 2652 3032 2719 Quibus
3080 2667 3212 2707 sane
3255 2651 3366 2707 cle-

1796 2753 2006 2800 menter
2031 2744 2324 2813 susceptis,
2346 2743 2661 2799 electionem
2693 2742 2989 2807 concessit;
3008 2751 3095 2807 ‘et,
3132 2750 3192 2796 ut
3215 2751 3360 2797 esset

1796 2836 1984 2889 eadem
2019 2833 2212 2889 electio
2241 2833 2534 2888 secundum
2572 2833 2769 2903 regulae
2800 2833 3198 2898 auctoritatem,
3225 2834 3368 2888 satis

1793 2925 2071 2980 evidenter
2105 2924 2336 2987 edocuit,
2371 2939 2509 2993 sarpe
2534 2938 2964 2979 commemorans
2985 2925 3357 2978 austeritatem

1795 3016 2067 3071 indiscreti
2105 3014 2359 3086 pastoris.
2388 3015 2521 3070 Cum
2569 3024 2746 3071 autem
2793 3032 3012 3072 reversa
3053 3026 3200 3072 esset
3242 3017 3359 3071 haec

1793 3109 1981 3163 eadem
2019 3108 2235 3178 legatio,
2281 3116 2337 3162 et
2365 3108 2623 3163 intrasset
2659 3110 3046 3164 monasterium
3098 3109 3355 3175 Fuldam;

1794 3198 2130 3266 congregatis
2152 3197 2438 3252 Fratribus
2481 3197 2828 3267 Imperatoris
2852 3200 3163 3254 mandatum
3203 3214 3362 3269 expo-

1793 3287 1901 3341 suit
1924 3288 2026 3341 hoc
2055 3288 2212 3342 modo
2249 3306 2262 3340 :
2296 3305 2314 3338 ‹
2343 3287 2584 3352 Fratres,
2619 3288 2916 3343 Ludovicus
2939 3305 3163 3344 serenus
3182 3289 3364 3358 Augu-

1795 3387 1912 3431 stus
1960 3377 2305 3430 remandavit
2346 3377 2499 3432 vobis
2545 3377 2773 3431 salutem
2824 3395 2837 3429 :
2881 3378 3198 3433 electionem
3234 3395 3368 3434 vero

1797 3483 1957 3537 quam
1983 3466 2214 3537 petistis,
2239 3465 2398 3520 hilari
2427 3467 2574 3521 vultu
2595 3467 2929 3535 perdonavit.
2955 3469 3178 3538 Insuper
3200 3470 3362 3523 etiam

1798 3559 1900 3612 hoc
1921 3556 2190 3626 frequenti
2221 3555 2587 3611 admonitione
2612 3557 2876 3626 repetivit,
2909 3566 2968 3611 ut
2993 3559 3136 3613 hunc
3167 3559 3366 3624 talem,

1798 3651 1842 3705 si
1869 3650 1992 3720 quis
2027 3650 2119 3714 sit,
2152 3649 2205 3702 in
2233 3649 2336 3703 hoc
2359 3663 2493 3717 opus
2518 3647 2752 3718 eligatis;
2776 3647 2868 3717 qui
2892 3647 3048 3703 vobis
3067 3648 3364 3704 secundum

1797 3741 1966 3795 Deum
1994 3747 2048 3794 et
2077 3747 2272 3794 sanctae
2312 3737 2527 3810 Regula
2566 3738 2942 3792 auctoritatem
2965 3736 3090 3792 velit
3121 3752 3243 3794 esse
3269 3753 3363 3808 pa-

1799 3842 1903 3896 ter,
1939 3838 1995 3886 et
2020 3831 2207 3902 possit.
2243 3849 2263 3883 ι
2295 3831 2389 3886 His
2431 3837 2610 3884 autem
2641 3828 2834 3884 fratres
2869 3828 3070 3884 auditis
3094 3829 3362 3883 sermoni-

1797 3926 1896 3980 bus
1926 3925 2080 3996 proni
2122 3925 2504 3988 adoraveruut,
2533 3923 2736 3994 gratias
2764 3932 2986 3994 agentes
3025 3924 3358 3994 imperatori.

1797 4015 1987 4071 Postea
2011 4033 2140 4071 vero
2170 4033 2199 4071 a
2231 4017 2530 4072 senioribus
2557 4031 2875 4086 persuasum
2901 4027 2984 4071 est
3009 4025 3215 4073 cunctae
3241 4033 3364 4072 con-

1799 4108 2114 4177 gregationi,
2157 4116 2215 4161 ut
2242 4109 2344 4162 hoc
2385 4107 2658 4176 negotium
2687 4107 2939 4175 precibus
2966 4107 3089 4161 altis
3127 4106 3222 4160 Dei
3249 4108 3362 4162 dis-

1799 4199 2049 4266 positioni
2082 4198 2462 4253 commendare
2492 4196 2794 4260 studerent,
2833 4202 2890 4249 et
2938 4194 3167 4248 invicem
3203 4195 3368 4249 collo-

1800 4289 2013 4358 quendo
2036 4295 2091 4343 et
2118 4288 2440 4357 disputando
2477 4301 2693 4355 semper
2720 4285 2786 4340 ad
2813 4284 2938 4355 ejus
2962 4283 3166 4338 referre
3188 4284 3368 4338 volun-

1799 4387 1984 4433 tatem.

1871 4469 1922 4522 7.
1957 4468 2092 4522 Hinc
2133 4476 2314 4522 tamen
2360 4467 2564 4521 interea
2605 4465 2903 4535 quaestione
2946 4463 3189 4525 suborta,
3225 4460 3367 4517 facta

1803 4569 2018 4615 estnon
2058 4559 2268 4614 modica
2316 4558 2598 4623 dissensio,
2644 4557 2789 4612 sicut
2815 4570 2958 4625 saepe
3008 4554 3124 4608 fieri
3151 4555 3288 4609 solet
3316 4557 3368 4610 in

1805 4649 1960 4712 turba
2005 4649 2230 4706 diversa:
2257 4647 2548 4703 voluntatis
2577 4667 2591 4700 :
2624 4663 2747 4717 quae
2783 4644 3160 4702 tumultuando
3184 4654 3239 4698 et
3273 4645 3371 4700 llu-

1805 4741 2036 4798 ctuando
2077 4756 2184 4796 non
2210 4739 2370 4806 valet,
2404 4739 2506 4795 nisi
2544 4739 2740 4796 unitati
2778 4738 3117 4809 acquiescat,
3153 4744 3369 4808 portum

231 4856 426 4926 garius
443 4853 664 4925 cligitur
684 4855 736 4908 in
758 4863 964 4924 patrem
984 4853 1118 4907 mira
1139 4850 1424 4907 concordia
1449 4849 1702 4905 fratrum:
1731 4872 1784 4931 D

1809 4852 2002 4908 capere
2037 4835 2301 4892 veritatis.
2343 4833 2674 4890 Crescebant
2724 4847 2956 4902 namque
3001 4832 3146 4886 inter
3177 4830 3374 4885 fratres

240 4944 363 5013 jam
395 4955 422 4983 ο
447 4944 744 4999 decedente
764 4945 833 4999 ob
858 4942 1143 5014 quamdam
1173 4941 1516 5004 discordiam,
1543 4957 1704 5010 quam

239 5037 551 5091 inaverunt
595 5035 736 5089 inter
759 5049 886 5089 eum
931 5041 986 5088 et
1035 5033 1230 5087 fratres
1275 5032 1418 5086 illius
1463 5033 1736 5088 membra.

241 5171 438 5224 Vitam
485 5169 628 5224 hanc
674 5168 934 5223 excidisse
975 5166 1405 5236 suspicorLcum
1440 5179 1559 5236 eam
1601 5179 1707 5217 non

231 5242 324 5293 :rit
358 5240 680 5304 Browerus,
727 5238 814 5308 qui
849 5245 1187 5291 monumenta
1223 5235 1502 5308 Fuldensis
1528 5248 1712 5308 mona-

236 5312 273 5363 ii
303 5310 581 5365 excussit.
615 5303 759 5378 Lege
793 5307 1190 5363 observationes
1211 5305 1452 5378 praevias,
1484 5303 1708 5378 num-.3.

241 5380 300 5453 Id
333 5389 428 5435 est
481 5371 718 5442 scholis:
732 5380 828 5453 uti_
849 5379 1067 5453 exigunt
1096 5371 1394 5453 sequentiaz
1427 5388 1532 5453 non
1563 5371 1709 5453 cella:

232 5452 510 5514 'itiorum,
537 5467 653 5519 qua:
687 5441 874 5503 schola:
905 5441 1708 5519 nominegaliquantlouirltelligi-

232 5567 233 5574 η
265 5529 329 5574 ιιι
357 5511 575 5575 notavit
605 5521 885 5574 Meuardus
913 5526 1093 5572 noster
1124 5515 1176 5569 in
1203 5511 1362 5584 caput
1389 5511 1452 5566 l5
1481 5512 1713 5566 Concor-

262 5591 636 5662 Regularum.

267 5652 398 5717 Hoc
445 5669 536 5715 est
568 5659 789 5730 dejecto.
821 5658 1053 5714 Annales
1080 5655 1372 5710 Fuldenses
1418 5652 1484 5708 ad
1516 5665 1713 5704 annum

1809 4929 2112 4984 alternatim
2151 4941 2445 4991 sermones,
2475 4924 2840 4996 procedebant
2864 4923 2918 4977 in
2940 4922 3211 4993 publicum
3250 4935 3371 4975 ver-

1808 5021 1896 5086 ba,
1928 5021 2120 5090 saepius
2141 5020 2195 5074 in
2215 5019 2530 5074 abscondito
2549 5017 2904 5072 murmuratio
2929 5032 2948 5072 :
2969 5015 3186 5085 quidam
3204 5013 3365 5077 hunc,

1809 5159 1932 5213 8l7.
1964 5154 2241 5226 Ratgarius
2265 5153 2422 5226 abbas
2451 5150 2729 5226 uldensis
2755 5147 2984 5205 Canobii
3013 5155 3288 5202 accusatus
3335 5162 3369 5198 α

1816 5223 2418 5298 [ναινρῥαέειςοῃῃίσιαε
2441 5223 2732 5298 deponitur}
2899 5287 2930 5298 ﬂ
3129 5287 3142 5298 .
3199 5261 3202 5264 .
3321 5283 3332 5294 υ

1886 5296 1913 5337 (ι
1945 5295 1999 5348 id
2030 5305 2111 5348 est
2151 5292 2455 5348 Gallicanos
2483 5287 2652 5346 :1nam
2684 5289 2852 5346 Gallia
2892 5287 3193 5343 Germaniae
3219 5287 3367 5337 occi-

1822 5365 2047 5436 dentalis
2061 5371 2160 5426 est,
2187 5378 2322 5436 nova
2338 5362 2588 5436 Francia,
2606 5369 2663 5436 et
2682 5358 3026 5436 occidentalis
3045 5372 3111 5436 eo
3129 5365 3370 5436 tempore

1817 5438 1975 5492 dicta.
2004 5422 2179 5488 Aaron
2204 5442 2257 5486 et
2273 5422 2608 5493 Adalfridus,
2629 5427 2780 5496 cujus
2806 5425 3115 5500 monasterii
3143 5422 3365 5500 fuerint,

1817 5507 2057 5561 divinare
2086 5503 2266 5558 nolim.
2301 5502 2445 5556 Inter
2469 5501 2664 5555 fratres
2692 5498 3022 5566 conscriptos
3056 5496 3367 5566 monasterii

1817 5558 1986 5630 sancti
2011 5575 2146 5629 Galli
2180 5581 2489 5644 recensetur
2515 5571 2696 5644 Aaron
2722 5558 3005 5644 monachus
3045 5562 3110 5614 de
3143 5558 3370 5612 canobio

1820 5647 1984 5701 sancti
2013 5644 2154 5697 Petri
2173 5643 2333 5714 fontis
2361 5642 2547 5696 Bosua:
2574 5641 2630 5694 in
2657 5634 2978 5706 Burgundia.
