3970 6184
413 237 516 292 587

1496 232 1551 286 S.
1594 229 1834 287 ElGlLlS
1869 229 2159 284 ABBATIS
2197 230 2575 286 FULDENSES

3541 232 3644 287 588

412 356 630 425 quidam
646 370 777 410 vero
796 355 944 410 illum
967 355 1066 410 sibi
1082 368 1308 424 pratesse
1323 353 1668 408 contendunt.
1686 350 1853 417 Quem
1872 367 1976 404 una
2006 347 2052 406 Δ
2082 345 2182 398 hoc
2209 346 2387 409 mode,
2415 345 2540 399 licet
2572 345 2622 397 in
2653 343 2867 413 angulo,
2900 349 3243 397 susurrantes
3281 357 3294 394 :
3338 359 3357 393 ι
3392 341 3448 397 Si
3481 351 3532 398 te
3563 346 3644 400 vel

414 446 648 502 societas
672 447 974 515 appetebat,
1016 445 1182 498 altera
1204 443 1526 513 denegabat;
1561 450 1615 496 et
1650 442 1702 495 in
1728 441 1977 496 omnibus

414 539 503 595 bis
536 537 1055 593 confabulationibus
1095 550 1306 604 semper
1356 535 1421 588 ad
1453 533 1759 603 exemplum
1793 533 1975 587 amissi

415 634 623 688 abbatis
670 632 955 686 austeritas
993 631 1329 691 versabalur,
1359 643 1516 697 quem
1569 643 1672 681 non
1723 637 1832 680 tam
1880 643 1976 681 sua

414 738 576 794 quam
624 722 957 776 adulatorum
999 729 1052 774 et
1088 728 1461 774 accusatorum
1503 719 1848 773 subvertebat
1885 735 1978 774 ne-

414 814 602 883 quitia.
653 811 876 878 Quidam
923 820 1102 866 autem
1141 811 1415 872 Fratrum,
1455 811 1521 866 de
1568 811 1734 864 nobili
1783 824 1978 881 genere

415 907 658 960 abbatem
705 904 807 959 sibi
853 918 1041 959 creare
1085 904 1264 957 conati
1318 911 1462 967 sunt,
1510 903 1751 958 dicentes
1801 920 1814 954 :
1860 919 1878 953 ε
1919 901 1976 956 Si

413 995 555 1049 hunc
601 993 943 1063 suscipimus,
997 993 1233 1048 defendit
1261 1008 1362 1047 nos
1413 1000 1601 1048 contra
1645 993 1872 1046 comites
1923 1000 1980 1046 et

411 1085 741 1154 potentiores
762 1085 946 1148 nobis;
970 1085 1098 1153 quin
1123 1091 1180 1137 et
1198 1084 1576 1152 imperatorem
1604 1082 1759 1136 nobis
1783 1097 1875 1136 sua
1905 1081 1980 1135 di-

411 1177 615 1246 gnitate
640 1178 930 1248 propitium
966 1177 1111 1231 facit.
1147 1175 1310 1230 Scitis
1333 1174 1536 1244 quare?
1573 1175 1696 1244 quia
1740 1174 1897 1228 habet
1926 1174 1978 1227 in

410 1272 610 1342 palatio
658 1270 1094 1340 generositatem.
1149 1287 1168 1320 ›
1229 1267 1396 1336 Hujus
1450 1267 1633 1333 itaque
1694 1265 1979 1319 assertioni

413 1363 552 1417 alius
594 1361 864 1423 obviabat,
923 1359 1150 1414 dicendo
1193 1376 1206 1411 :
1243 1376 1260 1409 ‹
1307 1357 1597 1424 Quiescite,
1642 1355 1856 1421 fratres,
1913 1357 1979 1410 ab

415 1453 518 1506 hac
540 1451 648 1507 alta
671 1460 726 1505 et
746 1465 1005 1519 generosa
1032 1449 1312 1512 electione,
1342 1449 1464 1516 quia
1489 1446 1698 1502 infirma
1723 1447 1903 1501 mundi
1926 1455 1982 1501 et

417 1542 842 1611 contemptibilia
891 1540 1053 1611 elegit
1104 1540 1261 1593 Deus.
1309 1538 1600 1592 lnfirmitas
1645 1553 1875 1605 namque
1926 1538 1979 1591 in

418 1634 528 1687 Deo
583 1631 889 1687 innocentia
934 1638 1038 1694 est,
1090 1629 1392 1699 ignobilitas
1433 1637 1613 1682 autem
1662 1628 1974 1682 humilitas:

2082 450 2130 495 te
2155 442 2309 495 nobis
2332 441 2680 510 praefieimus,
2708 440 2793 492 dic
2831 438 3006 503 nobis,
3039 453 3281 502 oramus,
3316 438 3368 491 in
3393 437 3642 504 veritate,

2076 530 2122 585 si
2150 531 2279 584 velis
2304 540 2430 585 tunc
2467 531 2623 583 nobis
2647 529 2826 583 facere
2858 528 3033 582 bene:
3059 537 3311 596 putamus
3347 542 3496 592 sane,
3519 530 3645 598 quia

2077 621 2232 683 velis,
2261 628 2315 674 et
2348 618 2544 683 facias;
2592 628 2646 672 tu
2688 619 2831 672 enim
2872 617 3037 681 nosti,
3065 633 3185 670 cum
3231 616 3373 685 quali
3421 618 3650 672 tribula-

2079 713 2225 764 tione
2252 725 2536 779 corporum
2587 717 2640 763 et
2672 710 2970 762 animarum
3018 708 3279 776 periculo,
3321 709 3651 780 degebamus

2077 801 2236 857 simul
2263 802 2314 855 in
2344 802 2446 856 hoc
2472 800 2802 855 monasterio
2824 800 2923 854 sub
2950 799 3144 853 abbate
3172 799 3431 870 litigioso;
3463 816 3526 856 ac
3548 817 3652 871 per

2077 895 2180 948 hoc
2209 893 2495 956 credimus,
2525 892 2650 960 quia
2676 889 2847 945 nostri
2888 890 3184 944 misereris.
3221 889 3342 946 Scis
3367 893 3511 946 enim
3553 893 3650 948 ubi

2077 982 2165 1037 ille
2202 983 2438 1047 errabat,
2477 983 2612 1035 etin
2643 981 2786 1034 illam
2817 988 3022 1049 partem
3050 996 3156 1035 non
3180 981 3492 1038 declinabis.
3526 984 3656 1039 Fae-

2077 1071 2204 1126 dum
2229 1079 2311 1126 est
2338 1072 2480 1125 enim
2509 1071 2649 1141 apud
2677 1080 2747 1134 te,
2777 1079 2837 1124 ut
2859 1071 3202 1140 postmodum
3228 1071 3281 1126 id
3306 1071 3474 1127 facias
3500 1075 3651 1144 quod

2077 1169 2235 1218 antea
2267 1161 2321 1216 in
2345 1161 2468 1215 odio
2490 1159 2754 1225 habuisti;
2785 1169 2840 1213 et
2868 1160 2958 1229 qui
2982 1159 3144 1214 alium
3169 1160 3436 1229 quondam
3463 1162 3517 1215 in
3539 1163 3657 1232 pri-

2079 1261 2226 1306 matu
2268 1251 2618 1305 constitutum
2649 1251 2992 1320 vituperabas
3034 1250 3088 1303 in
3135 1249 3428 1315 multis,,in
3455 1253 3655 1307 eodem

2077 1343 2308 1412 primatu
2333 1342 2675 1412 postmodum
2697 1341 2748 1394 in
2777 1341 2981 1396 eisdem
3029 1341 3470 1410 reprehensibilis
3499 1343 3656 1396 inve-

2079 1440 2244 1495 niaris
2275 1458 2286 1492 :
2317 1454 2380 1492 ac
2401 1454 2496 1507 per
2518 1440 2621 1494 hoc
2647 1439 2898 1504 maxime,
2921 1440 3047 1508 quia
3079 1456 3222 1496 nunc
3248 1441 3529 1496 nobiscum
3551 1442 3654 1496 de—

2079 1531 2314 1592 testaris,
2347 1532 2608 1599 reprohas
2655 1531 2885 1585 rectoris
2930 1531 3007 1584 tui
3034 1539 3089 1585 et
3127 1529 3340 1600 judicas
3384 1533 3653 1587 actiones.

2083 1621 2221 1687 Quid
2247 1623 2380 1678 dicis
2407 1625 2475 1678 ad
2511 1623 2666 1678 haec?
2706 1623 2937 1679 fortasse
2963 1625 3119 1680 nobis
3164 1626 3344 1680 omnia
3373 1627 3513 1682 bona
3551 1643 3662 1697 pro

416 1738 542 1776 nam
591 1723 894 1777 innocentia
933 1693 1049 1775 sine
1079 1693 1188 1774 Ι)ξο
1237 1720 1523 1774 inﬁrmitas
1551 1720 1878 1784 :nstimatur;
1926 1727 1982 1773 et
2014 1693 2055 1750 Β
2087 1719 2178 1765 tua
2217 1713 2573 1780 possibilitate
2607 1715 2918 1782 promittis?
2958 1715 3054 1772 sed
3101 1732 3221 1772 cum
3254 1717 3456 1772 electus
3485 1693 3662 1774 Ῑυέτίε

421 1814 693 1868 humilitas
739 1829 844 1868 non
874 1822 1092 1883 propter
1134 1799 1302 1867 Deum
1342 1810 1644 1881 ignobilitas
1687 1809 1979 1878 iudicatur.

421 1903 536 1957 Tali
572 1904 755 1967 etiam,
810 1918 919 1956 non
959 1903 1079 1957 dico
1109 1901 1400 1965 nobilitati,
1449 1901 1542 1955 sed
1573 1899 1894 1970 ignobilitati
1935 1899 1981 1952 si

417 1995 554 2050 colla
589 1995 927 2064 subjicimus,
955 2010 1061 2064 quo
1090 2010 1188 2048 nos
1216 1995 1496 2059 vertimus,
1516 1999 1519 2003 '
1541 1995 1587 2047 si
1622 2007 1841 2047 aversus
1870 1992 1985 2046 fue—

420 2086 488 2139 rit
515 2100 548 2138 a
591 2086 746 2140 nobis
771 2087 1078 2155 opprimens
1122 2085 1258 2139 nos?
1297 2084 1347 2139 si.
1375 2085 1422 2140 ei
1451 2085 1724 2140 humiliter
1749 2085 1986 2154 suggeri-

417 2193 538 2234 mus
560 2186 620 2233 ut
644 2179 903 2248 quiescat,
935 2177 1166 2233 fortasse
1204 2178 1395 2248 majori
1425 2185 1728 2232 commotus
1767 2177 1984 2231 iracun-

416 2267 525 2331 dia,
557 2282 662 2321 non
684 2268 933 2335 quiescit,
955 2267 1081 2336 quia
1099 2266 1476 2322 confidentiam
1503 2265 1663 2321 habet
1685 2267 1742 2319 in
1765 2265 1986 2335 propin-

416 2359 560 2428 quis.
593 2378 612 2412 ι
650 2358 744 2413 His
781 2374 994 2427 quoque
1044 2358 1147 2412 hoc
1196 2358 1355 2412 modo
1400 2357 1808 2422 altercantibus,
1850 2356 1986 2410 alius

418 2452 637 2520 quidem
665 2451 887 2520 propius
915 2451 1108 2504 sedens
1133 2448 1450 2512 affirmabat,
1483 2450 1652 2504 satius
1681 2449 1984 2520 eligendum

419 2552 628 2611 patrem
679 2541 925 2596 doctrina
973 2541 1295 2610 pollentem,
1347 2541 1484 2595 alius
1524 2539 1796 2607 juvenem,
1848 2539 1986 2593 alius

419 2633 769 2687 mediocrem.
795 2632 838 2685 E
854 2639 1040 2687 contra
1066 2648 1193 2687 vero
1214 2631 1302 2686 alii
1327 2639 1678 2688 retractantes
1702 2631 1983 2687 dicebant:

427 2741 446 2774 ι
488 2722 544 2777 Si
565 2723 782 2776 domum
819 2730 874 2778 et
896 2723 1057 2776 nimis
1089 2722 1426 2791 eloquentem
1451 2721 1900 2791 promoverimns,
1931 2727 1988 2774 et

418 2817 759 2885 postmodum
789 2831 974 2873 sanam
1001 2816 1300 2870 doctrinam
1323 2823 1667 2884 postponens,
1695 2813 1988 2868 iracundus

421 2917 478 2960 et
504 2907 805 2960 obstinatus
851 2915 1036 2960 contra
1075 2916 1400 2977 prteceptum
1429 2905 1677 2959 veritatis
1720 2903 1881 2958 fuerit
1907 2902 1987 2959 ef-

423 2996 628 3062 fectus;
659 2997 785 3066 quid
830 2995 1130 3050 faciemus?
1175 2997 1276 3050 scit
1303 2997 1446 3050 enim
1478 2995 1798 3065 multiplices
1825 2995 1987 3066 syllo-

424 3089 645 3157 gismos,
683 3097 736 3142 et
760 3088 1013 3157 deprimit
1045 3102 1164 3152 nos,
1195 3101 1316 3141 cum
1344 3087 1659 3142 austeritate
1689 3101 1858 3155 pauca
1881 3087 1985 3141 sibi

425 3180 738 3251 suppliciter
764 3188 1136 3251 suggerentes,
1171 3179 1296 3233 licet
1317 3177 1518 3248 justam
1547 3177 1838 3233 habeamus
1863 3193 1992 3247 que-

421 3275 620 3336 relam;
651 3282 744 3327 ant
763 3271 899 3327 forte
919 3271 1084 3343 (quod
1113 3272 1429 3335 timendum,
1453 3271 1580 3338 quin
1609 3276 1664 3323 et
1688 3269 1983 3324 dolendum

423 3365 527 3434 est)
549 3368 594 3420 si
618 3363 734 3432 ejus
752 3362 1104 3417 obstinationi
1131 3360 1406 3432 paululum
1432 3360 1738 3414 necessario
1766 3373 1995 3429 respon~

423 3472 540 3512 sum
568 3454 893 3513 dederimus.
928 3453 1005 3506 ita
1040 3451 1234 3506 dixerit
1265 3468 1278 3504 :
1309 3449 1486 3517 Quare
1523 3449 1848 3526 contenditis
1876 3464 1988 3505 me-

419 3564 565 3612 cum,
604 3561 726 3601 cum
758 3543 938 3613 regula
966 3543 1252 3613 prohibeat
1296 3541 1377 3595 uti
1418 3541 1713 3595 monachus
1736 3555 1858 3594 cum
1893 3541 1989 3595 ab-

420 3639 545 3693 bate
564 3651 662 3691 suo
685 3651 793 3691 non
815 3633 1136 3690 contendat?
1166 3639 1222 3686 et
1248 3632 1328 3686 sic
1356 3646 1478 3686 cum
1506 3630 1756 3694 voluerit,
1784 3638 1838 3683 et
1855 3645 1990 3698 quo-

421 3729 736 3796 tiescunque
812 3725 1073 3788 voluerit,
1145 3721 1506 3777 necessariam
1589 3721 1986 3791 suggestionem

424 3819 568 3872 dicet
604 3830 724 3870 esse
748 3814 1180 3876 contentionem;
1206 3828 1269 3866 ac
1298 3825 1393 3881 per
1413 3812 1536 3877 hoc,
1563 3809 1773 3872 fratres,
1806 3812 1984 3866 omnia

422 3916 536 3964 tuta
560 3909 811 3962 timentes
835 3906 1205 3969 formidamus,
1236 3913 1290 3958 et
1313 3903 1580 3959 nescimus
1609 3919 1714 3972 quo
1742 3919 1838 3958 nos
1868 3918 1988 3958 ver-

425 4008 623 4054 tamus.
657 3997 713 4051 ln
741 3997 924 4051 multis
951 3996 1215 4064 siquidem
1248 3997 1409 4051 rebus
1437 3996 1717 4049 conterriti
1753 4011 1936 4051 sumus
1968 4010 1983 4049 :

423 4089 572 4159 quia,
595 4096 654 4142 ut
680 4087 840 4157 vulgo
865 4086 1076 4150 dicitur,
1111 4083 1280 4140 Homo
1308 4084 1573 4140 ustulatus
1605 4086 1783 4155 ignem
1811 4084 1980 4139 timet.

424 4180 610 4236 Nonne
653 4181 815 4251 igitur
854 4179 980 4243 ista,
1027 4193 1146 4248 qum
1186 4177 1526 4248 protulimus,
1559 4179 1632 4232 ita
1673 4177 1828 4232 nobis
1869 4175 1982 4244 jam

421 4274 586 4329 fuisse
622 4273 708 4328 vel
753 4271 1006 4343 deinceps
1055 4270 1170 4325 fieri
1200 4286 1356 4341 posse
1399 4271 1681 4326 videntur?
1730 4269 1981 4326 Nonnulli

419 4365 581 4436 igitur
604 4380 670 4420 ex
694 4365 912 4430 nostris,
953 4379 1089 4435 quos
1118 4364 1255 4418 bene
1285 4361 1594 4418 fraternitas
1620 4371 1798 4418 vestra
1829 4365 1980 4418 novit

415 4472 484 4512 ex
516 4457 752 4523 nomine,
805 4457 905 4511 sub
949 4465 1212 4527 praetextu
1243 4455 1466 4524 alicujus
1503 4457 1754 4512 utilitatis
1777 4458 1844 4511 ad
1875 4456 1979 4511 alia

416 4547 744 4603 monasteria
768 4555 988 4618 propter
1028 4549 1316 4616 quamdam
1339 4548 1714 4618 parvissimam
1755 4561 1978 4614 respon-

417 4641 622 4696 sionem
657 4641 977 4695 necessarla:
1017 4641 1268 4696 dictionis
1310 4639 1363 4694 in
1393 4640 1642 4695 exsilium
1678 4638 1979 4692 transmissi
2009 4629 2026 4650 '

417 4733 635 4802 proprio
681 4731 799 4786 loco
843 4732 1146 4800 privantur,
1175 4739 1230 4784 et
1251 4729 1414 4802 (quod
1443 4743 1508 4784 eo
1542 4727 1808 4797 siquidem
1841 4735 1980 4780 tem-

415 4835 549 4892 pore
580 4821 727 4874 dictu
769 4829 824 4875 et
864 4821 983 4875 visu
1014 4820 1321 4876 miserabile
1368 4819 1488 4890 fuit)
1517 4832 1674 4873 senes
1705 4823 1864 4885 atque
1889 4819 1981 4878 de-

416 4911 607 4978 crepiti
652 4909 850 4980 absque
871 4911 980 4964 ulla
1009 4912 1355 4966 miseratione
1384 4909 1452 4963 ad
1481 4911 1690 4964 diversa
1719 4908 1836 4964 loca
1865 4917 1981 4963 tra~

417 5003 687 5058 hebantur
715 5001 888 5056 inviti.
917 4999 1098 5067 Scitis,
1143 4999 1357 5065 fratres,
1387 5001 1434 5054 si
1458 5000 1574 5054 haec
1601 4999 1676 5053 ita
1699 4998 1836 5054 sint?
1865 4998 1982 5054 Sci-
2007 5043 2011 5048 .

421 5110 542 5148 mus
561 5093 677 5148 sine
699 5092 880 5159 dubio,
905 5092 1030 5162 quia
1051 5094 1219 5159 scitis,
1243 5109 1342 5148 nec
1363 5109 1457 5148 vos
1476 5093 1668 5147 horum
1688 5092 1977 5162 quidquam

419 5185 589 5241 latere
619 5190 815 5254 potest,
848 5198 1073 5252 quorum
1099 5184 1342 5239 notitiam
1364 5184 1519 5254 longo
1548 5192 1787 5254 tempore
1809 5199 1979 5256 penes

428 5295 520 5336 vos
557 5277 840 5334 habuistis.
875 5295 893 5328 ι
927 5274 1020 5331 Sic
1045 5286 1099 5332 et
1124 5278 1223 5342 sic,
1256 5277 1426 5331 frater
1453 5276 1704 5342 Modeste,
1750 5277 1976 5348 quaestio

417 5373 640 5428 suborta
679 5368 1026 5434 versabatur;
1083 5377 1136 5423 ct
1181 5369 1261 5424 sic
1303 5369 1368 5424 de
1401 5366 1702 5437 huiusmodi
1731 5367 1976 5438 personis

416 5460 630 5517 diversa
659 5457 952 5516 sentientes
975 5455 1242 5512 dicebant.
1268 5455 1374 5512 Sed
1393 5472 1492 5512 nec
1514 5456 1730 5525 quidem
1754 5453 1976 5510 aberant

420 5550 474 5604 in
501 5552 604 5607 hac
631 5548 1025 5620 permutatione
1066 5547 1352 5602 verborum
1381 5546 1669 5603 coaetaneis
1717 5547 1970 5612 consocii,

491 5675 519 5705 ⁸
541 5665 754 5722 Scilicet
783 5662 1024 5735 Ratgarii
1049 5661 1283 5718 abbatis.

2086 1801 2153 1855 ad
2176 1801 2278 1855 hoc
2307 1803 2696 1872 magisterium,
2724 1805 2867 1873 quod
2887 1813 3165 1873 optamus;
3213 1807 3522 1864 timebimus
3550 1825 3659 1865 no-

2085 1892 2188 1958 bis,
2233 1909 2300 1949 ne
2325 1894 2538 1962 quando
2567 1896 2780 1950 eveniat
2818 1904 2878 1950 ut
2912 1897 3246 1953 obliviscaris
3287 1897 3658 1957 fraternitatis

2084 1991 2138 2038 et
2175 1985 2524 2040 humanitatis
2552 1993 2658 2040 tuae
2702 1988 2844 2042 circa
2894 2003 3021 2053 nos;
3073 1997 3128 2043 et
3155 1989 3423 2056 etiiciaris,
3457 2001 3515 2046 ut
3543 1992 3660 2056 leo,

2086 2092 2235 2132 more
2281 2078 2479 2146 prioris
2504 2089 2550 2142 ιι,
2589 2078 2645 2132 in
2682 2078 2840 2134 domo
2889 2086 2980 2134 tua
3030 2090 3280 2136 evertens
3326 2083 3662 2139 domesticos

2085 2179 2227 2233 tuos,
2257 2178 2313 2235 et
2352 2170 2671 2238 opprimens.
2692 2172 2963 2242 subjecms
2989 2173 3104 2228 tibi.
3135 2173 3287 2230 Nosti
3313 2191 3528 2245 quoque
3570 2178 3662 2231 in-

2086 2260 2396 2316 ﬁrmitatem
2441 2277 2650 2316 morum
2686 2270 2740 2318 et
2781 2278 3069 2332 corporum
3108 2273 3446 2330 nostrorum;
3477 2281 3580 2321 nec
3607 2276 3663 2322 te

2085 2352 2375 2422 quidquam
2417 2351 2547 2406 latet
2583 2354 2778 2408 secreti
2814 2355 2984 2409 nostri
3013 2371 3025 2406 :
3057 2365 3387 2426 quapropter
3413 2360 3662 2414 maxime

2085 2444 2442 2512 suspicamur,
2474 2444 2520 2498 si
2560 2444 2824 2500 alienatus
2861 2445 3028 2501 fueris
3066 2462 3096 2499 a
3133 2448 3305 2513 nobis,
3340 2457 3398 2502 ut
3425 2450 3666 2520 ungulas

2085 2538 2242 2593 nobis
2265 2537 2615 2594 detractionis
2637 2538 2691 2591 in
2715 2539 2932 2594 dorsum
2955 2555 3143 2608 ponas,
3170 2548 3226 2594 et
3250 2556 3414 2610 prava
3438 2540 3661 2610 juveni-

2085 2625 2216 2680 iium
2237 2627 2508 2682 actionum
2532 2628 2837 2697 suspicione
2857 2644 2954 2684 nos
2973 2630 3264 2690 deridenda
3286 2631 3608 2688 confundas.
3635 2654 3660 2686 ι

2086 2717 2231 2774 Talis
2253 2734 2464 2790 quoque
2487 2720 2588 2776 fuit
2608 2721 2970 2778 confabulatio
2993 2723 3328 2778 diversarum
3355 2726 3621 2780 mentium
3645 2745 3662 2780 :

2083 2820 2140 2868 et
2179 2813 2358 2868 taliter
2407 2814 2723 2885 pervagatio
2771 2815 3014 2870 eordium
3061 2816 3393 2886 procedebat
3445 2817 3502 2870 in
3550 2832 3663 2886 pu-

2086 2904 2308 2962 blicum.

2155 2996 2207 3051 8.
2243 2996 2372 3050 Erat
2399 2996 2563 3067 igitur
2588 3013 2652 3053 eo
2684 3005 2922 3068 tempore
2949 2997 3176 3054 fratrum
3204 3007 3512 3055 nostrorum
3536 3009 3665 3054 tur-

2089 3085 2157 3142 ba
2193 3087 2347 3144 valde
2382 3087 2632 3154 confusa,
2684 3103 2784 3144 nec
2818 3089 2983 3144 ullum
3035 3091 3209 3144 adhuc
3261 3091 3401 3146 inter
3452 3090 3668 3147 fratres

2089 3177 2446 3248 simplicitatis
2487 3179 2734 3248 apparuit
2761 3179 3154 3238 documentum.
3185 3179 3406 3236 Factum
3433 3190 3518 3236 est
3544 3197 3664 3236 au-

2089 3274 2198 3322 tem
2247 3283 2371 3332 cum
2423 3268 2539 3328 haec
2585 3278 2706 3325 orta
2755 3270 3024 3326 dissensio
3073 3271 3338 3336 ﬁniretur,
3388 3272 3669 3330 extollens

2088 3371 2276 3414 vocem
2320 3374 2446 3428 pars
2484 3359 2656 3427 prima
2697 3367 2908 3428 patrum
2955 3361 3156 3415 saniori
3199 3361 3424 3418 consilio
3465 3363 3608 3417 dixit
3648 3383 3688 3417 ετ

2093 3471 2112 3503 ‹
2149 3451 2398 3515 Oremus,
2429 3451 2649 3519 fratres,
2683 3453 2736 3506 ia
2759 3453 2947 3522 primis
2968 3455 3350 3524 omnipotentis
3371 3454 3464 3509 Dei
3491 3456 3664 3510 boni-

2089 3551 2274 3609 tatem,
2321 3551 2383 3597 ut
2423 3543 2716 3615 secundum
2759 3543 3086 3598 voluntatem
3131 3560 3285 3600 suam
3332 3546 3512 3600 audiat
3553 3562 3668 3602 nos

2087 3637 2479 3707 deprecantes;
2509 3645 2564 3690 et
2588 3643 2648 3690 ut
2671 3637 2825 3692 nobis
2847 3652 2911 3692 ea
2940 3640 3200 3694 concedat
3223 3639 3492 3708 postulare
3532 3655 3668 3709 qua:

2087 3729 2200 3797 ipse
2243 3728 2398 3782 nobis
2441 3728 2695 3797 expedire
2725 3729 3002 3799 cognoscit
3027 3747 3041 3784 :
3066 3737 3332 3798 quatenus
3353 3732 3661 3786 secundum

2085 3819 2411 3875 voluntatem
2440 3821 2556 3890 ejus
2574 3830 2812 3886 orantes,
2837 3820 3034 3875 salvari
3058 3837 3362 3877 mereamur
3381 3837 3478 3890 per
3501 3838 3662 3890 eum,

2087 3913 2176 3982 qui
2200 3928 2386 3968 omnes
2407 3912 2654 3966 homines
2676 3912 2790 3967 vult
2811 3913 2984 3968 salvos
3005 3912 3144 3978 fieri,
3161 3921 3216 3968 et
3235 3913 3300 3968 ad
3324 3915 3662 3985 agnitionem

2085 4004 2328 4060 veritatis
2373 4003 2576 4060 venire.
2615 4022 2634 4055 ι
2665 4001 2794 4075 Post
2831 4003 2969 4058 hanc
3005 4003 3170 4074 igitur
3193 4014 3432 4058 sanctam
3462 4013 3520 4058 et
3559 4020 3662 4059 sa-

2084 4093 2291 4150 lubrem
2322 4103 2535 4163 patrum
2562 4094 2882 4159 doctrinam,
2914 4093 3122 4163 expleta
3147 4094 3413 4159 oratione,
3451 4093 3664 4150 fratres

2083 4183 2390 4255 congregati
2419 4183 2776 4238 consederunt
2796 4182 2852 4237 in
2882 4198 3044 4236 unum
3071 4201 3084 4236 :
3108 4199 3244 4253 quos
3263 4184 3428 4238 etiam
3451 4184 3659 4252 iterum

2081 4289 2210 4344 pars
2265 4274 2413 4343 prior
2479 4273 2758 4330 seniorum
2810 4273 2904 4328 tali
2967 4273 3237 4329 locutione
3297 4275 3574 4330 roboravit
3633 4295 3653 4332 :

2090 4385 2108 4417 ι
2143 4365 2428 4431 Conﬁdite,
2458 4366 2648 4435 inquit,
2676 4365 2891 4431 fratres,
2929 4366 3202 4431 confidite,
3231 4375 3287 4422 et
3319 4366 3390 4421 sit
3419 4366 3571 4421 vobis
3593 4368 3654 4424 in

2086 4460 2195 4514 Deo
2219 4469 2314 4514 eor
2338 4473 2504 4514 unum
2530 4469 2585 4513 et
2605 4458 2783 4512 anima
2809 4474 2943 4524 una;
2977 4472 3077 4512 nec
3102 4459 3384 4527 quisquam
3405 4464 3652 4514 vestrum

2082 4558 2302 4620 propter
2330 4561 2569 4608 amorem
2608 4548 2702 4603 Dei
2729 4556 2782 4603 et
2822 4549 3070 4618 proximi,
3101 4547 3227 4618 quid
3256 4549 3356 4603 sibi
3379 4549 3478 4603 soli
3514 4548 3655 4603 utile

2082 4641 2173 4705 sit,
2201 4641 2294 4696 sed
2331 4643 2473 4710 quod
2519 4639 2726 4704 multis,
2764 4646 3008 4708 quaerat:
3036 4639 3176 4692 utin
3213 4637 3313 4693 hac
3354 4637 3648 4694 dilectione

2082 4736 2326 4806 discipuli
2355 4735 2565 4790 Christi
2613 4733 2953 4788 nominemur
2996 4740 3052 4788 et
3098 4733 3284 4788 simus.
3334 4733 3410 4788 De
3448 4742 3650 4790 cetero

2079 4843 2304 4899 quoque,
2341 4828 2634 4897 inspirante
2661 4841 2728 4881 ac
2765 4827 3168 4880 demonstrante
3207 4824 3408 4894 Spiritu
3454 4835 3674 4880 sancto.

2084 4922 2258 4975 visum
2285 4928 2369 4974 est
2393 4919 2565 4982 nobis,
2589 4919 2634 4973 si
2662 4925 2851 4972 vestrae
2887 4916 3152 4987 placuerit
3187 4916 3467 4980 voluntati,
3499 4919 3647 4986 quod

2083 5021 2238 5084 pater
2280 5012 2418 5081 Eigil
2461 5019 2680 5081 propter
2725 5011 2898 5065 aetatis
2939 5025 3050 5064 sua:
3100 5010 3486 5073 maturitatem,
3532 5010 3678 5064 imo.

2082 5104 2244 5158 etiam
2293 5110 2346 5158 et
2375 5105 2689 5173 gravitatem
2733 5117 2942 5157 morum
2989 5117 3224 5166 suorum,
3263 5104 3643 5176 congruentius

2083 5195 2365 5250 conveniat
2379 5177 2441 5249 in
2465 5195 2641 5250 locum
2664 5193 2948 5249 ministerii
2970 5193 3148 5263 hujus,
3181 5191 3248 5248 de
3269 5208 3374 5262 quo
3395 5192 3638 5248 sublatus

2080 5295 2164 5341 est
2193 5286 2303 5352 ille,
2334 5285 2427 5354 qui
2451 5285 2610 5340 nobis
2634 5291 2760 5337 ante
2783 5291 3032 5353 praeerat.
3070 5302 3088 5334 ι
3122 5282 3236 5346 Quo
3264 5282 3428 5346 dicto,
3453 5282 3638 5336 statim

2075 5376 2323 5430 universa
2371 5373 2658 5430 multitudo
2686 5373 3073 5427 monachorum
3113 5371 3385 5426 consensit
3414 5370 3636 5426 consilio

2075 5483 2259 5522 eorum
2294 5475 2348 5521 et
2376 5476 2496 5521 actu
2524 5480 2538 5518 :
2565 5463 2811 5534 quamvis
2837 5463 2989 5532 pauci
3020 5472 3238 5533 propter
3276 5461 3631 5517 constantiam

2074 5558 2271 5614 mentis
2293 5556 2435 5612 illius
2455 5557 2520 5611 de
2539 5555 2641 5610 hac
2662 5555 3014 5610 conventione
3037 5552 3420 5617 claudicareut,
3443 5551 3632 5606 timore
