3970 6184
1587 257 1768 312 “TA.

3186 263 3290 320 590

248 373 366 443 repti.
403 373 505 428 Erat
533 371 674 428 enim
695 382 947 430 constans
975 382 1030 430 et
1054 375 1191 431 bene
1212 375 1486 437 cordatus,
1512 372 1632 426 duri
1663 376 1708 434 Α
1736 370 1961 441 imperio
2005 379 2181 436 natus,
2213 370 2258 425 si
2293 364 2461 442 leg'em
2507 379 2739 426 vestram
2784 379 2947 442 atque
2985 372 3287 434 institutum

248 466 322 529 lis,
340 476 382 518 et
404 463 779 534 indisciplinatis
795 465 961 520 durus
983 482 998 530 ;
1025 466 1244 520 mitibus
1263 481 1392 523 vero
1414 473 1468 518 et
1496 464 1634 517 bene

248 553 454 622 "igeratis,
478 561 528 606 ut
566 552 619 607 in
650 553 842 608 melius
885 553 1228 624 proficerent,
1270 554 1417 608 mitis
1449 571 1460 604 :
1491 560 1634 606 erat-

261 643 416 696 hilaris
456 641 598 706 facie,
640 643 794 699 laetus
819 653 1017 710 mente,
1049 645 1310 700 discretus
1364 644 1418 698 in
1447 656 1628 711 opere,

247 733 429 786 tentiens
453 733 498 788 in
522 733 769 788 utilitate.
815 734 1202 790 Aecusatorum
1232 749 1398 805 nugas
1440 741 1494 786 et
1535 731 1632 785 fri-

273 823 530 892 vaniloquia
559 824 744 878 audire
773 839 878 879 non
907 826 1193 891 consentit,
1222 825 1396 880 sciens
1425 838 1482 878 se
1510 822 1632 876 inde

248 915 285 968 is
306 916 501 980 turbari,
521 931 678 984 quam
693 913 998 983 iucundari.
1022 915 1392 987 Suspicionem
1412 929 1632 984 prorsus

248 1005 278 1058 ti
314 1019 412 1060 sua:
450 1007 633 1075 quietis
675 1014 886 1060 amator
918 1021 1023 1061 non
1052 1006 1296 1076 permisit
1318 1005 1581 1062 dominari
1613 1021 1626 1057 :

247 1112 282 1150 ne
325 1098 568 1168 angulosis
615 1098 698 1152 vir
740 1099 961 1167 simplex
991 1100 1360 1155 delectabatur
1400 1097 1626 1152 insidiis.

250 1203 275 1238 a
311 1203 510 1255 quaeque
531 1189 714 1250 vetuit,
747 1189 841 1243 sed
871 1190 1102 1243 maxime
1126 1189 1305 1244 furum
1341 1186 1630 1242 commissa

248 1278 516 1346 :quebatur,
562 1287 618 1332 et
663 1287 848 1348 aperta
877 1279 1015 1332 mala
1068 1295 1281 1334 reorum
1321 1287 1632 1334 constanter

247 1368 304 1421 do
331 1367 613 1421 damnabat.

267 1455 528 1526 Postquam
558 1471 706 1522 vero,
750 1465 810 1511 ut
849 1458 1049 1512 dictum
1072 1464 1176 1522 est,
1199 1458 1444 1528 iuniores
1471 1471 1633 1528 super

247 1547 302 1600 tis
333 1547 568 1602 electione
588 1561 709 1601 cum
738 1548 1039 1602 senioribus
1068 1549 1377 1602 concordati
1399 1547 1629 1613 fuerant,

248 1636 517 1706 taturEigil
554 1653 584 1690 a
610 1635 870 1691 fratribus
897 1637 1200 1702 manifeste,
1229 1647 1288 1692 ut
1314 1640 1548 1709 regimen
1577 1647 1632 1696 et

1731 465 1884 520 vobis
1926 463 2221 535 infringere
2253 464 2559 528 voluissem,
2583 465 2723 533 quod
2753 465 2912 531 absit,
2944 466 3073 520 mihi
3103 483 3290 524 assen-

1730 567 1848 606 sum
1876 553 2098 608 minime
2155 553 2439 609 dedissetis
2483 555 2763 609 :nondum
2813 556 2955 612 enim
3003 572 3170 627 usque
3221 559 3290 614 ad

1730 640 2043 711 sanguinem
2072 643 2364 697 restitistis.
2389 643 2565 712 Turpe
2589 652 2670 698 est
2698 653 2918 714 pr0pter
2936 645 3091 700 unius
3115 647 3289 703 minas

1729 729 1901 801 legem
1930 732 2174 786 veritatis
2199 740 2255 786 et
2293 733 2464 788 locum
2497 742 2742 789 sanctum
2793 743 2900 790 tam
2929 736 3082 791 facile
3108 739 3287 805 dimit-

1730 827 1844 872 tere
1876 837 1889 873 :
1921 835 2044 874 cum
2074 819 2286 888 plurimi
2318 830 2624 876 sanctorum
2668 837 2766 892 pro
2802 823 2918 894 lege
2950 824 3043 879 Dei
3065 827 3146 880 sui
3172 842 3288 882 cer-

1730 909 1893 963 tarint
1919 924 2090 978 usque
2115 909 2183 963 ad
2209 919 2457 977 mortem,
2487 921 2540 966 et
2576 927 2607 966 a
2644 915 2823 970 verbis
2851 915 3151 984 iniquorum
3180 933 3286 973 non

1730 1001 2026 1056 timuerint.
2059 1001 2237 1067 Quare
2263 1002 2366 1056 hoc
2408 1002 2680 1058 fecerunt?
2709 1008 2834 1074 quia
2878 1005 3083 1062 fundati
3135 1019 3291 1065 erant

1728 1103 1888 1159 super
1925 1088 2198 1144 Christum
2253 1088 2616 1146 firmissimam
2665 1104 2893 1162 petram.
2949 1095 3055 1152 Vos
3102 1097 3288 1168 igitur,

1729 1177 1947 1243 fratres,
1993 1179 2201 1234 habetis
2231 1181 2476 1234 notitiam
2512 1181 2815 1238 divinarum
2868 1186 3288 1255 Scripturarum,

1729 1269 1940 1324 habetis
1963 1269 2374 1338 praecedentium
2418 1271 2661 1340 exempla
2689 1283 3000 1329 sanctorum
3030 1277 3248 1332 Patrum
3271 1297 3285 1345 ;

1728 1361 1924 1416 tenetis
1978 1368 2236 1430 praeterea
2283 1359 2543 1430 Regulam
2592 1361 2742 1417 vobis
2782 1365 3088 1431 specialiter
3140 1369 3290 1423 instio

1731 1459 1899 1506 tutam
1926 1469 1939 1502 :
1973 1450 2027 1502 in
2052 1451 2245 1518 quibus
2270 1450 2388 1505 sine
2407 1451 2568 1506 dubio
2594 1467 2689 1506 vos
2717 1452 2863 1522 ipsos
2891 1457 3041 1523 quasi
3079 1459 3130 1510 in
3153 1474 3288 1527 quo-

1730 1544 1851 1597 dam
1897 1541 2113 1611 speculo
2165 1541 2505 1597 considerare
2550 1543 2795 1612 potestis,
2844 1545 3028 1613 quales
3062 1547 3199 1611 sitis,
3235 1558 3292 1602 et

1730 1649 1835 1702 quo
1861 1632 2110 1688 tendatis.
2140 1632 2472 1703 chunque
2489 1633 2644 1696 enim,
2669 1633 2744 1686 ait
2773 1634 3045 1704 apostolus
3071 1635 3286 1700 Paulus,

247 1742 273 1778 n
297 1725 426 1781 illius
441 1727 740 1781 monasterii
760 1727 1102 1796 suscepisset,
1127 1728 1229 1783 sibi
1249 1729 1314 1782 ad
1328 1729 1624 1798 praemium,
1657 1731 1702 1790 B
1728 1725 1920 1795 scripta
1957 1734 2097 1788 sunt,
2127 1723 2195 1777 ad
2233 1732 2464 1777 nostram
2497 1724 2787 1778 doctrinam
2813 1727 3004 1796 scripta
3040 1737 3181 1794 sunt,
3231 1740 3284 1782 ut

248 1817 501 1872 busvero
545 1819 614 1871 ad
675 1818 1007 1888 exemplum;
1062 1820 1303 1888 utrisque
1355 1828 1535 1876 autem
1572 1822 1628 1876 in

247 1922 380 1970 tunc,
413 1907 581 1961 divina
605 1909 779 1976 gratia
832 1909 1192 1977 praeveniente
1237 1919 1398 1979 atque
1439 1913 1628 1967 subse-

250 2014 295 2063 e,
322 1999 383 2052 ad
407 2010 711 2070 perpetuam
742 2000 1027 2054 sanitatem
1054 2018 1066 2054 :
1092 2016 1198 2069 quo
1218 2002 1469 2056 nimirum
1493 2003 1631 2056 mul-

248 2105 275 2142 a
327 2093 624 2146 narratione
683 2091 1013 2158 reluctante,
1069 2093 1447 2148 consolabatur
1503 2108 1628 2148 eum

247 2178 285 2230 is
315 2179 644 2234 sermonibus
676 2181 964 2235 concordia
998 2179 1269 2234 Fratrum.
1310 2199 1331 2232 ι
1370 2181 1510 2248 Noli,
1547 2183 1629 2237 in-

255 2268 456 2332 timere,
502 2278 677 2340 pater,
712 2270 839 2339 quia
868 2271 1042 2340 parati
1069 2287 1254 2326 sumus
1294 2270 1496 2328 fascem
1521 2273 1628 2327 hu-

247 2363 379 2416 boris
403 2371 573 2416 tecum
601 2373 792 2431 sponte
819 2362 1078 2429 sufferre;
1102 2372 1281 2418 etnon
1310 2364 1627 2420 dimittimus

247 2477 251 2496 ο
276 2461 420 2506 tanto
437 2453 674 2522 pondere
693 2454 916 2510 sudasse
941 2455 1132 2520 solum,
1159 2455 1390 2510 maxime
1410 2456 1455 2510 si
1473 2455 1628 2512 nobis

267 2544 318 2598 in
369 2545 468 2599 hac
511 2545 832 2600 necessitate
877 2555 1168 2615 spontanea
1201 2545 1475 2602 voluntate
1501 2562 1624 2603 suc-

259 2729 358 2782 Vix
401 2729 561 2799 igitur
586 2730 836 2800 precibus
861 2729 1088 2786 fratrum
1134 2739 1418 2801 superatus
1446 2746 1624 2786 susce-

247 2819 372 2872 ltem
413 2835 533 2874 cum
562 2836 753 2892 magno
777 2823 968 2877 timore
998 2824 1231 2892 impositi
1273 2825 1372 2878 sibi
1405 2823 1621 2897 regimi-

261 2928 475 2978 curam,
527 2912 806 2969 manifeste
864 2917 1236 2983 pronuntians,
1275 2917 1403 2986 quia
1439 2915 1618 2986 fugam

248 3003 423 3056 moris
447 3017 544 3070 pro
575 3003 804 3058 humana
826 3004 981 3060 laude
1004 3021 1111 3060 non
1133 3005 1346 3070 fecerit;
1377 3007 1468 3062 sed
1494 3009 1619 3077 quia

1725 1830 1817 1883 per
1861 1814 2169 1884 patientiam
2218 1822 2266 1866 et
2293 1811 2696 1866 consolationem
2724 1813 3110 1884 Scripturarum
3145 1835 3287 1888 spem

1725 1904 2008 1960 habeamus
2043 1903 2222 1976 (Rom.
2263 1903 2373 1975 xv).
2409 1903 2542 1958 Nam
2593 1906 2765 1974 prima
2815 1906 2946 1977 legis
2995 1909 3047 1961 in
3104 1919 3286 1965 monte

1728 1993 1877 2049 Sinai
1921 1995 2188 2049 ordinatio
2237 1994 2352 2048 hmo
2386 1994 2454 2048 ad
2483 1993 2683 2048 Moisen
2734 1995 2856 2048 data
2897 2005 3023 2050 est:
3069 1997 3286 2068 Diliges,

1725 2083 1917 2153 inquit,
1955 2083 2236 2138 Dominum
2289 2084 2458 2139 Deum
2518 2093 2664 2138 tuum
2700 2102 2764 2139 ex
2819 2095 2926 2140 toto
2968 2087 3122 2142 corde
3169 2100 3280 2155 tuo,

1725 2186 1772 2230 et
1811 2193 1876 2230 ea:
1903 2186 2011 2230 tota
2061 2186 2226 2232 mente
2266 2185 2377 2241 tua,
2431 2184 2480 2230 et
2520 2193 2584 2230 ex
2613 2187 2720 2230 tota
2759 2178 2942 2232 uirtute
2976 2189 3089 2240 tua,
3141 2189 3188 2234 et
3222 2197 3286 2235 ea:

1724 2274 1833 2319 tota
1887 2265 2065 2319 anima
2109 2273 2202 2317 tua
2260 2276 2279 2315 .'
2337 2262 2564 2317 secundo
2620 2265 2912 2335 proximum
2955 2276 3103 2322 tuum
3153 2269 3286 2323 sicut

1723 2355 1942 2424 teipsum
2013 2353 2192 2424 (Deut.
2263 2351 2362 2422 vi).
2440 2351 2608 2406 Vacat
2671 2354 2815 2406 enim
2883 2355 3096 2410 dilectio
3161 2357 3281 2424 Dei,

1723 2445 1827 2500 nisi
1876 2442 2230 2514 subiungatur
2283 2449 2340 2496 et
2395 2441 2646 2511 proximi.
2691 2442 2911 2498 Plenum
2972 2461 3100 2516 ergo
3146 2463 3287 2517 prae-

1723 2546 1938 2608 ceptum
1975 2547 2058 2594 est
2102 2539 2368 2605 veritatis,
2411 2548 2472 2594 ut
2510 2547 2725 2594 maneat
2768 2540 2822 2593 in
2873 2555 3034 2594 sensu
3089 2540 3285 2594 indivi-

1721 2626 1824 2681 dua
1852 2627 2340 2696 regulacharitatis.
2370 2628 2508 2683 Cura
2523 2644 2651 2697 ergo
2675 2628 2968 2698 disciplina:
2992 2629 3286 2682 monacho-

1722 2735 1838 2774 rum
1864 2720 2098 2790 perfecta
2120 2721 2333 2776 dilectio
2351 2730 2465 2784 est,
2493 2722 2606 2775 haec
2627 2721 2893 2775 vinculum
2919 2721 3202 2776 charitatis
3234 2732 3290 2776 et

1719 2811 1868 2880 pacis
1905 2812 2221 2868 exhortatur
2269 2813 2386 2866 sine
2427 2813 2670 2866 avaritia.
2703 2812 2868 2883 igitur
2921 2812 2975 2866 in
3004 2813 3288 2870 dilectione

1720 2900 1931 2955 sincera
1983 2901 2171 2955 modus
2216 2899 2484 2955 suﬂiciens
2535 2908 2616 2954 est
2668 2900 3052 2970 praesentibus,
3100 2910 3154 2957 et
3196 2903 3289 2972 qui

1721 2989 1950 3046 invicem
1987 2989 2232 3062 diligunt,
2276 2989 2367 3044 filii
2408 2989 2556 3060 regni
2607 2998 2866 3044 vocantur
2893 2991 3129 3060 perfecte
3156 2991 3290 3046 iuvi-

247 3091 352 3146 υιίε
375 3100 431 3146 ει
464 3092 792 3148 inﬁrmitatis
815 3110 924 3149 sua,
958 3109 1116 3150 causa
1148 3104 1258 3150 iam
1282 3096 1545 3152 meum“
1564 3106 1617 3152 ει
1645 3086 1689 3148 C
1719 3093 1834 3133 cem
1862 3080 2160 3151 diligentes.
2202 3079 2303 3151 ipsi
2351 3089 2478 3136 sunt
2515 3079 2605 3150 qui
2647 3079 2971 3134 manducant
3015 3096 3205 3150 panem
3233 3081 3285 3135 in

247 3197 275 3235 η
303 3197 418 3237 rem
442 3182 711 3238 declinare
732 3193 994 3239 curasset.

248 3271 370 3326 Non
399 3271 584 3328 multis
631 3273 792 3344 igitur
835 3283 957 3342 post
984 3275 1098 3330 haec
1143 3275 1372 3331 evolutis
1406 3276 1617 3343 diebus,

247 3362 358 3416 iste
389 3363 602 3417 naviter
630 3365 976 3429 constitutus,
1019 3373 1074 3419 et
1119 3365 1302 3421 Aaron
1341 3369 1622 3438 presbyter

247 3472 252 3502 ι
294 3469 364 3508 ex
395 3454 679 3510 monachis
723 3454 1166 3520 occidentalibus,
1203 3456 1359 3509 turba
1394 3455 1622 3510 fratrum

247 3553 362 3608 nte,
405 3544 791 3613 imperatorem
818 3545 1086 3599 adierunt.
1131 3545 1336 3611 Quibus
1364 3559 1493 3598 sane
1523 3545 1623 3598 mi-

248 3638 396 3692 diter
439 3636 714 3703 salutatis,
743 3637 829 3692 his
873 3637 1211 3693 sermonibus
1241 3636 1500 3692 allocutus
1542 3647 1623 3692 est

247 3837 273 3874 s
295 3821 492 3890 igitur,
513 3830 718 3890 patres,
743 3820 937 3875 fratres
954 3829 1008 3875 et
1025 3819 1356 3876 dilectissimi
1378 3819 1472 3875 ﬁlii
1493 3821 1620 3887 mei,

247 3915 360 3966 scio
405 3921 465 3967 et
495 3927 615 3982 ego,
639 3913 789 3966 novit
831 3913 992 3967 etiam
1021 3927 1155 3984 pene
1182 3921 1354 3968 totum
1398 3926 1622 3983 regnum

269 4011 487 4072 quanta
513 4002 749 4071 pericula
773 4018 870 4058 vos
902 4003 1368 4057 circumsteterunt
1391 4019 1459 4057 ex
1490 4011 1622 4057 tem-

251 4104 401 4148 cata:
453 4093 731 4148 memoria:
766 4093 942 4148 Caroli
995 4094 1250 4164 genitoris
1296 4093 1402 4147 mei
1451 4107 1623 4161 usque

247 4184 306 4237 :d
340 4184 476 4254 quia
510 4199 656 4238 nunc
684 4184 862 4239 divina
889 4183 1230 4239 miseratione
1255 4182 1443 4238 salvati
1467 4185 1620 4249 estis,

251 4277 432 4329 corda
461 4283 647 4330 vestra
677 4276 732 4329 in
757 4273 1004 4340 Domino,
1036 4283 1391 4344 maestumque
1417 4283 1622 4330 metum

247 4366 602 4436 tempestatis
654 4375 711 4420 et
771 4365 920 4420 diras
989 4365 1248 4419 mentium
1320 4374 1619 4420 vestrarum

1721 3185 1886 3240 regno
1916 3169 2040 3234 Dei;
2069 3171 2184 3225 sine
2211 3171 2418 3225 macula
2453 3172 2657 3233 vivunt,
2687 3179 2740 3223 et
2771 3169 2930 3224 alieni
2961 3185 2990 3224 a
3024 3186 3150 3241 ruga
3183 3170 3290 3225 dis-
3315 3225 3320 3232 _

1719 3259 1934 3314 cordizc.
1987 3259 2209 3315 Studete
2257 3261 2439 3331 igitur,
2487 3260 2713 3324 fratres,
2765 3260 3100 3331 eomplacere
3155 3259 3286 3326 Deo,

1721 3351 2178 3405 conversationem
2234 3351 2530 3420 spiritalem
2583 3352 2870 3414 habentes,
2921 3351 3097 3406 divina
3143 3367 3292 3405 man-

1720 3442 1842 3494 data
1870 3440 1986 3507 eius
2021 3449 2420 3494 conservantes.
2465 3440 2600 3493 Cum
2629 3440 2891 3509 sapientia
2930 3438 3064 3509 legis
3094 3454 3291 3508 praeco.

1720 3543 1809 3603 pta
1839 3533 1890 3586 in
1932 3531 2164 3586 tenebris
2209 3531 2447 3585 cordium
2478 3538 2780 3584 vestrorum
2822 3531 2930 3584 sint
2959 3551 2970 3583 :
3002 3530 3290 3599 nequidem

1721 3622 1949 3692 amplius
1976 3620 2177 3690 aliquid
2225 3620 2467 3688 sapiatis,
2499 3629 2695 3690 prater
2727 3620 2778 3674 id
2811 3620 2950 3690 quod
2975 3620 3290 3689 simplicitas

1721 3713 1948 3767 allirmat
1976 3711 2378 3782 Scripturarum
2414 3712 2528 3766 Dei.
2558 3710 2707 3765 Multi
2736 3712 2880 3766 enim
2911 3711 3068 3765 aliter
3098 3711 3161 3766 de
3179 3711 3287 3766 Deo

1721 3804 2016 3860 sentientes
2028 3803 2340 3862 exciderunt
2361 3817 2392 3856 a
2415 3801 2700 3856 dilectione
2729 3802 2822 3855 Dei
2849 3810 2902 3855 et
2923 3802 3288 3871 proximorum

1721 3910 1962 3949 suorum.
1996 3893 2383 3952 Dissensiones.
2413 3892 2456 3947 si
2480 3907 2616 3962 quas
2638 3892 3004 3956 habetisintcr
3025 3906 3142 3957 vos,
3166 3907 3288 3960 pro-

1713 3986 1864 4056 iicite
1885 3986 1952 4041 ab
1975 3987 2225 4050 invicem,
2250 3985 2480 4040 scientes
2509 3985 2673 4039 Deum
2719 4001 2826 4040 non
2865 4000 2982 4040 esse
3010 3985 3290 4041 seditionis

1720 4079 1814 4132 sed
1833 4078 2000 4149 pacis.
2022 4077 2288 4147 Ignoscite
2310 4077 2536 4132 invicem
2561 4085 2618 4131 et
2637 4077 2911 4131 dimittant
2930 4076 3120 4146 singuli
3131 4073 3287 4142 iuxta

1720 4178 2042 4239 praeceptum
2071 4167 2343 4238 Evangelii
2373 4167 2548 4222 debita
2594 4166 2850 4244 fratribus
2886 4166 3021 4229 suis,
3042 4174 3097 4219 et
3124 4165 3289 4217 tristi-

1721 4260 1825 4316 tias
1844 4275 1907 4313 ac
1935 4258 2237 4313 simultates
2261 4276 2274 4311 :
2305 4265 2361 4312 et
2379 4259 2424 4312 si
2451 4257 2580 4326 quid
2599 4267 2684 4311 est
2707 4256 2895 4326 iurgii,
2918 4271 2947 4308 a
2977 4256 3142 4309 choro
3163 4271 3286 4308 san—

1721 4356 1930 4404 ctorum
1967 4348 2230 4418 abigatur.
2259 4345 2506 4401 Liberale
2539 4347 2699 4400 corda
2741 4352 2915 4399 vestra
2950 4345 3141 4398 timore
3167 4345 3284 4410 Dei,

247 4469 294 4513 te
326 4427 522 4512 εἰη-δε,
556 4457 1026 4513 conversationem
1050 4467 1284 4512 vestram
1323 4459 1618 4513 secundum
1646 4427 1696 4485 Ι)
1722 4451 1782 4496 ut
1806 4441 1989 4509 fugato
2017 4437 2296 4492 mendacio
2334 4436 2643 4490 dominetur
2680 4435 2900 4500 veritas,
2944 4443 3000 4489 et
3033 4437 3288 4490 cessanti-

247 4564 411 4604 orem
438 4559 500 4604 et
528 4558 730 4604 sancte
757 4549 971 4619 Regulae
993 4549 1368 4602 auctoritatem
1399 4565 1617 4619 compo—

247 4649 262 4694 t
311 4640 371 4693 in
393 4654 463 4693 ea
506 4646 888 4709 permanentes
920 4637 1156 4692 heredes
1181 4637 1299 4692 sitis
1324 4639 1473 4708 regni
1500 4640 1616 4694 Dei.

247 4749 261 4784 ι
296 4731 640 4800 suscepistis
670 4730 945 4784 minimam
984 4728 1340 4783 inchoationis
1389 4730 1417 4769 δ
1449 4730 1622 4801 Regu-

270 4823 330 4876 in
380 4837 452 4876 ea
479 4820 866 4876 confidentiam
907 4819 1192 4884 habuistis,
1217 4820 1370 4890 iuxta
1396 4821 1623 4891 promis-

247 4913 326 4968 ati
372 4912 491 4966 viri
512 4911 612 4966 Dei
640 4910 926 4975 Benedicti,
973 4911 1139 4966 vitam
1170 4918 1484 4981 perpetuam
1525 4927 1622 4966 vos

248 5022 287 5069 Δ;
323 5019 516 5076 quare
540 5003 850 5074 neglexistis
873 5011 1076 5058 tantum
1101 5004 1321 5070 bonum,
1349 5003 1625 5058 dimitten-

247 5107 377 5168 pter
411 5097 587 5152 unius
612 5097 853 5152 conservi
877 5096 1291 5151 obstinationem
1332 5095 1508 5149 locum
1528 5108 1624 5147 ve-

247 5200 284 5242 :t
316 5188 558 5259 legem?
591 5187 722 5254 Quis
746 5202 840 5242 vos
866 5185 1152 5243 fascinavit
1177 5187 1231 5240 in
1251 5193 1457 5238 tantum
1478 5185 1622 5238 veri-

247 5296 280 5333 n
329 5279 614 5334 obedire?
647 5278 878 5333 Putabat
922 5279 1065 5332 enim
1113 5277 1432 5345 quandoque
1470 5282 1624 5344 pater

247 5369 552 5440 uperrime
593 5367 914 5434 nominatus,
964 5365 1268 5421 arbitrabar
1298 5375 1352 5419 et
1401 5366 1514 5434 ipse
1567 5365 1624 5419 in

252 5543 372 5597 izpe
396 5543 558 5583 anno
587 5525 802 5597 818,__ad_
830 5539 1211 5597 quemgannum
1241 5521 1472 5597 Annales
1501 5520 1628 5575 Ful-

248 5619 250 5649 :
295 5592 650 5652 Hanasterio
696 5592 951 5650 Fuldénsi
983 5593 1124 5665 Eigil
1169 5595 1326 5649 abbas
1360 5592 1548 5647 electus
1575 5601 1624 5645 et

247 5686 309 5724 ns
341 5670 452 5722 est.

1720 4533 1823 4588 bus
1847 4531 2000 4592 bellis
2029 4529 2177 4598 pacis
2205 4527 2564 4596 tranquillitas
2602 4526 2809 4591 redeat,
2839 4534 2898 4580 ut
2934 4527 2984 4582 in
3011 4541 3072 4581 ea
3099 4528 3286 4582 ambu-

1722 4624 1834 4684 lare
1855 4622 2069 4692 possitis
2091 4635 2273 4676 coram
2303 4619 2410 4674 Deo
2435 4627 2490 4672 et
2525 4617 2851 4674 hominibus.
2881 4616 3078 4673 Omnes
3106 4635 3286 4690 mqua-

1722 4714 1865 4779 liter,
1894 4727 2106 4776 moneo,
2151 4709 2388 4779 diligatis
2425 4710 2482 4764 in
2514 4708 2751 4771 Christo,
2792 4717 2849 4764 ut
2897 4710 3145 4766 serviatis
3173 4712 3284 4767 Deo

1721 4812 1777 4859 et
1812 4801 2134 4867 concordiae,
2175 4808 2232 4856 et
2271 4816 2380 4856 non
2421 4799 2867 4870 concupiscentiis
2903 4800 3066 4855 variis
3097 4801 3284 4856 oculo-

1723 4910 1843 4948 rum
1871 4899 2192 4958 vestrorum,
2230 4898 2286 4947 et
2330 4890 2586 4946 tumentis
2636 4891 2872 4948 scientiae
2900 4882 3281 4950 fraudulentiis

1723 4985 2011 5055 carnisque
2040 4985 2206 5050 vitiis,
2236 4998 2267 5038 e
2299 4983 2493 5052 quibus
2528 4982 2779 5040 oriuntur
2803 4985 3118 5050 schismata,
3157 5001 3285 5040 con-

1723 5084 1954 5145 temptus
1980 5075 2113 5146 legis
2140 5075 2255 5138 Dei,
2281 5073 2572 5140 contentio,
2587 5073 2741 5129 make
2773 5076 3141 5150 cogitationes,
3164 5091 3285 5144 qua:

1725 5167 1848 5236 igne
1877 5164 2168 5220 iracundiae
2195 5163 2500 5227 bullientes,
2531 5163 2683 5233 quasi
2711 5179 2846 5233 aqua
2874 5173 3162 5235 erumpunt
3197 5163 3281 5217 fo-

1727 5273 1840 5322 ras,
1869 5264 1922 5310 et
1937 5255 2254 5326 despumant
2285 5255 2338 5310 in
2369 5255 2609 5325 corporis
2641 5256 3023 5325 voluptatibus.
3058 5255 3286 5322 Propter.

1729 5355 1949 5420 peccata
2006 5347 2266 5418 siquidem
2322 5346 2568 5402 homines
2627 5345 2853 5412 famem,
2901 5343 3284 5415 pestilentiam,

1797 5507 1826 5546 ι)
1856 5504 1947 5560 Sic
1973 5503 2212 5576 regulam
2249 5517 2400 5576 suam
2443 5516 2555 5576 pra:
2587 5500 2848 5576 modestia
2872 5503 3028 5552 vocat
3063 5501 3291 5548 sanctus

1728 5571 2057 5631 Benedictus
2072 5576 2127 5630 in
2162 5573 2378 5646 Regulae
2405 5573 2578 5641 capite
2603 5571 2813 5625 ultimo.
