3838 6144
331 259 424 315 591

1403 252 1458 307 S.
1502 251 1740 308 ElGlLlS
1775 247 2064 304 ABBATIS
2100 246 2478 304 FULDENSIS

3454 245 3552 302 592

331 375 735 440 mortalitatem,
761 375 966 430 bestias
983 386 1266 444 perpessos
1283 346 1416 426 .esse
1440 369 1729 438 Sapientize
1758 367 1892 421 liber
1917 369 1967 428 Α
1994 364 2133 417 idem
2159 377 2296 434 papa
2316 364 2369 416 in
2393 363 2582 417 eodem
2613 359 2751 414 libro
2765 373 3190 415 commemorans
3214 357 3291 412 ait
3320 357 3386 412 de
3411 357 3556 413 inani

331 465 615 522 manifeste
648 463 940 535 proclamat
972 480 984 514 :
1015 463 1209 531 quibus
1250 460 1503 512 nimirum
1541 456 1893 510 incommodis

333 555 402 612 ab
425 556 580 610 initio
603 554 785 608 mundi
825 566 991 621 usque
1020 566 1163 605 nunc
1205 551 1500 604 humanum
1540 562 1706 617 genus
1731 547 1892 600 desu-

333 649 490 702 dasse
517 645 864 714 dignoscitur,
891 649 946 696 et
987 641 1217 694 maxime
1256 653 1428 702 nunc;
1480 638 1636 708 quia,
1661 645 1722 690 ut
1757 636 1897 706 Apo-

333 737 502 794 stolus
531 737 623 800 ait,
675 734 879 788 instant
928 739 1166 800 tempora
1207 729 1532 798 periculosa,
1561 735 1616 782 et
1645 735 1768 781 sunt
1795 727 1894 780 bov-

334 830 504 883 mines
539 841 596 880 se
618 825 760 896 ipsos
787 829 1052 885 amantes,
1082 827 1136 874 et
1165 827 1552 874 coacervantes
1593 817 1694 872 sibi
1730 815 1898 885 magi—

333 927 473 971 stros
499 914 788 970 secundum
815 909 1080 964 desideria
1106 908 1285 962 cordis
1309 921 1495 962 eorum
1519 905 1604 976 (II
1636 904 1770 957 Tim.
1799 903 1894 975 iv).

332 1009 484 1076 Quod
513 1005 661 1060 nefas
689 1019 791 1057 non
817 1001 1160 1056 mediocriter
1195 1000 1248 1053 in
1284 998 1603 1068 quibusdam
1633 1003 1902 1050 monaste-

331 1099 428 1153 riis
473 1111 647 1164 neque
693 1093 949 1157 latenter,
995 1089 1089 1143 sed
1136 1096 1382 1158 patenter
1409 1095 1464 1140 et
1506 1086 1793 1141 infeliciter
1816 1101 1902 1140 re-

331 1205 494 1262 gnare
523 1189 748 1250 videtur,
797 1200 918 1238 cum
956 1180 1177 1251 quilibet
1216 1180 1548 1250 potentiores
1594 1179 1647 1232 in
1685 1192 1904 1248 congre-

332 1281 546 1351 gatione
579 1290 835 1347 personas
881 1273 979 1326 sibi
1032 1272 1431 1325 consentientes
1479 1275 1901 1338 praesumptuosa

333 1369 673 1424 contentione
722 1363 942 1418 abbatcs
997 1361 1251 1416 ordinare
1303 1369 1589 1422 conantur,
1639 1366 1902 1428 quatenus

334 1459 439 1512 illis
465 1454 860 1510 dominantibus
897 1449 999 1519 ipsi
1025 1450 1226 1518 pariter
1252 1451 1492 1504 omnium
1533 1449 1899 1510 dominentur,

333 1556 632 1614 cunctaque
650 1542 966 1599 monasterii
991 1541 1286 1595 ministeria
1301 1554 1486 1594 eorum
1512 1536 1898 1597 tantummodo,

333 1637 703 1707 qualecunque
731 1636 821 1701 sit,
849 1635 1075 1690 consilio
1111 1634 1479 1701 disponantur.
1521 1629 1601 1682 Ex
1635 1627 1721 1682 his
1744 1625 1905 1680 nimi-

1995 454 2189 508 timore
2221 454 2576 524 quorumdam
2626 451 2989 521 przelatorum.
3033 449 3206 520 Saepe,
3236 449 3433 519 inquit,
3463 466 3559 506 no-

1994 546 2171 599 vimus
2195 545 2335 615 quod
2356 547 2670 615 plerumque
2685 545 2773 614 qui
2799 553 3037 614 praesunt
3062 544 3428 598 inordinatum
3455 545 3562 600 sibi

1997 645 2202 691 metum
2233 653 2264 690 a
2286 638 2516 692 subditis
2559 637 2809 706 exigunt;
2841 644 2896 690 et
2944 649 3050 688 non
3083 641 3190 688 tam
3223 642 3441 704 propter
3463 636 3565 690 Do-

1995 728 2200 782 minum
2245 742 2405 797 quam
2449 741 2546 795 pro
2584 726 2808 780 Domino
2856 724 3106 779 venerari
3161 723 3366 778 volunt.
3415 724 3568 779 Intus

1997 818 2140 872 enim
2170 833 2226 872 se
2249 828 2456 872 tumore
2475 817 2655 872 cordis
2678 815 2956 881 extollunt,
2985 824 3040 869 et
3069 822 3290 869 cunctos
3316 815 3569 869 subditos

1998 909 2059 962 in-
2074 908 2156 962 sui
2180 909 2579 978 comparatione
2599 908 2929 976 despiciunt;
2970 921 3070 961 nec
3091 906 3578 963 condescendendo

1999 999 2304 1064 consulunt,
2334 1000 2427 1052 sed
2465 999 2789 1054 dominando
2829 1002 3162 1067 praesumunt
3191 1013 3206 1048 :
3240 996 3334 1065 qui
3371 994 3576 1050 videli-

1999 1098 2084 1144 cet
2116 1091 2225 1143 alta
2276 1090 2598 1160 cogitatione
2643 1104 2703 1144 se
2743 1089 2975 1158 erigunt,
3003 1096 3058 1142 et
3102 1087 3335 1156 mquales
3370 1102 3429 1141 se
3456 1085 3576 1142 illis

1999 1180 2195 1249 quibus
2229 1194 2322 1233 eos
2354 1193 2587 1247 przecsse
2609 1178 2856 1248 contigit,
2884 1193 2988 1231 non
3019 1183 3338 1247 agnoscunt.
3368 1175 3576 1230 Contra

2001 1270 2144 1323 hunc
2177 1277 2438 1322 tumorem
2465 1283 2562 1336 per
2602 1268 3040 1322 Ecclesiasticum
3074 1268 3272 1320 librum
3316 1266 3574 1320 dicitur:

2000 1356 2199 1410 Ducem
2227 1366 2275 1409 te
2305 1358 2710 1422 constituerunt,
2741 1356 2847 1409 noli
2895 1355 3095 1418 extolli,
3121 1356 3212 1410 sed
3243 1364 3352 1410 esto
3381 1356 3436 1408 in
3466 1354 3584 1410 illis

2001 1446 2155 1516 quasi
2189 1461 2327 1498 unus
2365 1461 2427 1498 ea:
2477 1443 2582 1498 illis
2629 1443 2816 1514 (Eccli.
2849 1444 3096 1514 xxxvm).
3128 1443 3283 1498 Hunc
3307 1452 3583 1498 tumorem

2003 1551 2104 1605 per
2125 1535 2443 1605 prophetam
2464 1534 2722 1589 Dominus
2751 1535 2801 1588 in
2822 1535 3128 1604 pastoribus
3151 1535 3435 1605 increpans
3455 1536 3542 1588 ait
3566 1550 3586 1589 :

2012 1626 2118 1681 Vos
2138 1637 2314 1681 autem
2338 1626 2671 1697 imperabatis
2699 1627 2772 1680 eis
2797 1643 2912 1679 cum
2937 1627 3238 1680 austeritate
3267 1635 3316 1680 et
3342 1626 3589 1697 potentia

335 1744 454 1784 rum
480 1736 774 1782 nascuntur
805 1727 1250 1796 praesumptiones
1276 1724 1330 1777 in
1360 1723 1556 1785 socios,
1587 1715 1908 1789 indignatio-
1933 1724 1980 1782 Β
2010 1718 2221 1790 (Ezech.
2251 1718 2458 1792 xxxxv).
2488 1718 2622 1785 Quia
2649 1733 2777 1789 ergo
2807 1723 3172 1787 unusquisque
3213 1726 3414 1783 rector,
3442 1733 3591 1787 quo-

336 1835 455 1884 nes,
474 1817 672 1887 judicia
688 1818 759 1887 inj
768 1826 906 1884 usta,
924 1816 1146 1871 consilia
1165 1814 1323 1879 mala,
1341 1810 1711 1867 accusationes
1724 1821 1899 1870 caete,

334 1911 729 1965 susurrationes
762 1916 816 1963 et
853 1917 1047 1963 caetera
1085 1905 1224 1960 mala
1263 1919 1382 1974 qum
1427 1901 1739 1956 monasticae
1779 1897 1904 1952 vitae

332 2001 627 2070 probantur
669 1999 867 2068 inepta.
906 1997 1041 2051 Hinc
1069 2009 1282 2065 quoque
1309 1997 1664 2064 prorumpunt
1697 1987 1905 2043 animo-

333 2091 538 2155 sitates,
568 2089 1041 2152 contradictiones,
1088 2085 1404 2148 inimicitia),
1451 2079 1904 2137 murmurationes

336 2181 566 2235 assidua:
613 2187 667 2234 et
712 2187 906 2234 caetera
948 2180 1135 2243 noxia,
1175 2179 1370 2248 quibus
1418 2175 1613 2230 irretiti
1665 2171 1905 2242 periculo

334 2269 704 2337 subjacebunt.
726 2269 832 2324 Sed
857 2270 942 2323 his
965 2269 1038 2323 ita
1056 2269 1362 2338 ubicunque
1390 2267 1498 2321 sint
1522 2262 1901 2326 manifestatis,

335 2355 659 2410 currendum
681 2362 765 2408 est
802 2363 856 2408 et
875 2354 1142 2423 agendum
1166 2352 1415 2406 omnibus
1444 2351 1499 2405 in
1536 2349 1750 2404 Christo
1775 2346 1904 2402 iide—

334 2445 495 2508 libus,
529 2449 588 2498 ut
607 2443 720 2497 zelo
748 2442 970 2512 iustitiae
1012 2443 1373 2512 corripiantur
1418 2448 1666 2495 auctores
1695 2438 1903 2493 dissen-

337 2535 535 2600 sionis;
565 2543 620 2588 et
647 2533 899 2588 tollantur
922 2533 987 2588 de
1033 2533 1211 2588 medio
1246 2531 1472 2585 fratrum
1501 2530 1592 2600 qui
1625 2543 1746 2584 eam
1781 2541 1906 2597 ope-

337 2633 544 2688 rantur,
570 2624 862 2679 secundum
885 2622 1122 2693 Apostoli
1147 2629 1472 2693 praeceptum
1500 2619 1728 2674 dicentis
1756 2635 1768 2671 :
1794 2617 1904 2670 Λιι-

337 2714 466 2783 ferte
500 2707 708 2768 malum
745 2730 808 2768 ea:
847 2713 986 2768 vobis
1031 2713 1156 2784 ipsis
1184 2711 1236 2784 (Ι
1263 2711 1384 2766 Cor.
1425 2708 1503 2782 v),
1529 2709 1700 2765 donec
1743 2707 1902 2778 digna

337 2803 706 2860 satisfactione
734 2807 800 2859 ab
847 2805 1214 2876 hujuscemodi
1255 2803 1446 2858 morbo
1467 2809 1743 2856 sanentur.
1775 2797 1903 2854 limo

338 2897 502 2968 igitur
531 2897 730 2962 omnia,
762 2896 958 2952 fratres
977 2897 1082 2952 mei
1105 2895 1458 2961 dilectissimi,
1494 2893 1646 2949 vobis
1683 2892 1751 2948 ad
1775 2906 1903 2948 cau-

340 2988 500 3042 telam
530 2999 583 3042 et
612 2987 837 3042 salutem
861 2988 1160 3042 animarum
1190 2994 1512 3051 vestrarum,
1551 2990 1714 3055 prout
1729 2981 1898 3054 potui,

2009 1809 2110 1863 ties
2135 1810 2427 1873 extollitur,
2470 1809 2524 1863 in
2562 1824 2627 1863 eo
2656 1808 2799 1877 quod
2839 1816 3062 1863 caeteros
3087 1809 3244 1879 regit,
3277 1810 3436 1864 toties
3482 1825 3596 1880 per

2004 1897 2212 1967 lapsum
2243 1899 2506 1968 superbia“:
2535 1913 2566 1952 a
2596 1898 2794 1953 summi
2838 1899 3067 1953 rectoris
3107 1899 3332 1954 servitio
3353 1915 3597 1970 separa-

2005 1997 2129 2054 tur;
2153 1998 2208 2043 et
2232 2004 2354 2044 cum
2387 1989 2619 2058 aequales
2639 1989 2740 2043 sibi
2771 1989 3015 2043 subditos
3049 1989 3298 2058 despicit,
3334 1988 3453 2059 ejus
3487 2006 3594 2044 su-

2003 2093 2104 2150 per
2139 2095 2196 2134 se
2235 2080 2555 2145 dominium,
2582 2081 2682 2134 sub
2709 2095 2817 2149 quo
2839 2094 3024 2134 omnes
3043 2079 3277 2148 mquales
3300 2087 3444 2141 sunt,
3477 2097 3610 2136 non.

2004 2169 2263 2240 agnoscit.
2296 2166 2362 2224 Hi
2390 2169 2542 2236 tales,
2585 2169 2782 2225 fratres
2819 2171 2947 2234 mei,
2985 2169 3110 2223 dum
3143 2185 3174 2223 a
3203 2171 3598 2225 consentaneis

2003 2279 2110 2319 non
2141 2272 2250 2319 tam
2276 2264 2535 2334 prodesse
2565 2279 2727 2334 quam
2775 2263 3182 2334 congregationi
3232 2276 3472 2334 prmesse
3499 2278 3600 2318 co-

2002 2364 2222 2425 guntur,
2272 2355 2525 2410 simulata
2572 2355 3006 2424 impossibilitate
3055 2363 3354 2426 repugnant
3384 2372 3398 2407 :
3423 2363 3485 2408 et
3512 2362 3597 2408 ta-

2001 2462 2126 2502 men
2157 2448 2223 2502 ad
2252 2449 2355 2502 hoc
2377 2448 2770 2517 magisterium,
2809 2447 2875 2501 ad
2915 2446 3058 2515 quod
3097 2445 3251 2516 quasi
3281 2445 3593 2500 trahuntur

2003 2536 2174 2602 inviti,
2217 2552 2318 2592 nec
2365 2553 2471 2592 non
2520 2538 2836 2608 perveniant
2889 2536 3110 2602 timent;
3165 2545 3220 2590 et
3264 2550 3386 2590 cum
3435 2535 3595 2590 forte

1999 2630 2368 2699 pervenerint,
2421 2638 2621 2699 quanta
2664 2631 2767 2685 hoc
2813 2625 2963 2699 prius
3025 2629 3318 2683 ambitione
3369 2631 3596 2686 mentis

2001 2719 2325 2785 amaverint,
2378 2719 2720 2789 postmodum
2771 2719 2996 2775 diversis
3057 2719 3340 2789 speciebus
3399 2720 3591 2776 infor—

2000 2821 2170 2868 mant.
2205 2832 2225 2864 ι

2072 2905 2160 2959 12.
2190 2902 2434 2975 Cumque
2455 2904 2570 2959 haec
2595 2913 2651 2960 et
2679 2904 2786 2959 alia
2824 2905 2990 2959 multa
3024 2901 3282 2958 benevola
3318 2901 3597 2958 voluntas

2001 2995 2344 3064 imperatoris
2380 2995 2434 3049 in
2464 3010 2750 3051 commune
2805 2994 3060 3049 fratribus
3107 2992 3412 3061 obtulisset,
3445 2994 3539 3047 ait
3581 3012 3596 3046 :

341 3082 623 3153 diligenter
657 3082 927 3152 explicare
966 3082 1170 3138 curavi.
1213 3081 1420 3136 idcirco
1457 3080 1640 3144 etiam,
1689 3076 1902 3142 fratres,
1933 3073 1979 3136 C
2017 3105 2035 3138 ε
2065 3087 2353 3142 Producite
2395 3085 2641 3153 Patrem,
2687 3101 2848 3156 quem
2888 3087 3041 3141 vobis
3079 3084 3350 3156 elegistis,
3392 3093 3453 3138 ut
3509 3087 3604 3140 vi-

339 3181 510 3227 estote
536 3173 850 3243 prudentes,
873 3182 928 3226 et
953 3173 1008 3226 in
1040 3174 1140 3227 hac
1171 3172 1436 3227 electione
1483 3178 1662 3226 vestra
1711 3170 1911 3225 mentis

340 3264 534 3319 intuitu
566 3264 804 3334 vigilate,
829 3272 888 3318 ut
909 3265 980 3319 sit
999 3265 1292 3320 secundum
1319 3263 1489 3318 Deum
1507 3271 1562 3318 et
1587 3270 1786 3317 sanctae
1808 3262 1912 3316 Re-

339 3355 476 3425 gulae
513 3356 925 3411 institutionem.
960 3355 1095 3424 Quia
1147 3355 1191 3410 si
1243 3355 1385 3425 quis,
1415 3364 1476 3408 ut
1519 3356 1595 3408 ait
1623 3352 1911 3409 Cassianus

339 3444 501 3517 (Inst.
531 3444 621 3499 lib.
648 3462 708 3510 n,
741 3463 855 3516 cap.
891 3444 967 3516 5),
1020 3445 1352 3516 regularibus
1396 3444 1658 3499 institutis
1706 3444 1806 3499 sub
1834 3459 1913 3498 se-

343 3534 493 3588 niore
516 3549 621 3588 non
646 3533 806 3591 fuerit
829 3536 1092 3601 eruditus,
1115 3550 1387 3605 nunquam
1410 3536 1611 3604 poterit
1632 3534 1738 3590 ullo
1755 3536 1912 3590 modo

341 3623 570 3678 fratrum
611 3628 1083 3696 congregationem
1128 3627 1434 3697 praecedere
1463 3642 1476 3679 :
1505 3628 1630 3696 quia
1658 3628 1786 3698 quid
1814 3628 1913 3681 mi-

341 3713 565 3767 noribus
590 3715 1048 3784 obtemperaturis
1079 3715 1345 3782 imperare
1372 3725 1638 3784 oporteat,
1663 3717 1914 3770 obedien-

343 3807 412 3860 do
443 3821 550 3860 non
585 3789 786 3870 didicit,
809 3822 911 3861 nec
940 3807 1068 3875 quid
1107 3808 1406 3861 minoribus
1442 3808 1654 3861 tradere
1699 3807 1910 3872 debeat,

344 3896 614 3950 seniorum
656 3896 805 3964 prius
842 3904 1120 3951 assecutus
1161 3903 1245 3951 est
1297 3896 1579 3950 institutis.
1629 3895 1910 3966 Nunquam

344 3986 544 4057 poterit
595 3985 850 4040 salutaria
905 3995 1172 4056 prtecepta
1233 3988 1577 4043 audientibus
1640 3989 1914 4059 discipulis

346 4077 495 4140 dare,
519 4073 621 4128 nisi
669 4075 759 4143 qui
807 4075 956 4145 prius
992 4075 1259 4131 universis
1303 4076 1561 4130 virtutum
1618 4077 1915 4147 disciplinis

345 4167 510 4222 fuerit
546 4167 818 4233 eruditus;
854 4183 980 4222 nam
1023 4167 1157 4222 alios
1200 4168 1336 4224 bene
1381 4183 1595 4239 regere,
1647 4185 1914 4223 summum

344 4259 543 4312 donum
575 4266 629 4312 et
655 4258 882 4328 gratiam
910 4257 1142 4328 Spiritus
1195 4258 1365 4313 sancti
1415 4259 1696 4313 verissime
1727 4257 1915 4314 Patres

345 4350 517 4404 nostri
558 4350 825 4404 dixerunt.
874 4349 1139 4404 Prmterea
1189 4364 1317 4404 vero
1369 4351 1579 4420 singula
1618 4351 1733 4404 hmo
1774 4349 1913 4404 mala

2011 3178 2189 3244 deam,
2220 3187 2275 3233 et
2309 3178 2474 3233 sciam
2523 3181 2644 3250 quis
2693 3180 2784 3234 sit.
2819 3199 2837 3232 ι
2870 3178 2986 3246 Quo
3036 3179 3200 3243 dicto,
3244 3179 3426 3232 statim
3455 3195 3603 3234 cum

2010 3269 2352 3324 festinatione
2371 3269 2530 3324 Pater
2544 3269 2679 3341 Eigil
2696 3271 3124 3340 praesentabatur
3147 3270 3261 3339 ejus
3279 3270 3601 3336 obtutibus,

2011 3358 2093 3413 vir
2119 3359 2323 3414 scilicet
2371 3367 2427 3414 et
2477 3369 2702 3414 matura:
2751 3361 2944 3426 atatis,
2977 3369 3032 3414 et
3079 3361 3259 3432 gravis
3306 3369 3545 3429 aspectu
3586 3381 3602 3414 :

2011 3462 2171 3517 quem
2208 3447 2422 3502 intuens
2466 3446 2778 3516 imperator,
2828 3448 3004 3518 inquit
3041 3466 3054 3501 :
3093 3465 3112 3499 ι
3151 3447 3328 3502 lstene
3361 3456 3447 3503 est
3501 3450 3608 3506 ille

2010 3537 2198 3604 frater,
2237 3553 2396 3607 quem
2418 3537 2521 3594 sibi
2548 3546 2657 3594 tota
2682 3553 2909 3592 concors
2930 3539 3272 3610 congregatio
3287 3539 3601 3594 secundum

2011 3627 2106 3682 Dei
2149 3629 2391 3683 timorem
2423 3635 2480 3681 et
2523 3638 2724 3682 sancta:
2751 3626 2968 3698 Regula:
3020 3642 3126 3682 uno
3164 3642 3256 3681 ore
3285 3626 3487 3696 probat
3533 3644 3605 3684 ac

2011 3716 2276 3786 postulat?
2305 3737 2324 3769 ›
2349 3714 2606 3786 lnquiunt
2636 3735 2648 3770 :
2686 3736 2704 3769 ι
2741 3718 2865 3772 Iste.
2903 3737 2921 3769 ι
2956 3737 2973 3768 ‹
3007 3716 3196 3782 Istum,
3219 3717 3413 3787 inquit,
3440 3733 3608 3773 nunc

2011 3807 2164 3862 vobis
2185 3807 2728 3873 committo,fratres,
2775 3808 3070 3863 secundum
3099 3807 3193 3863 Dei
3235 3809 3496 3864 timorem
3545 3821 3606 3866 et

2013 3907 2212 3956 sanas:
2235 3899 2448 3969 Regulae
2487 3899 2888 3965 auctoritatem,
2920 3908 2980 3953 nt
3015 3900 3087 3954 sit
3114 3900 3263 3955 vobis
3281 3909 3460 3970 pater,
3493 3918 3607 3972 pa-

2013 3999 2126 4046 stor
2167 4001 2223 4045 et
2247 3988 2436 4056 frater,
2485 3988 2639 4058 juxta
2679 3991 3067 4045 monasterium
3105 3991 3248 4046 beati
3279 3990 3604 4062 Benedicti,

2011 4081 2103 4151 qui
2134 4081 2273 4136 hanc
2324 4083 2568 4136 eamdem
2620 4079 2880 4152 Regulam
2933 4084 3344 4147 monachorum,
3375 4081 3602 4152 Spiritu

2014 4183 2203 4226 sancto
2231 4171 2486 4240 repletus,
2519 4188 2641 4226 cum
2668 4188 2859 4243 magna
2886 4173 3209 4230 discretione
3235 4176 3598 4244 conscripsit,

2014 4263 2232 4331 suisque
2284 4277 2466 4317 secum
2511 4264 2827 4318 servandam
2875 4265 3152 4319 mandavit
3197 4265 3450 4320 alumnis.
3480 4267 3600 4325 Vos

2014 4361 2194 4408 autem
2233 4353 2350 4420 lilii,
2379 4355 2522 4410 hunc
2570 4368 2752 4410 senem
2808 4355 3022 4410 Patrem
3081 4366 3316 4412 vestrum
3377 4362 3598 4416 sanctis

346 4447 490 4502 sunt,
523 4447 581 4492 ut
624 4439 814 4494 beatus
837 4453 976 4508 papa
1025 4438 1316 4509 Gregorius
1364 4440 1417 4493 in
1451 4418 1611 4495 Libro
1651 4439 1912 4495 Pastorali
1937 4418 1990 4477 D
2015 4418 2511 4500 conversationibus
2566 4447 2762 4501 vestris
2818 4448 3111 4513 honorate,
3145 4449 3356 4503 sincero
3399 4465 3598 4507 amore

347 4536 768 4595 commemorat,
818 4544 936 4598 qua:
979 4545 1010 4583 a
1067 4530 1296 4584 subditis
1355 4546 1494 4601 saepe
1540 4531 1595 4584 in
1641 4531 1908 4602 praelatos,

345 4632 488 4688 smpe
509 4632 539 4670 a
562 4616 795 4687 praelatis
834 4618 887 4672 in
929 4617 1173 4672 subditos
1218 4619 1624 4672 committuntur
1653 4636 1667 4672 :
1697 4620 1820 4688 quia
1858 4627 1915 4674 et

349 4724 538 4763 omnes
559 4707 799 4763 subditos
837 4710 892 4763 bi
924 4709 1014 4778 qui
1050 4717 1286 4778 praesunt
1312 4710 1488 4764 minus
1512 4724 1674 4779 quam
1703 4710 1916 4779 ipsimet

349 4799 618 4868 sapientes
645 4799 1004 4864 arbitrantur;
1035 4807 1092 4855 et
1128 4815 1342 4853 rursum
1379 4801 1472 4869 qui
1513 4798 1738 4866 subjecti
1790 4807 1936 4855 sunt.

351 4894 621 4940 rectorum
648 4902 867 4941 suorum
898 4888 1137 4943 actiones
1165 4887 1427 4958 judicant,
1464 4898 1518 4943 et
1541 4889 1587 4942 si
1618 4890 1760 4959 ipsos
1783 4891 1919 4960 regi-

352 4991 473 5029 men
511 4983 693 5029 tenere
734 4977 1088 5048 contingeret,
1136 4992 1194 5032 se
1240 4979 1480 5047 potuisse
1528 4993 1685 5050 agere
1725 4981 1915 5036 melius

351 5075 555 5135 putant.
586 5066 736 5122 Unde
784 5068 1097 5139 plerumque
1149 5070 1228 5136 fit,
1271 5078 1331 5124 ut
1391 5079 1444 5125 et
1482 5081 1718 5127 rectores
1741 5075 1918 5130 minus

351 5157 648 5224 prudenter
672 5169 734 5210 ea
758 5173 877 5227 quae
905 5161 1112 5230 agenda
1143 5169 1270 5215 sunt
1302 5162 1536 5225 videant,
1567 5164 1694 5232 quia
1726 5179 1914 5220 eorum

351 5251 538 5306 oculos
585 5251 701 5321 ipsa
745 5255 936 5310 nebula
986 5257 1230 5314 elationis
1271 5259 1551 5327 obscurat;
1582 5271 1636 5316 et
1673 5279 1915 5319 nonnun-

351 5355 510 5410 quam
538 5343 584 5397 is
622 5345 712 5414 qui
741 5346 1011 5417 subjectus
1038 5359 1141 5414 est,
1165 5351 1286 5416 hoc,
1312 5367 1432 5406 cum
1458 5353 1707 5423 prielatus
1732 5354 1912 5421 fuerit,

353 5431 534 5499 faciat,
567 5436 707 5506 quod
737 5438 935 5494 dudum
962 5440 1077 5494 fieri
1105 5441 1375 5511 subjectus
1411 5445 1700 5513 arguebat;
1741 5453 1795 5498 et
1817 5461 1916 5514 pro

353 5537 416 5576 eo
439 5523 579 5593 quod
615 5525 701 5580 illa
735 5544 852 5598 qua;
891 5529 1224 5599 judicaverat
1255 5540 1545 5600 perpetrat,
1574 5534 1750 5589 saltim
1789 5537 1914 5605 quia

349 5614 632 5687 judicavit,
658 5624 962 5679 erubescat.
993 5624 1097 5679 Sed
1139 5639 1311 5696 neque
1352 5624 1453 5679 hoc
1483 5635 1744 5696 prmtereo
1773 5631 1913 5698 quod

2013 4533 2244 4603 diligite;
2302 4533 2662 4589 obedientiam
2709 4551 2836 4592 vero
2876 4551 2982 4590 non
3030 4539 3202 4592 solum
3245 4539 3336 4602 illi,
3392 4556 3596 4598 verum

2012 4623 2174 4678 etiam
2205 4623 2275 4679 ad
2301 4638 2460 4678 omne
2483 4639 2617 4695 Opus
2636 4624 2836 4679 bonum
2865 4629 3114 4682 certatim
3154 4629 3313 4686 vobis
3349 4630 3594 4688 invicem

2013 4715 2269 4785 exhibere
2295 4723 2501 4771 curate.
2535 4716 2616 4771 Tu
2665 4733 2810 4782 vero,
2863 4718 3023 4773 Pater
3054 4720 3149 4786 mi,
3189 4719 3434 4789 iuniores
3464 4731 3598 4780 tuos

2014 4821 2135 4860 cum
2165 4807 2314 4860 omni
2342 4807 2520 4863 studio
2547 4815 2602 4861 et
2622 4811 2913 4879 sagacitate
2954 4812 3248 4866 secundum
3275 4812 3368 4866 Dei
3397 4814 3597 4869 volun-

2018 4902 2178 4949 tatem
2201 4911 2418 4950 servare
2446 4898 2725 4964 contende,
2754 4901 3018 4968 quatenus
3039 4901 3094 4954 in
3121 4901 3222 4956 hac
3248 4911 3434 4957 saneta
3454 4919 3594 4959 oon-

2016 4988 2199 5042 cordia
2217 4999 2650 5056 perseverantes,
2691 4991 2760 5045 ad
2787 5007 2910 5046 eum
2930 4994 3214 5062 pervenire
3239 4997 3586 5062 mereamini,

2015 5078 2106 5147 qui
2127 5078 2195 5132 ad
2228 5078 2330 5133 hoc
2356 5079 2688 5135 solummodo
2727 5080 3006 5137 descendit
3051 5084 3117 5138 de
3146 5084 3304 5150 ctelo,
3335 5093 3397 5138 ut
3425 5101 3592 5140 murr-

2015 5170 2140 5223 dnm
2172 5169 2282 5224 Deo
2305 5169 2453 5224 Patri
2487 5173 2798 5242 pacificaret
2843 5189 2941 5244 per
2977 5174 3177 5244 ipsum.
3211 5175 3372 5232 Vobis
3416 5177 3592 5249 igitur

2017 5260 2311 5315 scientibus
2347 5259 2517 5331 legem
2544 5262 2637 5316 Dei
2670 5262 2879 5332 loquor,
2911 5265 2975 5319 de
2998 5281 3104 5334 qua
3121 5267 3254 5322 nihil
3281 5267 3427 5322 aliud
3454 5269 3580 5322 hor-

2017 5360 2120 5417 tor,
2150 5351 2254 5407 nisi
2278 5362 2339 5407 ut
2369 5351 2578 5424 legatis,
2609 5361 2663 5408 et
2685 5353 2838 5422 juxta
2857 5357 3262 5424 possibilitatem
3289 5373 3450 5428 quam
3477 5357 3587 5413 Do-

2015 5444 2193 5498 minus
2212 5444 2491 5500 donaverit
2529 5448 2693 5501 verba
2733 5448 2971 5506 veritatis
3009 5451 3064 5504 in
3106 5466 3288 5521 opera.
3314 5451 3581 5507 lmmensa

2015 5550 2145 5590 vero
2167 5537 2411 5592 aedificia.
2445 5537 2624 5604 Pater,
2654 5548 2709 5593 et
2748 5556 2909 5610 opera
2953 5559 3060 5599 non
3101 5545 3428 5609 necessaria,
3457 5546 3581 5614 qui-

2018 5632 2116 5686 bus
2149 5630 2363 5688 familize
2389 5633 2519 5690 foris
2555 5643 2611 5689 et
2641 5636 2783 5690 intus
2827 5636 3052 5693 fratrum
3092 5641 3432 5711 congregatio
3453 5640 3576 5696 fati-
