3838 6144
345 379 452 437 595

1426 363 1490 419 s.
1529 362 1776 417 ElGlLlS
1813 359 2102 442 ABDATIS
2139 343 2520 415 FULDENSIS

3502 356 3631 412 5‘36

351 497 438 550 his
459 489 821 548 necessarium
852 497 972 539 esse
1013 479 1388 550 jadicavimus,
1416 493 1529 548 prm
1553 479 1806 534 omnibus
1833 491 1928 545 op-
1956 479 2004 536 Α
2033 475 2191 529 modo
2219 492 2230 528 ί
2265 474 2399 529 Ecce
2427 491 2582 546 quam
2613 474 2802 528 bonum
2834 480 2881 527 et
2903 473 3198 543 jucundum
3228 471 3466 526 habitare
3499 471 3634 540 fra-

353 590 630 649 tabamus;
665 583 718 637 id
745 591 828 636 est
849 580 1113 633 unitatem
1130 584 1182 630 et
1204 574 1549 630 concordiam
1582 589 1704 628 cum
1734 574 1928 628 abbate

355 687 542 734 nostro
579 675 798 737 habere,
843 672 982 726 sicut
1011 684 1134 724 cum
1177 667 1543 722 anteriorihus
1589 665 1790 720 nostris
1835 665 1928 718 ab-

355 768 570 823 batibus
617 762 934 826 habuimus;
961 767 1015 814 et
1051 756 1478 813 misericordiam
1502 764 1557 810 et
1593 755 1928 809 familiarita-

359 869 487 922 tem,
519 856 783 927 pietatem
831 859 888 906 et
937 849 1257 904 modestiam
1308 848 1362 901 in
1405 846 1493 901 illo
1527 847 1756 910 sentire;
1791 854 1843 899 et
1875 853 1932 898 ut

358 950 520 1004 etiam
557 947 821 1017 benignus
869 941 1117 1005 inﬁrmis,
1155 939 1423 1009 propitius
1471 937 1928 1006 delinquentibus,

359 1041 587 1097 affabilis
622 1037 908 1101 fratribus,
955 1041 1273 1089 moestorum
1313 1029 1641 1094 consolator,
1685 1029 1934 1082 laboran-

359 1133 496 1186 tium
518 1127 752 1198 adjutor,
773 1124 1159 1181 benevolorum
1201 1120 1505 1184 auxiliator,
1547 1118 1683 1173 bene
1715 1126 1932 1172 certan-

359 1223 495 1276 tium
526 1221 794 1280 hortator,
819 1215 1087 1269 lassarunt
1109 1210 1462 1275 refocillator,
1485 1209 1789 1264 cedentium
1819 1224 1936 1263 sus-

362 1321 620 1375 tentatur,
643 1307 949 1362 cadentium
973 1309 1329 1366 restaurator;
1357 1314 1544 1354 omnes
1571 1297 1768 1352 fratres
1789 1313 1938 1352 ama-

363 1412 466 1466 ret,
493 1400 698 1457 nullum
738 1397 930 1459 odiret,
979 1403 1034 1448 et
1083 1393 1289 1447 nullum
1327 1391 1427 1444 zeli
1471 1389 1552 1444 vel
1603 1389 1787 1444 livoris
1815 1388 1937 1443 dolo

363 1496 806 1563 persequeretur;
840 1485 1100 1554 ﬁeretque
1127 1499 1232 1538 non
1268 1481 1604 1536 turbulentus
1631 1481 1800 1544 vultu,
1831 1496 1936 1536 non

367 1583 560 1636 anxius
583 1581 780 1642 animo,
820 1592 924 1632 non
954 1575 1152 1629 nimius
1179 1575 1230 1628 in
1250 1571 1474 1642 judicio,
1503 1587 1612 1626 non
1640 1571 1943 1626 obstinatus

368 1672 420 1724 in
444 1668 698 1733 consilio;
739 1667 833 1722 sed
858 1665 1046 1720 hilaris
1069 1663 1228 1727 facie,
1263 1662 1414 1717 laetus
1444 1670 1643 1727 mente,
1674 1662 1944 1717 discretus

369 1763 424 1816 in
459 1775 642 1832 opere,
668 1757 1014 1814 consentiens
1044 1755 1097 1809 in
1123 1754 1392 1818 utilitate;
1425 1763 1481 1808 et
1500 1753 1718 1823 quando
1747 1752 1942 1821 aliquis

368 1853 435 1908 de
463 1849 723 1905 fratribus
756 1853 1166 1919 praeoccupatus
1202 1845 1366 1900 fuerit
1405 1846 1459 1900 in
1513 1844 1695 1913 aliquo
1723 1844 1939 1908 delicto,

368 1957 474 1998 non
501 1941 680 1996 statim
708 1938 988 2010 tyrannica
1015 1936 1252 1992 vmdicta
1279 1936 1430 1990 illum
1453 1936 1823 1998 excruciaret;
1853 1934 1945 1989 sed

369 2029 703 2087 misericordi
753 2029 1038 2099 disciplina
1081 2028 1355 2097 corrigere
1389 2025 1693 2092 festinaret,
1725 2041 1950 2081 conver-

369 2134 596 2190 sumque
621 2119 916 2175 clementer
945 2119 1266 2188 susciperet,
1296 2133 1396 2173 nec
1431 2133 1599 2188 prava
1642 2119 1947 2187 suspicione

370 2211 549 2268 denuo
579 2213 728 2268 illum
755 2211 1027 2282 fatigaret,
1051 2227 1225 2281 neque
1258 2220 1518 2283 perpetuo
1546 2209 1669 2266 odio
1694 2211 1950 2265 extermi-

371 2301 573 2375 naret.]
597 2301 736 2369 Quid
757 2304 923 2368 enim,
966 2301 1147 2365 Pater,
1173 2301 1334 2356 altius
1381 2301 1468 2356 vel
1517 2299 1856 2354 manifestius
1883 2299 1950 2353 de

373 2393 674 2462 hujusmodi
705 2408 937 2464 persona
961 2392 1159 2463 poterit
1181 2391 1476 2461 explicari?
1508 2389 1589 2444 En
1615 2388 1799 2458 igitur,
1837 2386 1948 2440 cla-

371 2503 492 2543 rum
514 2493 620 2552 est,
645 2484 862 2556 qualem
894 2483 992 2538 tibi
1021 2483 1240 2538 Patrem
1279 2481 1430 2553 prius
1464 2478 1583 2535 ﬁeri
1604 2476 1843 2540 voluisti,
1868 2485 1950 2529 ta-

370 2576 436 2631 lis
455 2585 574 2632 esto
601 2591 744 2630 nunc
795 2573 1055 2628 fratribus
1106 2575 1239 2638 tuis,
1279 2580 1335 2627 et
1377 2570 1603 2626 habebis
1642 2567 1852 2623 laudem
1881 2581 1949 2621 ex

370 2667 485 2722 Deo
512 2674 567 2720 et
595 2665 901 2720 hominibus
929 2663 1081 2718 bonae
1107 2662 1416 2718 voluntatis.
1457 2679 1476 2712 ι

445 2754 531 2809 id.
559 2753 801 2822 Cumque
822 2761 1002 2808 autem
1028 2754 1142 2808 haec
1175 2760 1232 2807 et
1253 2752 1355 2806 alia
1404 2757 1668 2816 moneret,
1696 2746 1953 2819 praecpit

371 2845 636 2898 ministris
651 2851 711 2897 ut
724 2842 1071 2897 refectionem
1086 2842 1302 2912 dignius
1314 2849 1536 2911 propter
1545 2839 1788 2909 hospites
1802 2849 1952 2892 more

374 2935 534 2990 solito
560 2942 949 3006 prchararcnt,
982 2935 1095 3004 ipse
1120 2948 1249 2988 vero
1272 2933 1458 2988 laudes
1485 2933 1596 2986 Deo
1631 2932 1838 2985 interea
1866 2943 1952 2984 re-

373 3026 624 3080 ferendas
650 3025 716 3079 ad
742 3023 1026 3080 ecclesiam
1058 3023 1364 3094 repedabat.
1400 3021 1593 3077 Postea
1618 3034 1832 3091 quoque
1856 3018 1953 3075 ab-

2031 574 2133 618 tres
2159 565 2214 618 in
2242 582 2428 619 unum.
2455 565 2521 619 Et
2552 563 2691 619 facta
2721 570 2805 620 est
2841 563 3026 618 laetitia
3070 578 3262 632 magna
3295 562 3348 616 in
3379 561 3634 618 ecclesia

2033 657 2231 712 ibidem
2260 659 2312 712 in
2339 658 2559 712 nomine
2588 657 2798 712 Domini
2828 663 3168 726 congregata.

2105 747 2190 801 t6.
2233 749 2349 802 Non
2387 749 2553 801 multo
2599 747 2760 816 igitur
2805 754 2924 816 post
2972 746 3086 800 haec
3127 747 3387 815 temporis
3438 745 3643 800 inter-

2033 838 2174 892 vallo
2217 838 2382 907 cmpit
2429 837 2516 891 hic
2545 837 2869 892 venerabilis
2915 837 3001 891 vir
3045 852 3242 908 magno
3292 838 3388 892 Dei
3435 838 3648 893 cultus

2003 943 2222 984 .amore
2266 927 2506 983 ecclesiae
2555 928 2816 983 mundare
2849 927 3002 994 ioca;
3046 930 3350 997 pavimenta
3401 929 3647 985 refundi

2033 1019 2342 1085 constituit;
2388 1019 2577 1073 altaria
2611 1019 2966 1073 nihilominus
3012 1018 3145 1074 locis
3192 1019 3450 1091 congruis
3505 1019 3648 1076 ﬁeri

2036 1111 2404 1177 demandavit,
2435 1111 2489 1165 in
2521 1126 2730 1166 summo
2761 1109 3026 1180 lapidibus
3049 1122 3301 1181 cooperta
3330 1111 3546 1181 politis.
3577 1112 3649 1166 In

2036 1201 2223 1256 eadem
2250 1216 2380 1255 vero
2419 1201 2646 1256 ecclesia
2692 1200 2828 1256 duas
2872 1210 3088 1271 cryptas
3118 1202 3405 1272 magniﬁco
3454 1217 3650 1272 opere

2037 1293 2344 1357 collocavit;
2371 1307 2556 1356 unam,
2580 1307 2699 1360 qua:
2722 1292 2958 1361 rCSpicit
2970 1293 3100 1347 solis
3123 1300 3330 1360 ortum;
3361 1293 3648 1357 alteram,

2038 1398 2158 1454 qua:
2183 1382 2312 1438 solis
2333 1397 2586 1437 occasum
2617 1382 2870 1437 intendit.

2112 1474 2197 1527 l7.
2239 1471 2481 1542 Cumque
2521 1472 2637 1526 haec
2673 1480 2729 1526 et
2765 1471 2868 1526 alia
2905 1471 3070 1526 multa
3118 1471 3461 1526 diversarum
3510 1487 3654 1541 spe-

2041 1567 2243 1621 cierum
2267 1570 2582 1619 ornamenta
2609 1564 2661 1618 in
2689 1563 2887 1632 templo
2914 1563 3008 1618 Dei
3034 1562 3369 1627 collocasset,
3398 1571 3656 1632 accepto

2041 1657 2270 1712 fratrun
2306 1657 2551 1722 consilio,
2589 1656 2739 1710 misit
2769 1655 3051 1725 epistolam
3081 1655 3148 1710 ad
3179 1654 3519 1711 Heistolfum
3553 1671 3659 1709 ar-

2043 1750 2464 1821 chiepiscopum,
2493 1755 2553 1803 ut
2588 1747 2900 1818 dignaretur
2931 1748 3116 1803 venire
3158 1748 3225 1802 ad
3263 1747 3657 1803 dedicandam

2043 1843 2328 1898 ecclesiam
2353 1842 2406 1896 in
2429 1841 2644 1896 laudem
2674 1841 2770 1895 Dei
2798 1841 3183 1910 omnipotentis
3211 1849 3613 1896 constructam
3641 1861 3654 1894 :

2045 1941 2310 2004 quatenus
2350 1947 2447 2002 per
2488 1932 2606 1986 hate
2643 1930 2747 2001 pia:
2779 1930 3109 2000 operationis
3152 1928 3347 1995 ofﬁcia,
3377 1931 3661 2000 utrisque

2045 2042 2076 2080 a
2111 2027 2222 2082 Deo
2255 2039 2464 2080 merces
2506 2030 2752 2078 maneret
2797 2023 2850 2077 in
2898 2021 3102 2087 futuro,
3129 2037 3193 2077 ac
3226 2022 3470 2093 benigna
3523 2037 3660 2078 me-

2046 2118 2216 2173 moria
2243 2126 2443 2172 sanctze
2466 2115 2726 2170 orationis
2749 2115 2890 2184 apud
2916 2115 3160 2169 homines
3184 2113 3658 2183 frequentaretur

2047 2208 2101 2262 in
2137 2207 2355 2261 mundo.
2392 2204 2552 2260 Venit
2580 2203 2742 2274 igitur
2771 2205 3210 2274 archiepiscopus
3228 2202 3384 2272 juxta
3411 2206 3664 2273 petitio-

2046 2315 2171 2355 nem
2201 2299 2410 2353 abbatis
2438 2307 2676 2366 tempore
2702 2297 2804 2352 sibi
2836 2298 3106 2352 condicto.
3125 2296 3404 2353 Venerunt
3436 2298 3666 2354 nihilo-

2047 2391 2226 2446 minus
2261 2391 2352 2444 alii
2383 2389 2764 2458 quamplurimi
2793 2389 3062 2458 episcopi,
3113 2390 3354 2452 abbates,
3396 2390 3659 2461 presby-

2047 2482 2170 2546 teri,
2195 2481 2439 2544 comites,
2473 2481 2541 2535 ab
2577 2481 2770 2536 abbate
2813 2481 3125 2536 monasterii
3161 2480 3468 2538 honoriﬁce
3507 2482 3663 2536 invi-

2046 2572 2167 2626 tati.
2217 2571 2442 2642 lnsuper
2487 2573 2650 2627 etiam
2700 2571 2842 2626 fama
2885 2581 3144 2637 vocante,
3185 2572 3377 2643 vulgus
3419 2573 3662 2629 ordinis

2049 2663 2322 2720 inferioris
2362 2664 2430 2718 ad
2464 2663 2649 2734 templi
2691 2663 2851 2732 hujus
2894 2663 3304 2728 dedicationem,
3352 2677 3386 2718 e
3415 2664 3666 2720 diverso

2048 2757 2271 2812 veniens
2306 2756 2567 2813 conﬁnxit
2595 2758 2649 2812 in
2680 2773 2845 2812 unum
2872 2759 2922 2811 δ.
2967 2757 3179 2813 Interea
3222 2772 3444 2827 quoque
3477 2772 3668 2812 vene-

2049 2858 2136 2906 rat
2164 2851 2302 2906 alma
2350 2852 2465 2907 dies
2507 2851 2855 2906 dedicationis
2897 2850 3157 2906 illustrata
3197 2850 3328 2905 solis
3375 2851 3665 2921 perpetui

2050 2939 2172 2996 luce
2208 2955 2454 2996 corusca.
2493 2941 2766 2997 Processit
2804 2933 3041 3012 pontifex
3084 2955 3205 2994 cum
3246 2939 3395 2994 omni
3443 2950 3663 2995 ornatu

2050 3029 2314 3095 ecclesiae,
2345 3038 2402 3086 et
2428 3031 2696 3086 dedicavit
2725 3031 2979 3101 templum
3009 3030 3062 3084 in
3088 3029 3421 3084 monasterio
3454 3029 3668 3084 Fuldae

373 3116 552 3168 batcm
574 3129 696 3169 cum
736 3129 835 3170 suo
872 3114 1130 3169 comitatu
1177 3110 1474 3168 honoriﬁce
1506 3111 1742 3180 suscepit
1767 3110 1822 3164 in
1848 3108 1944 3165 do-

2084 3129 2426 3178 onstructum
2453 3122 2507 3176 in
2534 3123 2794 3177 honorem
2828 3121 2999 3176 sancti
3046 3119 3364 3184 Salvatoris,
3415 3119 3533 3175 Dei
3585 3123 3667 3176 vi-

376 3219 545 3275 mum,
578 3211 633 3259 et
680 3219 868 3260 mensa
922 3204 1177 3274 reposita,
1229 3217 1351 3258 cum
1399 3203 1698 3274 gratiarum
1731 3203 1946 3258 actione

376 3302 726 3363 sumpserunt
743 3295 950 3366 pariter
971 3297 1170 3352 cibum.
1189 3294 1374 3350 Lectio
1400 3294 1558 3364 plane
1583 3293 1860 3365 legebatur
1880 3295 1949 3348 ad

374 3399 618 3439 mensam
649 3386 942 3440 secundum
985 3387 1390 3456 dispositionem
1437 3385 1734 3441 sacerdotis
1779 3401 1793 3438 :
1841 3399 1948 3455 qua

377 3475 633 3530 nimirum
659 3475 833 3544 ﬁnita,
862 3485 981 3532 orta
1011 3486 1094 3532 est
1135 3478 1274 3533 inter
1304 3477 1708 3541 eoscollocutio
1727 3477 1947 3546 spirita-

375 3564 464 3631 lis,
496 3573 558 3620 ut
581 3567 702 3621 cibo
732 3567 940 3622 scilicet
965 3568 1232 3639 corporali
1275 3567 1428 3624 cibus
1462 3567 1773 3624 subveniret
1793 3568 1952 3638 spiri-

377 3659 532 3727 talis;
581 3670 636 3716 et
670 3662 875 3716 utilitas
913 3662 1266 3718 ecclesiarum
1298 3662 1393 3717 Dei
1420 3661 1715 3716 multifaria
1760 3677 1952 3716 narra-

377 3750 524 3803 tione
554 3750 923 3818 disputabatur
959 3752 1100 3821 apud
1126 3766 1239 3806 eos.
1268 3751 1398 3805 Erat
1426 3752 1571 3806 enim
1606 3761 1834 3821 uterque
1863 3751 1953 3806 la:-

380 3850 468 3896 tus
501 3841 556 3894 in
586 3841 714 3896 Deo.
761 3842 1043 3897 Gaudebat
1073 3841 1289 3910 quidem
1327 3841 1631 3912 speculator
1668 3838 1946 3914 (archiepi-

377 3932 586 4002 scapus)
612 3932 756 4002 quod
776 3931 1047 3987 Christum
1077 3933 1351 4004 suscipere
1377 3933 1658 3988 meruisset
1683 3933 1736 3986 in
1766 3933 1948 4003 hospi-

379 4034 434 4079 te
466 4041 481 4078 :
513 4023 679 4079 Pater
705 4039 833 4079 vero
866 4025 1155 4080 laetabatur
1182 4026 1325 4095 quod
1365 4025 1420 4079 in
1467 4025 1716 4080 ministro
1752 4023 1951 4080 Christi

378 4127 509 4167 vera
537 4111 736 4168 Christi
768 4115 1038 4183 susceptio
1067 4114 1364 4169 claruissct.

449 4202 535 4258 15.
575 4201 867 4274 Postquam
897 4219 1026 4260 vero
1053 4219 1112 4259 se
1139 4203 1368 4259 diversis
1408 4204 1729 4260 utilitatibus
1761 4213 1950 4260 mutuo

379 4293 748 4358 roborassent,
794 4294 961 4365 petita
1011 4294 1225 4349 licentia
1259 4293 1422 4349 Pater
1467 4294 1605 4365 Eigil
1633 4310 1664 4350 a
1696 4295 1954 4366 pontiﬁce

379 4398 406 4427 ι
438 4387 771 4453 benedictus,
814 4386 1087 4458 profectus
1131 4396 1216 4443 est
1257 4387 1480 4442 Fuldam
1515 4407 1528 4442 :
1561 4401 1668 4458 quo
1698 4388 1952 4442 nimirum

379 4477 633 4532 veniente
673 4477 888 4532 obviam
933 4478 982 4532 ei
1012 4478 1231 4532 fuerunt
1260 4479 1510 4535 monachi
1555 4479 1661 4546 sui,
1691 4480 1783 4550 qui
1829 4495 1952 4534 cum

381 4567 587 4624 honore
629 4569 897 4640 condigne
941 4571 1318 4640 suscipientes,
1349 4571 1414 4626 ad
1448 4571 1747 4626 orationem
1788 4572 1955 4625 duxe-

382 4669 528 4716 runt.
555 4661 782 4733 Expleta
808 4677 1042 4734 namque
1071 4664 1316 4720 oratione
1345 4664 1400 4717 in
1428 4663 1667 4719 oratorio
1695 4665 1952 4733 prostrati

379 4754 495 4808 solo
523 4753 887 4808 salutavcrunt
909 4755 1159 4811 abbatem
1188 4773 1200 4810 :
1232 4757 1428 4826 quibus
1452 4755 1748 4811 clementer
1769 4765 1823 4811 et
1853 4758 1954 4811 hu-

383 4845 585 4898 militer
613 4844 940 4910 resalutatis,
970 4846 1314 4901 osculabatur
1336 4863 1429 4902 eos
1456 4847 1702 4915 pacitice,
1728 4857 1953 4903 cantans

381 4933 588 5004 pariter
609 4950 732 4990 cum
760 4934 864 4989 illis
891 4949 1041 4990 more
1079 4934 1302 4989 Patrum
1341 4936 1612 4991 canticum
1652 4937 1819 4994 David
1850 4939 1952 4993 hoc

383 5081 536 5140 mero
573 5065 648 5140 29
675 5065 839 5140 libelli
888 5068 1162 5138 supplicis,
1213 5084 1373 5140 quem
1421 5067 1716 5125 Fuldenses
1763 5085 1951 5124 mona-

382 5137 471 5192 chi
494 5137 688 5262 (ξῆγῖξο
712 5136 902 5210 Magno
923 5136 1302 5210 porrexerunt,
1322 5154 1482 5209 quem
1517 5141 1782 5210 integrum
1806 5150 1954 5210 post-

382 5222 444 5261 ea
483 5223 552 5261 γι(
575 5223 605 5262 e
645 5223 804 5262 lﬂlllS.

380 5222 444 5261 ea
483 5222 804 5264 vuteutmus.

452 5290 478 5348 ἐι
516 5276 742 5335 Abbatis
766 5279 1082 5335 benedictio»
1098 5295 1191 5336 seu
1217 5281 1487 5336 ordinatio
1520 5279 1820 5336 sacratiove
1857 5295 1954 5348 per

379 5347 692 5420 episcoppm
732 5348 971 5420 antiqua.
1014 5350 1142 5418 Ejus
1189 5353 1333 5405 enim
1381 5352 1582 5404 mentio
1618 5351 1678 5402 tit
1713 5349 1767 5420 in
1814 5347 1952 5402 non-

381 5413 543 5501 nullis
564 5413 831 5501 Fregorii
857 5413 1069 5501 A't'ilagni'
1091 5421 1366 5501 epistolis,
1385 5420 1702 5501 Anim-iram”
1840 5434 1914 5472 vn
1934 5458 1949 5482 ,

381 5489 540 5555 epist.
588 5488 672 5553 l8,
702 5487 1015 5546 indictionis
1043 5487 1251 5555 primae,
1290 5497 1344 5542 et
1384 5488 1475 5551 94,
1519 5487 1830 5540 indictionis
1872 5503 1956 5541 se-

383 5559 598 5629 cundw;
631 5567 686 5612 et
712 5559 768 5614 in
799 5559 1004 5629 Regula
1037 5555 1290 5629 Magistri
1324 5571 1444 5629 cap.
1468 5556 1565 5629 95,
1605 5555 1733 5609 item
1781 5555 1835 5608 in
1886 5557 1950 5629 li:

385 5625 498 5708 bris
525 5629 700 5708 primo
725 5625 1048 5708 et__s_ee_undo
1075 5625 1232 5708 Beda:
1261 5627 1326 5708 de
1364 5625 1601 5708 Historia
1640 5627 1954 5708 monasterii

385 5695 500 5758 sui,
531 5694 590 5749 in
627 5697 871 5753 conciliis
904 5695 1314 5752 Becanceldensi
1346 5698 1447 5752 sub
1475 5694 1634 5751 ﬁnem
1663 5695 1843 5750 saeculi
1868 5711 1955 5751 se-

387 5763 577 5831 ptimi,
615 5774 671 5820 et
717 5767 1105 5834 Celichitensi,
1145 5781 1267 5838 cap.
1312 5767 1367 5835 8,
1412 5765 1516 5822 sub
1562 5765 1776 5821 initium
1823 5767 1953 5822 noni

2051 3211 2249 3269 delicet
2274 3221 2329 3269 et
2361 3211 2576 3268 Domini
2601 3213 2774 3268 nostri
2801 3210 2928 3268 Jesu
2953 3210 3154 3266 Christi
3181 3225 3196 3265 :
3220 3218 3278 3264 et
3306 3209 3664 3265 translatum

2051 3312 2136 3359 est
2161 3316 2358 3374 corpus
2380 3303 2639 3374 martyris
2660 3301 2864 3358 Christi
2893 3301 3155 3358 Bonifacii
3187 3302 3239 3356 in
3267 3300 3451 3356 locum
3481 3296 3665 3373 quem

2048 3402 2450 3464 praeparaverat
2475 3395 2525 3449 ei
2553 3393 2717 3449 Pater
2745 3393 2900 3464 Eigil,
2930 3408 3038 3447 una
3067 3408 3190 3448 cum
3217 3392 3494 3448 fratribus
3521 3397 3664 3456 suis,

2051 3483 2196 3538 sicut
2243 3483 2298 3537 in
2351 3483 2594 3552 sequenti
2646 3483 2784 3537 libro
2830 3481 3272 3538 manifestissime
3322 3485 3665 3540 continetur

2052 3569 2204 3646 (Cap.
2240 3571 2350 3642 t7).
2380 3572 2439 3626 In
2477 3572 2815 3628 dedicatione
2859 3586 2991 3628 vero
3023 3573 3230 3642 templi,
3261 3572 3511 3643 populus
3563 3575 3660 3631 Dei

2051 3663 2373 3719 decantabat
2400 3663 2510 3718 Deo
2537 3663 2771 3728 laudem,
2805 3672 2861 3718 et
2892 3665 2946 3718 in
2983 3679 3080 3719 ore
3105 3679 3293 3719 eorum
3329 3664 3524 3721 dulcis
3575 3684 3660 3722 re-

2051 3753 2280 3808 sonabat
2305 3768 2489 3808 sonus.
2523 3752 2588 3807 Et
2617 3761 2736 3808 erat
2755 3751 3066 3821 jucunditas
3092 3770 3283 3826 magna
3307 3770 3364 3808 tu
3397 3757 3656 3811 ecclesia

2053 3845 2149 3900 Dei
2176 3845 2229 3900 in
2258 3845 2377 3915 ejus
2404 3845 2622 3899 nomine
2650 3852 2999 3916 congregata.

2125 3953 2212 4008 18.
2248 3951 2490 4021 Cumque
2530 3951 2696 4022 igitur
2723 3967 2861 4022 opus
2887 3952 2983 4007 Dei
3019 3951 3395 4022 perﬁceretur,
3445 3957 3665 4024 praesul

2054 4044 2383 4100 invitabatur
2411 4043 2478 4098 ad
2519 4059 2782 4110 mensam,
2821 4053 2881 4099 ut
2929 4045 3166 4101 refectus
3207 4045 3325 4102 cibo
3363 4048 3660 4117 spiritali,

2051 4144 2273 4204 propter
2299 4133 2666 4198 inﬁrmitatem
2695 4136 2940 4204 corporis
2971 4135 3284 4192 reﬁceretur
3322 4145 3380 4191 et
3409 4141 3660 4196 carnali.

2053 4225 2185 4296 Erat
2212 4225 2356 4280 enim
2391 4225 2462 4279 ibi
2492 4226 2558 4279 ad
2599 4240 2842 4280 mensam
2875 4227 3098 4281 recitata
3145 4226 3305 4282 lectio
3338 4225 3489 4298 legis
3526 4231 3658 4296 Dei,

2054 4325 2111 4371 et
2154 4316 2427 4370 interdum
2458 4315 2764 4370 intermista
2795 4317 3022 4384 quaestio
3049 4316 3333 4372 lectionis:
3366 4333 3484 4386 qua
3527 4337 3662 4376 sane

2053 4405 2326 4477 perlecta,
2367 4405 2649 4460 oriebatur
2682 4406 2825 4460 inter
2871 4421 2985 4471 eos,
3035 4407 3176 4463 sicut
3231 4417 3391 4462 erant
3448 4426 3661 4480 graves

1980 4497 2346 4567 Danimoque
2391 4495 2654 4565 insignes,
2705 4495 3070 4553 confabulatio
3113 4497 3417 4568 spiritalis;
3470 4489 3537 4556 et
3574 4503 3658 4557 di—

2056 4603 2227 4643 versae
2265 4586 2525 4642 utilitates
2555 4585 2907 4642 ecclesiarum
2947 4588 3042 4642 Dei
3083 4587 3468 4657 multipliciter
3506 4594 3658 4662 apud

2053 4693 2148 4735 eos
2193 4678 2508 4746 agebantur.
2539 4676 2670 4731 Post
2705 4676 3054 4732 refectionem
3099 4692 3229 4734 vero
3268 4690 3582 4749 surgentes
3627 4698 3658 4737 a

2056 4784 2241 4824 mensa
2269 4769 2520 4824 dixerunt
2541 4781 2759 4822 versum
2787 4786 2800 4822 :
2831 4775 2992 4836 atque
3018 4767 3143 4822 hinc
3169 4769 3505 4838 vespertinis
3535 4771 3657 4826 lau-

2055 4861 2211 4915 dibus
2239 4859 2542 4923 celebratis,
2579 4865 2635 4912 et
2662 4857 3014 4928 completorio
3053 4857 3224 4924 ﬁnito,
3271 4872 3470 4914 somno
3501 4864 3656 4933 capti

2055 4951 2393 5020 quieverunt.

2059 5079 2198 5151 apud
2241 5079 2656 5150 Spelmannum;
2707 5081 2936 5154 denique
2983 5081 3148 5137 etiam
3195 5081 3249 5137 in
3285 5079 3500 5137 Ordine
3541 5084 3654 5140 Ro-

2057 5160 2237 5205 11⁷1311οζ

2130 5221 2157 5260 b
2193 5220 2246 5274 Id
2295 5220 2493 5275 factum
2525 5235 2667 5274 anno
2703 5219 2828 5286 819,
2874 5228 3010 5276 teste
3039 5220 3261 5275 Rabano
3297 5220 3352 5274 in
3391 5225 3650 5279 carmine

2058 5288 2124 5343 ad
2155 5289 2491 5345 Hcilstulfum
2513 5332 2527 5355 ,
2574 5290 2795 5358 praeﬁxo
2832 5289 2985 5344 libris
3013 5292 3078 5346 de
3108 5291 3450 5346 Institutione
3481 5293 3651 5348 cleri-

2059 5375 2275 5424 corum,
2318 5375 2453 5430 quos
2481 5361 2528 5413 ei
2558 5359 2858 5430 dedicavit,
2877 5368 2931 5413 et
2970 5361 3185 5430 quidem
3227 5359 3487 5430 Kalendis
3536 5363 3646 5418 No-

2055 5429 2293 5483 vembris
2340 5428 2606 5483 dedicatio
2663 5430 2779 5483 hzec
2838 5428 3002 5484 facta'
3037 5429 3238 5485 dicitur
3281 5430 3336 5483 in
3388 5429 3644 5495 ejusdem

2059 5498 2266 5570 Babani
2295 5497 2696 5570 Martyrologio.
2722 5499 2875 5570 Diem
2895 5508 2950 5553 et
2978 5514 3178 5570 annum
3210 5499 3441 5570 signavit
3470 5503 3645 5557 etiam

2059 5567 2315 5642 {tabanus
2357 5569 2412 5622 in
2438 5566 2809 5642 '_den_o_tatione_
2858 5567 2949 5642 (ut
2976 5566 3170 5642 vocat)
3218 5566 3333 5642 ejus
3358 5570 3448 5642 rei
3488 5571 3642 5642 apud

2057 5637 2404 5760 Browserum,
2450 5638 2506 5693 in
2555 5637 2646 5693 lib.
2697 5654 2734 5693 ll
2783 5637 3180 5709 Antiquitatum
3239 5637 3640 5706 Fuldcnsiu‘m,

2057 5722 2173 5760 can.
2240 5744 2256 5760 .

2057 5722 2173 5778 cap.
2202 5722 2256 5761 ο.
