3838 6144
259 227 372 284 397

1803 220 1985 278 ἮΤΑ.

3409 230 3514 286 598

338 337 422 392 19.
462 334 648 390 Altera
695 347 908 405 quoque
963 334 1048 389 die
1070 375 1084 401 ,
1134 335 1267 390 duas
1312 332 1556 389 ecclesiae
1620 342 1837 404 cryptas
1863 335 1914 394 Α
1939 331 2150 387 nienter
2177 341 2496 402 coaptantur
2521 351 2533 388 :
2557 341 2616 390 ut
2635 335 2836 406 quique
2861 346 3053 408 quater
3075 338 3203 395 bina
3230 340 3347 397 ιιωο
3372 343 3514 398 dicta

269 427 599 482 Humhertus
637 425 1059 496 chorepisc0pus
1088 437 1113 465 ει
1137 425 1292 496 jussu
1338 425 1729 495 archiepiscopi
1762 425 1844 480 sul

271 516 520 573 Heistolﬁ
569 517 930 580 consecravit,
961 524 1123 586 atque
1149 531 1310 571 omne
1343 529 1477 584 opus
1504 515 1673 585 ipsius
1717 515 1841 580 diei,

270 609 447 664 divina
493 607 600 662 sibi
643 607 966 668 auctoritate
1006 606 1316 670 commissa,
1343 621 1467 660 cum
1501 619 1712 660 summa
1755 620 1846 660 re—

269 702 511 757 verentia
550 700 764 754 timoris
796 699 893 754 Dei
923 708 1231 754 reverenter
1270 697 1522 768 explevit.
1557 697 1722 769 Cujus
1765 699 1848 752 ni-

268 793 466 846 mirum
494 789 850 845 dedicationis
879 790 1040 854 diem,
1080 798 1306 859 tempus,
1337 805 1644 856 numerum,
1673 797 1728 844 et
1751 805 1846 845 an-

267 899 426 948 num,
475 881 635 937 simul
671 881 832 936 etiam
864 889 919 935 et
963 892 1271 935 sanctorum
1319 883 1563 948 nomina,
1615 899 1845 952 quorum

266 974 513 1043 reliquiae
553 971 749 1026 ibidem
778 970 1036 1039 plantata:
1066 978 1224 1036 sunt,
1269 970 1731 1041 disciplinabilitcr
1757 972 1847 1026 lit-

266 1063 400 1117 teris
448 1061 736 1115 inserendo
765 1059 1020 1113 Rabanus
1049 1060 1306 1129 magister
1329 1061 1356 1099 ι’
1387 1061 1660 1115 memoriae
1699 1076 1845 1115 com-

264 1154 561 1209 mendavit.
589 1153 713 1206 llaec
740 1151 902 1220 igitur
921 1159 1106 1205 saneta
1129 1158 1181 1206 et
1204 1151 1483 1207 salutifera
1505 1153 1846 1207 solemnitate

264 1252 517 1315 peracta,
547 1257 800 1296 reversus
820 1249 904 1296 est
927 1241 1167 1311 pontifex
1192 1249 1246 1296 et
1273 1243 1449 1297 omnis
1473 1243 1700 1314 populus
1720 1259 1848 1314 gau-

265 1336 398 1390 dens
427 1335 481 1388 in
513 1333 857 1387 tabernacula
884 1347 999 1386 sua.

331 1423 426 1477 9.0.
467 1423 630 1476 Pater
654 1437 892 1490 namque
917 1421 1228 1476 monasterii
1259 1421 1455 1477 dehinc
1483 1422 1716 1487 sedulus,
1751 1425 1845 1478 ad-

265 1514 484 1568 discens
510 1511 810 1567 communis
856 1512 981 1566 vitae
1012 1511 1224 1582 gaudia,
1255 1527 1377 1566 cum
1409 1513 1631 1567 consilio
1656 1521 1709 1566 et
1738 1512 1846 1566 fra-

261 1613 410 1658 trum
449 1619 718 1658 consensu
766 1603 1050 1660 ecclesiam
1090 1614 1111 1642 ο
1154 1612 1377 1674 parvam
1424 1605 1710 1661 aediﬁcavit
1751 1622 1844 1662 ro-

263 1696 526 1758 tundam,
573 1693 664 1748 ubi
715 1692 968 1749 defuncta
1014 1683 1242 1764 corpora
1292 1694 1520 1748 fratrum
1561 1697 1923 1766 sepulturazB

261 1785 467 1838 tradita
497 1783 862 1851 requiescunt,
887 1798 1050 1852 quam
1074 1784 1445 1838 caemeterium
1468 1794 1680 1858 vocant,
1707 1789 1849 1856 quod

255 1872 452 1927 Graece
484 1873 684 1927 dicit’ur
722 1878 1058 1947 κοιμητήριον,
1087 1872 1280 1926 Latine
1313 1889 1442 1927 vero
1465 1857 1848 1930 dormitorium

263 1963 682 2032 interpretatur.
711 1962 874 2032 Cujus
902 1963 1063 2017 etiam
1101 1961 1313 2017 aediﬁcii
1350 1970 1620 2018 structura
1661 1965 1848 2020 subtus

258 2059 504 2118 terram,
551 2055 641 2108 ubi
682 2055 932 2124 pervium
978 2054 1171 2109 circuit
1225 2063 1475 2132 antrum,
1517 2056 1586 2111 ab
1618 2072 1723 2110 una
1758 2072 1848 2112 co-

253 2143 454 2197 lumna
487 2143 696 2214 lapidea
724 2147 775 2199 in
808 2145 986 2200 medio
1013 2146 1208 2214 posita,
1234 2146 1467 2200 arcubus
1491 2147 1618 2201 hinc
1644 2155 1696 2202 et
1727 2148 1848 2202 inde

256 2235 327 2288 in
355 2237 596 2291 eamdem
629 2239 1041 2309 compaginatis,
1086 2239 1331 2296 valenter
1375 2242 1650 2311 exsurgit:
1687 2258 1846 2312 supra

257 2342 401 2383 vero
447 2329 658 2384 octonis
699 2329 998 2401 subrigitur
1026 2329 1310 2397 columnis,
1353 2331 1599 2404 atquein
1623 2333 1846 2390 summi-
1885 2377 1893 2384 .

256 2426 384 2473 late
421 2421 602 2489 operis
649 2419 826 2490 lapide
873 2422 1215 2477 concluditur
1249 2439 1375 2478 uno.
1426 2425 1537 2480 lloc
1583 2425 1845 2495 siquidem

255 2510 550 2566 :cdiﬁcium
593 2511 754 2566 Pater
785 2513 888 2569 iste
933 2516 1275 2571 venerandus
1321 2531 1385 2572 ac
1427 2533 1585 2588 supra
1614 2534 1849 2574 comme-

263 2614 514 2659 znoratus
567 2605 824 2675 magister
869 2622 991 2660 cum
1046 2608 1228 2674 sociis,
1272 2610 1454 2664 nescio
1489 2610 1615 2679 quid
1666 2610 1847 2681 magni

271 2692 558 2761 ﬁngentes,
587 2695 770 2750 divino
796 2697 1110 2766 magisterio
1137 2698 1302 2764 docti,
1335 2701 1476 2769 quod
1505 2709 1682 2755 tamen
1712 2701 1845 2771 ipse,

260 2783 418 2838 salva
443 2783 571 2849 ﬁde,
603 2784 805 2839 Christi
833 2793 887 2839 et
915 2785 1171 2841 Ecclesia:
1198 2795 1328 2858 puto
1352 2790 1662 2860 prmsignari
1688 2805 1849 2859 posse

261 2876 515 2948 ﬁguram.
558 2877 758 2932 Paulus
788 2894 1021 2947 namque
1068 2880 1360 2948 apostolus,
1394 2882 1485 2950 qui
1514 2890 1569 2935 et
1609 2883 1724 2951 ipse
1753 2898 1848 2938 vas

259 2966 548 3020 electionis
579 2983 612 3020 a
638 2967 865 3022 Domino
910 2969 1228 3038 appellatur,
1263 2970 1328 3025 de
1365 2971 1604 3026 Ecclesia
1647 2971 1848 3029 Christi

1945 416 2073 476 Jesu
2111 422 2463 492 complentes,
2494 424 2551 478 in
2599 424 2702 479 hac
2744 425 2970 482 ecclesia
3017 427 3220 486 Christi
3250 440 3521 487 sustenta-

1941 509 2069 564 cula
2113 519 2423 566 mereantur
2467 513 2670 568 haberi.
2701 513 2948 572 Circulus
2978 533 3108 574 vero
3133 518 3396 588 ecclesiaa,
3429 525 3522 592 qui

1947 597 2092 653 nullo
2137 598 2243 654 ﬁne
2282 601 2628 668 terminatur,
2673 603 2902 661 interius
2951 607 3157 665 habens
3199 613 3519 683 compendia

1946 689 2089 755 vitaz,
2131 692 2183 747 id
2229 701 2314 747 est
2357 693 2538 748 divina
2580 705 2936 763 sacramenta,
2970 715 3194 770 regnum
3245 714 3519 774 perpetua:

1946 778 2245 848 majestatis
2263 788 2317 835 et
2337 796 2487 850 spem
2504 783 2630 837 vita:
2656 793 2872 842 mternae
2897 803 2962 844 ac
2989 793 3210 869 praemia
3238 811 3515 853 mansura.

1945 867 2140 937 quibus
2159 868 2295 938 justi
2322 873 2515 927 merito
2539 887 2869 933 coronantur
2891 881 2947 934 in
2972 867 3166 950 aavtun,
3194 901 3302 942 non
3331 889 3517 944 incon-

1945 974 2078 1028 grue
2103 960 2408 1029 significare
2433 963 2665 1018 videtur.

2013 1092 2104 1146 2i.
2145 1092 2258 1148 Hoc
2295 1093 2458 1164 igitur
2474 1098 2739 1166 templum
2769 1105 2912 1170 quod
2943 1106 3044 1162 iste
3070 1109 3153 1164 vir
3178 1121 3516 1175 venerandus

1943 1201 2070 1240 cum
2109 1202 2304 1258 magno
2352 1189 2570 1257 pietatis
2616 1207 2801 1248 amore
2852 1203 3176 1268 construxit,
3228 1205 3518 1266 Heistolfus

1944 1276 2398 1348 Moguntiacensis
2451 1280 2706 1337 Ecclesia:
2764 1287 2962 1354 praesul
2991 1329 3006 1353 ,
3066 1289 3331 1365 Turingea
3390 1316 3518 1355 rura

1945 1369 2234 1434 transiens,
2265 1370 2535 1426 dedicavit
2560 1372 2616 1427 in
2657 1375 2919 1431 honorem
2954 1378 3165 1436 Domini
3191 1389 3359 1442 nostri
3389 1389 3514 1446 Jesu

1943 1456 2144 1513 Christi
2169 1467 2224 1513 et
2257 1463 2428 1515 sancti
2457 1462 2732 1519 Michaelis
2758 1467 3063 1539 archangeli
3093 1471 3313 1541 Christi,
3346 1486 3402 1532 et
3437 1496 3521 1534 rc-

1942 1547 2250 1619 liquorum:
2285 1549 2441 1620 cujus
2475 1553 2826 1611 dedicationis
2856 1559 3206 1620 nihilominus
3235 1567 3396 1635 diem,
3427 1589 3519 1625 nn-

1949 1657 2179 1708 merum,
2226 1651 2462 1714 tempus,
2504 1655 2558 1701 et
2595 1663 2826 1716 annum,
2858 1653 3166 1725 pariterque
3206 1670 3516 1718 sanctorum

1949 1737 2188 1803 nomina,
2213 1753 2444 1807 quorum
2470 1741 2710 1812 reliquiae
2734 1743 2928 1799 ibidem
2955 1748 3184 1803 condita:
3208 1760 3353 1817 sunt,
3378 1754 3516 1808 idem

1947 1827 2205 1897 magister
2247 1829 2340 1899 qui
2373 1845 2554 1899 supra,
2607 1832 2865 1897 versibus,
2907 1842 2961 1888 et
2997 1851 3156 1904 prosa
3182 1837 3208 1877 ά
3248 1839 3518 1911 eleganter

1945 1917 2233 1985 expressit,
2263 1919 2402 1973 sicut
2443 1936 2678 1990 sequens
2721 1923 2972 1978 volumen
3022 1926 3306 1998 diligenter
3339 1931 3516 2001 legen-

1945 2006 2086 2062 tibus
2111 2009 2244 2064 satis
2269 2011 2550 2066 evidenter
2574 2013 2828 2069 ostendit.

2013 2154 2102 2210 2‘2.
2141 2157 2432 2228 Postquam
2479 2175 2610 2216 vero
2662 2163 2775 2218 hare
2812 2179 2932 2234 qua:
2977 2169 3045 2223 ad
3081 2169 3284 2226 cultum
3346 2175 3514 2229 divini

1943 2247 2123 2315 operis
2146 2250 2486 2317 pertinebant
2507 2253 2610 2307 hoc
2630 2255 2791 2310 modo
2813 2260 3225 2328 peragebantur,
3256 2263 3346 2318 hic
3371 2265 3511 2321 idem

1947 2341 2281 2399 venerandus
2310 2342 2416 2409 vir,
2454 2342 2579 2402 licet
2615 2343 2730 2416 jam
2769 2349 2918 2406 senio
2954 2353 3254 2426 morboque
3291 2358 3516 2416 tricatus

1948 2431 2216 2498 lassasset,
2251 2442 2431 2490 tamen
2460 2436 2752 2495 claustrum
2783 2446 3092 2500 monasterii
3123 2462 3188 2501 ex
3224 2465 3362 2505 novo
3389 2467 3518 2506 con-

1946 2531 2154 2580 struere
2204 2527 2477 2596 cogitavit.
2529 2529 2805 2586 Vocantur
2847 2535 2914 2589 ad
2957 2536 3242 2592 consilium
3297 2538 3514 2597 fratres.

1946 2611 2241 2678 Quaesitum
2271 2624 2358 2670 est
2394 2618 2449 2671 in
2487 2633 2594 2688 quo
2636 2620 2754 2675 loco
2800 2623 3086 2680 aediﬁcatio
3116 2627 3341 2684 claustri
3390 2646 3519 2686 con-

1946 2707 2226 2774 gruentius
2252 2706 2514 2776 potuisset
2555 2711 2770 2780 aptari:
2805 2713 3026 2782 quidam
3053 2715 3317 2773 dederunt
3343 2723 3520 2776 consi-

1946 2795 2111 2861 lium,
2157 2806 2347 2853 contra
2399 2810 2606 2870 partem
2641 2803 2997 2860 meridianam
3047 2807 3314 2876 basilica},
3363 2810 3519 2880 juxta

1945 2901 2156 2942 morem
2197 2888 2425 2957 prioris;
2476 2893 2696 2961 quidam
2742 2903 2954 2964 autem,
2999 2895 3245 2955 Romano
3286 2916 3436 2958 more
3471 2914 3516 2967 ε,

1943 2987 2134 3034 contra
2161 2980 2371 3052 plagam
2408 2985 2794 3042 occidentalem
2824 2989 2994 3045 satius
3022 2992 3148 3062 poni
3181 2993 3520 3062 conﬁrmant,

262 3070 337 3109 ex
372 3055 643 3126 lapidibus
671 3058 829 3122 vivis,
871 3059 974 3113 hoc
1011 3068 1094 3112 est
1126 3061 1327 3115 sanctis
1372 3062 1678 3118 hominibus
1705 3079 1850 3118 com-
1875 3047 1919 3109 C
1950 3047 2181 3144 propter:
2211 3047 2545 3133 vicinitatem
2600 3082 2889 3153 martyris,
2935 3047 3040 3153 qui‘
3076 3085 3130 3140 in
3174 3100 3237 3141 ea
3282 3047 3520 3145 basilica;

269 3150 546 3218 paginata,
576 3149 719 3218 quod
748 3151 818 3204 sit
845 3150 1208 3205 habitaculum
1238 3151 1353 3218 Dei,
1379 3153 1491 3208 suis
1517 3155 1852 3210 auditoribus

270 3239 556 3294 manifeste
583 3228 960 3309 pronuntians,
996 3243 1107 3296 ait:
1142 3241 1407 3313 Templum
1437 3247 1575 3297 enim
1600 3245 1698 3299 Dei
1727 3263 1852 3301 san-

266 3340 411 3382 ctum
459 3341 531 3383 est
583 3331 721 3401 quod
751 3332 873 3384 estis
919 3348 1006 3386 vos
1039 3330 1092 3402 (Ι
1121 3331 1242 3385 Cor.
1270 3331 1373 3403 in).
1422 3332 1584 3403 Cujus
1633 3343 1852 3390 tectura:

268 3420 520 3488 princeps
560 3429 616 3474 et
650 3421 904 3474 conditor
930 3429 1012 3475 est
1051 3419 1298 3476 Christus
1327 3420 1500 3487 Jesus,
1531 3422 1849 3478 fundamen-

273 3518 384 3561 tum
413 3510 624 3563 scilicet
657 3509 1012 3580 columnaque
1046 3525 1272 3564 maneus
1311 3527 1526 3582 semper
1561 3513 1851 3569 immobilis

268 3609 546 3668 perpetuze
593 3601 894 3670 majestatis
934 3603 1168 3658 virtute:
1210 3603 1265 3657 in
1307 3619 1414 3672 quo
1457 3605 1634 3660 omnis
1681 3606 1850 3659 aediﬁ-

271 3690 414 3743 catio
439 3698 750 3744 constructa
781 3691 981 3746 crescit
1009 3691 1063 3744 in
1096 3692 1354 3761 templum
1387 3703 1632 3749 sanctum
1664 3695 1717 3749 in
1749 3695 1850 3750 Do-

274 3780 436 3834 mino.
468 3779 607 3846 Quid
635 3795 765 3836 vero
801 3782 1069 3853 significet
1114 3783 1217 3838 hoc
1243 3786 1388 3853 quod
1422 3786 1476 3839 in
1507 3802 1720 3842 summo
1745 3804 1852 3842 uno

270 3865 449 3937 lapide
479 3869 637 3924 istius
680 3871 894 3926 aediﬁcii
930 3872 1194 3941 perfectio
1239 3887 1664 3942 consummatur,
1710 3878 1851 3933 idem

275 3959 466 4014 doctor
495 3961 756 4028 insinuat,
788 3965 878 4032 qui
908 3980 1006 4018 nos
1034 3965 1241 4020 intenta
1279 3975 1459 4023 mente
1487 3969 1644 4024 docet
1671 3985 1851 4038 orare,

273 4057 334 4102 ut
364 4049 475 4112 ille,
518 4052 610 4120 qui
653 4053 818 4122 coepit
849 4054 902 4108 in
948 4056 1104 4110 nobis
1149 4071 1283 4125 opus
1333 4059 1562 4128 bonum,
1608 4061 1854 4130 perficiat

272 4155 448 4209 usque
492 4141 546 4194 in
577 4142 717 4196 diem
758 4143 957 4198 Christi
1002 4143 1130 4200 Jesu
1173 4146 1427 4219 (Philipp.
1472 4151 1543 4221 ι),
1588 4161 1854 4220 quatenus

271 4241 466 4284 cuncta
495 4235 737 4301 operatio
761 4247 945 4291 nostra
972 4253 1004 4291 a
1032 4238 1143 4293 Deo
1170 4255 1383 4308 semper
1407 4243 1649 4312 incipiat,
1677 4253 1732 4299 et
1759 4259 1856 4314 per

272 4336 398 4376 eum
441 4331 620 4392 empta
657 4323 895 4380 ﬁniatur.
946 4327 1081 4382 Octo
1125 4329 1288 4400 igitur
1331 4331 1593 4388 columna:
1641 4335 1696 4388 in
1752 4336 1855 4389 hoc

271 4411 474 4480 templo
525 4411 739 4468 Domini
795 4424 1002 4472 stantes
1055 4393 1180 4473 octo
1226 4420 1677 4490 beatitudinibus,
1717 4393 1932 4494 quasD

272 4502 389 4572 ipse
431 4504 691 4560 Dominus
733 4507 787 4560 in
835 4509 1126 4579 Evangelia
1173 4513 1614 4581 comprehendit,
1661 4531 1858 4572 conve-

346 4671 373 4742 ξ
405 4659 596 4742 ΔΞίςιιξιιι
623 4664 1003 4742 coepiscopus;
1037 4683 1162 4742 nam
1197 4667 1857 4742 boc‘locogintelligendus

272 4729 489 4808 videtur
520 4729 845 4808 Humbe'rtus
874 4729 1352 4808 Wir’taiburgensis
1390 4729 1693 4808 episcopus,
1743 4744 1856 4798 Mo-

273 4799 487 4880 guntini
518 4802 905 4880 archiepisc0pi
949 4799 1342 4880 suff'raga'neus,
1373 4799 1463 4877 qui
1491 4799 1714 4880 rogante
1747 4812 1855 4866 Ra-

276 4871 426 4944 bano
452 4869 722 4944 reliquias
768 4869 1065 4944 martyrum
1116 4869 1407 4933 transtulit'
1437 4880 1488 4933 in
1524 4869 1851 4937 monasterio

277 4933 642 5016 llolakiricha,
675 4949 808 5016 teste
836 4933 1056 5016 flabano
1079 4945 1131 4998 in
1163 4946 1547 5016 epigrammate
1569 4933 1853 5005 63.7Vllumv-

275 5004 432 5060 berto
478 5009 731 5087 episc0po
767 5011 1020 5068 Rabanus
1064 5004 1280 5087 scripsit
1306 5019 1584 5087 epistolam
1618 5021 1722 5074 hoc
1763 5004 1852 5074 ar-

276 5085 556 5154 gumento,
581 5079 636 5132 in
662 5089 820 5154 quota
846 5079 1189 5152 generatione
1218 5079 1414 5140 licitum
1443 5089 1508 5140 sit
1537 5090 1852 5143 connubium

275 5151 865 5218 ingrfomanyuineos.

349 5211 375 5292 ξ’
410 5211 948 5292 Egstantihi‘versus
989 5222 1132 5276 inter
1155 5231 1402 5292 poemata
1431 5225 1664 5292 Rabani,
1694 5229 1766 5281 uti
1797 5237 1852 5283 et

277 5281 370 5337 alii
393 5285 459 5363 de
481 5285 857 5363 benedictione
881 5281 1197 5363 cmmeteri'i,
1228 5294 1294 5347 de
1322 5310 1428 5363 quo
1455 5295 1613 5348 infra.

349 5363 373 5392 ε
413 5355 721 5412 Oratorium
749 5359 932 5414 Sancti
957 5357 1178 5417 Joannis
1203 5362 1257 5415 in
1281 5355 1593 5420 etiameterio
1623 5363 1851 5420 fratrum

277 5419 463 5497 itidem
514 5429 758 5497 construi
796 5429 961 5497 jussit
1008 5431 1330 5486 Benedictus
1371 5433 1538 5487 abbas
1577 5419 1852 5490 ’Anianenﬁ-i-

278 5491 370 5544 sis.
411 5494 477 5547 Et
527 5496 616 5572 hic
664 5491 1020 5572 mos'ordinis
1061 5503 1235 5555 nostri
1281 5511 1430 5566 erat,
1477 5513 1536 5556 ut
1579 5505 1851 5572 peculiare

279 5567 651 5681 cfmeterium
707 5569 1000 5624 haberetur
1055 5587 1178 5626 cum
1238 5573 1435 5627 sacello
1493 5567 1643 5628 ext—ra
1702 5575 1850 5627 clau-

279 5639 306 5681 ε
334 5645 468 5681 rum.

278 5639 468 5686 Strum.

1949 3171 2102 3232 parte
2129 3165 2396 3234 quiescit:
2425 3184 2654 3237 quorum
2683 3172 2909 3227 consilio
2937 3187 3218 3229 assensum
3243 3176 3520 3244 prmbuerc

1948 3253 2192 3322 priores;
2235 3259 2596 3313 concordabat
2641 3262 2989 3318 nihilominus
3025 3273 3082 3319 et
3126 3266 3333 3335 reliqua
3388 3283 3518 3338 pars

1949 3340 2200 3396 fratrum.
2233 3344 2436 3416 Quibus
2472 3363 2599 3402 vero
2635 3349 2707 3402 ita
2753 3350 2807 3402 in
2838 3366 2999 3405 unum
3043 3355 3374 3423 coadunatis,
3405 3366 3522 3413 ten-

1949 3431 2175 3486 de‘batur
2209 3435 2393 3488 statim
2436 3451 2686 3492 mensura
2730 3424 3299 3514 laboris,'elfossaque
3347 3455 3516 3511 terra.

1949 3524 2128 3592 operis
2158 3526 2400 3596 magistri
2437 3537 2832 3599 consequenter
2855 3530 3202 3590 fundamenta
3226 3540 3517 3606 ponebant.

1949 3615 2080 3670 Erat
2105 3617 2247 3671 enim
2279 3618 2332 3673 in
2362 3619 2463 3675 hoc
2490 3635 2673 3690 opere,
2697 3631 2753 3677 et
2778 3638 2883 3677 non
2907 3623 3078 3679 solum
3106 3626 3160 3681 in
3185 3628 3302 3694 hoc,
3330 3645 3519 3686 verum

1951 3709 2115 3763 etiam
2149 3711 2206 3765 in
2234 3713 2484 3769 omnibus
2519 3715 2840 3771 utilitatibus
2868 3719 3184 3774 monasterii
3227 3736 3328 3790 par
3367 3738 3517 3787 cura,

1951 3799 2220 3868 voluntas,
2252 3817 2316 3857 ac
2358 3805 2595 3859 studium
2627 3804 2884 3861 fratribus
2912 3815 2966 3861 et
3014 3807 3216 3865 abbati.
3255 3811 3524 3868 Audiebat

1950 3891 2094 3944 enim
2143 3891 2378 3948 libenter
2427 3896 2708 3949 censilium
2769 3897 3031 3965 fratrum,
3068 3907 3124 3954 et
3172 3915 3360 3957 eorum
3410 3903 3524 3959 col-

1953 3981 2312 4040 locutionibus
2371 3987 2662 4054 saepissime
2731 3987 3026 4044 fruebatur.
3097 3989 3316 4048 Sciebat
3377 3995 3521 4048 enim

1953 4073 2213 4143 scriptum
2260 4092 2272 4128 :
2321 4073 2510 4129 Omnia
2559 4077 2646 4145 fac
2693 4094 2810 4130 cum
2860 4078 3076 4132 consilio
3130 4080 3321 4151 (Prov.
3368 4083 3520 4154 xm).

1951 4161 2128 4231 Atque
2173 4164 2294 4218 ideo
2323 4179 2429 4218 non
2468 4179 2525 4219 se
2550 4165 2914 4220 sublimiorem
2935 4207 2949 4232 ,
2993 4183 3092 4221 nec
3121 4170 3523 4237 prudentiorem

1954 4252 2162 4306 caeteris
2188 4253 2522 4319 aestimabat,
2562 4270 2736 4323 neque
2779 4257 2943 4310 etiam
2973 4257 3121 4312 inani
3166 4266 3378 4314 tumore
3409 4268 3524 4316 tra-

1955 4343 2137 4396 ctabat
2165 4357 2225 4396 se
2252 4342 2618 4398 consolatione
2647 4342 2831 4415 [Forte
2854 4346 3273 4420 consultatione]
3300 4349 3524 4406 alterius

1956 4445 2062 4485 non
2099 4444 2275 4500 egere.
2319 4430 2570 4485 Attamen
2613 4433 2659 4487 si
2689 4434 3011 4504 quandoque
3058 4435 3239 4492 minus
3281 4439 3522 4507 prudens

1954 4521 2012 4576 in
2062 4521 2328 4592 aliquibus
2377 4523 2629 4589 errabat,
2681 4523 2784 4578 hoc
2830 4525 3000 4596 magis
3058 4527 3283 4583 aliorum
3328 4529 3522 4598 minus

2025 4672 2053 4712 ἀ
2094 4673 2396 4749 Utrumque
2423 4672 2590 4749 refert
2617 4673 2904 4749 Browerus
2944 4676 2998 4731 in
3016 4676 3116 4749 lib.
3147 4695 3208 4744 ιι,
3237 4694 3356 4749 cap.
3385 4679 3442 4746 5,
3473 4682 3525 4736 in

1956 4757 2116 4814 prosa
2142 4742 2401 4814 :tAnno
2439 4743 2829 4800 incarnationis
2873 4747 3166 4803 Dominica:
3194 4742 3342 4814 θεέ,
3389 4742 3528 4805 indi-

1959 4813 2138 4867 ctione
2166 4812 2252 4876 15,
2284 4812 2588 4867 dedicatum
2631 4823 2714 4868 est
2751 4815 2854 4870 hoc
2889 4819 3256 4873 conneterium
3285 4812 3354 4875 ab
3383 4820 3529 4876 Heil-

1959 4882 2119 4955 stolfo
2146 4882 2553 4955 archiepiscopo
2581 4882 3034 4955 Moguntiacensis
3061 4887 3317 4944 Ecclesiae
3345 4905 3529 4944 mense

1959 4899 2119 4937 StOllO
2146 4899 2331 4937 arente
2373 4899 2553 4952 tscopo
2581 4899 3034 4955 mogunuacenszs
3061 4899 3317 4944 Ecclesiae
3345 4905 3527 4944 mense

1957 4951 2080 5005 Jan.
2108 4968 2240 5006 xvm
2291 4899 2373 5007 Kl).
2422 4951 2580 5006 Febr.
2625 4953 2680 5007 in
2724 4954 2983 5010 honorem
3032 4959 3206 5012 sancti
3254 4959 3527 5014 Michaelis

1959 5021 2267 5094 archangeli
2320 5030 2376 5076 et
2423 5022 2605 5094 sancti
2650 5022 2875 5079 Joannis
2940 5028 3308 5094 evangelistaz,
3356 5030 3524 5083 sancti

1956 5091 2170 5145 Abundi
2210 5092 2482 5160 martyris,
2513 5101 2569 5145 et
2613 5095 2783 5148 sancti
2811 5094 3038 5150 Amandi
3080 5091 3429 5160 confessoris,
3475 5108 3528 5151 et

1957 5161 2183 5236 aliorum
2233 5160 2586 5236 plurimorum
2637 5171 2948 5236 sanctorum
3014 5176 3310 5236 martyrum
3360 5174 3523 5233 atque

1957 5230 2325 5284 confessorum
2368 5230 2590 5284 Christi.
2615 5251 2632 5282 ι
2667 5233 2942 5288 Renovato
2983 5230 3220 5289 oratorio
3259 5234 3400 5288 facta
3435 5230 3527 5287 'est

1959 5302 2064 5355 alia
2105 5300 2371 5354 dedicatio
2397 5316 2427 5352 a
2468 5299 2751 5370 Foleramo
2778 5303 3038 5358 Mindensi
3088 5306 3338 5370 episcopo
3381 5317 3524 5355 anno

1961 5371 2129 5433 1092,
2174 5386 2226 5424 ιγ
2275 5371 2411 5424 Non.
2459 5369 2795 5436 Decembris,
2841 5383 3064 5442 rogante
3099 5369 3378 5426 Rulliardo
3423 5373 3518 5427 ab-
3559 5373 3566 5388 ‘

1959 5443 2023 5495 ba
2035 5450 2099 5496 te.

2032 5522 2056 5549 θ
2080 5509 2216 5581 Nota
2241 5525 2442 5564 morem
2471 5511 2750 5581 antiquum
2773 5509 3022 5565 Italorum
3047 5509 3358 5568 obvertendi
3385 5514 3536 5570 elau-

1892 5569 1934 5594 "
1959 5588 2070 5635 stra
2099 5580 2170 5634 ad
2193 5581 2546 5636 occidentem.
