3838 6144
348 368 454 429 399

1439 356 1495 411 S.
1539 354 1781 411 ElGlLlS
1820 344 2111 409 ABBKTIS
2150 348 2535 409 FULDENSIS

3517 344 3636 400 ιυο

348 478 695 556 prudentium
740 472 1140 533 introductione
1164 485 1326 541 quam
1358 469 1576 540 propria
1619 469 1930 523 inventione
1959 471 2010 531 Α
2036 466 2231 521 fratres
2269 464 2368 519 sibi
2401 456 2632 518 invicem
2672 458 2933 526 serviant,
2973 455 3128 530 longe
3162 458 3325 529 positi
3373 472 3482 513 non
3514 458 3644 516 dis—

352 570 620 643 concepit.

421 709 511 762 23.
553 705 819 772 Dil':g:bat
857 718 988 772 ergo
1019 700 1218 754 fratres
1246 713 1394 763 suos,
1427 699 1566 753 sicut
1594 707 1781 752 sancta
1827 696 1931 749 Re-

348 799 473 870 gula
507 798 665 850 docet
705 792 857 863 (Reg.
886 791 944 845 S.
972 790 1193 854 Bened.,
1223 806 1339 860 cap.
1362 790 1444 857 2),
1468 798 1525 843 et
1551 788 1785 843 maxime
1814 787 1936 840 illos

350 905 492 960 (pios
524 889 577 943 in
612 886 708 942 Dei
735 877 959 940 servitio
987 893 1156 953 atque
1185 882 1367 937 divina
1397 881 1631 937 lectione
1662 880 1936 935 studiosos

347 995 472 1038 esse
502 977 776 1049 cognovit.
809 976 957 1030 inter
985 988 1122 1043 quos
1151 987 1284 1028 sane
1312 988 1400 1027 me
1438 973 1637 1042 ipsum,
1684 972 1933 1040 quamvis

348 1071 631 1140 indignum
661 1074 718 1122 ct
744 1066 995 1120 ultimum
1028 1077 1311 1118 servorum
1340 1061 1437 1115 Dei
1473 1076 1717 1123 servum,
1752 1067 1935 1115 tamen

351 1163 440 1233 pio
469 1158 648 1213 Patris
694 1154 886 1211 affectu
937 1154 991 1207 in
1035 1168 1189 1207 suam
1236 1149 1660 1207 familiaritatem
1699 1157 1755 1205 et
1801 1166 1935 1220 gau—

351 1252 500 1305 dium
555 1247 784 1302 introire
835 1242 1123 1297 concessit.
1185 1240 1613 1320 Disputationem
1658 1248 1683 1276 ι
1723 1253 1938 1308 quoque

352 1341 548 1412 stupius
576 1352 702 1394 cum
736 1334 962 1390 Rabano
1012 1332 1291 1403 magistro,
1322 1331 1413 1401 qui
1456 1332 1506 1386 ei
1551 1340 1673 1385 erat
1715 1331 1934 1400 speciali

355 1430 727 1487 familiaritate
772 1438 1080 1488 connexus,
1125 1423 1358 1492 excepit.
1406 1421 1474 1477 Et
1520 1419 1837 1491 frequenter
1882 1422 1934 1476 in

354 1519 705 1592 disputando,
734 1517 803 1573 ad
828 1516 936 1571 hoc
960 1514 1297 1570 solummodo
1321 1528 1421 1569 nos
1446 1528 1568 1568 cum
1596 1512 1711 1583 ipso
1737 1512 1793 1567 in
1822 1510 1939 1579 ejus

351 1612 639 1686 praesentia
680 1610 990 1674 concitavit,
1016 1616 1077 1663 ut
1104 1606 1399 1663 secundum
1426 1606 1752 1662 sententiam
1781 1605 1939 1661 Salo-

353 1705 552 1769 monis,
577 1702 803 1757 andiens
831 1700 1070 1770 sapiens,
1100 1694 1400 1767 sapientior
1421 1694 1727 1751 efficeretur
1752 1696 1934 1764 (Prov.

354 1794 415 1865 ι).
456 1793 614 1849 Omni
663 1806 876 1861 quoque
919 1788 1188 1843 industria
1224 1795 1280 1842 et
1314 1786 1609 1858 sagacitate
1653 1784 1942 1841 laborabat
1969 1820 2017 1879 Β

353 1896 412 1941 ιιι
435 1901 649 1959 gregem
673 1883 777 1939 sibi
802 1881 1177 1945 commissum,
1204 1879 1386 1934 divina
1414 1877 1714 1949 Opitulante
1736 1878 1933 1949 gratia,

352 1980 405 2033 in
444 1978 539 2032 Dei
582 1971 805 2032 servitio
837 1972 1157 2028 custodiret.
1207 1967 1424 2025 Nullum
1463 1969 1567 2024 zeli
1615 1968 1701 2024 vel
1752 1969 1941 2024 livoris

352 2066 476 2124 dolo
497 2066 946 2141 persequebatur,
971 2080 1072 2120 nec
1092 2078 1419 2135 quemquam
1443 2078 1609 2134 prava
1635 2062 1943 2133 suspicione

353 2159 633 2230 fatigabat,
664 2171 839 2226 neque
886 2161 1150 2226 perpetuo
1195 2152 1596 2208 exterminabat
1633 2150 1779 2206 odio.
1813 2149 1941 2205 Fuit

353 2252 558 2322 quippe
596 2249 651 2303 in
681 2249 872 2304 diebus
914 2244 1033 2315 ejus
1068 2244 1336 2300 fratribus
1364 2259 1489 2314 pax,
1533 2257 1629 2299 cor
1669 2258 1839 2298 unum
1886 2251 1942 2298 et

356 2342 539 2395 anima
567 2354 675 2393 una
700 2339 755 2393 in
792 2336 934 2402 Deo;
964 2351 1066 2391 nec
1105 2343 1226 2390 erat
1254 2335 1345 2406 qui
1377 2334 1725 2405 perturbaret
1753 2348 1944 2389 mona-

354 2431 582 2485 sterium
630 2428 684 2483 in
735 2435 844 2481 tam
896 2425 1202 2482 delectabili
1256 2425 1549 2481 concordia
1599 2426 1937 2480 roboratum.

354 2518 685 2577 Obedientize
714 2518 912 2571 bonum
941 2530 1049 2570 non
1082 2516 1257 2571 solum
1287 2516 1488 2581 abbati,
1517 2516 1610 2571 sed
1637 2524 1693 2570 et
1722 2516 1827 2571 sibi
1855 2517 1938 2571 in-

353 2613 528 2668 vicem
558 2625 681 2667 cum
728 2623 943 2664 summa
973 2608 1277 2664 reverentia
1307 2607 1566 2663 exhibere
1609 2607 1939 2678 gaudebant,

356 2703 598 2760 scientes
648 2715 708 2756 se
755 2714 853 2769 per
899 2698 1044 2754 hanc
1094 2698 1417 2754 obedientite
1460 2699 1606 2753 viam
1652 2699 1827 2763 ituros
1874 2699 1944 2754 ad

353 2795 546 2851 Deum.
577 2792 724 2848 Adeo
748 2791 892 2847 enim
924 2790 1011 2845 hic
1039 2790 1364 2846 venerabilis
1391 2791 1477 2845 vir
1519 2805 1707 2861 sospes
1735 2798 1793 2845 et
1820 2789 1940 2844 ala-

354 2901 451 2944 cer
491 2886 547 2940 in
592 2885 697 2939 hoc
740 2890 993 2951 suscepto
1023 2881 1285 2953 regimine
1313 2896 1485 2952 usque
1514 2882 1583 2937 ad
1620 2881 1784 2936 ﬁnem
1818 2881 1945 2935 vitae

354 2992 469 3035 sua:
512 2972 863 3047 perdurahat,
896 2980 957 3027 ut
992 2986 1270 3041 nunquam
1303 2971 1379 3025 illi
1424 2971 1794 3042 congregatio,
1840 2983 1943 3024 nec

356 3068 451 3124 ille
489 3063 899 3136 congregationi
964 3063 1355 3116 monachorum
1404 3060 1570 3114 ullam
1635 3060 1940 3115 molestiam

328 3144 329 3153 ‘
357 3155 782 3232 perturbationis
808 3155 1083 3209 videretur
1120 3152 1342 3209 inferre.
1374 3152 1528 3220 Quod
1573 3152 1697 3207 ideo
1739 3152 1941 3206 mirum
1970 3172 2015 3233 ρ

358 3267 468 3308 non
488 3258 598 3316 est,
620 3250 767 3320 quia,
788 3255 849 3302 ut
875 3261 1034 3317 supra
1059 3246 1263 3301 dictum
1283 3253 1389 3311 est,
1414 3253 1533 3300 erat
1556 3244 1635 3300 eis
1657 3260 1752 3300 cor
1776 3261 1942 3300 unum

357 3353 412 3399 et
434 3342 615 3398 anima
642 3355 749 3395 una
775 3338 832 3394 in
860 3337 987 3392 Deo.

425 3475 518 3529 24.
548 3473 649 3528 llic
672 3485 907 3543 quoque,
936 3471 1078 3526 sicut
1108 3484 1322 3541 semper
1352 3468 1534 3527 facere
1564 3478 1939 3536 consueverat,

357 3583 481 3623 eum
510 3566 734 3621 consilio
759 3574 815 3620 et
846 3578 1114 3620 consensu
1145 3562 1373 3617 fratrum
1405 3578 1628 3617 suorum
1660 3562 1945 3618 constituit

359 3668 521 3728 atque
553 3658 795 3712 decrevit
847 3665 907 3709 ut
959 3655 1159 3709 fratres
1204 3655 1295 3724 qui
1343 3663 1496 3709 extra
1551 3655 1940 3709 monasterium

360 3747 662 3803 ministeria
691 3745 990 3814 prmviderc
1017 3752 1331 3807 noscuntur,
1364 3742 1623 3798 fratribus
1653 3742 1791 3797 infra
1828 3760 1945 3799 mo-

363 3836 658 3893 nasterium
701 3834 1169 3889 commanentibus
1199 3849 1296 3903 per
1332 3834 1571 3904 singulas
1611 3834 1738 3889 anni
1775 3838 1943 3906 septi-

361 3942 569 3991 manas,
583 3926 737 3996 juxta
757 3924 1156 3978 ordinationem
1179 3924 1456 3994 priapositi
1482 3923 1565 3979 vel
1590 3924 1937 3990 decanorum,

363 4027 419 4080 in
453 4023 577 4079 cibo
620 4028 674 4075 et
724 4028 850 4090 potu
892 4027 1053 4088 atque
1098 4018 1219 4073 aliis
1264 4018 1595 4089 quibuslibet
1643 4020 1943 4077 commodis

362 4114 677 4177 monasticae
706 4112 829 4166 vita:
861 4110 1303 4181 congruentibus,
1327 4123 1489 4179 super
1529 4109 1789 4165 indictam
1838 4111 1941 4166 sibi

360 4220 648 4276 annonam,
678 4204 747 4259 ad
783 4204 1068 4258 honestam
1117 4190 1565 4267 consolationem,
1598 4216 1705 4255 non
1744 4204 1938 4269 coacti,

360 4301 455 4358 sed
497 4307 557 4354 ut
587 4312 681 4353 eos
707 4304 952 4366 sumptus
995 4294 1369 4364 permitteret,
1414 4301 1710 4363 spontanea
1751 4294 1944 4349 volun-

258 4446 267 4457 ,
361 4403 473 4451 tate
500 4393 529 4433 ι’
557 4390 827 4447 servirent
851 4406 863 4442 :
902 4388 978 4441 ita
1006 4393 1187 4441 tamen
1214 4392 1276 4440 ut
1303 4385 1417 4456 ipse
1445 4385 1621 4455 primo
1649 4396 1671 4424 ε
1697 4387 1939 4440 omnium

359 4485 518 4555 hujus
561 4479 837 4537 servitutis
888 4477 1101 4533 initium
1141 4476 1193 4530 in
1223 4477 1310 4531 die
1359 4461 1566 4531 Natalis
1613 4475 1823 4531 Domini
1870 4478 1939 4532 ad

359 4572 665 4643 exemplum
689 4569 899 4625 caneris
920 4584 1042 4623 cum
1070 4565 1267 4639 gaudio
1293 4565 1638 4637 suscepisset.
1665 4564 1791 4621 Haec
1817 4566 1940 4621 ideo

358 4665 617 4719 fratribus
642 4677 771 4719 sane
806 4668 961 4716 extra
995 4657 1342 4714 manentibus
1369 4658 1640 4714 commisit
1667 4656 1937 4724 instituta,

359 4761 419 4807 ut
457 4768 552 4822 per
583 4752 697 4806 haec
746 4750 1032 4806 cbaritatis
1071 4747 1249 4803 ofﬁcia
1294 4748 1598 4803 mercedem
1642 4763 1941 4818 conseque-

1967 4521 2019 4579 1)

2038 564 2346 615 creparent.

2107 575 2131 612 Β
2173 575 2346 611 arent.

2107 575 2196 704 ἓξ.
2242 648 2417 704 Simili
2451 661 2685 717 namque
2713 644 2941 700 consilio
2969 651 3131 712 atque
3157 641 3444 697 devotione
3475 641 3639 696 idem

2038 743 2194 797 bona:
2224 739 2520 795 voluntatis
2564 739 2649 792 vir
2696 736 3123 791 anniversariam
3175 734 3427 806 Styrmes
3471 733 3643 807 [Leg.

2040 830 2294 901 Stirmis]
2350 830 2512 900 primi
2573 828 2783 883 abbatis
2834 837 2889 881 et
2943 825 3249 881 fundatoris
3308 829 3651 882 monasterii

2039 922 2246 986 FulJm,
2286 930 2341 976 et
2380 921 2697 995 memoriam
2745 919 2987 974 omnium
3036 917 3267 972 fratrum
3315 927 3652 974 nostrorum

2037 1015 2105 1070 de
2149 1015 2252 1069 bac
2296 1013 2415 1069 luce
2458 1013 2833 1069 defunctorum
2878 1012 2934 1064 in
2990 1009 3170 1065 natale
3211 1011 3387 1066 sancti
3435 1010 3652 1082 lgnatii

2037 1108 2291 1180 martyris
2316 1106 2540 1172 Christi,
2576 1106 2667 1177 qui
2698 1104 2858 1178 paulo
2891 1103 3117 1159 inferius
3140 1104 3209 1160 ab
3237 1104 3340 1160 hac
3371 1105 3656 1160 anniver-

2038 1200 2182 1256 saria
2223 1207 2561 1264 numeratus,
2607 1206 2830 1269 prepter
2874 1196 3318 1252 intercessionem
3358 1197 3499 1251 tanti
3536 1211 3651 1266 pa-

2040 1289 2204 1353 troni,
2236 1289 2289 1343 in
2327 1289 2615 1343 missarum
2645 1286 3031 1351 celebratione,
3061 1284 3378 1355 psalmodiis
3429 1293 3488 1340 et
3520 1300 3660 1340 ora-

2038 1379 2184 1433 tione
2211 1385 2398 1432 sancta
2426 1375 2703 1431 celehrare
2724 1373 2751 1414 ἀ
2779 1375 3029 1430 sancivit.
3055 1373 3224 1444 Hujus
3250 1374 3331 1430 rei
3356 1374 3655 1445 siquidem

2039 1469 2358 1526 constitutio
2388 1469 2516 1523 dum
2566 1474 2776 1523 cuncta:
2825 1465 3229 1538 congregationi
3270 1465 3520 1536 perlecta
3560 1481 3659 1523 es-

2039 1569 2144 1627 set,
2173 1576 2237 1616 ac
2282 1559 2476 1615 deinde
2500 1559 2544 1613 si
2583 1557 2825 1628 placeret
2859 1557 3251 1627 interrogatum
3298 1555 3527 1620 fuisset,
3564 1571 3657 1612 re-

2039 1651 2404 1721 spondebatur
2424 1650 2506 1705 'ab
2540 1648 2812 1713 omnibus,
2856 1646 3059 1702 Placet.
3108 1646 3215 1702 Sed
3264 1661 3331 1700 ne
3376 1646 3471 1701 cui
3526 1644 3657 1702 for-

2041 1754 2187 1800 tasse
2223 1746 2339 1800 lucc
2381 1743 2673 1799 celebratio
2711 1740 3086 1812 superstitiosa
3120 1751 3178 1795 et
3215 1754 3373 1795 cassa
3403 1754 3541 1796 esse
3573 1739 3661 1795 vi-

2045 1838 2259 1903 deatur,
2308 1836 2454 1906 legat
2494 1833 2883 1890 collocutiones
2927 1838 3239 1887 sanctorum
3281 1831 3562 1897 Patrum;
3602 1841 3665 1888 et

2043 1930 2118 1987 ibi
2162 1928 2401 2000 reperiet
2443 1927 2603 1997 hujus
2638 1923 2951 1980 festivitatis
2990 1932 3015 1963 °
3056 1920 3381 1992 exemplum.
3428 1921 3663 1978 Eadem

2042 2032 2173 2078 vero
2201 2022 2291 2077 die
2322 2022 2392 2076 ob
2432 2019 2791 2075 reverentiam
2822 2024 2986 2072 tanta:
3025 2013 3410 2079 solemnitatis,
3441 2027 3665 2068 secun-

2043 2114 2170 2169 dum
2200 2098 2612 2184 congruentiam
2658 2108 2976 2165 monasticae
3016 2106 3166 2172 vitae,
3193 2104 3263 2159 ad
3290 2104 3505 2159 victum
3543 2103 3667 2159 fra-

2047 2212 2258 2258 ternum
2282 2201 2479 2257 cultius
2504 2201 2635 2271 quid
2661 2198 2819 2255 solito
2841 2195 3242 2266 jucuntliusque
3268 2193 3387 2251 ﬁeri
3413 2194 3664 2250 deman-

2046 2295 2217 2350 davit.
2264 2294 2576 2351 Lectionem
2607 2306 2823 2362 quoque
2867 2290 2990 2346 libri
3023 2289 3185 2356 illius,
3215 2302 3376 2358 quem
3412 2287 3487 2342 de
3542 2287 3666 2341 vita

2045 2385 2341 2457 supradicti
2385 2384 2599 2440 abbatis
2623 2392 2679 2437 et
2720 2382 2927 2452 origine
2976 2378 3287 2434 monasterii
3322 2378 3664 2447 nuperrime

2044 2479 2330 2543 nominati,
2357 2476 2559 2533 Christi
2587 2476 2762 2546 gratia
2786 2474 3076 2546 largiente,
3098 2470 3424 2541 composuit,
3454 2470 3665 2524 fratri-

2043 2573 2146 2627 lus
2174 2572 2243 2625 ad
2270 2583 2513 2625 mensam
2558 2568 2787 2622 recitare
2812 2564 3110 2635 praecepit:
3140 2569 3413 2632 quatenus
3445 2560 3513 2615 in
3564 2576 3662 2616 ea-

2045 2665 2167 2719 dem
2197 2659 2468 2717 mirabilia
2505 2659 2701 2715 divinze
2729 2656 3058 2728 operationis
3087 2653 3394 2717 audientes,
3432 2652 3667 2723 gratias

2045 2754 2240 2809 divina:
2286 2750 2563 2822 majestati
2611 2748 2818 2803 referre
2860 2746 3175 2810 studerent,
3224 2752 3280 2798 et
3326 2743 3524 2797 omnis
3578 2742 3666 2813 ju-

2045 2844 2293 2899 cunditas
2339 2842 2510 2913 ipsius
2564 2837 2877 2895 festivitatis
2934 2836 2991 2890 in
3036 2834 3155 2905 ejus
3213 2831 3425 2887 laudem
3493 2847 3664 2890 reso-

2046 2942 2222 2989 naret.

2114 3024 2203 3079 26.
2245 3023 2390 3079 Inter
2424 3022 2530 3077 alia
2558 3036 2688 3077 vero
2714 3018 2937 3091 pietatis
2962 3032 3151 3088 opera,
3182 3016 3285 3071 hoc
3323 3013 3666 3070 misericor-

2046 3116 2148 3172 diae
2175 3116 2377 3171 bonum
2413 3112 2767 3185 probabiliter
2792 3112 2967 3182 egisse
3012 3108 3283 3174 laudatur,
3312 3106 3463 3177 quod
3498 3117 3666 3162 ante-

2050 3220 2325 3261 cessorem
2360 3219 2550 3268 suum,
2599 3217 2763 3272 quem
2802 3199 3074 3270 quondam
3121 3190 3243 3253 cum
3288 3196 3456 3251 sociis
3492 3196 3665 3267 quasi

2046 3306 2450 3370 persecutorem
2481 3295 2736 3367 fugiendo
2774 3293 3006 3357 vitabat,
3032 3305 3158 3346 eum
3186 3297 3330 3344 esset
3374 3303 3565 3344 causa
3602 3289 3663 3343 il-

2047 3391 2153 3445 lius
2183 3387 2572 3459 inquietudinis
2596 3386 2664 3441 ab
2693 3385 3021 3455 imperatore
3049 3381 3104 3436 in
3136 3380 3386 3436 exsilium
3415 3380 3660 3441 missus,

2046 3498 2152 3538 una
2181 3497 2305 3538 cum
2339 3479 2573 3536 fratrum
2602 3492 2825 3533 suorum
2874 3474 3139 3546 petitione
3171 3474 3235 3527 de
3265 3471 3466 3527 exsilio
3515 3472 3660 3527 libe-

2047 3572 2206 3628 ravit.
2236 3572 2474 3639 Quorum
2502 3570 2663 3624 ﬁdem
2710 3575 2873 3636 atque
2903 3562 3334 3620 misericordiam
3366 3562 3524 3617 adeo
3562 3563 3662 3617 mi-

2044 3663 2269 3717 rabatur
2293 3661 2591 3730 Augustus,
2631 3665 2690 3712 ut
2719 3658 2923 3711 diceret
2955 3670 3070 3719 eos,
3104 3652 3260 3721 juxta
3301 3664 3658 3723 pmceptum

2046 3752 2324 3817 Veritatis,
2372 3766 2472 3821 pro
2525 3746 2962 3821 persecutoribus
3010 3746 3124 3801 suis
3175 3742 3448 3799 veraciter
3501 3759 3648 3799 exo-

2045 3856 2213 3897 rasse.
2259 3841 2396 3896 Hinc
2440 3840 2624 3909 igitur,
2654 3838 2822 3893 frater
2851 3835 3106 3901 Modeste,
3137 3834 3438 3890 secundum
3492 3835 3652 3906 Apo-

2045 3934 2167 3989 stoli
2190 3932 2692 3996 commonitionem,
2719 3927 3079 3984 humiliamini
3104 3927 3205 3982 sub
3231 3926 3440 3996 potenti
3472 3927 3655 3983 man‘n

2046 4024 2167 4089 Dei,
2197 4032 2255 4078 ut
2283 4039 2381 4079 vos
2407 4021 2612 4077 exaltet
2639 4022 2692 4075 in
2723 4027 2965 4089 tempore
2994 4017 3387 4081 tribulationis;
3417 4032 3653 4075 omnem

2045 4116 2469 4172 sollicitudinem
2516 4123 2754 4171 vestram
2800 4112 3152 4185 projicientes
3191 4112 3245 4166 in
3292 4126 3450 4173 eum,
3511 4129 3653 4183 quo-

2045 4206 2191 4259 niam
2224 4205 2324 4274 ipsi
2355 4219 2487 4259 cura
2534 4204 2714 4259 estde
2745 4202 2919 4258 vobis.
2959 4200 3140 4257 Sobrii
3179 4208 3350 4256 estote
3395 4209 3453 4255 et
3504 4204 3650 4273 vigi—

2043 4296 2175 4359 late,
2203 4295 2328 4365 quia
2359 4294 2704 4350 adversarius
2742 4301 2921 4348 vester
2966 4292 3216 4348 diabolus
3245 4298 3518 4361 tanquam
3568 4293 3652 4347 leo

2044 4388 2264 4457 rugiens
2310 4386 2504 4441 circuit
2547 4398 2794 4454 qumrens
2840 4398 3003 4453 quem
3046 4383 3294 4446 devoret,
3341 4382 3508 4451 cujus
3550 4399 3647 4437 nc-

2045 4477 2318 4548 quissimae
2344 4475 2609 4532 voluntati
2647 4490 2745 4529 vos
2780 4474 3037 4528 resistere
3066 4471 3329 4527 concedat
3369 4472 3648 4528 auxilium

2044 4568 2163 4633 Dei,
2209 4568 2325 4622 sine
2366 4581 2474 4636 quo
2516 4565 2647 4620 nihil
2675 4571 2855 4636 potest
2890 4564 3127 4617 humana
3172 4559 3438 4631 fragilitas
3486 4560 3643 4616 boni.

2044 4659 2161 4713 Non
2193 4659 2337 4713 enim
2365 4657 2556 4714 lectori
2583 4656 2908 4726 supradicttc
2943 4652 3332 4722 inquietudinis
3368 4661 3482 4707 tam
3520 4668 3647 4709 cre-

2043 4752 2139 4806 bra
2185 4751 2390 4806 mentio
2414 4749 2685 4804 calumnia
2730 4747 2997 4809 videatur,
3038 4746 3164 4800 dum
3195 4744 3358 4798 Petro
3389 4745 3637 4817 principi

360 4850 550 4896 rentur
579 4856 608 4894 a
641 4840 773 4904 Deo,
800 4848 855 4894 et
892 4854 925 4893 a
951 4846 1221 4908 praecepto
1262 4837 1500 4908 Regulae,
1528 4853 1648 4909 quzc
1677 4838 1833 4908 jubet
1881 4849 1940 4895 ut
2041 4843 2409 4912 apostolorum
2455 4839 2590 4895 nihil
2642 4839 2835 4894 obesse
2886 4836 3221 4908 dignoscitur
3259 4834 3417 4905 culpa
3471 4837 3643 4890 trina:

428 5010 453 5038 ι
494 4995 585 5051 Sic
638 4995 979 5049 certationem
1032 4992 1100 5047 de
1149 4992 1315 5064 rebus
1360 4993 1692 5064 spiritalibus
1748 4994 1937 5064 appel-

355 5068 469 5121 lant
512 5065 791 5128 nonnulli,
830 5072 891 5118 ut
930 5064 1067 5118 alias
1110 5063 1474 5121 observatum.
1524 5063 1723 5118 Eodem
1774 5079 1936 5119 sensu

288 5150 295 5165 '
355 5136 631 5191 Candidus
670 5136 725 5189 in
766 5132 1081 5205 prazfatione
1124 5132 1284 5201 hujus
1324 5133 1460 5205 Vita:
1503 5134 1754 5204 queritur
1792 5135 1935 5205 quod

353 5206 623 5262 sodalium
671 5202 894 5259 suorum
922 5203 1180 5275 haberet;
1216 5202 1485 5275 neminem
1517 5202 1535 5268 ξ
1564 5220 1693 5275 cum
1734 5202 1839 5275 quo
1877 5204 1932 5257 in

353 5277 536 5331 divina
600 5275 835 5331 lectione
898 5272 1215 5349 disputando
1266 5281 1322 5327 et
1363 5272 1616 5343 “legendo
1668 5274 1933 5346 proficere

353 5354 557 5416 posset.

424 5418 452 5456 ιι
484 5415 716 5471 Sanctus
738 5413 1062 5469 Benedictus
1087 5411 1444 5474 cellerarium,
1474 5411 1717 5466 infirmos
1740 5420 1797 5465 et
1839 5427 1933 5466 eos

354 5486 444 5553 qui
484 5486 624 5540 forte
664 5500 695 5539 a
739 5482 963 5551 majoris
1005 5482 1264 5553 momenti
1302 5480 1531 5553 negotiis
1572 5488 1929 5553 occupantur,

352 5549 546 5609 eximit
571 5570 604 5609 a
632 5549 853 5611 servitio
879 5567 1079 5608 mensa:
1106 5552 1160 5606 in
1190 5549 1411 5619 Regulae
1424 5564 1553 5619 cap.
1582 5549 1670 5603 55.

2034 5207 2201 5262 natali
2243 5207 2455 5261 Domini

2032 5278 2376 5333 suetudinum
2404 5266 2841 5331 Cluniacensium
2873 5271 2965 5325 lib.
2991 5287 3036 5333 ι,
3064 5282 3184 5338 cap.
3207 5266 3297 5320 46.

2037 4999 2298 5063 aliorum;
2337 5006 2391 5053 et
2418 4994 2621 5067 Regula
2650 4992 2822 5067 sancti
2850 4988 3111 5067 Ferreoli,
3141 4987 3252 5067 qui
3282 4993 3365 5040 ter
3394 4987 3449 5041 in
3482 5002 3643 5041 anno

2037 5070 2089 5123 ἱιί
2116 5068 2232 5122 fieri
2256 5057 2645 5138 p'rzecipitvcap.
2671 5064 2770 5138 58;
2794 5061 2869 5138 uti
2900 5070 2955 5115 et
2971 5057 3490 5138 [litualeBeccense
3523 5073 3636 5136 ms.

2035 5127 2287 5220 Denique
2322 5127 2489 5220 abbas
2531 5127 2929 5220 ct'cellerarius
2964 5127 3526 5220 Cluniaci'coquifmm‘
3580 5127 3640 5178 in

2502 5202 3061 5276 procurabant,__testc
3099 5195 3355 5276 Udaltjc’o
3396 5195 3450 5249 in
3484 5195 3639 5249 Con-

2107 5347 2135 5387 ά
2171 5346 2613 5403 Anniversarium
2663 5342 2890 5396 Sturmii
2939 5334 3151 5395 abbatis
3193 5344 3247 5392 et
3278 5334 3631 5390 conditorum

2036 5416 2355 5489 monasterii
2367 5416 2506 5489 “jam
2550 5412 2907 5489 antehEigilis
2953 5409 3194 5489 regiment:
3226 5406 3538 5489 colebatur,-
3562 5412 3632 5457 ut

2032 5496 2183 5568 patet
2222 5503 2290 5568 ex
2343 5473 2506 5568 libelli
2553 5473 3120 5568 soppli‘cisvfxordio‘:
3138 5478 3245 5557 Sed
3286 5473 3630 5568 Eigll'iblias

2034 5544 2163 5610 illud
2213 5557 2431 5611 decreto
2476 5569 2576 5609 suo
2621 5544 2883 5614 restituit,
2925 5556 2980 5603 et
3010 5546 3306 5602 solemnius
3352 5544 3626 5599 celebrari

424 5634 449 5659 α
491 5624 727 5678 Abbates
761 5624 1156 5697 abbatissasve,
1187 5618 1291 5671 aut
1309 5618 1521 5697 yi’cibu-s
1541 5620 1683 5697 suis,
1715 5628 1810 5697 aut
1833 5620 1933 5697 ali-
2028 5627 2210 5697 jussit,
2238 5632 2435 5697 nempe
2458 5620 2695 5697 xvt__Kal.
2722 5619 2844 5675 Jan.

354 5698 486 5755 quot
510 5707 639 5746 sane
678 5693 804 5745 anni
837 5692 1030 5746 diebus
1083 5688 1138 5740 in
1166 5687 1396 5754 coquina
1421 5686 1648 5744 subditis
1676 5690 1788 5744 suis
1828 5691 1931 5745 mi-

357 5758 644 5821 nistrasse,
689 5761 885 5814 docent
926 5773 1027 5813 nos
1077 5755 1208 5810 Vitae
1251 5764 1449 5813 sanctae
1498 5755 1824 5826 Salabergte,
1873 5771 1929 5817 et

2109 5708 2132 5736 ο
2167 5689 2380 5766 Nempe
2399 5695 2452 5750 in
2479 5693 2658 5749 collat.
2684 5706 2799 5759 xxx,
2826 5705 2944 5761 cap.
2972 5689 3020 5744 l.
