3838 6144
204 295 307 351 ωι

1560 326 1597 353 ,
1616 284 1771 340 VITA
1816 284 2136 339 METRICA.

3380 295 3484 350 402

200 401 515 476 negationis
539 400 737 471 saepius
771 398 826 453 in
855 398 1098 453 Ecclesia
1131 397 1378 460 recitata,
1411 411 1572 465 quam
1604 394 1790 448 divina
1822 399 1869 457 Α
1898 396 2231 450 monumenti
2278 398 2522 466 aptavit,
2578 400 2632 454 in
2683 416 2792 470 quo
2839 415 2897 456 se
2942 410 3066 471 post
3107 402 3316 458 obitum
3360 404 3483 474 ejus

199 496 521 553 visitatione
546 498 927 561 compunctus,
969 490 1326 545 amarissitnis
1373 488 1627 558 lacrymis
1669 488 1797 542 abo-

198 588 351 643 tevit.
379 583 539 652 Quod
582 582 705 636 ideo
734 580 808 634 illi
838 580 1057 636 evenire
1083 595 1190 635 non
1219 579 1438 633 dubium
1469 584 1572 641 est,
1608 585 1669 632 ut
1692 577 1800 632 sci-

200 686 287 734 ret
326 692 389 731 se
432 672 821 729 confidentiam
866 686 975 725 non
1004 669 1209 725 habere
1236 669 1291 724 in
1334 669 1575 734 homine,
1614 667 1707 723 sed
1743 668 1798 721 in

199 788 265 828 eo
293 771 363 825 de
392 783 504 839 quo
536 765 826 821 Psalmista
864 764 1081 818 dicebat
1110 778 1125 817 :
1154 762 1359 817 Bonum
1390 771 1462 816 est
1501 777 1711 833 sperare
1744 761 1799 814 in

206 862 451 924 Domino,
483 873 643 929 quant
677 871 889 925 sperare
929 855 986 908 in
1023 853 1382 925 principibus;
1412 862 1465 909 et
1496 860 1557 907 ut
1600 852 1655 906 in
1700 867 1798 907 sua

201 953 441 1006 disceret
466 946 624 1018 culpa
652 942 888 1016 qualiter
913 943 1259 1013 postmodum
1297 943 1351 997 in
1398 942 1662 1012 regimine
1703 956 1799 1011 po-

201 1041 357 1103 situs,
396 1038 523 1092 aliis
570 1034 818 1091 misereri
852 1033 1150 1089 debuisset.
1195 1030 1395 1086 Paulus
1424 1046 1639 1102 quoque
1669 1046 1798 1101 apo-

200 1130 374 1185 stolus
402 1128 459 1182 in
494 1124 757 1181 membris
783 1121 1009 1189 Christi,
1042 1120 1244 1177 Christi
1290 1121 1502 1177 exstitit
1541 1134 1796 1191 persecu-

207 1234 330 1277 tor:
358 1230 415 1275 et
436 1219 531 1289 qui
559 1217 833 1287 quondam
863 1214 1041 1270 fuerat
1070 1213 1332 1283 magister
1359 1213 1584 1277 erroris,
1616 1212 1797 1268 divina

210 1328 338 1368 voce
366 1318 671 1380 correptus,
702 1307 881 1361 factus
920 1313 1006 1361 est
1034 1303 1328 1373 discipulus
1375 1302 1643 1358 veritatis.
1696 1303 1797 1358 Lot

212 1404 372 1475 igitur
390 1416 551 1465 uxor,
578 1414 703 1454 cum
727 1395 978 1452 incendia
998 1393 1209 1465 fugeret
1232 1392 1612 1455 Sodomorum,
1638 1408 1795 1448 versa

212 1506 293 1551 est
332 1496 382 1549 in
430 1502 669 1548 statuam
700 1489 849 1555 salis,
885 1488 952 1543 ad
984 1487 1389 1543 condimentum
1429 1486 1638 1541 scilicet
1667 1486 1796 1542 fide-

218 1587 365 1651 lium,
393 1585 523 1655 quia
568 1582 780 1654 punitio
810 1580 892 1635 rei
916 1578 1150 1634 eruditio
1178 1583 1262 1631 est
1293 1576 1447 1645 justi.
1481 1575 1589 1631 Sed
1626 1586 1682 1631 et
1709 1591 1796 1630 ar-

221 1678 330 1733 bori
370 1675 637 1746 siquidem
672 1672 1022 1727 infructuosae
1056 1669 1377 1738 plerumque
1419 1676 1656 1723 stercora
1686 1668 1793 1723 cir-

1898 487 2136 543 condere
2179 489 2367 543 humili
2408 491 2803 561 supplicatione
2840 495 3107 564 poposcit.
3151 494 3281 549 Inde
3322 496 3481 568 igitur

1900 593 2020 632 cum
2062 587 2207 634 esset
2248 583 2502 637 reductus
2545 583 2598 637 in
2640 583 2883 650 domum,
2928 585 3129 657 decidit
3171 587 3487 657 desperatus

1900 668 1953 722 in
2000 668 2236 736 lectum,
2280 677 2333 726 et
2378 672 2629 743 cognovit
2673 674 2802 743 quia
2843 654 3139 730 moriturus
3177 654 3283 731 est.
3331 676 3486 743 Quod

1895 776 2020 815 eum
2056 760 2334 817 audissent
2365 762 2585 829 fratres,
2613 774 2877 820 venerunt
2898 766 3124 822 visitare
3148 782 3291 833 eum,
3323 776 3485 838 atque

1897 866 1995 922 pro
2034 853 2185 907 exitu
2220 853 2416 908 anima:
2453 854 2601 909 illius
2632 869 2823 924 preces
2856 854 3082 911 fundere
3107 857 3248 923 Deo;
3290 858 3486 928 quibus

1897 943 2237 1014 conspectis,
2284 944 2658 1016 gratulabatur
2697 946 2757 1000 in
2792 947 3027 1002 adventu
3070 963 3291 1013 eorum,
3336 958 3391 1004 et
3430 950 3485 1006 in

1896 1035 2147 1090 oratione
2180 1035 2422 1106 ipsorum
2456 1035 2826 1092 delectabatur
2856 1038 3035 1092 anima
3069 1038 3207 1107 ejus.

1967 1123 2058 1193 28.
2100 1125 2313 1180 Interea
2368 1140 2601 1195 namque
2643 1127 2934 1198 rogabatur
2984 1144 3015 1182 a
3068 1128 3329 1184 fratribus
3379 1146 3485 1200 quo

1896 1216 2084 1286 purior
2117 1217 2186 1272 de
2226 1218 2330 1273 hoc
2371 1218 2569 1274 mundo
2609 1218 2928 1289 migrasset,
2963 1220 3207 1291 quamvis
3245 1221 3480 1284 occulta,

1896 1304 2239 1362 confessione
2279 1316 2333 1362 et
2375 1308 2535 1379 digna
2574 1310 2893 1378 paenitentia
2934 1319 3293 1381 purgaretur:
3340 1321 3399 1366 ut
3439 1314 3481 1366 si

1896 1413 2055 1468 quem
2084 1398 2324 1465 lrederct,
2350 1401 2563 1454 veniam
2590 1401 2925 1471 postularet;
2958 1401 3042 1455 vel
3079 1402 3125 1458 si
3155 1418 3184 1456 a
3212 1418 3483 1472 quoquam

1895 1488 2054 1544 laesus
2093 1488 2315 1555 fuisset,
2359 1489 2681 1560 simpliciter
2712 1491 3051 1545 remissionis
3092 1491 3484 1562 indulgentiam

1897 1581 2067 1634 daret.
2114 1577 2601 1634 Commonitionem
2636 1579 2821 1649 itaque
2860 1578 3097 1633 fratrum
3133 1580 3366 1635 libenter
3391 1596 3485 1634 au-

1897 1670 2072 1735 diens,
2111 1670 2222 1724 ait:
2270 1669 2328 1724 Si
2373 1683 2567 1739 quem,
2611 1670 2819 1738 inquit,
2862 1669 3006 1734 ltesi,
3050 1669 3486 1740 humilisuppli-

222 1766 451 1823 cumfusa
486 1764 748 1835 prodesse
796 1761 1125 1825 noscu‘htur';
1157 1760 1263 1814 hoc
1292 1758 1497 1813 homini
1543 1760 1795 1815 videlicet
1822 1748 1869 1807 Β
1897 1763 2113 1817 catione
2142 1762 2360 1817 veniam
2397 1777 2558 1834 rogo;
2608 1770 2665 1817 et
2703 1763 2747 1817 si
2788 1778 2818 1816 a
2858 1778 3132 1832 quoquam
3168 1763 3329 1819 laesus
3356 1763 3486 1818 fuis-

224 1860 354 1914 circa
378 1857 626 1913 mandata
653 1855 751 1909 Dei
779 1854 1114 1924 negligenter
1142 1851 1323 1922 agenti
1349 1852 1796 1906 commemoratio

228 1960 554 2022 peccatorum
574 1963 794 2005 suorum
828 1947 896 2009 ad
930 1954 1190 2007 asternam
1226 1943 1540 2014 plerumque
1580 1943 1797 2014 prolicit

229 2042 495 2097 sanitatem
528 2059 542 2094 :
575 2040 704 2094 dum
739 2054 837 2108 per
868 2038 970 2091 hoc
1017 2035 1201 2090 divina
1249 2034 1604 2095 miseratione
1646 2050 1795 2089 com-

226 2142 440 2204 punctus
466 2131 763 2196 reviviscit,
791 2137 848 2185 et
872 2128 1126 2200 producit
1161 2142 1229 2182 ex
1260 2141 1319 2182 se
1363 2127 1631 2181 bonorum
1662 2140 1793 2195 ope-

227 2241 337 2279 rum
364 2225 585 2289 fruetus,
616 2223 670 2278 in
703 2223 927 2278 odorem
959 2221 1342 2277 suavissimum
1388 2218 1618 2274 Domino
1660 2218 1791 2274 Deo.

225 2315 342 2372 Περ
360 2331 582 2385 namque
610 2314 730 2369 ideo
756 2314 1070 2369 testimonia
1096 2312 1292 2367 divinae
1319 2311 1573 2366 lectionis
1603 2311 1657 2365 in
1686 2312 1792 2367 hoc

225 2406 370 2473 libro,
395 2406 555 2463 frater
594 2405 857 2469 Modeste,
899 2404 1114 2469 notavi,
1157 2410 1216 2457 ut
1258 2418 1368 2457 non
1417 2402 1489 2458 sit
1526 2417 1652 2472 spes
1691 2402 1793 2458 sibi

223 2500 453 2568 quisque,
482 2498 577 2554 sed
616 2504 785 2568 ponat
806 2496 863 2550 in
912 2496 1022 2550 Deo
1072 2508 1224 2564 spem
1272 2509 1457 2559 suam;
1497 2502 1553 2549 et
1594 2494 1687 2564 qui
1736 2509 1797 2549 se

227 2590 480 2643 existimat
507 2597 675 2651 stare,
716 2587 898 2642 videat
926 2601 994 2640 ne
1030 2585 1226 2640 cadat:
1265 2591 1320 2640 et
1361 2584 1456 2654 qui
1485 2583 1669 2653 lapsus
1696 2598 1797 2653 per

230 2679 515 2748 superbiam
544 2677 713 2742 cadit,
744 2676 928 2730 divina
979 2674 1210 2730 lectione
1255 2680 1540 2744 correptus
1580 2673 1796 2728 studeat

232 2784 343 2823 cum
385 2770 475 2825 Dei
519 2768 724 2824 auxilio
767 2780 1053 2837 resurgere
1087 2780 1186 2835 per
1212 2764 1607 2830 humilitatem;
1650 2772 1705 2820 et
1735 2772 1797 2818 ut

233 2861 391 2916 omnis
428 2868 681 2932 peccator
725 2860 782 2914 in
822 2857 1069 2913 Ecclesia
1110 2857 1475 2922 constitutus,
1513 2872 1638 2911 cum
1687 2855 1796 2911 ﬁde

238 2960 369 3006 recta
403 2968 498 3023 per
538 2950 802 3007 humilem
845 2948 1243 3005 confeSsionem
1285 2963 1579 3018 veramque
1622 2948 1796 3018 poeni-

237 3041 439 3097 tentiam
464 3058 494 3096 a
519 3041 631 3097 Deo
656 3041 871 3096 veniam
902 3046 1102 3110 speret.

1896 1869 2042 1919 sem,
2083 1853 2324 1909 dimittat
2359 1853 2435 1907 illi
2471 1854 2673 1910 dicitur
2699 1853 2847 1926 [Leg.
2880 1854 3074 1926 Deus];
3119 1862 3175 1909 et
3205 1871 3307 1926 ego
3332 1871 3487 1911 vera-

1894 1944 2034 1999 citer
2074 1943 2153 1998 illi
2199 1960 2265 1999 ex
2310 1945 2504 1999 intimo
2547 1945 2712 2000 corde
2756 1944 2993 1999 dimitto.
3056 1945 3297 2015 Cumque
3340 1946 3484 2001 enim

1894 2036 2011 2090 haec
2042 2037 2205 2090 verba
2241 2036 2355 2107 jam
2391 2037 2688 2091 moriturus
2723 2036 3027 2107 explesset,
3070 2037 3487 2092 commendabat

1894 2141 1952 2182 se
1977 2126 2089 2181 Deo
2114 2134 2167 2182 et
2192 2128 2445 2197 precibus
2476 2126 2710 2182 fratrum
2744 2144 2990 2194 suorum,
3014 2137 3177 2198 atque
3205 2128 3257 2181 in
3285 2128 3485 2183 lectum

1894 2232 2121 2288 corpore
2160 2225 2488 2290 congregato
2533 2219 2781 2290 spiritum
2827 2218 3103 2273 exhalavit
3123 2231 3171 2272 ιι.
3219 2218 3337 2285 Quo
3362 2220 3482 2273 viso

1892 2310 2168 2380 perterriti
2216 2310 2419 2365 fratres
2460 2320 2517 2365 et
2551 2308 2664 2379 jam
2711 2322 2839 2365 tunc
2882 2311 2935 2364 in
2984 2310 3232 2380 angustia
3283 2304 3482 2379 positi,

1895 2399 2073 2455 Patris
2113 2400 2393 2455 interitum
2438 2401 2820 2472 suspirabant,
2864 2401 3101 2456 scientes
3138 2399 3354 2469 qualem
3390 2400 3490 2453 ha-

1892 2493 2127 2548 buerant
2171 2493 2392 2550 Patrem
2419 2535 2434 2561 ,
2494 2502 2550 2550 et
2589 2494 2900 2550 nescientes
2946 2493 3162 2564 qualem
3209 2474 3487 2563 accepturi

1895 2582 2148 2639 fuissent.
2198 2584 2368 2640 Nemo
2408 2586 2590 2651 enim,
2636 2585 2804 2639 frater
2844 2584 3115 2648 Modeste,
3161 2598 3490 2655 cognoscere

1893 2686 2105 2749 potest,
2151 2678 2255 2732 nisi
2298 2678 2388 2733 ille
2424 2679 2574 2734 solus
2605 2678 2695 2747 qui
2736 2678 2839 2731 hoc
2876 2675 3248 2745 experimento
3289 2690 3490 2745 cogno-

1894 2767 2010 2833 vit,
2056 2765 2235 2836 qualis
2276 2767 2597 2837 plerumque
2636 2765 2762 2820 [iliis
2803 2765 3023 2820 miseria
3060 2772 3180 2830 est,
3227 2765 3372 2835 quod
3410 2765 3491 2819 eis

1894 2857 2165 2929 legitimus
2192 2856 2355 2911 Pater
2378 2856 2645 2923 aufertur,
2688 2864 2746 2911 et
2783 2856 3031 2911 vitrieius
3058 2854 3207 2927 [Leg.
3232 2855 3486 2927 vitricus]
3548 2922 3553 2927 1

1852 2964 1856 2969 ·
1899 2957 2301 3019 consequenter
2323 2948 2597 3004 infertur:
2642 2948 2859 3018 propria
2901 2955 3077 3001 mater
3113 2947 3409 3012 occumbit,
3435 2956 3492 3001 et

1896 3057 2128 3099 noverca
2171 3042 2434 3098 succedit.
2484 3040 2639 3109 Quod
2681 3048 2869 3111 aperte
2914 3039 3338 3095 manifestabant
3384 3039 3490 3094 illa:

299 3130 377 3185 27.
410 3132 539 3187 Cum
578 3142 784 3197 autem,
829 3140 891 3186 ut
927 3146 1091 3201 supra
1128 3131 1575 3197 commemoravi,
1623 3130 1794 3186 :edifi-
1823 3097 1867 3162 (δ
1899 3137 2020 3192 dua:
2064 3135 2324 3191 mulieres
2370 3135 2519 3191 circa
2573 3097 2834 3189 infantem
2882 3134 3065 3188 vivum
3114 3133 3392 3204 litigantes
3437 3132 3491 3187 in

242 3220 367 3276 cium
403 3222 621 3279 claustri
676 3221 790 3292 jam
838 3237 904 3278 ex
954 3230 1112 3292 parte
1170 3222 1223 3277 in
1283 3222 1451 3277 altum
1502 3221 1796 3277 crescendo

246 3312 550 3380 profecisset,
594 3314 738 3370 idem
766 3313 1093 3368 venerabilis
1116 3311 1278 3367 Pater
1299 3321 1581 3381 correptus
1605 3310 1796 3367 morbo

248 3403 390 3473 coepit
426 3405 623 3459 acriter
664 3403 952 3458 inﬁrmari.
1003 3402 1144 3470 Qui,
1192 3418 1315 3457 cum
1363 3402 1561 3456 dehinc
1605 3401 1796 3456 mortis

249 3507 345 3547 sua:
378 3502 576 3564 tempus
616 3501 870 3549 cerneret
915 3492 1197 3547 imminere
1222 3531 1237 3556 ,
1295 3492 1526 3560 rogabat
1568 3507 1627 3546 se
1668 3504 1796 3545 ora-

253 3581 390 3637 tionis
425 3586 594 3654 gratia
636 3585 835 3640 ducere
862 3584 917 3639 in
943 3583 1334 3639 cremeterium'
1355 3581 1511 3653 cujus
1537 3597 1700 3652 supra
1728 3581 1800 3637 fe-

251 3672 398 3729 cimus
431 3676 781 3735 mentionem.
828 3674 1025 3731 Postea
1068 3690 1301 3748 namque
1333 3681 1554 3746 accepto
1586 3674 1800 3730 sarculo

253 3764 519 3836 designavit
561 3767 741 3823 locum
781 3768 1014 3838 sepulcri
1058 3768 1230 3838 ipsius
1265 3768 1321 3822 in
1358 3768 1611 3823 orientali
1644 3779 1799 3837 parte

250 3861 545 3926 cmmeterii;
581 3869 637 3917 et
666 3868 727 3915 ut
758 3860 953 3925 valuit,
978 3876 1079 3929 pro
1106 3859 1421 3915 infirmitate
1448 3860 1563 3930 ipse
1590 3860 1801 3930 primus

254 3956 421 4008 terram
442 3952 756 4021 percutiens
778 3951 930 4007 fodit.
961 3951 1367 4023 Sarcophagum
1390 3967 1520 4007 vero
1542 3953 1594 4007 in
1619 3952 1797 4007 locum

282 4095 329 4162 ,ι
351 4084 558 4162 Annum
583 4086 691 4162 82$
720 4087 936 4162 sig_na_n_t
963 4086 1199 4162 Annales
1233 4086 1529 4162 F_ul_dc_nses
1564 4085 1649 4141 his
1674 4101 1798 4162 ver-

252 4151 351 4228 bis:
381 4175 397 4206 ‹
428 4157 563 4228 Eigil
592 4151 1070 4213 abbas-Fuldensis
1106 4157 1339 4212 coenobii
1373 4156 1662 4228 defunctus
1693 4155 1800 4210 Ra-

254 4224 418 4281 lsanum
440 4224 809 4283 successorem
837 4228 1063 4298 accepit.
1090 4248 1108 4279 ›
1141 4228 1269 4298 Dies
1294 4228 1558 4298 hactenus
1581 4227 1800 4298 ignora;

253 4304 338 4367 tos.
386 4298 439 4351 ln
480 4299 618 4353 libro
646 4314 684 4351 ιι
713 4296 1087 4352 Traditionum
1119 4296 1466 4353 Fuldensium
1490 4337 1505 4361 ,
1541 4296 1664 4367 pag.
1693 4296 1797 4350 527

252 4366 434 4440 e152_8_,
468 4368 665 4440 legitur
702 4369 918 4440 traditio
952 4369 1197 4438 quaedam
1237 4367 1392 4440 Eigili
1427 4366 1794 4440 abbatifacta

1893 3228 2103 3299 judicio
2148 3227 2457 3284 Salomonis
2499 3227 2643 3297 regis
2683 3225 3046 3282 Hierusalem.
3097 3224 3322 3280 Fratres
3359 3239 3493 3280 vero

1901 3329 2027 3392 post
2054 3321 2172 3376 haec
2204 3321 2498 3377 secundum
2529 3319 2979 3374 consuetudinem
3002 3318 3225 3372 Patrum
3253 3317 3496 3371 tulerunt

1902 3425 2102 3480 corpus
2140 3409 2291 3464 chari
2334 3408 2599 3472 senioris,
2645 3416 2702 3462 et
2740 3414 3023 3462 cantantes
3065 3413 3229 3475 atque
3266 3413 3490 3460 orantes

1904 3501 1958 3555 in
1999 3499 2286 3555 ecclesiam
2329 3497 2682 3553 deferebant:
2729 3503 2785 3549 et
2822 3494 2897 3548 ibi
2937 3494 3186 3548 oratione
3221 3493 3491 3562 completa

1903 3594 2218 3648 levaverunt
2261 3602 2459 3659 corpus
2497 3584 2637 3655 ejus,
2679 3594 2737 3639 et
2777 3583 3110 3653 sepelierunt
3148 3583 3204 3637 in
3240 3582 3493 3651 sepulcro

1903 3684 2049 3756 quod
2091 3682 2207 3751 ipse
2250 3679 2354 3735 sibi
2392 3683 2683 3748 paraverat
2712 3674 2923 3740 vivens,
2966 3670 3130 3727 ﬁdem
3170 3671 3375 3728 habens
3404 3684 3493 3724 re-

1904 3774 2155 3848 surgeudi
2180 3774 2233 3828 in
2257 3772 2344 3827 die
2372 3771 2637 3825 adventus
2669 3767 2885 3823 Domini
2910 3765 3085 3822 nostri
3113 3763 3244 3822 Jesu
3264 3765 3492 3831 Christi,

1906 3868 1990 3924 cui
2019 3866 2189 3939 gloria
2215 3872 2271 3920 et
2291 3870 2535 3934 potestas
2561 3861 2617 3917 in
2644 3869 2929 3917 aeternum.
2957 3857 3151 3913 Amen.

1905 4086 2131 4140 Rabano
2164 4083 2346 4139 abbati
2384 4080 2583 4135 factam
2616 4099 2633 4129 ι
2665 4091 2808 4131 anno
2829 4073 3124 4129 Dominicze
3161 4070 3495 4126 incarnatio-

1907 4157 1992 4210 nis
2017 4155 2152 4219 8‘22,
2204 4147 2707 4222 indict.iiA5,_rcgni
2734 4145 3004 4222 Ludovici
3043 4155 3184 4222 anno
3214 4141 3268 4205 9,
3307 4154 3495 4222 mense

1906 4209 2162 4288 octobri',
2200 4224 2286 4277 die
2314 4239 2345 4275 v
2376 4209 2869 4288 KalfNovembris.
2902 4214 3050 4288 r__Ex_
3072 4210 3270 4280 quibus
3299 4209 3495 4288 colligo

1906 4278 2278 4361 Ei'gilis’dicm
2315 4292 2495 4361 obitus
2531 4287 2788 4361 incidisse
2828 4284 2885 4361 ip
2924 4283 3054 4337 illud
3092 4278 3309 4361 tempus
3348 4278 3492 4361 quod

1910 4313 1967 4351 bl
2011 4313 2095 4349 IIIS
2134 4313 2278 4350 atem
2315 4313 2495 4347 ODltus
2533 4313 2788 4343 ιιιυιυιδθυ
2828 4313 2885 4336 ru
2924 4313 3054 4337 ιιιυυ
3098 4313 3309 4350 ιιριιινυδ
3349 4313 3492 4347 ιιυυυ

1905 4313 2109 4421 θηῇιχίι
2157 4380 2187 4419 a
2230 4364 2317 4418 die
2354 4377 2405 4414 vt
2452 4359 2588 4413 Non.
2630 4353 2887 4421 Augusti,
2932 4367 3040 4421 quo
3081 4349 3233 4420 prior
3274 4347 3492 4421 traditio

256 4416 1799 4509 ιτίἙόηῖῖἱίιξυδῖίξΒἦῆοᾏῗέέὶιίιιῖὸῗιὶάῦἷνῖἔᾶὶὶἧρὲῖ
1829 4448 1882 4508 ι)
1907 4416 2250 4509 gaianas
2282 4416 2395 4509 cst,
2421 4431 2489 4509 ,ῥυ
2511 4444 2549 4509 Δγ
2578 4425 2694 4480 Kal.
2716 4416 3212 4489 Novembrisfquo
3245 4418 3349 4471 alia
3385 4416 3495 4470 Ra-

246 4513 431 4591 fatore;
467 4530 485 4561 ι
541 4518 599 4563 et
621 4507 761 4579 'pag.
791 4507 898 4563 532
944 4516 1000 4564 et
1042 4507 1148 4563 553
1195 4509 1412 4563 invenio
1457 4508 1803 4562 donationem

980 4695 1378 4709 ,ψ

1912 4508 2054 4560 bano
2084 4501 2385 4558 successori
2418 4499 2579 4551 facta.

1394 4680 2942 4707 n_______________________

1326 4849 1677 4969 VITA
1758 4844 2395 4961 METRICA

1236 5072 1505 5134 Auctore
1558 5070 1765 5133 eodem
1811 5068 2101 5129 CANDIDO
2155 5066 2482 5135 monacho.

824 5355 1216 5412 PREFATIO.

566 5452 838 5508 Caxnwus
873 5450 1032 5520 fratri
1065 5465 1161 5503 suo
1198 5447 1472 5505 Monesro.

249 5546 343 5604 Hoc
370 5560 597 5603 carmen
624 5543 825 5599 cecinit
851 5541 1128 5598 Candidus
1156 5556 1283 5597 ecce

249 5640 408 5696 Fratri
441 5638 641 5709 quippe
670 5653 769 5693 suo
798 5643 991 5707 sponte
1021 5634 1284 5699 Modesto,

251 5728 383 5788 Lecti
410 5742 844 5787 commemorans
878 5725 1079 5793 inclyta
1108 5724 1247 5780 facta

1920 5350 2097 5408 Patris
2124 5349 2236 5414 hic,
2266 5349 2471 5403 abitum
2503 5342 2842 5418 [transitum]
2870 5343 3101 5413 hincque
3130 5345 3443 5397 venustum.

1919 5444 2257 5513 Quapropter
2286 5440 2484 5508 rogitat
2510 5437 2601 5493 hic
2629 5450 2843 5506 quoque
2871 5434 3027 5507 glebo
3054 5427 3281 5503 [arator]

1921 5538 2314 5606 Promptosque
2342 5539 2400 5588 et
2427 5529 2636 5586 resides
2663 5541 2908 5598 quosque
2936 5525 3191 5594 legentes,

1920 5627 2185 5682 Formica:
2212 5633 2271 5680 ut
2300 5634 2515 5678 tenuem
2547 5620 2710 5675 farris
2740 5630 2991 5673 acervum

1926 5719 2093 5791 llujus
2131 5734 2236 5774 non
2272 5725 2474 5772 temere
2507 5714 2666 5770 dente
2697 5723 2891 5781 peroso
