3838 6144
329 360 435 414 405

326 465 555 522 Multum
585 461 900 519 ditacerent.
941 453 1048 510 Sed
1078 451 1253 522 magis
1283 456 1402 503 orat

328 557 615 615 Submisso
641 551 820 623 capite
845 556 900 602 et
926 553 1148 617 pectore
1171 554 1367 612 prono,

332 650 402 704 Ut
429 647 599 702 frater
624 641 774 697 socio
802 640 949 694 hunc
979 635 1082 688 rite
1110 631 1352 699 relegat,

329 739 593 806 Ursisque
617 731 944 798 alitibusque
973 723 1188 779 abdicat
1221 723 1374 774 atris.

397 805 628 896 Explicit
662 820 904 893 prwfatto
948 811 1178 869 Candidi
1214 809 1282 863 ad
1311 807 1628 896 Modestum,
1665 805 1753 875 qui
1790 819 1914 873 pros

327 918 441 986 prio
469 895 678 969 nomine
701 909 888 964 Bruun
912 914 965 960 et-
987 902 1220 958 Reccheo
1247 906 1581 968 nuncupatur
1605 895 1756 968 [ιρις.
1781 909 1912 948 nun-

329 1002 632 1078 cupantur].

720 1123 1136 1204 INCIPIT
1206 1115 1494 1192 VIT'A.

767 1272 1026 1316 CANDIDUS
1065 1272 1132 1309 AD
1170 1264 1475 1308 MODESTUM‘.

335 1383 415 1436 Ex
444 1392 554 1451 quo
582 1388 672 1430 me
697 1373 861 1426 Pater
888 1369 1169 1422 ille‘senex
1200 1362 1413 1433 fastigia
1441 1361 1581 1414 vitae.

334 1470 482 1542 Eigil’
504 1463 778 1535 Baugolfi,
817 1459 1092 1530 quondam
1121 1455 1430 1510 labentibus
1459 1452 1624 1505 annis

335 1559 765 1627 Communisque‘
784 1552 966 1608 Patris
1000 1550 1131 1604 olim
1166 1543 1519 1601 memorabile
1550 1556 1783 1607 nomen,

338 1653 616 1711 Litterulis
640 1647 899 1704 mandare
921 1644 1075 1714 jubet
1090 1659 1114 1708 ;.
1139 1647 1261 1712 post
1281 1637 1434 1707 jussa
1461 1636 1607 1692 beati

341 1753 481 1808 Vota
506 1748 641 1813 viri,
673 1755 963 1810 moresque
994 1751 1188 1810 graves
1219 1734 1568 1801 animumque
1594 1729 1807 1784 virilem

341 1844 420 1897 Ex
453 1848 581 1894 tunc
607 1852 716 1892 non
742 1832 936 1905 piguit,
969 1845 1071 1884 nec
1097 1841 1242 1882 nunc
1266 1822 1579 1880 meminisse
1604 1821 1752 1890 piget
1775 1833 1884 1873 me.

341 1932 478 1986 llinc
499 1927 676 1998 juvat,
704 1940 738 1979 ο
764 1922 958 1986 frater,
989 1933 1097 1990 quo
1126 1933 1235 1972 non
1264 1913 1609 1986 praestantior
1634 1911 1806 1976 alter,

342 2017 511 2088 llujus
539 2028 774 2084 namque
803 2011 951 2066 senis
979 2007 1175 2064 famosi
1207 2005 1443 2060 culmina
1473 2003 1617 2067 vitae,

342 2109 472 2176 Quae
496 2105 711 2178 juvenis
734 2102 871 2172 jam,
898 2107 1129 2170 postque
1160 2109 1327 2151 senex
1358 2091 1712 2148 celeberrima
1738 2088 1872 2155 vidi,

343 2200 524 2254 Rebus
553 2197 610 2251 in
642 2194 859 2249 eximiis
885 2203 1114 2261 quaeque
1141 2187 1413 2244 interdum
1442 2184 1663 2239 auribus
1686 2181 1879 2249 hausi,

347 2289 760 2362 Relligiosorum
789 2300 856 2339 ex
884 2283 1045 2338 dictis
1072 2282 1160 2357 pia
1191 2280 1332 2334 facta
1359 2278 1599 2331 virorum
1621 2315 1638 2341 ,

347 2383 401 2436 In
437 2377 709 2436 cumulum
742 2381 999 2445 congesta
1032 2371 1127 2426 tibi
1160 2385 1380 2424 sacrare
1404 2366 1672 2421 Modesto.

401 2472 528 2527 Car.
545 2470 586 2525 Ι.
603 2467 832 2522 Ducitur
845 2481 976 2536 puer
992 2460 1136 2532 Eigil
1157 2460 1224 2515 ad
1245 2458 1620 2514 monasterium
1635 2453 1888 2509 Fuldam.

350 2563 448 2618 llic
470 2558 685 2630 juvenis
713 2554 909 2611 Norica
939 2552 1210 2624 quondam
1243 2550 1464 2621 regione
1492 2561 1686 2604 serena

352 2652 559 2709 Nobilis
586 2648 859 2705 exoritur:
894 2645 1004 2700 illic
1031 2643 1176 2698 haud
1206 2641 1373 2696 multa
1401 2647 1645 2695 moratus

351 2745 614 2813 Tempora
632 2781 648 2807 ,
685 2737 974 2812 progenies
1004 2734 1446 2806 patriisevectus
1475 2731 1544 2787 ab
1572 2732 1686 2789 oris

356 2832 664 2890 Ducitur-in
689 2830 881 2887 silvam
911 2827 1019 2898 fagi
1047 2827 1115 2881 de
1143 2825 1376 2880 nomine
1391 2824 1591 2878 dictam

337 2923 690 2979 ~Buchoniam
715 2939 729 2974 :
765 2917 1065 2974 undisonus
1091 2928 1315 2983 serpens
1339 2912 1430 2967 ubi
1457 2912 1660 2966 labitur
1686 2910 1880 2967 amnis.

359 3013 564 3078 Fulda,
577 3011 721 3066 unde
748 3010 849 3064 iste
876 3008 1048 3071 locus,
1077 3005 1168 3060 ubi
1201 3019 1346 3058 nunc
1374 3003 1607 3072 ingentia
1635 3001 1816 3058 cernis

358 3103 588 3167 Moenia,
600 3100 778 3171 prima
806 3098 936 3154 olim
966 3109 1165 3152 nomen
1196 3093 1265 3148 ab
1293 3093 1505 3162 origine
1534 3092 1790 3162 sumpsit.

362 3197 591 3250 Ventum
621 3197 709 3246 est.
729 3191 937 3246 interea
961 3186 1112 3242 varia
1140 3201 1239 3257 per
1264 3184 1498 3254 compita
1524 3183 1683 3254 longe

359 3287 438 3341 Ad
464 3293 715 3342 sanctum
741 3282 1054 3351 lectumque
1079 3279 1259 3335 locum
1286 3277 1652 3347 templumque
1674 3275 1950 3342 dicatum,

365 3379 567 3450 Μαι-ιμ’
596 3378 688 3432 ubi
718 3391 819 3446 pro
848 3374 1016 3441 laude
1038 3373 1131 3428 Dei
1160 3370 1472 3426 Bonifacius
1499 3370 1706 3436 almus,

361 3472 462 3540 Qui
490 3487 592 3542 pro
618 3470 738 3541 lege
761 3468 860 3524 Dei
889 3467 1026 3522 duro
1053 3464 1408 3522 succumbere
1434 3465 1596 3518 marti

363 3565 648 3633 Quondam
677 3577 786 3618 non
814 3561 1016 3626 timuit,
1046 3559 1209 3630 digno
1236 3563 1524 3613 veneratur
1551 3557 1792 3611 honore..

365 3679 497 3734 CAP.
523 3675 593 3731 II.
635 3675 992 3730 Prwaentatur
1025 3668 1482 3790 ‘ngglrzfnabbati,
1525 3675 1574 3720 et
1611 3665 1846 3724 defertur
1873 3672 1942 3720 ad

1025 3755 1276 3793 scnotam.

365 3836 616 3892 Proditur
640 3834 795 3888 hicce
822 3840 958 3900 puer
981 3837 1198 3892 ventus,
1224 3842 1327 3897 pro
1351 3826 1598 3897 postibus
1625 3831 1821 3881 astans.

366 3926 526 3997 Eigil,
558 3924 701 3979 forte
728 3922 847 3976 viro
877 3920 969 3990 qui
999 3928 1128 3973 tunc
1153 3917 1357 3972 ditione
1383 3917 1612 3983 regebat

366 4013 687 4072 C(enobium
712 4010 984 4066 Fuldense
1013 4007 1205 4062 humili
1235 4007 1334 4061 sub
1363 4005 1634 4060 mtenibus
1664 4004 1844 4074 hujus.

368 4107 537 4172 Quem
563 4118 691 4159 mox
712 4100 1062 4170 blandiloquo
1088 4097 1290 4170 Styrmi
1319 4112 1443 4152 cum
1469 4112 1748 4152 murmure
1773 4097 1946 4152 visum

373 4192 662 4262 Suscepit,
678 4191 946 4260 l’assisque
976 4187 1089 4244 suis
1117 4186 1495 4256 complectitur
1521 4185 1694 4252 ulnis,

372 4283 448 4339 Ac
471 4280 656 4353 juveni
682 4278 1087 4350 consanguineo
1115 4276 1206 4331 dat
1238 4276 1388 4330 basia
1417 4284 1624 4346 pastor.

444 4372 665 4428 Talibus
692 4369 950 4441 auspiciis
977 4368 1249 4438 primitivis
1279 4368 1438 4422 miles
1464 4368 1531 4423 ab
1561 4367 1715 4423 annis

371 4463 574 4520 Christi
603 4461 770 4532 cmpit
797 4479 808 4514 :
844 4460 1041 4514 abhinc
1068 4459 1159 4528 qui
1188 4458 1259 4514 sit
1288 4466 1410 4527 post
1435 4459 1632 4525 exitus,
1664 4465 1830 4529 atque

373 4555 477 4623 Qui
505 4555 610 4610 sibi
634 4553 747 4622 jam
777 4551 942 4607 fuerit
966 4551 1192 4622 juvenili
1223 4550 1278 4604 in
1305 4558 1528 4619 pectore
1557 4565 1769 4617 sensus,

373 4647 611 4716 Quaeque
635 4645 754 4699 viro
784 4641 1151 4699 succrescenti
1179 4641 1486 4695 constantia
1515 4640 1751 4706 mentis;

375 4736 432 4791 Si
463 4736 595 4791 mihi
621 4736 732 4790 vita
760 4748 944 4790 comes
971 4731 1167 4797 fuerit,
1198 4731 1246 4787 si
1275 4732 1501 4801 spiritus
1527 4731 1676 4786 intus

375 4831 586 4900 Corpus
609 4829 750 4893 alet,
773 4827 957 4898 lingua
984 4833 1042 4880 et
1066 4825 1284 4880 solitum
1308 4824 1354 4880 si
1383 4839 1581 4879 munus
1605 4824 1842 4889 habebit,

378 4921 810 4988 Progressusque
835 4915 986 4970 dabit
1011 4929 1224 4968 summa
1255 4927 1320 4966 ac
1345 4911 1653 4968 veneranda
1691 4913 1960 4971 secundos

379 5006 661 5077 Majestas,
681 5005 870 5061 eadem
898 5003 1086 5074 paucis
1113 5017 1373 5071 superare
1397 5004 1642 5059 camenis

379 5097 660 5167 Incipiam.
693 5094 920 5151 Abbatis
946 5101 1070 5165 post
1092 5094 1211 5148 haec
1237 5093 1534 5149 subductus
1559 5094 1627 5149 ab
1653 5094 1771 5150 aede

383 5187 483 5243 llic
510 5199 646 5256 puer
672 5184 912 5240 inberbis
940 5183 1139 5239 schola}
1166 5181 1406 5239 defertur
1432 5184 1500 5238 ad
1528 5199 1710 5240 arcem
1729 5224 1747 5251 ,

383 5279 495 5334 Lex
522 5285 726 5334 aeterna
754 5275 850 5330 Dei
880 5290 1112 5346 semper,
1142 5290 1248 5346 qua
1277 5290 1503 5330 munere
1528 5275 1732 5332 Christi

383 5369 621 5427 Discitur
647 5383 680 5422 a
707 5367 913 5439 pueris,
941 5366 1320 5436 seniorumque
1347 5380 1445 5421 ore
1471 5367 1711 5421 docetur.

453 5465 567 5523 Nec
598 5478 753 5519 mora
789 5461 1046 5517 continua
1082 5460 1247 5529 caepit
1279 5459 1546 5513 elementa
1581 5472 1796 5527 parare.

388 5557 568 5626 thue
595 5556 712 5626 apis
740 5553 989 5610 esuriens
1020 5551 1196 5622 primo
1228 5565 1353 5604 cum
1385 5557 1629 5618 tempore
1658 5549 1799 5603 veris

463 5679 490 5708 ι
527 5668 820 5736 Ratgarius
858 5665 1090 5730 scilicet,
1130 5677 1304 5736 quem
1345 5661 1680 5736 monoceroti
1726 5661 1963 5736 insiden-

396 5745 504 5791 tem
532 5732 774 5808 appinxit
808 5738 1084 5796 Modestus
1130 5732 1234 5793 hoc
1272 5732 1391 5793 loco
1435 5732 1495 5792 in
1539 5733 1801 5802 primario
1818 5733 1959 5791 Can-

1409 341 1465 395 S.
1510 335 1755 392 EIGILIS
1794 331 2083 388 ABBATIS
2120 324 2517 386 FULDENSIS‘.

1932 444 1985 502 Α
2008 438 2230 495 Enitens
2263 438 2484 509 paribus
2511 434 2702 491 volitat
2734 447 2832 504 per
2858 433 3100 504 gramina
3135 433 3349 502 pennis,

3479 319 3584 374 404

2007 530 2469 600 Campigenosque
2497 527 2598 582 sibi
2627 532 2802 581 certat
2828 525 3118 595 decerpere
3149 523 3339 589 flores;

2006 621 2180 674 Altius
2208 619 2335 674 inde
2362 619 2573 680 volans,
2603 615 2824 687 glaucas
2854 614 3209 669 stridentibus
3235 615 3340 670 alis

2009 710 2161 766 Nunc
2186 710 2410 775 salices,
2449 723 2597 763 nunc
2621 720 2855 776 namque
2881 705 3058 775 pirum
3085 705 3478 778 platanumque
3510 708 3587 764 ni.

3292 796 3525 870 [tentem

2007 893 2254 947 Floribus
2285 908 2379 947 ore
2408 891 2558 961 legit,
2587 889 2760 944 tiliam
2790 887 3006 943 fervore
3032 890 3236 944 recenti
3266 891 3397 945 hinc

2010 983 2321 1038 Mellilluam
2349 981 2548 1052 satagit
2579 996 2722 1036 caaco
2750 980 2849 1034 sub
2877 979 3110 1035 condere
3139 988 3302 1036 tecto.

2010 1073 2165 1128 Haud
2193 1088 2351 1127 secus
2381 1072 2468 1126 hic
2492 1071 2708 1139 juvenis
2735 1071 3000 1125 librorum
3029 1072 3267 1126 carmine
3296 1072 3546 1140 primum

2011 1163 2314 1218 Corticibus
2341 1162 2506 1215 veluti
2538 1162 2679 1216 rasis
2703 1161 2825 1229 quis
2849 1161 3090 1230 pascitur
3116 1161 3279 1227 acris,

2013 1255 2194 1308 Donec
2217 1254 2270 1307 vi
2297 1268 2510 1322 quoque
2536 1267 2646 1305 non
2670 1252 2912 1322 propria,
2943 1251 3038 1306 scd
3067 1267 3290 1308 munere
3319 1253 3528 1310 Christi

2011 1345 2308 1401 Proﬁciens
2338 1351 2499 1397 aetate
2528 1342 2690 1397 simul
2718 1357 2990 1412 sensuque
3018 1343 3221 1412 sagaci,

2013 1438 2167 1494 Pasci
2194 1441 2498 1509 promeruit
2527 1441 2761 1496 umbrati
2793 1439 3031 1494 nectaris
3060 1441 3257 1495 haustu

2121 1550 2249 1606 Car.
2276 1552 2360 1606 ΙΙΙ.
2403 1551 2489 1606 Fit
2515 1554 2800 1608 monachus
2827 1563 2873 1608 et
2902 1555 3179 1608 ordinatur
3200 1554 3488 1624 presbyter.

2016 1658 2154 1713 Hinc
2181 1661 2346 1714 etiam
2377 1663 2660 1718 monachis
2681 1661 2795 1731 jam
2822 1669 2951 1719 tunc
2975 1664 3333 1720 Fuldensidus
3358 1665 3583 1720 hterens

1945 1782 1992 1841 Β
2020 1748 2447 1820 Moribusatque
2475 1752 2686 1817 habitu,
2713 1753 2838 1808 vitae
2865 1754 3101 1810 cmlestis
3129 1770 3314 1809 amore

2023 1838 2345 1906 Succensus,
2375 1857 2498 1896 cum
2526 1843 2752 1898 consilio
2782 1843 3119 1913 fratrumque
3145 1845 3443 1914 Patrisque

2019 1932 2288 2004 Jungitur,
2321 1949 2386 1988 ac
2413 1935 2598 1989 nitidis
2626 1935 2829 1990 Christi
2859 1937 3193 2006 succingitur
3220 1938 3400 1993 armis,

2023 2023 2262 2095 Signifer
2291 2025 2587 2095 intrepidus
2615 2027 2815 2084 Christi
2849 2030 3110 2084 tutamine
3139 2028 3327 2085 fretus.

2022 2114 2112 2169 Fit
2136 2131 2317 2172 comes
2348 2118 2556 2173 interea
2580 2118 2758 2174 Patris
2789 2119 3034 2191 ﬁdusque
3063 2121 3349 2187 minister,

2024 2205 2290 2276 Prospere
2315 2217 2508 2263 cuncta
2534 2224 2767 2279 gerens:
2800 2210 3020 2280 supplex
3048 2211 3264 2266 oracula
3292 2197 3446 2282 cujus

2028 2293 2237 2365 Szepius
2268 2313 2377 2352 una
2407 2312 2531 2352 cum
2560 2301 2782 2355 senibus
2808 2301 3072 2370 spatiatur
3096 2303 3163 2355 ad
3190 2301 3316 2356 alta.

2029 2383 2181 2455 Saepe
2207 2386 2373 2440 etiam
2403 2396 2528 2442 ante
2555 2403 2745 2444 omnes
2773 2390 2944 2444 multa
2977 2400 3324 2462 exspectante
3349 2399 3571 2447 caterva

2025 2473 2216 2530 Iussus
2239 2474 2362 2544 jura
2389 2478 2572 2544 dabat,
2602 2479 2905 2550 iterumque
2934 2480 3154 2537 infanda
3179 2483 3414 2537 vetabat.

2026 2567 2108 2624 Ac
2140 2584 2334 2640 magna
2370 2570 2574 2642 ingenii
2610 2586 2838 2642 qumque
2873 2574 3218 2629 discreverat
3238 2583 3378 2639 arte,

2032 2657 2298 2728 Tempore
2330 2674 2437 2714 non
2472 2660 2601 2724 alio,
2637 2663 2850 2717 meritis
2884 2670 2939 2718 et
2971 2663 3221 2733 dogmate
3253 2663 3469 2727 clarus...

2029 2750 2181 2806 Felix
2210 2757 2366 2821 patre
2396 2759 2545 2806 satus
2573 2753 2871 2821 quondam,
2897 2751 3146 2808 felicibus
3175 2755 3354 2820 annis,

2031 2840 2172 2912 Eigil
2200 2841 2304 2897 hoc
2329 2841 2551 2896 sortitus
2581 2851 2701 2897 erat
2728 2843 3057 2911 baptismate
3085 2858 3297 2898 nomen.

2033 2931 2204 3002 Fungi
2233 2935 2541 3003 promeruit.
2562 2935 2629 2989 ab
2657 2935 2810 2991 Lullo
2836 2936 3068 3006 przesule
3100 2951 3258 2992 sacro

2035 3021 2343 3094 Presbyter,
2378 3022 2590 3078 infestis
2622 3025 2808 3080 mundi
2842 3026 3087 3096 direptus
3121 3027 3189 3081 ab
3218 3026 3398 3082 undis.

1961 3135 2010 3198 ρ
2073 3110 2315 3168 (ἔλλινη
2356 3109 2648 3184 Catalogus.
2667 3114 2915 3169 abbatum.
2937 3118 3240 3170 monasterii
3265 3119 3572 3188 supradictis

2039 3201 2277 3272 Contigit
2309 3202 2513 3258 interea
2544 3205 2693 3259 senio
2728 3207 3024 3277 morboque
3057 3221 3307 3276 peresum

2039 3291 2311 3364 Styrmen,
2351 3295 2442 3363 qui
2475 3293 2650 3349 fuerat
2681 3297 2889 3365 primus
2923 3295 3177 3353 fundator
3205 3308 3260 3354 et
3292 3299 3457 3355 abbas

2038 3381 2283 3437 ϐαδιιοῦἱί
2308 3382 2614 3450 Fuldensis,
2647 3386 2715 3440 ab
2742 3386 2845 3441 hac
2872 3401 3086 3457 quoque
3113 3387 3231 3442 luce
3257 3389 3516 3460 migrasse

2038 3471 2344 3538 Credimus,
2377 3474 2430 3527 in
2461 3474 2635 3529 lucem
2663 3490 2876 3545 semper
2904 3477 3023 3532 sine
3050 3476 3157 3532 fine
3185 3488 3512 3535 manentem.

2039 3561 2207 3632 Cujus
2235 3571 2359 3632 post
2386 3562 2595 3618 obitum
2621 3565 2876 3620 concordi
2900 3580 3034 3621 voce
3057 3567 3316 3621 boantum

2041 3654 2272 3724 Baugolf
2293 3655 2511 3725 eligitur
2535 3655 2706 3728 larga,
2736 3656 3059 3714 Germanica
3086 3659 3289 3729 proles,

2044 3745 2168 3800 Rite
2199 3745 2362 3802 Pater
2389 3750 2738 3816 praecessoris
2769 3759 3055 3820 porrectus
3082 3753 3151 3808 ab
3179 3767 3294 3809 ore.

2321 3857 2450 3912 CAP.
2481 3858 2544 3914 V.
2577 3857 2939 3930 Metaphoram
2960 3863 3159 3917 inducit
3180 3873 3352 3934 poeta.

2116 3967 2229 4024 Hoc
2273 3984 2401 4023 nam
2425 3979 2669 4026 cessante
2714 3975 2976 4029 successit
3007 3974 3324 4032 Monoceros
3361 3991 3409 4044 ε,
3452 3979 3538 4049 qui

2046 4059 2210 4115 Forte
2236 4076 2456 4132 gregem
2488 4061 2589 4116 sibi
2614 4063 2962 4119 commissum
2989 4063 3100 4137 (res
3127 4065 3270 4122 foeda
3300 4066 3545 4139 refertur)

2049 4149 2244 4204 Nescio
2277 4165 2382 4220 qua
2430 4149 2629 4216 fronte,
2657 4153 2889 4208 stimulis
2908 4156 3146 4226 agitabat
3167 4157 3364 4228 ineptis
3393 4177 3407 4212 :

2051 4239 2232 4294 Donec
2285 4240 2341 4294 vi
2367 4240 2530 4295 nimia
2552 4252 2765 4311 pastum
2797 4243 3081 4315 fontesque
3107 4245 3356 4314 fluentes,

2051 4329 2238 4386 Dulcia
2260 4347 2492 4402 namque
2515 4332 2632 4388 loca
2663 4342 2718 4389 et
2753 4335 2963 4391 stabula
2989 4337 3098 4392 alta
3125 4348 3345 4394 coactus

2056 4421 2284 4486 Deserit,
2317 4429 2479 4490 atque
2505 4420 2630 4493 fuga
2661 4425 2841 4494 regnis
2868 4425 3100 4482 decessit
3129 4429 3308 4484 avitis.

2056 4507 2192 4575 Quid
2222 4511 2424 4580 majora
2446 4514 2690 4581 sequar?
2736 4515 2868 4570 torni
2898 4516 3026 4571 dum
3054 4519 3265 4587 pondus
3287 4521 3341 4575 in
3367 4523 3510 4588 istis,

2053 4599 2116 4656 Si
2146 4601 2269 4672 quis
2315 4605 2384 4658 ab
2424 4618 2519 4659 ore
2535 4604 2668 4658 velit
2698 4621 2993 4678 peragrans
3024 4609 3140 4664 haec
3164 4619 3358 4666 cuncta
3388 4618 3607 4680 relerre,

2056 4691 2378 4762 Congeritur
2404 4694 2638 4763 quodam
2664 4696 2922 4752 instinctu
2951 4712 3082 4769 grex
3118 4702 3294 4756 omnis
3319 4701 3389 4756 ab
3415 4719 3520 4758 uno

2058 4781 2346 4853 Lanigero,
2393 4785 2782 4855 circumspecte
2803 4787 3060 4843 collectus
3093 4789 3145 4844 in
3173 4806 3360 4855 unum,
3386 4799 3444 4846 et

2061 4870 2222 4942 Spem
2248 4874 2351 4928 sibi
2375 4873 2639 4944 direptam
2667 4876 2847 4931 saltim
2891 4878 3144 4948 viresque
3182 4881 3405 4951 recepit,

2057 4964 2233 5034 Atque
2265 4965 2460 5020 iterum
2492 4966 2767 5023 insolitum
2793 4969 3069 5038 repedavit
3104 4971 3314 5028 concite
3335 4981 3570 5043 pastum.

2190 5076 2318 5131 CAP.
2355 5077 2441 5132 VL
2475 5077 2642 5150 Regia
2667 5081 2959 5134 curaccirca
2985 5081 3176 5151 fratres
3204 5082 3518 5141 Fuldenaea.

2131 5191 2270 5247 Hinc
2300 5206 2517 5262 quoque
2545 5193 2760 5248 sublato
2788 5195 3024 5250 silvestri
3055 5200 3422 5268 Monocerote,

2060 5280 2354 5351 lmprovisa
2400 5281 2507 5336 cito
2538 5283 2774 5337 surrexit
2796 5287 2942 5356 regia
2972 5303 3103 5343 cura

2062 5373 2323 5440 Ludwici,
2375 5373 2466 5442 qui
2505 5389 2718 5444 semper
2743 5385 2860 5431 erat
2887 5378 3124 5434 melioris
3147 5391 3353 5435 amator

2063 5464 2220 5530 Vitae,
2244 5463 2335 5532 qui
2381 5465 2676 5520 monachos
2703 5474 2854 5521 casto
2884 5467 3070 5527 dilexit
3095 5485 3300 5525 amore.

2065 5556 2237 5624 Quem
2260 5555 2405 5612 Deus
2430 5557 2772 5630 omnipotens
2801 5575 3014 5632 sospem
3041 5561 3108 5617 de
3135 5563 3262 5618 sede
3299 5570 3527 5634 paterna

2066 5666 2551 5797 ggdximgemplari,
2597 5679 2793 5734 notans
2831 5674 2937 5733 hoc
2983 5675 3226 5797 symbolo
3267 5677 3625 5751 impetiginem
