3838 6144
209 172 310 224 ιοδ

1593 143 1761 201 VITA.
1789 137 2112 196 METRICA’.

3369 130 3473 184 £00

206 281 458 338 Collocat
479 269 897 348 et[colloeetiu]
922 266 1145 339 regnum
1169 262 1308 319 lucis
1345 258 1638 328 sedemque
1668 254 1793 308 bea-
1820 255 1873 314 Α
1896 248 2046 305 CAP.
2105 244 2194 301 IX.
2252 242 2549 314 Increpatio
2569 249 2735 312 poeta:
2784 247 2845 293 et
2882 237 3174 293 exhortatio
3216 239 3469 306 ejusdem.

209 463 354 518 Misit
384 460 458 515 ab
481 459 706 514 occiduo
732 455 821 510 hic
847 452 1144 509 monachos
1175 447 1268 517 qui
1295 443 1530 500 maxime
1554 447 1790 499 nostros,

207 555 348 622 Quin
388 560 446 606 et
470 550 730 605 finitimos
749 546 949 601 fratres
978 562 990 597 :
1023 543 1258 610 hincque
1279 536 1404 592 inde
1435 533 1700 588 cubantes

211 646 388 699 Mores
437 649 492 698 et
541 640 721 696 studia
747 647 803 693 et
831 637 977 706 leges
1017 641 1072 689 ct
1095 634 1349 703 dogmata
1380 635 1596 698 patrum

211 738 450 808 [accepta
497 735 759 806 incipere,
788 740 846 788 et
869 733 1022 803 lapsa
1054 741 1318 784 renovare
1347 728 1650 779 monerent.

211 853 337 908 Car.
374 851 489 907 VII.
532 849 746 921 Legatio
789 848 1018 918 fratrum
1064 845 1134 900 ad
1176 845 1543 913 imperatorem
1571 837 1789 890 directa.

218 944 512 1000 Subdimur
532 942 761 1006 interea,
793 939 930 993 duro
953 935 1173 991 custode
1200 941 1429 997 remoto,

213 1034 430 1090 Scilicet
472 1031 753 1097 extremis,
784 1044 956 1099 usque
985 1027 1114 1082 dum
1141 1025 1311 1080 frater
1348 1019 1615 1084 Adalfrid,

223 1126 366 1182 Unus
394 1125 466 1180 ab
516 1121 781 1186 occiduis,
833 1119 1038 1174 nostris
1065 1116 1357 1172 comitatus
1384 1113 1451 1168 ad
1472 1111 1579 1166 alta

216 1214 517 1278 Fratribus,
554 1211 738 1266 eximii
769 1210 992 1265 subiens
1019 1206 1239 1264 oracula
1266 1204 1432 1276 regis,

217 1305 610 1372 Frustrataquc
651 1301 769 1357 loco
796 1308 851 1354 et
879 1299 999 1355 diro
1032 1296 1260 1367 spoliata
1289 1294 1550 1364 magistro

217 1396 392 1451 Fnlda:
419 1394 588 1449 Patre
613 1394 720 1463 pio,
750 1406 941 1447 rursus
987 1389 1238 1445 vestirier
1263 1395 1401 1443 orat.

220 1489 308 1544 Cui
335 1489 424 1559 pia
465 1486 755 1558 progenies
790 1492 981 1540 contra
1002 1484 1081 1538 sic
1107 1497 1202 1537 ore
1245 1481 1458 1536 locutus
1490 1496 1501 1531 :

283 1577 430 1632 Vade
487 1594 609 1648 age,
637 1575 1033 1644 consiliumque
1059 1588 1192 1627 voca
1211 1612 1225 1635 ,
1255 1570 1562 1638 fratresque
1593 1567 1789 1622 saluta.

224 1669 284 1723 Et
305 1681 694 1739 quemcunque
719 1665 887 1721 velint
907 1663 1059 1735 juste
1089 1662 1298 1732 riteque
1327 1665 1600 1729 repertum

222 1760 468 1830 Expetito
511 1767 743 1829 patrem,
770 1772 834 1812 ex
865 1755 1022 1810 nobis
1052 1753 1288 1809 concede
1313 1751 1507 1806 labori.

281 1851 530 1916 Dixerat,
557 1857 615 1903 et
644 1848 827 1903 laetum
871 1846 1016 1902 clara
1045 1843 1251 1900 dimisit
1289 1843 1357 1896 ab
1382 1841 1524 1895 aula.

223 1944 305 2000 ille
344 1944 446 1999 ubi
496 1941 740 2013 percepit
774 1939 918 2011 regis
937 1951 1196 2008 responsa
1240 1933 1497 2004 potentis,

225 2033 396 2104 Atque
423 2035 537 2088 haec
587 2033 702 2102 ipsa
751 2045 850 2086 suo
875 2029 1096 2084 volvens
1119 2027 1220 2082 sub
1241 2031 1459 2096 pectore
1489 2030 1698 2086 versat,

229 2123 484 2179 Hortatur
515 2123 695 2178 socios
718 2119 930 2187 creber,
954 2118 1108 2189 jubet
1131 2131 1251 2172 esse
1275 2121 1515 2186 paratos,

228 2216 379 2286 Cogit
405 2215 539 2269 inire
581 2213 746 2277 viam,
779 2218 835 2266 et
872 2210 1104 2266 celerem
1145 2221 1244 2277 per
1269 2219 1436 2276 opaca
1461 2203 1702 2258 locorum

231 2302 443 2357 Concite
468 2301 612 2356 ferre
639 2299 884 2371 gradum,
911 2312 1010 2368 per
1028 2305 1226 2360 terras,
1253 2291 1521 2365 gramina,
1545 2289 1798 2357 limphas,

233 2394 324 2449 Per
372 2401 607 2459 montes,
641 2392 914 2460 vallesque
951 2386 1132 2452 simul,
1176 2399 1274 2456 per
1301 2384 1468 2438 densa
1497 2380 1735 2436 ferarum

234 2485 440 2549 Lustra,
470 2484 628 2554 lupus
657 2480 984 2537 horrendum
1013 2476 1225 2531 ululans
1247 2472 1335 2528 ubi
1364 2471 1553 2527 devius
1587 2484 1682 2526 ore

236 2572 557 2645 Sanguineo,
596 2584 739 2640 sazpe
788 2566 1014 2623 insidias
1037 2565 1139 2619 sub
1161 2563 1327 2618 corde
1344 2558 1570 2614 volutat.

295 2665 405 2720 Nec
435 2677 611 2729 mora,
658 2673 892 2730 cumque
929 2657 1045 2714 dies
1080 2653 1256 2710 noctis
1301 2655 1652 2723 superaverat
1691 2661 1810 2702 um-

1635 2736 1807 2807 [bras,

238 2846 546 2916 Titanisque
574 2843 775 2899 rubens
796 2840 912 2897 orbi
937 2839 1030 2904 lux
1053 2837 1163 2892 alta
1193 2834 1438 2900 refulsit;

242 2939 423 2994 Statim
467 2953 594 2993 cum
616 2935 781 2991 sociis
802 2933 1002 2990 missus
1024 2931 1093 2987 de
1116 2945 1243 3002 rege
1271 2927 1551 2992 remissus,

242 3033 408 3088 Ardua
433 3030 686 3087 certatim
731 3027 935 3098 pariter
960 3025 1029 3080 ad
1057 3023 1256 3080 moenia
1288 3020 1459 3078 tendit

244 3121 437 3187 Fuldze,
484 3129 642 3192 parta
680 3118 898 3190 quidem
944 3130 1131 3172 secum
1165 3115 1308 3170 bona
1329 3111 1472 3167 dona
1504 3112 1807 3180 reportans.

305 3214 514 3269 Interea
551 3212 689 3288 latos
717 3209 902 3265 volitat
948 3216 1184 3279 pennata
1205 3220 1304 3276 per
1333 3217 1514 3276 agros,

247 3303 482 3358 Cmnobii
519 3300 805 3356 Fui-densis
834 3314 1002 3355 ovans
1032 3297 1304 3352 adlabitur
1320 3308 1482 3348 aures

250 3392 492 3448 Fratrum
535 3391 700 3457 fama,
740 3390 892 3456 boni,
918 3403 1137 3444 cursum
1181 3385 1495 3442 rumoribus
1540 3382 1699 3452 aptis,

250 3485 401 3540 Forte
427 3484 608 3538 virum
635 3489 897 3547 ostentat,
943 3481 1150 3550 absque
1199 3475 1516 3534 discrimine
1546 3487 1760 3544 sospcm

252 3580 579 3644 Confectum,
629 3577 858 3647 lazvique
895 3582 1080 3631 monet
1114 3573 1190 3628 nil
1227 3578 1409 3627 mente
1444 3567 1646 3625 vereri.

316 3672 440 3728 Haec
477 3671 653 3726 adhuc
681 3682 988 3724 memorans
1011 3665 1170 3720 lictor
1209 3663 1274 3719 de
1301 3676 1428 3732 rege
1447 3666 1676 3715 venusto

255 3763 442 3818 Missus
486 3762 619 3827 adit,
651 3759 932 3829 nostrique
971 3756 1132 3813 simul
1159 3770 1286 3810 cum
1321 3752 1568 3823 principe
1589 3749 1790 3804 fratres

262 3857 499 3924 0dilhoh,
527 3858 777 3914 Reccheo
801 3869 826 3897 ει
850 3865 906 3912 et
935 3854 1136 3920 senior,
1157 3851 1273 3922 jam
1305 3849 1557 3914 functus;
1588 3855 1816 3916 uterque

266 3950 538 4022 Presbyter
569 3959 624 4007 et
659 3945 977 4012 monachus,
1011 3945 1192 4000 animo
1219 3943 1436 4012 lmtique
1458 3939 1700 3993 minores

271 4037 400 4097 iussi
433 4049 574 4097 tecta
603 4047 833 4112 petunt:
864 4052 1039 4107 neque
1074 4033 1218 4090 enim
1237 4039 1362 4103 post
1392 4040 1636 4100 tempora
1658 4026 1828 4082 multa

273 4135 534 4192 Fratribus
573 4134 784 4199 accitis,
820 4131 964 4202 regis
1007 4128 1084 4182 ita
1105 4125 1328 4180 nuntius
1352 4135 1531 4178 orsus.

275 4227 385 4282 Car.
423 4227 552 4283 Vill.
582 4223 868 4296 Responsio
908 4217 1241 4290 imperatoris
1283 4211 1536 4284 fratribus
1575 4208 1822 4280 aperitur.

335 4318 612 4373 Lndwicus
650 4329 745 4370 rex
766 4311 1021 4384 pacificus
1041 4307 1333 4375 Caesarque
1357 4316 1601 4364 serenus,

278 4410 424 4466 Vobis
440 4407 556 4480 jam
578 4405 798 4478 propria
825 4399 1104 4458 mandavit
1133 4411 1266 4453 voce
1293 4394 1544 4457 salutem,

277 4504 336 4559 Et
374 4517 744 4576 quemcunque
772 4498 921 4568 cupit
948 4502 1130 4550 vestra
1153 4489 1444 4548 concordia
1465 4500 1693 4548 concors

276 4595 386 4650 Rite
429 4603 659 4664 patrem,
707 4592 960 4665 justeque
986 4582 1146 4642 simul
1166 4582 1432 4665 digneque
1451 4583 1730 4648 repertum

273 4685 431 4740 Lmsis
453 4663 745 4740 luminibus
767 4687 952 4735 vestro
994 4663 1261 4731 concessit
1280 4668 1472 4724 amori.

338 4776 500 4841 Dixit,
529 4783 583 4830 et
609 4774 873 4828 introrsus
894 4768 1007 4824 oris
1029 4763 1325 4836 spiramina
1365 4758 1566 4829 saepsit.

201 4932 206 4941 ,
271 4868 420 4924 Nulla
462 4882 615 4922 mora
640 4866 695 4919 in
718 4862 892 4917 medio
916 4858 1138 4929 supplex
1178 4855 1231 4909 in
1260 4852 1422 4908 rebus
1461 4847 1646 4921 egenis

273 4960 521 5014 Fratrum
542 4955 821 5027 congeries
859 4963 1120 5020 responsa
1161 4953 1285 5000 ante
1313 4957 1408 4999 ora
1438 4939 1666 4996 ferentis

271 5051 506 5120 Corpore
529 5047 763 5117 collapsa
786 5044 1010 5117 genibus
1031 5034 1338 5109 procumbit
1355 5032 1524 5097 humi,
1559 5045 1685 5086 mox

274 5141 468 5198 Grates
486 5137 798 5211 persolvens
823 5135 1010 5204 dignas
1052 5132 1168 5186 haec
1202 5139 1426 5181 munera
1453 5121 1628 5176 danti.

347 5269 374 5297 ιι
414 5255 589 5309 Fuere
629 5249 747 5320 ejus
796 5245 1031 5320 nominis
1070 5240 1366 5320 Fuldenses
1411 5232 1666 5320 monachi
1704 5231 1847 5285 duo:

278 5343 418 5380 unus
455 5302 960 5381 Bec'cli‘eo‘senior,
997 5314 1063 5368 de
1115 5325 1222 5380 quo
1281 5308 1392 5370 hic,
1440 5303 1542 5381 qui
1588 5302 1849 5381 diaconus

283 5372 532 5451 ἓξῆἧίιᾶ
543 5372 850 5447 ’ὧῖἱῖὶθιῖεἰε
871 5372 1158 5442 abbatissae
1188 5380 1403 5451 litteras
1423 5372 1849 5451 donationisnpro

285 5444 886 5521 monasterio—Fuldensi
905 5453 1288 5524 scripsitanno
1307 5448 1432 5511 800,
1454 5446 1520 5524 _in_
1536 5444 1631 5498 lib.
1656 5457 1695 5495 ιι
1719 5444 1854 5524 Tra-

288 5514 937 5591 ditibii'um'Fuldensium,
973 5514 1100 5653 £53.
1125 5520 1252 5581 5H,
1286 5528 1341 5574 et
1379 5516 1469 5587 qui
1501 5514 1613 5584 jam
1642 5517 1852 5582 presby-

291 5618 365 5653 ιη
385 5609 544 5653 alium
575 5601 788 5653 scripsit
812 5615 950 5653 anno
1017 5595 1034 5649 ί
1087 5635 1100 5653 .
1127 5607 1246 5653 ιδίικ.
1281 5589 1374 5646 551
1403 5607 1418 5653 ;
1444 5586 1580 5642 alter
1604 5584 1850 5640 Recchco

1017 5584 1100 5660 ιξξ,
1127 5607 1246 5664 pag.
1281 5589 1374 5646 551
1401 5584 1418 5656 ξ
1444 5586 1580 5642 alter
1604 5584 1850 5640 Reccheo

291 5618 365 5661 ter
385 5609 546 5661 aliam
575 5601 788 5674 scripsit
812 5615 950 5656 anno

1969 341 2102 408 Quis
2130 338 2224 392 tibi
2265 345 2378 390 tum
2405 333 2640 389 fraterna
2668 333 2864 388 cohors
2912 331 2966 384 in
3009 337 3225 398 pectore
3249 333 3473 384 sensus?

1898 434 2010 488 lmo
2046 429 2170 485 talia
2200 426 2436 483 volventi
2465 414 2584 494 qua:
2623 431 2800 478 mente
2829 421 3121 477 voluntas?

1897 526 2109 592 Quasvc
2148 531 2385 575 tremens
2407 518 2584 572 cieras
2623 522 2880 569 concreto
2903 527 3133 582 corpore
3169 511 3366 566 voces?

1898 615 2085 670 Nonne
2126 612 2242 665 vias
2280 607 2505 678 simplex
2531 605 2760 660 fratrum
2790 619 2847 658 se
2875 601 3040 656 ﬂectit
3066 603 3120 656 in
3147 602 3336 658 ambas

1898 705 2156 766 Discolor,
2207 708 2368 769 atque
2409 695 2738 753 subintravit
2792 692 3063 748 discordia
3101 705 3262 762 pone,

1895 798 2239 863 Turbataque
2277 792 2385 846 ruit
2419 788 2610 859 simpla
2663 786 2950 842 concordia
2992 786 3179 840 retro?

1896 887 2047 942 Talia
2080 885 2126 940 si
2161 884 2354 937 subeas
2387 880 2549 943 ultra,
2595 892 2629 932 o
2677 876 2952 931 sociabilis
2975 876 3128 940 ordo,

1895 977 2158 1041 Concilia,
2202 972 2351 1028 tenui
2393 971 2554 1024 liccat
2601 975 2655 1022 te
2694 982 2828 1022 voce
2876 980 3116 1021 monere.

1895 1069 2065 1124 Parce
2119 1072 2289 1128 metu,
2321 1060 2531 1129 solique
2557 1057 2668 1112 Deo
2705 1056 2976 1111 confidere
3005 1055 3172 1111 disce.

1895 1163 2064 1218 Posce
2107 1159 2217 1213 Deo
2251 1153 2471 1225 placita,
2514 1151 2559 1206 si
2588 1151 2731 1214 scis;
2781 1148 2826 1202 si
2860 1162 3080 1218 poscere
3130 1148 3328 1214 nescis,

1895 1254 2002 1308 Aut
2028 1249 2124 1305 tibi
2149 1248 2195 1303 si
2229 1245 2370 1302 desit
2390 1243 2509 1298 veri
2562 1240 2827 1312 sapientia
2879 1239 3049 1304 verbi,

1894 1346 2049 1400 Alma
2095 1341 2310 1408 altaque
2351 1336 2454 1391 fide
2512 1337 2832 1405 regnantem
2888 1344 3122 1384 cernuus
3173 1343 3287 1394 ora,

1896 1438 2001 1507 Qui
2027 1437 2169 1490 bona
2203 1437 2400 1485 cuncta
2457 1425 2624 1491 dabit,
2661 1432 2716 1478 et
2759 1421 2893 1478 nulli
2928 1420 3122 1491 probra
3157 1420 3422 1490 rependit.
3464 1422 3467 1425 ’

1900 1550 2028 1607 CAP.
2052 1547 2119 1600 X.
2167 1545 2342 1598 Datur
2381 1539 2594 1594 licentia
2623 1535 2895 1606 aspirandi
2933 1550 3090 1607 super
3129 1532 3335 1607 abbatis
3372 1532 3477 1607 ele-

1827 1611 1875 1671 B
1937 1621 2132 1683 ctione,
2179 1625 2226 1669 et
2279 1609 2557 1666 consilium
2596 1602 2860 1662 seniorum
2901 1615 2947 1658 et
2986 1603 3187 1657 abbatis
3238 1602 3441 1657 electio.

1971 1732 2145 1801 Larga
2191 1726 2409 1798 quidem
2431 1735 2594 1791 super
2619 1720 2724 1773 hoc
2745 1729 2999 1772 concessa
3038 1722 3123 1769 est
3147 1713 3302 1783 copia
3330 1711 3478 1768 fandi

1899 1823 2206 1886 Fratribus,
2239 1820 2402 1888 inque
2431 1817 2606 1870 vicem
2632 1810 2828 1866 debrnc
2848 1807 3120 1878 respirare
3149 1813 3407 1876 potestas.

1897 1916 1987 1971 Fit
2013 1913 2190 1969 subito
2223 1909 2452 1964 fratrum
2480 1903 2702 1975 passim,
2733 1913 3032 1955 concursus
3056 1896 3111 1949 in
3143 1910 3328 1951 unum.

1900 2006 2098 2077 Longis
2122 1999 2422 2074 porticibus
2448 1995 2673 2054 claustri
2706 1991 2978 2049 confessio
3006 1990 3164 2058 longa

1900 2097 2173 2154 Cernitur.
2213 2093 2351 2148 llinc
2379 2090 2531 2145 vario
2556 2087 2707 2142 varia
2735 2097 2984 2139 sermone
3010 2080 3204 2136 levata.

1902 2187 2127 2244 Concite
2157 2181 2404 2255 prorupit
2431 2180 2485 2234 in
2515 2176 2753 2232 medium
2784 2188 2873 2227 res
2903 2169 3140 2233 dissona,
3171 2167 3376 2223 circum

1902 2281 2044 2336 Fusa
2070 2285 2234 2343 rotat,
2267 2287 2466 2329 acuens
2495 2268 2661 2324 variis
2690 2263 2999 2320 rumoribus
3031 2261 3141 2314 iras

1905 2370 2143 2426 Infausta
2177 2364 2442 2439 genitrice
2471 2369 2590 2416 sata
2623 2355 2894 2413 discordia
2921 2350 3124 2423 proles.

1903 2461 1987 2516 An
2016 2461 2206 2530 loquar
2226 2497 2242 2524 ,
2271 2470 2342 2510 an
2367 2451 2593 2509 sileam?
2619 2448 2764 2520 vulgi
2793 2443 3057 2521 sententia
3088 2441 3250 2503 fatur,

1908 2550 2061 2619 Quod
2082 2548 2205 2620 quis
2231 2544 2567 2615 flammigero
2595 2538 2772 2594 valide
2791 2543 3072 2591 contactus
3098 2531 3164 2585 ab
3202 2531 3346 2600 igne,

1908 2641 2091 2714 Ignem
2117 2636 2452 2706 flammigero
2480 2628 2742 2702 pavitanti
2775 2634 2952 2681 mente
2981 2631 3218 2679 veretur.

1909 2711 2072 2788 llicee
2090 2731 2308 2785 Patrem
2327 2725 2461 2797 petit
2487 2724 2654 2789 hunc,
2686 2720 2834 2776 illum
2852 2729 3084 2786 namque
3114 2713 3202 2770 ille
3227 2711 3483 2782 reposcit,

1909 2826 2080 2892 Quem
2109 2835 2237 2892 pars
2262 2831 2370 2873 una
2398 2814 2569 2885 cupit,
2592 2810 2792 2882 refugit
2817 2822 2944 2878 pars
2973 2805 3180 2860 altera:
3212 2803 3370 2872 longe

1911 2912 2248 2984 Compellare
2277 2921 2465 2964 senem
2487 2903 2726 2975 juvenis,
2760 2899 3030 2968 audetque
3056 2897 3234 2950 virum
3255 2895 3340 2950 vir

1917 3005 2150 3061 Vocibus
2178 2996 2390 3056 infestis
2411 2995 2653 3065 duroque
2684 2991 2952 3047 lacessere
2972 2986 3160 3042 verbo.

1915 3094 2025 3150 Nec
2054 3092 2169 3163 jam
2198 3091 2323 3162 quis
2345 3086 2625 3159 proprium
2651 3083 2840 3139 furtim
2873 3087 3105 3135 testatur
3127 3089 3389 3131 amorem.

1915 3185 2166 3241 Curritur
2202 3182 2271 3237 ad
2298 3179 2456 3236 solita
2481 3176 2662 3233 saltim
2689 3173 2882 3230 solatia
2905 3171 3067 3226 votis.

1917 3276 2179 3334 Omnibus
2208 3275 2266 3329 in
2294 3285 2581 3329 commune
2607 3265 2725 3324 Deo
2743 3282 2877 3337 prex
2907 3264 3014 3318 alta
3041 3259 3294 3316 refertur.

1921 3367 2197 3439 Supplicat
2219 3363 2418 3419 obnixe
2438 3359 2652 3415 ostendi
2675 3356 2917 3410 fraterna
2943 3352 3210 3407 voluntas.

1920 3436 2152 3519 Dextera
2167 3457 2297 3529 quid
2322 3468 2484 3526 super
2505 3453 2609 3508 hoc
2637 3454 2838 3506 statuat
2859 3459 3051 3499 manus
3077 3436 3491 3512 Omnipotentis.

1925 3553 2174 3624 Pcrspice
2199 3562 2342 3604 nunc
2367 3559 2586 3617 precor,
2619 3556 2654 3598 o
2678 3534 3139 3597 confidentissime
3161 3531 3370 3595 frater,
3445 3591 3449 3594 ,

1925 3647 2038 3718 Ipse
2069 3645 2212 3701 Deus
2236 3656 2332 3697 rex
2353 3635 2628 3710 perspicui
2653 3644 2939 3705 possessor
2973 3625 3196 3697 olympi,

1927 3717 2073 3794 Fidis
2098 3750 2262 3807 quam
2289 3731 2450 3788 facile
2479 3728 2746 3784 miserans
2769 3723 2827 3778 in
2856 3721 3018 3776 rebus
3045 3717 3232 3789 egenis

1924 3828 2170 3887 Consulit
2195 3824 2556 3893 omnipotens,
2584 3819 2791 3876 discors
2817 3821 2874 3868 et
2895 3808 3106 3866 futtulis
3136 3822 3324 3864 amens

1923 3925 2023 3979 Ast
2046 3919 2255 3977 heresis
2283 3914 2515 3985 refugit,
2546 3909 2725 3968 subito
2751 3901 3120 3976 bipatentibus
3147 3901 3316 3954 intrat

1929 4015 2074 4071 L'eta
2106 4009 2321 4082 quidem
2341 4004 2600 4061 comitata
2624 4000 2730 4055 fide
2755 3993 3047 4053 concordia
3068 3991 3260 4060 portis.

2001 4105 2070 4160 At
2089 4077 2220 4159 vero
2249 4100 2456 4155 interea
2480 4092 2726 4165 quatitur
2754 4083 3076 4144 densissime
3096 4081 3307 4150 signum
3341 4077 3503 4146 (cam-

3231 4167 3439 4240 Vana).

1857 4321 1908 4380 Ι)
1934 4289 2052 4357 Quo
2089 4283 2282 4340 moniti
2312 4280 2544 4336 fortasse
2571 4270 2767 4329 animis
2789 4282 2898 4323 non
2925 4264 3133 4320 viribus
3152 4258 3344 4330 aequis,

1938 4356 2142 4438 Ordine
2163 4373 2434 4445 permixto
2460 4367 2658 4423 fratres
2686 4363 3055 4435 glomerantur
3081 4356 3139 4411 in
3171 4367 3358 4409 unum.

1939 4474 2078 4530 Exin
2107 4483 2258 4526 more
2282 4464 2502 4538 quidem
2527 4458 2688 4516 solito
2710 4456 2770 4510 fit
2797 4453 2960 4509 lectio
2993 4463 3181 4505 versus
3196 4487 3212 4513 ,

1940 4562 2070 4617 lnde
2098 4570 2330 4628 sequens
2354 4551 2572 4608 tandem
2593 4543 2862 4615 extemplo
2888 4555 3049 4614 prece
3072 4539 3174 4594 rite
3196 4542 3437 4607 peracta,

1944 4653 2134 4726 Erupit
2168 4652 2228 4707 in
2249 4661 2438 4704 vocem
2465 4641 2704 4716 graviter
2729 4651 2857 4710 pars
2880 4634 3050 4690 ardua
3075 4631 3324 4693 fratrum,

1943 4747 2022 4800 Ac
2049 4722 2252 4800 salubri
2275 4738 2471 4795 dehinc
2491 4731 2742 4796 consilio,
2769 4729 2847 4784 sic
2869 4740 2964 4783 ore
3007 4722 3236 4780 ferebat.

2015 4837 2146 4904 Nos,
2176 4853 2210 4892 ο
2237 4835 2343 4890 fida
2370 4843 2582 4894 manus,
2617 4825 2768 4882 vario
2803 4821 3057 4877 turbante
3085 4814 3336 4881 tumultu,

1948 4931 2101 5002 Szepe
2129 4925 2230 4984 sub
2258 4925 2487 4980 adverso
2512 4917 2709 4990 partim
2732 4913 2956 4970 sudasse
2979 4909 3166 4964 labore

1948 4995 2206 5092 Contigit.
2238 5016 2298 5072 ιη
2322 5025 2608 5070 commune
2638 5015 2819 5062 tamen
2839 5001 3156 5059 discrimina
3175 4995 3351 5054 morbi

1951 5117 2158 5174 Mixtim
2185 5128 2284 5168 nos
2314 5110 2576 5166 tolerasse
2598 5103 2724 5160 mali
2748 5100 3087 5171 contingeret
3110 5095 3285 5152 adhuc
3307 5105 3325 5147 :

1945 5235 2153 5307 ίυηίοτν
2208 5230 2310 5307 alio
2338 5225 2556 5307 ‘1an"?
2599 5220 2894 5307 Μρειεξβιιξεθ
2922 5208 3524 5307 ςξιὶεΞιεΞς.Χί.ί3ηιξξξ12·

2339 5274 2572 5376 Cdilhoh
2601 5274 2764 5346 nihil
2817 5274 3085 5376 succurrit
3127 5274 3548 5376 ﬁgulus-duritia:

1953 5345 2237 5444 nis'uiuquod
2263 5345 2504 5444 ejusdem
2537 5345 2650 5444 fere
2686 5355 3113 5444 nominis‘fiate‘r
3139 5345 3407 5444 ΟιζίιιεοέιΙ
3429 5358 3527 5424 no-

1956 5411 2495 5502 i‘nvblcuini
2518 5411 2748 5505 cpistola
2764 5411 2851 5494 tif,
2870 5426 2934 5480 ad
2949 5411 3177 5477 'Fratres
3204 5417 3256 5469 in
3301 5411 3523 5469 ecclesia

1957 5517 2125 5575 sancti
2159 5509 2435 5583 Liudgarii
2465 5503 2707 5578 episcopi.
