3838 6144
323 315 425 369 407

326 426 469 483 Celsi
502 425 758 483 fulminea
786 424 1054 496 subito‘ni
1086 425 1306 480 dextera
1345 424 1528 479 Patris

329 521 568 591 Desuper
608 518 898 574 adveniens
932 517 1103 572 nostri
1133 518 1508 572 miseresceret
1535 517 1697 572 ultro.

325 611 435 668 Sed
461 613 586 682 quia
615 625 712 666 nos
736 609 907 664 voluit
935 610 1118 678 magni
1148 621 1401 679 regnator
1426 610 1635 681 Olympi

325 704 453 758 Hmc
474 703 670 757 iterum
700 701 816 753 loca
849 699 1150 770 percipere,
1181 715 1286 752 non
1319 700 1596 769 iinquere;
1628 716 1832 771 nosque

325 792 534 846 Rursus
559 791 614 844 in
644 789 923 858 antiquam
954 796 1152 843 nostra:
1181 788 1486 844 conducere
1515 789 1744 844 formam

326 883 492 948 Vim;
542 895 687 935 nunc
726 880 950 946 animae,
995 879 1126 934 totis
1167 895 1311 934 nunc
1353 880 1562 935 viribus
1585 890 1702 935 esto

325 975 564 1044 Quisque
592 987 704 1027 suze
731 972 964 1040 vitmque
993 987 1221 1037 memor,
1250 972 1562 1041 praesumite
1591 973 1810 1027 Patrem

323 1066 544 1119 Fratres
580 1063 672 1133 qui
697 1063 895 1127 valeat,
931 1061 1150 1130 supplex
1183 1061 1309 1116 licet
1334 1076 1428 1116 ore
1458 1071 1674 1116 recuset
1703 1081 1715 1114 :

323 1157 439 1212 Non
463 1157 626 1221 hunc,
646 1155 738 1231 qui
763 1154 913 1223 cupit
939 1162 1101 1222 atque
1122 1153 1326 1222 nequit,
1359 1153 1485 1208 licet
1511 1167 1606 1206 ore
1628 1159 1902 1228 reposcat,

324 1248 564 1305 Moribus
592 1246 822 1314 insignis
845 1244 1050 1314 pariter
1077 1258 1203 1298 cum
1229 1244 1478 1313 dogmate
1504 1257 1662 1298 sacro
1683 1257 1747 1297 ac

325 1341 506 1396 Mente
533 1341 642 1410 pia,
673 1338 834 1409 digne
860 1345 1068 1392 tantam
1090 1337 1397 1404 praecedere
1427 1337 1662 1392 turbam.

397 1431 523 1485 Haec
552 1443 864 1484 memorans
889 1429 1284 1496 circumSpecte
1312 1443 1439 1498 pars
1465 1429 1636 1483 ardua
1679 1427 1906 1482 Patrum

327 1520 645 1583 Extulerat,
677 1534 740 1573 ea
771 1519 896 1573 dein
942 1526 1192 1589 repetens
1225 1533 1440 1588 quoque
1472 1528 1669 1576 caetera
1699 1533 1871 1590 prona

325 1612 586 1678 Contulit,
619 1611 782 1681 inque
807 1611 982 1666 vicem
1013 1610 1188 1681 spisso
1222 1626 1473 1667 sermone
1494 1611 1778 1667 reformat.

403 1704 558 1759 Haud
593 1719 745 1759 mora
772 1703 1031 1758 continuo
1057 1703 1315 1758 concordi
1345 1713 1526 1758 mente
1550 1710 1798 1759 vetustus

326 1797 578 1852 Poscitur
605 1795 660 1849 in
690 1794 909 1850 Patrem
936 1793 1134 1848 Norica
1162 1795 1383 1864 regione
1408 1809 1603 1850 serena

327 1887 536 1943 Nobilis
559 1886 851 1940 adveniens
878 1883 1007 1939 olim
1035 1891 1090 1938 et
1117 1885 1442 1954 parvissima
1469 1884 1651 1955 proles

327 1978 490 2050 Eigil,
531 1984 765 2046 tuncque
787 1977 970 2046 gravis
1005 1985 1248 2030 veterum
1282 1984 1555 2031 scrutator
1581 1989 1826 2030 avorum.

327 2071 516 2138 Quove
543 2069 854 2134 reluctanti,
891 2068 1080 2124 sedato
1107 2075 1327 2138 pectore
1353 2082 1524 2136 pauca
1551 2083 1566 2120 :

325 2162 657 2217 Fraternum
698 2167 826 2214 ante
855 2159 1070 2229 quidem
1097 2159 1376 2214 nobiscum
1400 2156 1577 2214 foedus
1605 2157 1773 2212 inisse

328 2253 406 2308 Te
436 2251 752 2307 meminisse
780 2251 955 2316 decet,
984 2251 1194 2304 socium
1222 2250 1485 2304 miserere
1516 2257 1756 2313 tuorum,
1797 2255 1854 2301 et

331 2343 389 2399 Si
418 2342 549 2413 quid
576 2343 744 2396 habes
771 2341 1011 2405 virtutis,
1043 2340 1120 2393 ait
1150 2340 1440 2396 concordia
1467 2339 1718 2403 fratrum,

331 2433 596 2504 Corporis
611 2438 777 2502 atque
790 2431 985 2485 animae
1011 2430 1264 2502 precibus
1291 2445 1395 2485 neu
1410 2430 1670 2491 subtrahe
1691 2427 1915 2483 nostris.

330 2545 457 2603 CAP.
501 2543 591 2603 XI.
639 2541 927 2623 Excusatio
965 2541 1231 2612 ejusdem,
1285 2540 1603 2623 et'objectio
1649 2539 1913 2614 fratrum,

469 2654 513 2680 ,
846 2621 902 2666 et
935 2628 1221 2668 consensus
1257 2621 1414 2666 senis.

407 2705 561 2760 Tunc
586 2719 803 2774 quoque
824 2703 1102 2775 longzevus
1121 2744 1136 2770 ,
1161 2711 1435 2759 commoto
1461 2712 1682 2772 pectore
1702 2709 1918 2766 contra,

330 2795 523 2851 Nonne
547 2795 700 2849 vides
730 2793 875 2864 quod
901 2795 1006 2848 hoc
1033 2809 1230 2865 corpus
1259 2793 1418 2848 effeta
1450 2801 1707 2849 senectus

327 2889 616 2962 Deprimit,
646 2889 990 2960 exagitatquc
1018 2896 1201 2958 caput,
1233 2887 1472 2958 vestigia:
1491 2884 1744 2955 torquet?

330 2981 493 3036 Visus
521 2979 840 3052 languescit,
871 2979 1078 3034 lacerat
1101 2979 1400 3048 praecordia
1426 2978 1614 3041 tussis,

330 3069 586 3146 Corporis
615 3084 682 3124 ac
707 3077 847 3124 totos
870 3070 1046 3139 quatit
1071 3085 1216 3139 aager
1247 3069 1519 3124 anhelitus
1547 3076 1700 3124 artus
1715 3069 1744 3122 ?-

335 3162 496 3218 Solus
518 3171 870 3232 quapropter,
899 3159 1096 3226 fateor,
1132 3160 1428 3215 subsistere
1457 3167 1608 3214 tanta

334 3251 580 3309 Pondera
605 3267 714 3306 non
738 3251 912 3306 valeo.
943 3251 1139 3306 Senior
1174 3252 1253 3305 sic
1273 3265 1367 3305 ore
1399 3265 1706 3322 repugnans

333 3347 576 3412 Dixerat,
611 3354 666 3400 et
693 3345 866 3399 luteos
897 3344 1153 3415 lacrymis
1185 3344 1426 3414 perfudit
1453 3345 1672 3399 ocellos.

402 3436 600 3492 Desine
629 3434 804 3504 plura,
835 3433 1017 3501 Pater,
1050 3435 1247 3505 inquit,
1274 3447 1330 3492 et
1355 3436 1488 3490 cede
1511 3435 1718 3506 petenti
1740 3433 1881 3492 huic-

330 3528 592 3583 Ctenobio
619 3541 632 3580 :
665 3542 795 3593 non,
822 3542 940 3592 oro,
974 3543 1158 3582 senem
1188 3537 1244 3582 te
1263 3543 1395 3584 cura
1424 3529 1710 3600 refringat.

332 3615 501 3685 Hujus
529 3631 762 3687 namque
786 3617 968 3687 operis
991 3618 1220 3673 fratrum
1249 3615 1540 3674 cencordia
1571 3628 1751 3675 tecum

332 3705 552 3760 Viribus
587 3705 802 3760 infessis
832 3707 1039 3774 pariter
1065 3704 1294 3762 sufferre
1317 3707 1566 3762 laborem

335 3795 538 3867 Sponte
568 3796 732 3861 subit,
767 3811 869 3850 nec
898 3803 950 3850 te
977 3796 1152 3850 solum
1174 3798 1273 3851 sub
1301 3796 1448 3852 fasce
1473 3798 1656 3854 dolere

337 3887 604 3942 Sustinet.
639 3885 841 3940 Hinece
870 3886 1015 3940 senis
1039 3887 1236 3940 durum
1266 3887 1584 3944 mollescere
1610 3890 1778 3960 cmpit

334 3976 564 4041 Pectus;
597 3985 651 4030 et
679 3975 806 4028 hinc
833 3973 1035 4031 fratres
1062 3976 1224 4032 dictis
1249 3977 1446 4036 aﬂ‘atur
1469 3980 1678 4034 amicis.

407 4067 525 4123 Non
557 4081 643 4122 me
669 4065 805 4122 velle
834 4065 1016 4137 fugam
1048 4068 1298 4124 mihimet
1318 4085 1416 4140 pro
1445 4070 1606 4126 laude
1625 4071 1829 4140 pacisci

339 4157 511 4228 Hujus
539 4157 802 4240 proﬁteor
828 4157 1051 4228 cperis;
1074 4173 1177 4213 nec
1209 4160 1536 4215 terruithoc
1563 4176 1659 4216 cor

342 4251 614 4308 Horridus
639 4253 742 4306 iste
762 4251 916 4307 labor
943 4270 955 4306 :
997 4251 1091 4307 sed
1117 4253 1396 4308 debilitata
1423 4263 1677 4309 senectus

342 4346 622 4410 Terrebat,
653 4345 988 4415 morbusque
1016 4353 1254 4412 tumens,
1289 4355 1342 4401 et
1363 4346 1590 4416 pestifer
1615 4347 1808 4402 hostis.

339 4439 496 4495 Nunc
519 4437 633 4506 jam
664 4437 800 4493 cedo
829 4437 1082 4508 equidem
1100 4438 1290 4509 jussis,
1323 4455 1386 4494 ac
1405 4441 1558 4511 jussa
1587 4439 1814 4496 facesso.

339 4533 418 4587 Tu
447 4539 632 4586 tamen
655 4532 863 4586 interea
888 4533 1120 4602 pariter,
1151 4536 1444 4589 concordia
1467 4535 1722 4601 fratrum,

343 4623 558 4678 Viribus
596 4621 813 4679 infessis
835 4639 1046 4679 mecum
1072 4625 1276 4694 partire
1302 4626 1562 4681 laborent.

271 4806 276 4811 ι
338 4737 467 4793 CAP.
523 4736 641 4795 XII.
706 4735 825 4790 Itur
865 4737 935 4790 ad
995 4753 1167 4820 regem
1205 4755 1364 4809 super
1401 4738 1601 4792 abbatis
1641 4738 1923 4808 conﬁrma-

1051 4818 1068 4860 ι
1074 4818 1211 4863 iane.

408 4891 537 4946 Hmc
563 4892 658 4946 ubi
698 4892 842 4946 dicta
873 4902 1077 4958 essent,
1109 4900 1290 4948 verrat
1344 4892 1582 4947 fraterna
1609 4902 1850 4965 potestas

345 4985 565 5040 Fratres
593 4998 658 5037 ac
685 4983 862 5038 socios
887 4985 1111 5053 pr0prio
1140 4985 1208 5040 de
1230 4999 1460 5054 corpore
1485 4985 1676 5052 lectos,

343 5075 447 5143 Qui
477 5089 600 5130 cum
625 5073 788 5129 Patre
809 5074 968 5129 simul
997 5077 1211 5131 noviter
1233 5077 1450 5132 seniore
1472 5086 1688 5148 recepto

346 5168 512 5240 Regis
539 5169 609 5224 ad
633 5167 819 5223 eximii
850 5183 1014 5238 super
1039 5171 1144 5224 hoc
1171 5171 1389 5225 decreta
1419 5179 1723 5226 recurrant.

413 5260 511 5315 His
544 5273 760 5331 quoque
785 5260 1103 5331 compositis
1132 5271 1384 5333 pergunt,
1428 5264 1718 5317 comitatur
1744 5263 1925 5318 Aaron

342 5355 560 5410 Primus
586 5355 655 5409 ab
689 5353 792 5420 his,
827 5354 976 5408 misit
1003 5355 1175 5410 solers
1197 5371 1335 5425 quos
1361 5356 1508 5424 regia
1539 5371 1666 5410 cura

344 5447 427 5503 Ad
453 5456 701 5504 nostrum
734 5462 1021 5502 commune
1043 5448 1244 5501 bonum
1270 5448 1370 5501 sub
1403 5454 1667 5515 tempore,
1697 5460 1805 5514 quo
1830 5461 1928 5500 nos

345 5537 625 5606 Improbus
650 5547 814 5609 atque
841 5539 1025 5594 minax
1055 5538 1273 5592 demum
1297 5535 1580 5590 furialibus
1606 5535 1751 5591 ausis

346 5627 660 5684 .‘tlonoceros
691 5629 804 5697 jam
842 5627 1076 5684 cessavit
1118 5634 1325 5681 terrere
1368 5625 1609 5696 fugaces.

419 5717 634 5774 Solibus
658 5719 785 5775 hinc
812 5721 978 5776 etiam
1005 5717 1280 5776 nonnullis
1310 5717 1414 5775 rite
1445 5715 1685 5789 reiectis,

1410 311 1467 367 S.
1509 311 1755 368 EIGILIS
1791 311 2085 368 ABBATIS
2121 311 2505 370 FULDENSIS

1952 4489 2003 4547 Ι)

3482 307 3586 366 608

1933 429 1985 487 Α
2011 426 2170 481 Venit
2199 427 2265 481 ad
2292 427 2517 482 occidua
2540 427 2655 482 haec
2682 426 2869 482 eadem
2898 425 3094 496 legatio
3116 443 3262 493 rura,

2002 517 2232 574 Cmsaris
2252 521 2458 590 antiqui
2483 520 2709 591 supplex
2735 520 2954 576 oracula
2976 534 3228 590 poscens.

2005 608 2145 662 Tum
2169 624 2402 678 namque
2423 610 2684 664 occiduus
2710 610 3011 664 monachus
3049 617 3104 664 et
3127 610 3417 681 presbyter
3439 609 3544 663 alti

2004 697 2167 768 Regis
2200 699 2267 752 ad
2312 700 2627 768 adspeetum
2652 699 2803 769 prior
2830 699 3092 754 invitatus
3113 697 3294 754 Aaron

2004 786 2375 856 Progreditur,
2403 804 2706 859 causasque
2730 790 2856 844 vitae
2885 789 3192 860 fratresque
3216 791 3436 846 venisse

2005 879 2333 945 Fuldenses,
2355 880 2547 934 humili
2568 895 2751 936 coram
2777 893 3029 936 sermone
3051 889 3304 950 patenter

2009 970 2153 1040 Rege
2182 971 2378 1038 aperit,
2416 979 2578 1040 atque
2608 980 2734 1026 ante
2759 970 2906 1026 fores
2939 972 3159 1026 adstare
3189 971 3419 1026 reclusis

2007 1061 2153 1128 Quos
2180 1078 2302 1116 cum
2332 1078 2432 1132 pro
2457 1061 2662 1118 foribus
2695 1062 2875 1119 Caesar
2905 1064 3212 1133 przesensit,
3241 1071 3300 1118 ut
3323 1063 3547 1118 intrent

2007 1154 2233 1208 Dicitur.
2265 1154 2334 1208 At
2358 1155 2539 1210 senior
2565 1154 2798 1210 fratrum
2828 1158 3064 1226 stipante
3092 1164 3308 1212 caterva

2005 1245 2219 1301 lntrans
2243 1247 2478 1316 procidit
2499 1247 2567 1301 ad
2591 1263 2781 1317 genua,
2813 1248 3148 1317 genibusque
3173 1247 3426 1303 volutans

2015 1338 2128 1394 Una
2155 1353 2279 1394 cum
2316 1339 2499 1404 sociis,
2542 1339 2749 1394 vultum
2780 1341 3059 1411 regnantis
3084 1341 3341 1397 honorat.

2008 1428 2118 1484 Nec
2144 1444 2296 1484 mora
2325 1430 2602 1495 continuo,
2633 1431 2820 1484 dextra
2848 1430 3024 1484 innuit
3047 1430 3162 1500 ipse
3195 1429 3413 1492 nitenti,

2009 1519 2184 1589 Atque
2208 1529 2388 1575 astare
2407 1519 2562 1590 jubet
2586 1539 2598 1574 :
2630 1521 2780 1590 prior
2806 1527 2861 1576 et
2884 1520 2962 1575 sic
2983 1520 3172 1590 incipit
3209 1520 3343 1590 ipse.

2079 1613 2124 1670 Ο
2149 1615 2282 1678 nati,
2312 1612 2614 1684 fratresque
2651 1614 2778 1676 mei,
2811 1613 3046 1682 lectique
3076 1621 3350 1682 parentes,

2015 1703 2150 1774 Spes
2176 1704 2389 1774 patria},
2416 1704 2694 1772 nostrique
2719 1705 2884 1758 decus
2911 1711 2963 1757 et
2994 1703 3165 1774 gloria
3191 1702 3364 1773 regni,

1940 1775 1986 1832 Β
2019 1798 2124 1852 Vos
2147 1797 2416 1858 horrenda
2445 1796 2607 1850 nimis
2635 1804 2761 1850 ante
2791 1793 3106 1851 discrimina
3129 1794 3297 1865 pestis

2016 1886 2596 1957 Lethiferzeurgebant
2627 1904 2640 1939 :
2674 1885 2868 1940 saltim.
2886 1900 3032 1941 nunc
3060 1892 3214 1938 eruta
3235 1882 3402 1940 corda

2018 1977 2242 2049 Erigite,
2274 1957 2635 2046 m’uestumque
2660 1984 2864 2030 metum
2891 1975 3152 2032 secludite
3179 1993 3192 2029 :
3224 1983 3404 2030 vestra

2019 2068 2227 2139 Regula.
2249 2067 2393 2137 quod
2419 2067 2630 2132 doceat,
2664 2067 2872 2128 intento
2895 2066 3058 2122 corde
3095 2073 3293 2121 tenete.

2017 2157 2134 2227 Ipsa
2164 2165 2250 2212 est
2271 2164 2428 2226 porta
2455 2165 2618 2226 atque
2643 2162 2793 2210 arcta
2823 2155 2933 2220 via,
2959 2171 3078 2224 quae
3109 2155 3255 2209 ducit
3278 2154 3343 2208 ad
3366 2153 3481 2208 alta

2019 2247 2204 2318 Regna
2237 2247 2347 2318 poli
2373 2264 2387 2313 ;
2421 2246 2730 2302 contendite
2755 2261 2898 2301 nunc
2927 2245 3135 2299 intrare
3162 2259 3258 2314 per
3282 2243 3428 2298 illam
3457 2246 3473 2298 ε

2021 2338 2092 2397 Ut
2117 2353 2216 2409 per
2241 2353 2364 2394 eam
2388 2338 2550 2401 modo
2575 2344 2888 2403 currentes,
2904 2337 3138 2393 veniatis
3159 2337 3226 2390 ad
3248 2336 3398 2390 illum

2020 2429 2123 2496 Qui
2159 2446 2260 2486 vos
2287 2431 2354 2486 de
2382 2431 2630 2490 tenebris
2646 2431 2913 2486 miserans
2949 2439 3006 2488 et
3033 2445 3254 2486 carcere
3291 2444 3456 2494 catco,

2021 2521 2139 2576 Non
2167 2521 2402 2587 meritis,
2431 2521 2688 2592 produxit
2709 2522 2764 2576 in
2786 2521 3106 2577 admirabile
3133 2520 3332 2576 lumen.

2023 2612 2239 2667 Currite
2261 2627 2425 2677 nunc,
2455 2610 2675 2677 fratres,
2704 2612 2828 2666 vitae
2855 2611 2983 2667 dum
3008 2610 3189 2666 lumen
3220 2609 3455 2674 habetis,

2021 2692 2136 2759 Neu
2166 2703 2402 2758 tenebrae
2427 2718 2524 2757 vos
2543 2702 2873 2773 praeripiam.
2897 2702 3038 2757 Ante
3060 2701 3242 2757 omnia
3271 2715 3496 2770 pacem,

2025 2797 2218 2857 Veram
2248 2811 2460 2866 pacem,
2484 2796 2726 2865 inquam,
2758 2796 2876 2852 sine
2901 2809 3008 2866 qua
3031 2810 3132 2850 nec
3150 2808 3346 2849 munus
3375 2792 3442 2846 ad
3470 2791 3628 2847 altar

2027 2887 2248 2942 Proficit
2279 2887 2524 2949 allatum,
2569 2887 2768 2956 (neque
2797 2886 2942 2941 enim
2972 2884 3242 2954 possessio
3277 2896 3627 2953 quemquam

2023 2979 2359 3049 Pauperibus
2389 2977 2608 3047 profusa
2628 2977 2804 3048 juvat,
2825 2988 2930 3032 ne‘c
2957 2983 3167 3046 martyr
3187 2972 3255 3028 ab
3282 2971 3394 3026 alto

2026 3069 2216 3124 Judice
2242 3069 2382 3124 dona
2412 3067 2535 3122 tulit
2559 3065 2832 3138 unquam)
2854 3073 3088 3130 servate,
3118 3063 3368 3119 monebo.
3437 3057 3444 3064 ’

1947 3121 1991 3183 C
2030 3121 2045 3124 —
2448 3121 2671 3229 aliaque
2687 3121 2850 3216 simul
2884 3158 3046 3228 longo
3073 3121 3276 3211 vordine
3307 3153 3510 3219 multa,

2022 3255 2194 3324 Quem
2218 3254 2373 3312 vobis
2397 3252 2650 3322 optastis,
2682 3252 2779 3314 ait,
2808 3250 3090 3322 producite
3113 3248 3332 3302 Patrem

2021 3347 2265 3402 Fratres.
2297 3344 2508 3400 Canitie
2533 3343 2713 3398 subito
2739 3355 3065 3412 conspersus
3093 3337 3234 3409 Eigil

2021 3437 2274 3510 Pergitur
2310 3436 2365 3489 in
2395 3434 2652 3497 medium,
2680 3431 2950 3492 constanti
2979 3437 3158 3485 mente
3184 3434 3452 3484 vetustus.

2023 3528 2189 3599 Regis
2219 3527 2287 3582 ad
2323 3526 2608 3596 imperium
2636 3524 2858 3594 propius
2878 3528 3222 3592 processerat
3245 3519 3409 3574 ultra.

2022 3619 2401 3691 Progrediens,
2450 3633 2610 3688 quem
2665 3625 2725 3671 ut
2753 3616 3056 3686 conspexit,
3091 3629 3186 3670 rex
3215 3613 3414 3667 arduus
3444 3610 3579 3665 inﬁt
3609 3631 3622 3665 :

2024 3714 2202 3768 lstene
2237 3720 2426 3784 pastor
2450 3711 2625 3777 adest,
2658 3725 2817 3780 quem
2843 3710 3022 3765 omnis
3049 3706 3338 3764 concordia
3376 3702 3621 3759 fratrum

2022 3804 2263 3860 Concors
2299 3801 2569 3873 provehit,
2602 3807 2766 3870 atque
2793 3799 2990 3870 probat
3027 3812 3137 3852 uno
3163 3810 3258 3850 ore
3285 3807 3495 3850 canoro
3515 3793 3542 3846 τ
3566 3802 3626 3848 at

2025 3893 2188 3965 Regis
2221 3892 2542 3964 suppliciter
2563 3906 2735 3962 pauca
2763 3890 2959 3962 legatio
2988 3887 3242 3953 fratrum,

2022 3986 2126 4041 Iste
2153 3994 2253 4050 est,
2279 3999 2312 4040 ο
2333 3985 2470 4039 bone
2487 3999 2604 4048 rex,
2628 3980 3042 4037 nuncinclinata
3066 3978 3332 4047 recumbit

2023 4079 2080 4134 In
2109 4087 2162 4134 te
2213 4094 2424 4134 summa
2454 4078 2641 4133 eadem
2669 4095 2682 4131 :
2714 4083 2927 4132 tantum
2977 4076 3207 4130 decerne
3229 4073 3558 4139 tenendum,
3590 4088 3626 4128 ο

2027 4169 2163 4238 Spes
2188 4178 2375 4225 nostra
2411 4176 2723 4236 nostraeque
2750 4167 2914 4223 decus
2943 4175 3000 4222 et
3030 4165 3200 4238 gloria
3229 4165 3374 4220 vitae.

2027 4260 2152 4315 CAP.
2189 4259 2325 4314 Xlll.
2364 4255 2709 4328 Conﬁrmau'o
2758 4257 2892 4328 regis
2928 4266 2978 4310 et
3027 4255 3303 4310 instructio
3349 4253 3619 4324 ejusdem.

2099 4353 2237 4408 Ecce
2263 4365 2430 4407 senex
2461 4351 2562 4405 iste
2588 4351 2679 4405 hic
2707 4364 2970 4419 praesens,
2995 4363 3158 4418 quem
3180 4346 3406 4416 poscitis
3444 4355 3617 4401 astat.

2029 4444 2185 4499 Hunc
2208 4443 2466 4498 habetote
2489 4441 2726 4506 Patrem,
2758 4441 2905 4497 hunc
2932 4438 3130 4494 fratres
3165 4444 3379 4493 servate
3411 4451 3615 4506 paren-

3383 4528 3544 4602 [tem.

2031 4629 2219 4698 Tuque
2244 4636 2367 4683 tuos
2391 4627 2629 4694 addisce,
2652 4627 2836 4693 Pater,
2864 4640 3081 4682 servare
3115 4625 3354 4679 minores

2031 4718 2186 4774 Omni
2213 4734 2336 4772 cum
2371 4717 2570 4782 studio,
2603 4716 2764 4786 inque
2785 4717 2960 4772 vicem
2988 4715 3079 4784 pia
3101 4713 3307 4770 foedera
3332 4711 3512 4767 solers

2029 4809 2261 4880 Jungere
2287 4824 2504 4878 semper
2525 4823 2646 4862 ama
2671 4824 2686 4874 ;
2716 4816 2865 4864 retro
2895 4807 2958 4862 de
2988 4821 3122 4876 pace
3149 4802 3370 4859 ruentes

2031 4900 2274 4969 Corripe,
2307 4915 2376 4955 ne
2402 4905 2649 4970 pereant,
2678 4898 2829 4952 suavi
2854 4897 3147 4966 reducique
3168 4894 3371 4950 salubri

2030 4992 2109 5047 Ad
2131 5006 2320 5061 pacem
2350 4991 2611 5060 repedare
2635 4988 2789 5046 doce.
2818 4988 3097 5042 Discretus
3120 4986 3175 5040 in
3198 4984 3344 5040 omni

2029 5084 2109 5139 Re
2142 5098 2356 5152 quoque
2382 5083 2687 5138 causidicus
2708 5090 2870 5136 sunto
2896 5100 2908 5134 :
2935 5080 3080 5151 quod
3106 5079 3323 5134 condita
3348 5090 3542 5131 norma

2028 5161 2343 5228 Communis
2371 5174 2566 5228 doceat
2594 5173 2803 5237 intento
2830 5171 2994 5226 corde
3023 5177 3224 5224 teneto.

2027 5264 2168 5317 Ecce
2197 5263 2268 5317 ibi
2301 5262 2576 5332 repperies
2601 5260 2765 5314 fixum
2792 5261 2920 5331 quid
2944 5267 3131 5330 pastor
3155 5257 3312 5312 ovilis

2027 5353 2290 5419 Praevius,
2314 5360 2474 5421 atque
2501 5360 2656 5407 tener
2684 5351 2814 5420 quid
2834 5351 3030 5405 dehinc
3058 5354 3181 5419 post
3201 5355 3352 5416 terga
3380 5356 3613 5414 sequens

3377 5436 3540 5510 {grex

2029 5536 2361 5606 Exsequitur
2396 5536 2596 5606 operis,
2627 5535 2835 5604 pariter
2855 5533 2946 5602 qui
2981 5540 3169 5602 pastus
3195 5530 3377 5586 obesis

2031 5625 2313 5696 Lanigeris
2339 5628 2513 5698 prosit
2547 5627 2767 5691 teneris,
2800 5626 2892 5695 qui
2919 5632 3184 5693 congruat
3212 5623 3389 5691 agnis.

2035 5719 2144 5778 Nec
2171 5720 2349 5778 minus
2371 5719 2560 5778 ordine
2589 5718 2886 5791 composito
2917 5699 3190 5775 scrutator
3217 5730 3418 5772 avarus
