3838 6144
247 310 347 366 £09

243 424 371 490 Quze
403 421 570 492 agris
592 419 859 490 debilibus
885 426 1118 484 maneat,
1155 433 1274 488 qure
1295 433 1425 474 cura
1453 417 1716 473 fovendis.

240 511 391 566 Hane
417 509 741 564 Benedictus
761 523 931 564 ovans
956 524 1112 563 sacro
1135 509 1428 578 spiramine
1446 508 1636 578 plenus

239 603 438 676 Legem
469 601 768 663 constituit,
800 600 1186 655 monachorum
1212 601 1317 656 rite
1343 601 1619 670 magister,

239 693 687 760 Servandamque
715 689 828 744 suis
849 704 1030 743 secum
1066 689 1349 743 mandarat
1375 689 1625 742 aiumnis.

243 781 391 837 llanc
422 781 519 837 tibi
553 795 698 836 nunc
729 779 1008 835 committo
1050 779 1320 848 equidem,
1358 786 1415 833 tu
1447 778 1665 848 percipe
1695 793 1820 832 nor-

1559 868 1744 940 [mam.

249 964 415 1034 Atque
447 965 504 1018 in
533 979 597 1019 ea
620 971 812 1027 totum,
840 978 874 1017 o
904 970 1106 1032 pastor,
1133 963 1233 1017 sub
1260 962 1464 1016 ftedere
1493 959 1649 1014 firmo

253 1054 560 1110 Ccenobium
587 1055 874 1118 Fuldense,
901 1055 1040 1108 bona
1070 1053 1268 1108 exhinc
1287 1053 1468 1108 omnia
1497 1052 1706 1107 circum

261 1146 482 1214 Quaeque
508 1144 627 1199 loca
656 1145 824 1213 ipsius
845 1144 959 1214 jam
986 1143 1326 1212 decernoque
1358 1143 1575 1196 tuenda.

269 1235 378 1290 llrec
403 1237 494 1300 ait,
529 1244 584 1290 et
613 1234 839 1288 fratrum
870 1234 1122 1303 precibus
1150 1249 1244 1287 rex
1269 1233 1500 1303 inclytus
1529 1232 1684 1288 almis

272 1328 526 1398 Expetitis,
556 1327 611 1381 in
636 1340 766 1395 pace
801 1325 961 1380 simul
986 1325 1189 1380 dimisit
1219 1326 1390 1379 abire.

270 1463 374 1520 ϐυ».
411 1463 546 1516 XIV.
583 1461 872 1514 Revertitur
924 1475 1018 1529 per
1071 1457 1394 1528 Moguntiam
1439 1457 1600 1512 Pater
1648 1456 1810 1527 Eigil.

326 1598 443 1652 Post
472 1599 593 1652 haec
621 1597 744 1652 inde
770 1612 974 1662 means,
1023 1597 1227 1652 socium
1256 1597 1548 1652 comitante
1575 1605 1812 1664 caterva,

272 1689 354 1743 lste
382 1689 540 1742 Pater
570 1688 725 1742 [{Bltls
753 1702 996 1758 gressum
1024 1687 1222 1742 direxit
1255 1687 1323 1742 ad
1353 1689 1563 1753 urbem,

1621 305 1775 360 VITA
1819 304 2144 361 METlthA.

1856 424 1907 480 Α
1934 415 2086 486 Saepe
2113 419 2326 487 quidem
2352 421 2570 490 stropha
2600 431 2833 478 mentem
2858 423 3140 481 confundit
3170 425 3405 489 inanem,

2524 274 2566 308 Χ

3396 313 3501 368 ΗΟ

1922 506 2110 564 Hostis
2135 511 2375 580 perversi
2401 521 2548 566 retro
2579 513 2804 568 feriente
2830 516 3026 585 sagitta
3051 536 3064 571 :

1925 603 2035 658 Aut
2063 604 2136 657 ita
2163 604 2448 673 subripiet,
2480 621 2806 675 sensumque
2845 607 3136 677 interpolat
3164 623 3317 662 error

1924 692 2255 758 Humanum,
2283 695 2408 762 quia
2435 695 2609 750 nullus
2644 697 2797 751 adest
2823 697 2877 750 in
2907 711 3070 751 carne
3100 712 3324 750 manens
3349 697 3451 760 vir,

1923 781 1991 837 Ut
2020 784 2204 848 homo,
2235 783 2325 852 qui
2357 799 2628 853 nunquam
2660 800 2764 839 non
2795 785 2906 838 falli
2934 786 3103 854 possit
3133 786 3187 840 in
3222 786 3348 851 ista,

1921 870 2184 937 Quamvis
2211 871 2495 942 magniﬁce
2520 873 2734 944 ingenio
2765 876 2886 944 quis
2909 875 3106 944 polleat
3131 875 3261 937 alto,

1925 959 2098 1028 thue
2122 961 2210 1014 ille
2241 961 2537 1026 interdum,
2564 964 2751 1030 sophia
2785 965 2908 1032 quis
2935 965 3111 1019 acrior
3136 971 3335 1029 exstat,

1917 1050 2139 1118 Ingenio
2173 1051 2454 1121 majorque
2485 1061 2686 1118 manet,
2718 1054 2844 1122 quid
2868 1063 3044 1109 mente
3073 1063 3292 1108 retunsa

1916 1143 2138 1197 Falsum
2169 1144 2439 1212 concipiat
2463 1160 2478 1210 ;
2517 1151 2704 1197 contra
2741 1152 2795 1198 et
2823 1144 2949 1212 quid
2975 1147 3172 1198 rectius
3200 1153 3363 1213 atque

1918 1233 2110 1289 Verius
2135 1233 2220 1289 ille
2245 1235 2424 1290 minus
2452 1235 2668 1304 sapiens
2695 1233 2980 1302 meritique
3004 1234 3227 1287 minoris

1915 1323 2106 1396 Cordis
2141 1324 2195 1378 in
2226 1324 2463 1394 hospitio
2499 1324 2765 1379 interdum
2793 1325 3137 1396 praesentiat:
3167 1325 3288 1378 inde
3309 1335 3365 1379 at

1915 1414 2102 1468 Nullus
2130 1415 2182 1468 in
2218 1415 2317 1468 hac
2340 1415 2450 1468 vita
2477 1415 2704 1484 positus,
2741 1415 2810 1470 sit
2832 1430 2956 1484 spes
2985 1415 3107 1478 sibi,
3135 1429 3236 1468 nec
3256 1430 3315 1470 se

1917 1502 2139 1558 Consilii
2165 1503 2390 1558 alterius
2420 1505 2624 1558 tumide
2653 1519 2759 1558 non
2787 1505 2931 1559 dicat
2955 1520 3142 1574 egere;

1916 1593 2082 1662 Cujus
2109 1594 2395 1664 judicium,
2421 1595 2522 1650 etsi
2552 1611 2656 1649 non
2681 1595 2918 1650 zabolica
2951 1595 3085 1650 fallit

1917 1681 2230 1738 Gannatura
2261 1683 2313 1749 δ,
2349 1693 2527 1738 tamen
2563 1683 2784 1754 laqueos
2816 1686 2948 1740 hinc
2973 1686 3096 1740 inde
3124 1688 3352 1742 tumoris

275 1779 526 1847 Quondam
579 1780 888 1849 opulentam
936 1779 1146 1850 opibus,
1181 1794 1344 1850 opere
1394 1788 1700 1835 constructa
1730 1797 1820 1834 ve-
1847 1765 1894 1823 Β
1923 1773 2036 1827 Non
2069 1774 2225 1830 facile
2254 1785 2474 1844 superat
2500 1777 2793 1846 graviores.
2827 1775 2952 1831 Hmc
2974 1777 3043 1830 ita
3070 1778 3214 1831 Patri

1585 1869 1751 1941 [tusto

273 1960 482 2030 Apparet
511 1976 633 2030 quae
659 1975 892 2030 namque
921 1975 1083 2030 super
1109 1961 1348 2032 glacialis
1378 1965 1536 2032 aquai

273 2050 438 2120 Ripam
466 2052 641 2106 Rheni
671 2067 686 2105 :
715 2053 768 2106 in
795 2068 955 2122 quem
983 2053 1197 2108 fluitans
1220 2053 1556 2123 turgentibus
1579 2053 1734 2106 undis

271 2141 388 2210 (Non
419 2141 624 2215 [Forte,
657 2142 815 2214 Nam]
842 2151 996 2213 parte
1035 2158 1101 2198 ex
1131 2143 1236 2197 alia
1270 2152 1508 2201 castrum
1562 2159 1666 2212 qua
1697 2158 1815 2196 cer.

1334 2234 1503 2306 [nitur
1536 2235 1742 2306 ingens,

270 2321 400 2376 llaud
420 2323 602 2393 procul
635 2340 665 2377 a
696 2331 860 2393 ponte
886 2335 911 2364 ει
939 2339 1179 2390 sursum,
1205 2341 1365 2394 quem
1417 2324 1620 2394 sospite
1648 2337 1815 2394 regno

271 2411 390 2466 Olim
411 2428 500 2467 rex
522 2412 748 2468 Carolus
776 2412 924 2480 fecit)
955 2414 1254 2484 prolabitur
1278 2415 1452 2469 amnis

271 2499 481 2570 Mogoin,
520 2517 587 2557 ex
622 2516 750 2570 quo,
776 2510 834 2556 ut
864 2501 1004 2556 fama
1039 2511 1217 2568 sonat,
1247 2502 1518 2573 Moguntia
1541 2502 1685 2558 dicta
1707 2511 1812 2558 est.

331 2589 579 2646 Haistolfo
605 2591 814 2650 interea
837 2591 986 2646 venit
1015 2592 1356 2663 gratissimus
1382 2593 1578 2664 hospes

269 2677 391 2750 Eigil
418 2681 662 2750 pontiﬁci
691 2697 846 2737 sacro
875 2681 1324 2754 Moguntiacensis

265 2770 520 2838 Ecclesiae,
555 2774 822 2844 condigne
853 2775 1015 2829 etiam
1052 2783 1335 2845 susceptus
1361 2775 1584 2830 honore.

264 2859 486 2918 Primum
516 2864 732 2919 ducitur
762 2866 827 2918 ad
861 2865 1138 2939 templum,
1188 2868 1548 2940 precibusque
1582 2867 1818 2940 peractis

261 2950 497 3008 Praesulis
525 2954 763 3010 occurrit
787 2959 964 3013 subito
990 2961 1385 3030 conspectibus,
1417 2963 1578 3031 inque

259 3043 438 3103 Oscula
461 3049 612 3119 pacis
631 3049 746 3104 iens
768 3066 992 3120 pronus,
1024 3054 1310 3124 dignanter
1339 3055 1548 3110 adorat.

257 3135 534 3209 Postquam
560 3140 854 3195 consedere
881 3143 1041 3197 simul
1067 3156 1355 3214 provectus
1383 3154 1608 3216 uterque

262 3226 531 3298 Temporis
551 3238 731 3296 zetate,
754 3232 1062 3302 pariterque
1091 3235 1144 3288 in
1180 3236 1429 3306 dogmate
1459 3236 1606 3290 claro

263 3319 407 3389 chis
429 3321 652 3389 iustitia:
680 3323 897 3392 pnesul,
919 3333 1212 3395 pastorque
1235 3335 1501 3391 vetustus,

264 3409 547 3464 Adveniens
575 3412 724 3481 prior
747 3413 895 3468 urbis
925 3429 1084 3483 apex,
1109 3416 1186 3469 sic
1215 3415 1402 3485 incipit
1425 3429 1537 3469 ore.

328 3499 448 3563 Nos,
472 3501 654 3566 Pater,
685 3503 738 3557 in
764 3503 953 3571 primis
978 3504 1256 3559 laudemus
1276 3504 1764 3573 Cunctipotentem,

273 3587 432 3659 Atque
452 3592 540 3645 olli
577 3602 760 3662 grates
794 3592 983 3664 dignas
1014 3595 1256 3650 dicamus
1290 3603 1532 3659 ovantes,

274 3678 363 3744 Qui
390 3682 482 3736 sibi
511 3699 610 3737 nos
637 3684 856 3753 proprio
887 3685 1107 3741 devotos
1132 3702 1354 3741 munere
1379 3701 1573 3741 vernos

275 3769 378 3824 Una
405 3788 519 3826 cum
543 3773 706 3828 sociis
741 3789 926 3843 sospes
949 3775 1208 3830 conduxit
1239 3777 1292 3829 in
1320 3792 1508 3829 unum.

275 3860 518 3920 Przeterea
547 3874 598 3920 te
624 3880 784 3921 nosse
810 3866 966 3920 decet
993 3881 1110 3935 qua:
1137 3867 1376 3936 pondera
1406 3868 1678 3936 quondam

279 3950 530 4023 Quamque
558 3955 860 4024 importuna
895 3965 1059 4010 temet
1086 3972 1355 4025 pressere,
1383 3966 1610 4027 tuosque

275 4042 564 4114 Consocios,
585 4049 878 4104 indiscrete
904 4057 1163 4118 regnante
1194 4057 1439 4119 tyranno,
1471 4059 1526 4104 et

277 4131 480 4192 Maxime
504 4154 666 4204 nunc,
690 4140 813 4208 quia
843 4147 896 4193 te
921 4139 1087 4193 voluit
1113 4148 1364 4210 regnator
1387 4140 1598 4212 Olympi

273 4224 407 4285 Notis
433 4233 704 4301 praeficere
727 4231 872 4299 vigili
897 4231 1158 4286 tutamine
1188 4233 1428 4288 mandris
1453 4252 1464 4286 :

274 4317 340 4373 Ne
361 4324 692 4393 quandoque,
723 4323 900 4387 Pater,
934 4322 1204 4391 subjectos
1236 4339 1386 4378 more
1418 4324 1614 4394 prioris

276 4407 560 4482 Exagitans,
590 4428 658 4468 ex
685 4413 769 4468 his
803 4412 941 4466 forte
977 4413 1282 4484 indignatus
1311 4415 1547 4469 aberres.

275 4496 374 4554 Non
400 4511 448 4557 te
476 4504 707 4573 decipiat
729 4502 862 4558 falsa
900 4512 955 4559 et
984 4501 1203 4573 fugitiva
1232 4512 1472 4573 potestas

274 4586 410 4644 Saecli
443 4591 746 4663 pompiferi,
779 4609 881 4648 nec
907 4602 959 4647 te
988 4608 1244 4664 pomposa
1273 4594 1456 4664 virago

273 4675 546 4737 Possideat.
581 4683 719 4736 lram
747 4684 938 4738 cohibe
963 4700 976 4749 ;
1005 4683 1128 4754 fuge
1154 4699 1350 4739 nomen
1380 4685 1527 4738 avari
1553 4702 1566 4750 ;

273 4767 443 4825 Omnia
470 4772 553 4827 fac
585 4789 708 4827 cum
739 4773 1001 4828 consilio:
1032 4775 1110 4828 sic
1132 4773 1278 4828 ldida
1307 4775 1577 4844 quondam

272 4856 485 4918 liasileos
510 4864 727 4918 Solimae
756 4872 1024 4933 repetens,
1057 4865 1135 4919 sic
1163 4863 1353 4935 legifer
1381 4865 1495 4934 ipse

272 4948 445 5008 Vester
471 4955 548 5008 ait
571 4973 585 5019 ;
615 4966 670 5009 et
706 4964 825 5025 post
850 4955 1050 5010 factum
1084 4964 1138 5010 te
1158 4971 1316 5026 pmna
1341 4971 1555 5010 reorum

269 5042 373 5100 Non
400 5049 625 5112 cruciet,
659 5063 759 5102 nec
789 5049 954 5102 verba
993 5048 1190 5102 dehinc
1236 5048 1331 5102 tibi
1363 5048 1479 5102 dira
1505 5048 1818 5102 manebunt.

266 5132 479 5192 Consule
499 5153 742 5208 quosque
773 5146 914 5203 tuos,
942 5146 1147 5208 pastor,
1179 5138 1380 5207 pietate
1406 5147 1626 5206 paterna
1653 5154 1668 5202 ;

265 5224 480 5282 Consule
509 5244 752 5299 quosque
777 5238 898 5283 tuos
925 5228 1122 5283 fratres
1147 5247 1158 5281 :
1188 5229 1312 5297 quia
1337 5244 1477 5297 smpe
1507 5229 1703 5282 minori

263 5311 463 5385 Optima
492 5334 716 5389 quaeque
736 5321 900 5384 bona,
932 5335 1114 5374 rerum
1140 5321 1231 5388 qui
1255 5319 1469 5374 condita
1499 5333 1737 5386 prmsens

259 5401 467 5478 Inspicit
493 5410 865 5481 Omnipotens,
906 5412 1112 5481 pandit,
1144 5411 1414 5482 dignaque
1450 5409 1673 5464 revelat.

328 5572 352 5600 ⁸
376 5562 460 5635 De
484 5563 574 5617 illo
595 5573 755 5632 ponte
781 5565 956 5635 ligneo
1004 5581 1162 5634 quem
1189 5565 1412 5620 Carolus
1460 5564 1682 5632 Magnus
1701 5579 1818 5635 Usu-

261 5646 350 5704 per
376 5631 620 5688 Rhenum
644 5631 898 5689 ξε(ιίίίοᾶτί
939 5631 1120 5702 jussit,
1153 5637 1350 5704 quique
1404 5631 1654 5703 supremo
1681 5633 1819 5704 illius

260 5703 374 5757 vita:
419 5719 559 5760 anno
599 5704 965 5776 conflagravit,
1030 5716 1191 5777 agunt
1245 5706 1582 5780 Eginhardus
1635 5715 1684 5761 ct
1729 5703 1817 5758 alii

1921 1862 2388 1930 Commemorans,
2421 1865 2633 1933 aliaque
2663 1865 2820 1919 simul
2847 1866 3007 1937 longo
3031 1868 3220 1920 ordine
3247 1869 3464 1938 praasul,

1923 1951 2118 2007 Statim
2137 1952 2302 2021 jussit
2329 1955 2519 2009 adesse
2546 1956 2712 2020 viros,
2738 1957 2826 2024 qui
2854 1957 2955 2011 rite
2985 1957 3292 2012 ministrent

1927 2043 2155 2108 Uudam,
2183 2045 2276 2114 qui
2313 2043 2590 2108 Cererem,
2636 2045 2928 2112 Bacchum,
2977 2063 3295 2117 mensasque
3343 2065 3502 2118 repo—

3242 2135 3426 2206 [nanL

1921 2223 2042 2293 Ipse
2072 2233 2252 2279 autem
2288 2225 2493 2280 interea
2518 2240 2728 2281 sacram
2759 2226 3023 2296 spatiatur
3057 2224 3123 2279 ad
3146 2241 3298 2279 aram

1921 2315 2056 2370 Cum
2087 2316 2298 2372 clericis
2327 2317 2433 2372 alta
2459 2326 2680 2374 acturus
2705 2319 3066 2373 modulamina
3095 2317 3293 2371 missce.

1923 2403 2198 2460 Laudibus
2219 2407 2446 2475 expletis
2467 2407 2694 2475 Christi,
2730 2409 3070 2463 venerandus
3094 2410 3300 2463 honore

1921 2491 2126 2550 Pmsul
2158 2497 2444 2565 perspicuo
2466 2499 2703 2568 patulam
2731 2501 2967 2568 suscepit
2992 2500 3044 2553 in
3071 2499 3251 2552 aulam

1918 2583 2183 2640 Abbatem
2211 2587 2549 2658 comitesque
2577 2605 2702 2643 suos
2726 2606 2740 2654 ;
2771 2589 3017 2644 manibus
3045 2589 3170 2642 data
3200 2588 3412 2660 lympha

1921 2671 2205 2740 Funditur,
2238 2684 2294 2731 et
2315 2691 2496 2733 coram
2527 2678 2706 2735 subito
2737 2677 2794 2734 ﬁt
2831 2693 3013 2734 mensa
3052 2687 3289 2749 reposta,

1925 2765 2057 2824 Vale
2083 2777 2246 2842 atque
2280 2773 2603 2841 hospitibus,
2629 2773 2800 2843 epulis
2833 2783 3058 2828 onerata
3088 2775 3351 2829 venustis.

1921 2859 2017 2914 llis
2045 2861 2116 2914 ita
2143 2862 2422 2928 confectis,
2451 2866 2711 2918 successit
2745 2864 2904 2919 lectio
2943 2881 3120 2930 sacra,

1923 2950 2095 3017 Quam
2124 2953 2321 3022 praesul
2348 2954 2506 3010 solito
2532 2955 2708 3026 tetigit
2737 2969 2946 3009 summo
2970 2962 3126 3010 tenus
3151 2969 3268 3021 ore,

1920 3043 2192 3098 Interdum
2226 3046 2433 3101 satians
2453 3061 2646 3117 supera
2671 3047 2951 3102 dulcedine
2979 3048 3146 3102 cives.

1845 3124 1888 3184 C
1922 3133 2036 3189 Hac
2058 3150 2291 3206 namque
2328 3137 2581 3207 explicita
2614 3139 2932 3192 mussabant
2959 3153 3055 3192 ora
3082 3138 3320 3192 virorum

1923 3226 2108 3281 Dulcia
2135 3229 2401 3298 colloquia
2429 3247 2440 3282 :
2474 3245 2733 3284 resonans
2761 3247 2864 3300 pax
2896 3230 3133 3300 undique
3160 3231 3392 3286 circum-

1920 3316 2060 3372 Fusa
2084 3318 2248 3384 volat,
2282 3321 2494 3388 penitus
2527 3319 2587 3373 fit
2605 3321 2760 3375 lzetus
2786 3321 2841 3374 in
2865 3321 2986 3375 aula

1925 3408 2083 3464 Urbis
2108 3425 2269 3478 apex,
2296 3420 2588 3480 pastorque
2608 3427 2794 3477 senex,
2820 3414 3106 3482 cunctique
3133 3413 3386 3467 minores.

1919 3500 2213 3557 Amborum
2239 3518 2456 3572 quoque
2486 3503 2722 3572 tripudio
2751 3513 3036 3558 versantur
3057 3505 3109 3557 in
3137 3505 3268 3558 alto.

1922 3590 2058 3647 Hinc
2084 3591 2248 3646 Pater
2277 3593 2378 3647 iste
2408 3593 2552 3664 pius,
2577 3592 2806 3648 fratrum
2841 3603 3064 3665 gyrante
3088 3611 3308 3660 corona,

1919 3681 2048 3737 Post
2081 3683 2286 3752 epulas,
2328 3692 2450 3752 post
2483 3684 2766 3754 colloquia,
2804 3695 2924 3756 post
2947 3687 3135 3756 pocula
3166 3688 3286 3743 beta

1921 3773 2200 3828 Submisso
2235 3774 2409 3844 capite
2430 3775 2608 3830 saltim
2635 3775 2863 3830 divortia
2891 3776 3044 3833 laetus

1920 3863 2055 3918 Nota
2087 3872 2300 3934 potens,
2329 3880 2358 3917 a
2391 3865 2645 3933 pontiﬁce
2670 3865 2983 3922 benedictus
3005 3868 3208 3922 abibat.

1988 3954 2105 4010 Non
2135 3955 2289 4010 multi
2317 3954 2521 4012 fluxere
2557 3957 2695 4023 dies,
2724 3971 2824 4012 nec
2852 3967 3091 4028 tempora
3124 3959 3287 4014 multa

1920 4043 2254 4110 Praeteriere,
2285 4047 2480 4102 dehinc
2512 4047 2739 4101 fratrum
2770 4048 2995 4117 genialis
3018 4064 3246 4103 acervus

1919 4137 2053 4192 Cum
2083 4137 2243 4192 Pater
2265 4138 2408 4192 unde
2434 4139 2593 4203 ierat,
2623 4139 2819 4192 iterum
2845 4147 3114 4193 remearat
3134 4139 3344 4193 eodem.

1919 4227 2125 4282 Ventus
2159 4240 2180 4266 ο
2214 4244 2446 4297 namque
2473 4243 2640 4283 senex
2674 4227 2867 4283 famosi
2892 4228 3124 4282 nominis
3150 4228 3286 4295 Eigil

1919 4319 2052 4374 Cum
2084 4319 2247 4373 sociis
2274 4318 2437 4387 digno
2461 4318 2696 4387 primum
2727 4317 2986 4372 collectus
3024 4319 3248 4381 honore,

1921 4411 2203 4465 Fratribus
2233 4427 2264 4463 a
2290 4411 2526 4480 propriis
2551 4410 2713 4464 altam
2741 4409 2983 4464 defertur
3018 4410 3070 4464 in
3097 4410 3286 4473 aedem,

1842 4483 1895 4540 D
1920 4505 2117 4562 Christi
2147 4513 2351 4576 martyr
2373 4505 2462 4558 ubi
2492 4510 2703 4573 compta
2732 4503 3024 4572 requiescit
3049 4503 3104 4556 in
3131 4517 3275 4566 arca,

1919 4597 2197 4666 Quondam
2228 4612 2350 4651 cum
2376 4596 2537 4650 sociis
2559 4595 2666 4649 telo
2689 4595 2895 4665 sopitus
2918 4603 3100 4649 acuto.

1920 4687 2076 4751 Hinc,
2101 4701 2260 4756 prece
2287 4686 2576 4754 completa,
2612 4684 3004 4739 monachorum
3027 4682 3236 4739 conﬂua
3269 4684 3425 4740 turba

1918 4778 1975 4830 lu
1997 4785 2150 4847 parte
2168 4777 2392 4831 occidua
2421 4775 2606 4844 templi
2633 4775 2845 4830 seniore
2879 4775 3056 4829 reviso

1921 4867 2114 4922 Statim
2145 4882 2316 4937 prona
2352 4867 2479 4931 ruit,
2512 4866 2729 4920 Patrem
2759 4865 2825 4919 de
2853 4879 3003 4919 more
3031 4864 3246 4919 salutat.

1925 4959 2041 5024 Qua
2067 4957 2380 5021 resalutata,
2409 4957 2628 5026 propius
2654 4955 2913 5010 accedere
2935 4963 3123 5010 contra

1925 5050 2166 5118 Namque
2186 5048 2357 5117 jubet,
2389 5063 2683 5118 pacemque
2710 5047 2902 5114 iniens,
2933 5055 3092 5118 atque
3117 5047 3298 5102 oscula
3330 5047 3494 5116 ﬁgens

1922 5138 2170 5207 Congrua
2199 5156 2214 5204 ;
2249 5154 2398 5192 more
2424 5139 2642 5193 Patrum
2668 5139 2870 5208 pariter
2895 5153 3017 5193 cum
3043 5137 3300 5194 fratribus
3326 5137 3440 5207 ipse

1925 5229 2192 5284 Davidicze
2219 5229 2396 5284 subito
2428 5229 2624 5284 cecinit
2657 5229 3019 5284 modulamina
3044 5229 3224 5284 Musm.

1926 5319 2002 5371 En
2049 5333 2213 5388 quam
2254 5318 2407 5372 dulce
2454 5321 2675 5382 bonum,
2735 5317 2948 5384 fratres,
3009 5331 3278 5388 quamque
3326 5314 3489 5367 ardua

3195 5406 3427 5475 [semper

1925 5566 2040 5634 ejus
2073 5566 2325 5633 temporis
2351 5564 2648 5620 annalislte.

1997 5637 2022 5674 ι)
2055 5635 2314 5703 Vulpinus
2341 5644 2507 5688 astus.

1999 5718 2019 5746 ε
2053 5705 2107 5760 ω
2137 5715 2240 5774 est,
2279 5705 2500 5760 veniens.
