3838 6144
324 223 423 281 Idl

324 339 538 396 laetitia
570 338 724 409 longe
750 338 875 394 bilis
897 351 1121 391 rancore
1143 344 1372 401 remoto,

325 433 565 489 Moribus
589 433 642 486 in
668 430 869 486 sanctis
888 443 1226 496 communem
1251 426 1430 482 vivere
1457 427 1651 480 vitam!

396 523 511 578 Hoc
535 536 748 592 quoque
770 521 1011 574 carmine
1041 518 1327 587 completo,
1353 518 1581 572 divortia
1605 518 1781 573 lassus

323 612 507 667 Abbas
533 610 883 681 progrediens
907 608 1040 662 adiit
1066 616 1305 678 Optatus,
1334 616 1549 663 euntem

324 703 679 772 Prosequitur
708 702 865 754 turba
894 700 1130 765 mixtim,
1155 700 1487 770 juvenesque
1514 714 1794 768 senesque.

320 791 618 863 Inspiciunt
645 791 981 862 gaudentque
1005 790 1188 856 simul,
1217 790 1512 858 ardentque
1541 789 1758 844 tuendo.

320 880 475 935 Illum
503 896 732 950 namque
763 881 903 936 diem
930 880 1092 935 Pater
1118 880 1259 935 idem
1282 879 1436 934 laetus
1461 879 1514 932 in
1542 879 1686 934 omni
1744 922 1745 925 η

320 971 532 1026 Lretitia
561 972 770 1026 cunctis
795 986 978 1026 secum
1010 969 1246 1039 disponit
1269 969 1575 1024 habendum
1599 986 1614 1030 ;

321 1062 606 1118 Fratribus
629 1071 909 1118 ostentans
935 1063 1150 1132 penitus
1177 1063 1474 1132 praecordia
1500 1063 1621 1118 laeta

318 1149 576 1221 Corporis
605 1151 798 1222 etligie,
827 1152 1031 1223 lingua,
1067 1152 1325 1221 vultuque
1365 1153 1585 1209 micare.

317 1239 448 1297 CAP.
477 1242 593 1300 XV.
630 1244 833 1314 Infecta
859 1243 1090 1298 basilica!
1117 1261 1270 1314 opera
1293 1229 1636 1314 peraguntur.
1669 1307 1672 1310 ,

391 1333 490 1388 llic
518 1335 680 1388 homo
709 1335 872 1405 cmpit
900 1335 1096 1390 abhinc
1134 1350 1328 1404 magno
1351 1335 1568 1404 pietatis
1595 1350 1778 1391 amore

319 1425 576 1480 Ecclesiae
599 1426 861 1482 mundare
889 1427 1025 1492 loca,
1057 1426 1366 1496 pavimenta
1395 1425 1610 1480 refundi

318 1512 629 1579 Constituit,
658 1515 918 1584 quadrata
944 1515 1127 1570 locans
1153 1514 1347 1569 altaria
1376 1515 1602 1570 circum.

317 1602 538 1657 Fixerat
569 1603 622 1658 in
654 1619 864 1658 summo
889 1605 1060 1675 petris
1084 1611 1330 1659 contecta
1357 1604 1541 1673 politis

317 1692 562 1747 Arcubus
592 1693 732 1748 idem
763 1691 1022 1748 Racholfo
1049 1705 1075 1734 ει
1097 1693 1332 1748 dictante
1359 1694 1616 1764 magistro

316 1785 384 1840 Et
412 1788 697 1852 monacho,
748 1786 1085 1856 fratrumque
1113 1785 1273 1842 simul
1303 1785 1420 1841 sine
1463 1785 1590 1841 felle
1623 1785 1893 1842 ministro.

315 1877 482 1948 Cujus
505 1887 558 1934 te
587 1879 898 1934 meminisse
925 1894 1078 1949 rogo,
1107 1885 1437 1948 cunctosque
1460 1879 1722 1949 legentes,

314 1967 429 2024 Hoc
455 1983 592 2038 opus
617 1978 680 2024 ut
705 1969 918 2024 Domini
951 1970 1128 2040 pietas
1167 1969 1427 2038 requietis
1460 1970 1723 2025 honorem

311 2058 485 2129 Ipsius
505 2060 701 2114 animae
725 2061 949 2125 tribuat,
973 2059 1254 2128 lucemque
1282 2073 1576 2128 perennem

313 2148 586 2203 Conferat.
615 2148 687 2203 Ut
708 2149 837 2211 dixi,
864 2149 970 2204 hoc
994 2150 1112 2220 ipso
1138 2150 1378 2204 dictante
1403 2149 1684 2219 magistro,

311 2238 560 2293 Arcubus
586 2247 746 2308 atque
777 2239 1112 2310 interpositis
1137 2240 1265 2295 hinc
1292 2239 1417 2294 inde
1447 2238 1714 2294 columnis

311 2328 476 2386 Binas
505 2330 789 2402 magniﬁce
813 2330 988 2386 erexit
1008 2331 1232 2401 pulchro
1265 2331 1456 2386 ordine
1485 2337 1723 2400 cryptas.

313 2420 554 2488 Quarum
586 2422 759 2492 prima
782 2422 997 2492 quidem
1023 2430 1275 2492 spectans
1301 2421 1533 2476 intendit
1556 2421 1748 2476 Eoum.

313 2511 507 2566 Ternis
543 2511 836 2567 luminibus
862 2509 1077 2578 Oriens,
1106 2512 1197 2566 ubi
1230 2512 1366 2567 lucis
1390 2512 1458 2566 ab
1493 2526 1595 2567 axe

312 2598 588 2670 Signifero
612 2600 792 2671 pluvia
822 2609 1251 2672 tempestateque
1275 2617 1472 2657 sonora

311 2690 546 2761 Disjecta
570 2692 804 2761 primum
832 2692 1014 2747 radios
1041 2691 1122 2747 sol
1151 2707 1346 2747 aureus
1372 2691 1491 2747 orbi

312 2781 608 2851 Terrigeno
632 2782 876 2852 spargit;
902 2798 1066 2838 unam
1103 2799 1222 2854 quae
1249 2785 1491 2839 continet
1518 2798 1666 2838 aram

309 2873 542 2928 Interius
570 2883 862 2944 comptam,
888 2882 1198 2930 sanctorum
1227 2875 1330 2931 rite
1357 2883 1646 2945 patronum

312 2962 614 3034 Belliquiis,
644 2979 780 3035 quos
808 2964 1030 3019 inferius
1053 2965 1371 3020 subnectere
1407 2980 1560 3020 mens
1584 2972 1687 3020 est.

310 3057 423 3113 Nec
447 3059 626 3114 minus
648 3059 750 3115 hoc
787 3058 1027 3130 speleum
1047 3059 1242 3130 capitis
1269 3060 1323 3114 in
1347 3059 1552 3114 vertice
1578 3067 1754 3129 gestat

310 3149 517 3216 Altare,
547 3160 767 3208 sanctus
793 3155 936 3223 quod
956 3152 1070 3225 jam
1102 3154 1200 3209 sub
1225 3161 1465 3224 tempore
1490 3155 1672 3225 prisco

309 3241 605 3300 Consecrat
629 3245 743 3315 ipse
759 3237 871 3302 “suo
897 3247 1206 3304 Bonifacius
1228 3247 1614 3318 Omnipotenti,

311 3332 442 3400 Quae
465 3350 629 3405 super
664 3337 845 3392 addita
872 3347 1017 3405 sunt,
1052 3339 1142 3395 alii
1176 3340 1440 3396 sacranda
1465 3340 1794 3410 relinquens.

381 3427 479 3482 Ast
502 3428 645 3483 aliud
673 3444 887 3500 quoque
912 3431 1186 3498 nobiliter,
1207 3430 1298 3486 ubi
1326 3441 1532 3504 martyr
1553 3433 1705 3488 adest
1727 3445 1872 3487 nunc

308 3516 369 3572 In
397 3528 552 3588 parte
575 3521 799 3576 occidua
825 3530 1197 3579 constructum
1230 3523 1470 3578 cernitur
1498 3533 1714 3580 antrum

312 3607 535 3665 Multum
571 3611 720 3666 dives
743 3628 864 3683 ope,
889 3615 1119 3670 interius
1141 3615 1434 3684 spoliisque
1455 3617 1686 3686 piorum,

315 3699 511 3755 Ternis
536 3703 872 3772 prospiciens
897 3703 1019 3759 ﬁxis
1047 3712 1171 3773 post
1200 3714 1350 3776 terga
1374 3706 1646 3762 fenestris.

309 3787 646 3844 Obscuratus
673 3792 798 3847 hinc
824 3801 986 3861 atque
1012 3794 1139 3849 hinc
1172 3795 1474 3866 clausisque
1502 3797 1709 3854 duobus

314 3877 459 3934 Solis
480 3881 547 3934 ad
571 3895 843 3948 occasum,
870 3897 975 3952 qua
1004 3884 1244 3941 Phoebus
1272 3902 1421 3941 more
1451 3897 1671 3958 recepto

309 3968 572 4039 Mergitur
599 3969 653 4024 in
681 3970 894 4026 solitum
922 3987 1152 4044 vergens
1172 3973 1263 4028 lux
1293 3991 1457 4030 aurea
1482 3977 1695 4042 callem,

308 4059 724 4132 Lustrandoque
753 4071 897 4118 rotat
921 4065 1120 4120 iterum
1144 4066 1410 4123 tollendus
1435 4067 1491 4122 in
1521 4077 1719 4124 ortum.

305 4151 424 4212 Hoc
449 4168 660 4208 summo
687 4155 740 4209 in
768 4157 962 4226 capite,
993 4157 1145 4212 duris
1171 4172 1283 4228 pra:
1310 4158 1515 4215 viribus
1542 4175 1693 4214 aram

303 4243 545 4301 Fortiter
570 4245 824 4302 insistens
859 4247 1084 4317 pedibus
1106 4264 1231 4302 nam
1259 4249 1506 4317 sustinet,
1538 4249 1593 4304 in
1632 4267 1739 4322 qua

298 4334 511 4389 Christi
538 4335 788 4406 martyris
815 4337 994 4392 eximii
1023 4353 1166 4394 nunc
1187 4339 1429 4394 membra
1460 4339 1640 4395 locata

297 4424 438 4480 Cum
469 4426 631 4481 sociis
661 4441 876 4496 quoque
896 4444 1053 4484 sacra
1079 4438 1300 4485 manent
1322 4430 1439 4486 sine
1463 4430 1568 4486 ﬁne
1589 4432 1780 4488 beatis.

299 4535 433 4594 Car.
485 4534 624 4592 XVI.
679 4535 947 4594 Invitatur
1000 4539 1238 4610 pontifex
1289 4540 1361 4595 ad
1406 4540 1755 4598 dedicandam
1800 4560 1887 4598 ec-

1025 4607 1257 4664 clesiam.

375 4699 469 4754 His
489 4699 562 4753 ita
588 4702 932 4765 constructis,
966 4717 1092 4756 mox
1112 4701 1371 4758 invitatur
1401 4704 1468 4758 ab
1493 4704 1637 4758 omni

302 4789 558 4846 Fratrum
578 4793 805 4848 consilio
827 4795 988 4866 digne
1016 4793 1353 4865 fratrumque
1376 4805 1604 4864 parente

304 4877 539 4935 Haistolf
559 4881 876 4935 sacrandam
898 4882 1342 4953 metropolitanus
1367 4882 1434 4936 ad
1459 4884 1647 4938 :edem.

301 4967 514 5027 Interea
538 4984 751 5039 quoque
771 4969 917 5026 fama
939 4972 1145 5040 volans,
1184 4973 1490 5029 rumoribus
1517 4974 1644 5028 altis

302 5059 523 5119 Excitat
571 5060 636 5114 ad
657 5060 871 5118 laudem
896 5062 1099 5120 Christi
1126 5065 1418 5121 multorum
1447 5064 1888 5122 Christicolarum

304 5152 530 5210 Concite
558 5153 723 5209 corda
745 5154 856 5224 pia,
886 5156 1318 5227 veniendumque
1343 5176 1356 5212 :
1397 5173 1524 5214 ecce
1552 5167 1772 5228 repente

303 5243 421 5301 Non
449 5259 603 5300 mora
628 5245 926 5316 digreditur
949 5248 1165 5319 propria
1192 5249 1258 5304 de
1285 5248 1412 5304 sede
1441 5250 1714 5315 sacerdos,

300 5335 545 5393 Primum
573 5338 928 5409 progrediens
953 5339 1418 5410 metropolitanus,
1447 5347 1502 5394 et
1525 5341 1649 5394 exin

1420 225 1478 278 S.
1517 223 1762 278 EICILIS
1800 224 2087 279 ABBATIS
2124 224 2510 281 FULDENSIS

1929 347 1978 404 Α
2005 335 2222 391 Ordinis
2244 344 2405 406 atque
2427 337 2588 390 etiam
2624 337 2864 408 gaudens
2893 338 3126 407 hincque
3149 340 3273 394 inde
3298 341 3524 396 minoris

3478 229 3586 282 “2

2005 428 2084 483 Ad
2115 438 2220 482 tam
2252 430 2598 499 magniﬁcum
2628 438 2680 485 et
2703 439 2945 484 sanctum
2969 433 3068 486 sub
3099 442 3338 503 tempore
3360 434 3600 505 festum,

2004 518 2296 590 Disposito,
2326 536 2450 576 cum
2479 519 2529 574 vi
2557 521 2720 574 multa
2752 520 3015 577 confluxit
3043 523 3098 577 in
3126 540 3289 578 unum

2438 650 2698 690 CANDIDUS
2729 652 2798 689 AD
2833 650 3136 692 κουεετωί.

2003 747 2255 815 Perspice
2283 761 2448 811 nunc,
2481 746 2672 812 frater,
2696 761 2805 816 quo
2832 762 2942 802 non
2971 750 3315 817 praestantior
3347 751 3524 819 alter,

2002 836 2200 892 Mentis
2227 837 2541 903 luminibus,
2569 852 2894 908 mecumque
2923 839 3042 894 haec
3066 841 3289 897 numina
3318 842 3494 897 firma.

2001 968 2129 1025 Car.
2161 969 2321 1026 XVII.
2361 970 2650 1048 Dedicatar
2679 971 2943 1048 εςεζεεξαλ
2991 973 3362 1048 et‘translatur
3391 994 3598 1048 corpus.

2395 1040 2641 1110 martyris
2671 1039 2868 1095 Christi
2892 1041 3178 1112 Bonifacii.
3482 1039 3494 1048 ”
3675 1047 3680 1051 ’

2071 1153 2307 1208 Venerat
2333 1151 2474 1206 alma
2503 1151 2617 1206 dies
2643 1150 2794 1205 radio
2819 1150 3086 1207 illustrata
3108 1169 3354 1211 corusco.

2003 1243 2145 1299 Solis
2168 1243 2413 1312 perpetui
2441 1241 2636 1311 praesul
2667 1243 2937 1310 processit
2964 1243 3032 1296 ad
3063 1245 3240 1298 aulam

2002 1335 2366 1400 Sacrandam;
2399 1342 2527 1390 tunc
2548 1333 2811 1403 relliquiaa
2835 1334 3098 1390 tolluntur
3124 1336 3177 1389 in
3205 1337 3373 1393 altum

2000 1425 2305 1481 Condendae
2331 1424 2578 1478 interius.
2609 1422 2970 1494 Praecesserat
2992 1426 3183 1480 ordine
3217 1427 3366 1483 claro

1997 1515 2329 1571 Pontiﬁcalis
2355 1530 2512 1585 apex,
2541 1515 2704 1568 rubra
2727 1515 2924 1568 vexilla
2954 1517 3216 1587 triumphi

2003 1609 2163 1678 Regis
2200 1606 2469 1678 magniﬁci
2495 1607 2700 1675 pariter
2723 1607 2984 1661 tolluntur
3010 1607 3065 1661 in
3096 1623 3320 1675 auram;

1927 1683 1973 1741 Β
2000 1697 2316 1752 Luminibus
2345 1696 2516 1750 roseis
2538 1703 2660 1764 apte
2689 1696 2885 1764 stipata
2907 1696 3098 1751 deinde

1999 1785 2177 1840 Turba
2208 1786 2546 1841 sacerdotum
2567 1825 2582 1852 ,
2614 1785 2936 1841 monachum
2953 1825 2968 1850 ,
2996 1785 3362 1857 comitumque
3387 1799 3585 1859 poten-

3318 1878 3504 1950 [tum,

1997 1964 2216 2022 Ordinis
2243 1974 2406 2038 atque
2434 1967 2597 2022 etiam
2620 1965 2863 2022 clamans
2883 1974 3005 2036 post
3029 1974 3176 2039 terga
3211 1970 3434 2025 minoris

1998 2057 2386 2128 Consequitur,
2425 2056 2808 2128 Christumque
2855 2072 3058 2113 vocans
3097 2066 3178 2114 ter
3215 2075 3346 2116 voce
3385 2069 3584 2118 tonan-

3324 2150 3346 2223 ί
3371 2161 3512 2207 tem.

1997 2240 2262 2294 lnvitatur
2289 2239 2433 2294 enim
2465 2237 2715 2293 Christus
2738 2238 2937 2293 virtute
2964 2239 3194 2309 potenti,

1997 2331 2220 2399 Ipsaque
2251 2335 2435 2383 sancta
2459 2328 2553 2383 Dei
2582 2328 2812 2399 genitrix
2838 2329 3098 2400 virgoque
3123 2329 3305 2384 Maria.

1998 2419 2404 2488 Compellantur
2427 2418 2480 2471 in
2511 2417 2773 2472 auxilium
2799 2419 3040 2474 caelestia
3070 2420 3207 2474 votis

1995 2508 2250 2581 Agmina,
2277 2516 2694 2579 sanctorumque
2721 2509 2916 2564 dehinc
2941 2510 3211 2566 exercitus
3239 2512 3435 2568 omnis.

1997 2598 2239 2669 Cumque
2273 2599 2437 2653 etiam
2477 2599 2560 2653 his
2584 2599 2834 2670 precibus
2866 2607 3048 2655 ternos
3080 2601 3388 2670 expleverat
3413 2603 3583 2659 orbes

1997 2688 2222 2754 Przesul,
2255 2697 2311 2743 et
2343 2689 2459 2758 ipsa
2487 2704 2720 2758 sequens
2746 2691 2951 2760 pariter
2975 2690 3097 2746 laeto
3128 2691 3339 2760 agmine
3369 2691 3532 2746 turba

1995 2780 2252 2835 Protinus
2277 2789 2402 2835 ante
2423 2780 2609 2836 oculos
2640 2781 2830 2850 plebis,
2863 2796 3067 2852 oraque
3096 2783 3340 2836 virorum

1998 2869 2132 2941 Regi
2161 2871 2442 2938 virtutum,
2472 2872 2614 2942 regis
2636 2887 2882 2941 przecone
2903 2873 3148 2943 jubente,

2000 2959 2313 3031 Victorique
2338 2963 2448 3017 Deo
2471 2971 2760 3033 patuerunt
2786 2963 2972 3018 limina
3000 2965 3206 3035 templi.

1921 3047 1966 3110 C
2064 3051 2369 3122 Ingreditur
2391 3051 2586 3121 prtesul
2619 3052 2799 3108 divino
2825 3053 3044 3108 numine
3073 3055 3288 3119 ductus,

1996 3142 2419 3213 Presbyterique
2447 3143 2608 3198 simul
2631 3144 2837 3200 intrant
2864 3159 3081 3215 aruaque
3110 3146 3368 3213 ministri,

1996 3235 2144 3290 More
2168 3250 2266 3291 suo
2293 3235 2522 3290 interius
2556 3238 2732 3292 acturi
2755 3238 2906 3308 jussa
2928 3239 3184 3308 potentis.
3221 3228 3224 3232 ί

1994 3326 2361 3397 Importantur
2384 3327 2530 3382 enim
2559 3326 2697 3382 laatis
2723 3327 2922 3381 vallata
2945 3327 3160 3382 choreis

1997 3416 2317 3472 Sanctorum
2343 3417 2532 3486 spolia.
2564 3416 2817 3471 Exterius
2847 3432 2973 3471 nam
3002 3426 3194 3473 caetera
3225 3417 3383 3473 turba

1993 3509 2256 3564 Insistens
2289 3509 2561 3578 precibus,
2589 3509 2713 3563 altis
2738 3509 2956 3563 exclusa
2987 3517 3280 3579 respectat,

1997 3603 2174 3656 Donec
2199 3609 2393 3656 cuncta
2418 3601 2593 3656 bonus
2623 3601 2836 3657 famulis
2859 3603 3048 3657 altaria
3076 3604 3269 3674 praesul

1993 3691 2291 3747 Consecrat
2317 3691 2594 3745 altithroni
2621 3693 2764 3762 regis
2793 3692 3148 3763 prmsentibus
3180 3695 3383 3762 absque

1992 3783 2203 3850 Quinis,
2243 3797 2361 3852 qua:
2397 3783 2642 3836 mihimet
2682 3783 2878 3837 iterum
2919 3785 3265 3839 memoranda
3301 3785 3580 3856 relinquo.

2059 3873 2316 3929 Protinus
2345 3873 2552 3928 interea
2576 3890 2782 3940 rursus,
2818 3873 3006 3931 lictore
3025 3874 3269 3944 iubente,

1990 3967 2250 4022 Panditur
2275 3967 2382 4021 alta
2410 3975 2573 4038 atque
2604 3969 2745 4023 alma
2774 3970 2866 4024 Dei
2895 3970 3086 4025 domus
3113 3972 3527 4042 omnipotentis.

1989 4057 2154 4112 Irruit
2180 4072 2373 4128 agmen
2399 4072 2568 4112 ovans
2598 4059 2790 4127 plebis,
2826 4060 3002 4113 subito
3031 4076 3244 4132 quoque
3271 4072 3446 4118 semet

1988 4147 2156 4217 Inque
2184 4147 2356 4202 vicem
2386 4147 2673 4218 valvasque
2708 4147 2852 4205 intro
2873 4162 3123 4221 pressere
3150 4152 3378 4208 ruendo.

1989 4239 2246 4294 Dextram
2269 4255 2504 4310 namque
2528 4248 2675 4296 tenet
2696 4241 2905 4307 dextra,
2932 4243 3242 4313 inducitque
3269 4246 3446 4299 virum
3465 4245 3580 4312 vir,

1990 4331 2136 4388 More
2164 4331 2425 4387 laicorum
2447 4341 2736 4404 porgentes
2763 4335 2916 4389 basia
2945 4335 3144 4393 buccis.

1913 4407 1968 4467 Β
1997 4423 2135 4478 Hinc
2169 4424 2344 4494 scpito
2371 4424 2535 4478 etiam
2565 4432 2621 4479 et
2654 4423 2826 4479 turbis
2861 4425 3096 4480 clamore
3122 4434 3348 4490 remoto,

1995 4513 2412 4570 Ecclesiasticus
2441 4514 2568 4568 hinc
2599 4522 2760 4584 atque
2789 4515 2913 4570 inde
2943 4515 3200 4570 collectus
3230 4516 3284 4570 in
3315 4533 3482 4571 unum

1996 4605 2249 4678 Martyris
2275 4608 2343 4662 ad
2367 4607 2609 4662 tumbam
2645 4607 2914 4676 extemplo
2936 4609 3274 4663 convertitur
3301 4609 3461 4675 ordo,

1993 4695 2123 4763 Quae
2145 4704 2275 4752 tunc
2301 4697 2545 4752 noscitur
2573 4698 2628 4752 in
2650 4698 2826 4752 medio
2854 4699 3153 4753 consistere
3178 4699 3399 4769 templo.

2061 4785 2222 4842 Plebs
2247 4802 2458 4856 quoque
2481 4789 2635 4842 testis
2664 4789 2817 4843 adest
2837 4801 3100 4857 prmsens,
3124 4787 3181 4841 tit
3205 4789 3360 4844 testis
3380 4796 3438 4844 et
3457 4787 3590 4859 ipse

1989 4879 2249 4936 Conditor
2271 4881 2631 4951 omnipotens,
2663 4883 2754 4952 qui
2785 4881 3070 4951 majestate
3097 4881 3320 4952 perenni

1991 4971 2219 5040 Semper
2241 4972 2439 5040 ubique
2466 4979 2669 5036 manet,
2693 4972 2919 5042 ejusque
2946 4972 3217 5026 exercitus
3240 4971 3437 5033 omnis,

1989 5061 2144 5128 Quod
2169 5061 2358 5116 eadem
2385 5061 2500 5130 ipsa
2530 5060 2663 5115 hora
2687 5061 2951 5115 adventus
2976 5068 3103 5114 tunc
3131 5059 3369 5114 numinis
3397 5057 3518 5122 alti,

1992 5154 2106 5220 Qua
2137 5155 2345 5224 rapitur
2371 5154 2572 5210 Christi
2601 5163 2810 5226 martyr
2839 5155 2906 5210 de
2932 5155 3061 5210 sede
3093 5155 3296 5224 priore,

1988 5244 2278 5316 Perspicue
2307 5247 2362 5301 in
2392 5261 2546 5301 saera
2579 5247 2764 5300 multis
2789 5247 3024 5302 innotuit
3049 5245 3192 5300 aula.

2053 5335 2305 5391 Prmsulis
2337 5335 2545 5391 interea
2573 5337 2776 5391 insistit
2807 5337 3118 5391 veneranda
3148 5344 3391 5390 vetustas

299 5425 480 5484 Turba
508 5430 867 5494 sacerdotum,
887 5430 1166 5495 abbatum,
1185 5430 1549 5499 comitumque
1573 5439 1872 5498 potentum,
1980 5427 2224 5484 Ilaistolfi
2261 5428 2535 5498 precibus,
2560 5427 2763 5484 Christi
2794 5427 3056 5484 solamina
3084 5441 3336 5498 poscens,

369 5557 502 5638 {An
528 5560 681 5638 idem
716 5560 968 5638 Bacolfus
1005 5561 1505 5638 cancellarius,‘_qui
1545 5563 1752 5638 litteras
1777 5567 1871 5619 ἀο-
1976 5563 2083 5633 psit
2106 5579 2248 5618 anno
2283 5564 2533 5638 ,Ἐξ-[θςηὶ
2565 5563 2743 5621 Caroli
2777 5565 2970 5638 Magni,
3010 5565 3063 5621 in
3101 5565 3192 5621 lib.
3229 5580 3268 5619 η
3299 5561 3587 5619 Traditio-

301 5629 532 5684 natiouis
558 5645 590 5686 a
613 5629 861 5689 Waltone
883 5632 1116 5705 quodam
1146 5629 1498 5706 Fuldensibus
1539 5634 1694 5692 facta:
1737 5638 1870 5693 scri—
1977 5629 2125 5704 num,
2161 5651 2282 5706 pug.
2317 5632 2438 5689 5l6.
