3838 6144
209 270 312 324 “3

211 381 282 437 Ut
307 393 446 449 opus
472 379 770 446 inemptum
795 377 982 434 divino
1003 392 1228 434 munere
1253 394 1470 434 sacrum

207 472 345 527 Cum
372 470 538 526 sociis
566 485 724 524 sacro
749 469 923 540 possit
953 471 1272 526 concludere
1302 471 1429 526 line.

278 565 352 618 At
379 571 502 633 post
534 563 652 618 hzec
681 563 906 634 propius
931 563 1135 619 Christi
1162 565 1423 619 tutamine
1448 564 1618 619 fretus

210 657 358 712 Idem
387 655 588 726 praesul
623 656 763 721 iens,
791 654 904 711 tolli
927 655 1236 711 venerabile
1271 671 1468 726 corpus

209 747 510 802 Instruxit:
541 747 688 800 levat
718 748 832 816 ipse
856 746 1028 816 prior,
1058 747 1202 801 hunc
1229 761 1359 801 voce
1386 746 1629 801 valenter

211 843 486 913 llymnum
515 840 804 911 magnifico
832 839 1008 894 laudis
1041 839 1228 893 nidore
1257 838 1514 893 refertum

209 932 523 1005 Cignentis,
549 930 843 1000 Genitique
868 929 1050 994 simul,
1082 945 1148 984 ac
1178 927 1412 999 Spiritus
1435 928 1584 982 almi.

279 1027 362 1084 'l‘e
402 1041 534 1098 ergo
572 1026 742 1080 Deum
781 1024 1063 1079 laudamus
1085 1064 1100 1090 ,
1141 1031 1193 1079 te
1226 1023 1628 1091 Dominumque
1659 1019 1796 1074 fate-

1543 1109 1564 1182 [
1584 1125 1729 1174 mur,

209 1209 286 1265 Te
315 1209 625 1280 genitorem
655 1214 978 1277 perpetuum
1003 1215 1149 1260 terra
1175 1211 1480 1258 veneratur.

209 1303 424 1357 Cuncta
454 1300 552 1354 tibi
581 1298 858 1370 angelicus
880 1304 1066 1352 astans
1096 1294 1359 1351 mirabilis
1380 1294 1516 1348 ordo
1538 1333 1552 1357 ,

210 1394 461 1463 Namque
497 1391 606 1462 poli
633 1399 952 1460 cunctaeque
976 1396 1272 1458 potestates
1298 1386 1635 1447 venerandae,

211 1485 490 1541 Cherubin
527 1498 742 1554 quoque
779 1483 1045 1553 Seraphin
1072 1482 1382 1553 pariterque
1407 1486 1660 1533 verenter

213 1575 342 1631 Iure
369 1576 469 1630 tibi
500 1574 598 1630 soli
628 1573 923 1628 incessanti
952 1587 1084 1627 voce
1113 1571 1404 1626 reclamant
1434 1587 1448 1623 :

1605 270 1762 323 V'I'I'A
1803 269 2122 326 METRICA.

1820 383 1867 442 Α
1895 380 2047 434 Ibant
2067 379 2261 450 aequati
2291 393 2537 445 numero,
2565 380 2948 451 Christumque
2974 382 3259 438 canebant.

3374 273 3480 328 ιιι

1896 470 2138 540 Cumque
2158 469 2355 540 quibus
2379 471 2608 526 admista
2631 487 2757 541 pars
2783 472 2909 528 hinc
2932 481 3094 543 atque
3117 475 3241 529 inde
3265 473 3476 543 piorum
3507 453 3532 518 τ’

1896 559 2299 630 Presbyterum,
2325 561 2590 630 turbaque
2610 576 2862 630 premens
2873 577 2997 617 cum
3023 562 3226 619 lumine
3244 564 3474 629 circum,

1898 651 1959 704 Vi
1992 651 2158 705 multa
2192 651 2425 705 loculum
2449 652 2644 718 gaudet
2671 653 2984 723 contingere
3005 653 3216 708 dextra.

1969 740 2133 810 Regia
2164 741 2360 810 quippe
2387 741 2472 794 via
2502 742 2696 811 pannis
2727 743 3084 798 candentibus
3110 753 3254 813 apte,

1897 832 2058 900 Regis
2084 833 2330 902 perpetui
2366 847 2620 903 magnum
2647 849 2766 903 qua:
2796 835 2944 889 ducit
2971 836 3040 889 ad
3075 835 3236 902 altar,

1899 923 2082 976 Strata
2114 921 2216 976 fuit
2244 922 2373 976 illuc
2400 923 2562 987 idem,
2591 938 2727 991 quos
2758 925 2872 994 ipse
2901 926 3159 982 sacerdos

1897 1020 2298 1074 Ercanberctus
2332 1033 2503 1073 ovans
2529 1017 2730 1073 Christi
2753 1020 2978 1075 devotus
3007 1037 3193 1076 amore

1898 1110 2151 1180 Martyris
2181 1107 2446 1174 exhibuit,
2481 1117 2634 1163 ostro
2665 1109 2989 1180 peplumque
3016 1111 3282 1182 rigentem

1896 1202 2120 1270 Insuper
2141 1201 2486 1256 accumulans
2516 1201 2668 1254 auxit
2695 1217 2792 1271 per
2831 1217 3014 1270 seque,
3045 1219 3299 1272 suosque.

1971 1295 2067 1349 llis
2089 1294 2162 1348 ita
2182 1293 2455 1363 perceptis
2481 1309 2727 1364 gressum
2762 1295 3005 1364 porrexit
3031 1297 3098 1348 ad
3131 1311 3282 1349 aram

1898 1385 2227 1440 Pontificalis
2260 1401 2416 1455 apex,
2448 1400 2643 1456 magno
2674 1386 2965 1440 comitatus
2994 1386 3221 1450 honore,

1899 1480 1955 1535 In
1987 1488 2143 1550 parte
2165 1479 2387 1534 occidua
2417 1478 2660 1533 Romano
2691 1494 2842 1534 more
2862 1486 3163 1548 peractam.

1901 1572 2088 1626 Elevat
2115 1571 2324 1625 interea
2349 1569 2592 1639 papulari
2622 1585 2755 1624 voce
2783 1578 3007 1638 repente

216 1668 478 1729 Sanctus,
505 1674 746 1730 sanctus,
786 1671 1007 1719 sanctus
1037 1663 1182 1717 enim
1210 1662 1470 1716 Dominus
1491 1661 1634 1715 Deus
1662 1673 1804 1713 unus
1900 1663 2120 1719 Advena
2149 1663 2302 1732 plebs
2324 1661 2487 1732 Kyrie
2517 1660 2723 1716 eleison
2754 1677 2768 1725 ;
2802 1660 2862 1714 fit
2885 1660 3092 1715 clamor
3118 1661 3186 1714 ad
3216 1666 3384 1715 astra.

217 1759 458 1816 Sabaoth
492 1777 505 1812 :
538 1758 662 1813 coeli
690 1773 888 1828 magna
919 1755 1185 1826 tellusque
1206 1753 1484 1825 replentur

215 1853 369 1908 Dona
415 1852 605 1925 [Leg.,
636 1849 828 1923 Doxa]
876 1858 1152 1920 perpetuze
1191 1846 1494 1917 maiestatis
1528 1864 1541 1900 :
1585 1859 1801 1915 quoque

1534 1937 1554 2009 [
1567 1944 1731 1993 temet

217 2035 404 2089 C(etus
431 2033 765 2104 apostolicus
785 2032 1019 2103 pollens,
1049 2039 1211 2101 atque
1235 2029 1469 2100 inclytus
1497 2030 1654 2091 ordo,

218 2123 404 2194 Teque
423 2124 815 2194 prophetarum
849 2135 1107 2176 numerus
1137 2120 1438 2186 laudabilis,
1470 2134 1624 2189 mque

219 2215 294 2270 Te
324 2215 533 2270 nitidus
559 2224 754 2270 testum
780 2213 966 2268 laudat
993 2213 1268 2268 exercitus
1289 2212 1506 2267 ardens.

221 2305 464 2361 Ecclesia
499 2313 549 2360 te
570 2320 724 2360 sacra
746 2305 892 2359 canit
912 2302 1103 2360 diffusa
1129 2317 1228 2372 per
1255 2303 1464 2368 orbem,

222 2395 523 2466 Maiestatis
544 2395 690 2451 enim
714 2393 934 2448 Patrem
963 2393 1240 2448 immensae
1264 2392 1652 2456 venerandum,

221 2489 400 2557 Atque
425 2495 578 2540 tuum
603 2485 825 2556 proprio
849 2500 1038 2539 verum
1065 2484 1132 2538 de
1157 2493 1376 2553 pectore
1403 2482 1623 2548 Natum,

223 2578 491 2632 Sanctum
515 2592 642 2630 nam
667 2575 1007 2630 Paracletum
1043 2574 1235 2644 aequali
1263 2574 1484 2628 numine
1509 2572 1715 2626 ﬂatum.

224 2671 301 2725 Tu
331 2672 492 2726 doxa:
514 2683 612 2722 rex
642 2682 706 2722 ac
731 2665 888 2731 lucis,
915 2665 1005 2719 lux
1035 2665 1201 2719 ardua
1229 2664 1498 2720 Christus.

132 2811 133 2815 η
223 2765 301 2818 Tu
337 2761 610 2834 genitoris
637 2774 698 2815 es
718 2769 956 2814 aeternus
983 2757 1100 2813 sine
1130 2766 1371 2826 tempore
1401 2763 1578 2810 natus.

226 2859 303 2912 Tu
335 2854 616 2912 hominem
640 2852 925 2921 suscepisti
956 2851 1212 2905 mundum
1245 2850 1312 2904 ad
1338 2847 1701 2912 liberandum,

228 2947 466 3019 \Tirginis
490 2953 655 3014 atque
691 2951 904 2998 uterum
927 2957 1035 2998 non
1062 2941 1276 2996 horruit
1300 2941 1408 2994 alta
1434 2947 1694 3010 potestas.

227 3040 448 3096 Devicto
474 3036 669 3092 mortis
695 3035 916 3091 stimulo
943 3041 1005 3089 tu
1023 3034 1198 3089 victor
1222 3033 1418 3102 ubique

226 3133 397 3197 Fidis,
431 3148 559 3187 nam
587 3130 854 3186 miserans
884 3127 1144 3184 reserasti
1171 3143 1335 3198 regna
1368 3125 1640 3196 polorum.

232 3224 312 3277 'I‘u
337 3223 520 3278 Patris
541 3223 598 3275 in
621 3221 815 3276 dextra
840 3235 1040 3291 regnas
1065 3220 1268 3274 virtute
1294 3216 1552 3288 perenni,

235 3317 479 3386 Desuper
501 3315 796 3370 adveniens
822 3323 1006 3370 certus
1035 3329 1270 3383 namque
1305 3313 1508 3367 arbiter
1535 3308 1702 3364 orbis.

234 3407 310 3462 'l‘e
334 3408 574 3477 petimus
601 3406 782 3477 proni,
805 3406 1058 3476 proprios
1081 3404 1307 3460 defende
1342 3401 1581 3465 colonos,

235 3501 415 3556 Mundi
440 3516 582 3571 quos
609 3499 830 3570 proprio
856 3499 1131 3554 redemisti
1156 3496 1416 3567 sanguine
1439 3493 1620 3548 Soter.

235 3593 457 3648 Salvum
485 3591 572 3646 fac
599 3591 852 3663 populum
877 3590 1050 3645 hostis
1075 3588 1142 3643 de
1169 3587 1325 3642 fauce
1348 3585 1652 3640 reductum.

236 3686 412 3754 Atque
440 3691 592 3738 tuam
617 3683 864 3753 dignare,
889 3681 1055 3746 Deus,
1087 3680 1407 3736 benedicere
1435 3684 1655 3732 sortem.

238 3773 564 3843 Auxilioque
598 3782 692 3825 tuo
713 3787 839 3840 rege
865 3770 1153 3825 sublimato
1171 3785 1270 3840 per
1297 3784 1489 3833 zevum,
1518 3775 1574 3822 et

239 3862 395 3918 Omni
423 3861 625 3930 quippe
651 3860 738 3914 die
765 3866 932 3914 temet
955 3859 1326 3914 benedicimus
1349 3857 1471 3911 alte.

242 3950 656 4018 Laudamusque
678 3956 830 4002 tuum
859 3957 1058 4003 cuncta
1091 3962 1190 4017 per
1215 3946 1411 4002 sazcula
1437 3960 1652 4001 nomen.

243 4041 416 4097 Haece
437 4041 528 4096 die
555 4054 673 4104 nos,
699 4037 915 4094 Christe
944 4047 1153 4109 potens,
1183 4037 1406 4107 dignare
1431 4035 1604 4099 tueri;

205 4133 213 4140 ’
243 4132 353 4189 Neu
383 4148 487 4187 nos
515 4131 916 4186 commaculent
942 4143 1151 4199 spurca:
1184 4127 1432 4197 contagia
1458 4127 1603 4181 vitae.

245 4224 285 4280 Ο
315 4224 491 4280 nostri
514 4224 797 4288 miserere,
829 4221 992 4287 Deus,
1021 4219 1196 4275 nostri
1218 4219 1500 4283 miserere,

246 4317 434 4387 Sitque
465 4326 561 4370 tua
587 4316 730 4371 circa
759 4321 969 4369 nosmet
998 4311 1280 4366 miseratio
1306 4310 1474 4381 larga,

246 4408 414 4463 Corde
443 4405 666 4475 quidem
690 4403 800 4457 ﬁxo
829 4401 996 4458 veluti
1020 4400 1339 4456 conﬁdimus
1366 4400 1419 4454 in
1445 4407 1516 4453 te.

244 4501 297 4555 In
320 4509 393 4564 te,
423 4512 636 4554 summe
657 4496 819 4562 Deus,
852 4509 1030 4564 spero,
1064 4508 1172 4547 non
1195 4492 1381 4546 turber
1401 4490 1455 4545 in
1480 4506 1674 4544 aevum.

247 4594 395 4648 Hunc
417 4593 682 4662 hymnum
713 4587 891 4644 subito
918 4584 1160 4655 trepidus
1187 4582 1423 4652 suscepit
1457 4581 1524 4636 ab
1558 4596 1654 4636 ore
1725 4603 1741 4620 κ

245 4685 527 4741 Pontificis
553 4681 693 4737 forte
718 4679 882 4736 simul
909 4676 1317 4735 ecclesiasticus
1343 4675 1498 4739 ordo,

246 4779 555 4832 Altithrono
583 4782 810 4830 cantans
836 4771 946 4826 alto
972 4769 1335 4826 modulamine
1362 4767 1598 4820 laudem.

316 4867 454 4923 Nam
490 4866 752 4922 feretrum
775 4862 958 4931 loculi,
994 4876 1150 4918 sacra
1178 4875 1284 4930 quo
1305 4859 1562 4930 martyris
1593 4858 1718 4912 almi

247 4962 486 5017 Membra
519 4959 729 5015 inclusa
755 4956 962 5025 jacent,
996 4954 1052 5009 in
1084 4954 1258 5024 prima
1286 4952 1431 5007 fonte
1457 4958 1710 5022 gerentes

251 5054 422 5107 Ambo
443 5067 654 5124 graves,
673 5050 940 5117 amhoque
966 5061 1145 5111 senes,
1171 5043 1468 5101 Haistolfus
1488 5052 1540 5099 et
1570 5043 1709 5114 Eigil
1735 5057 1749 5095 :

253 5144 473 5205 Scilicet
492 5159 523 5197 a
558 5151 710 5213 tergo
732 5140 943 5210 pariter
967 5138 1375 5206 monachusque
1399 5134 1652 5191 sacerdos

251 5237 648 5292 Ercanberctus
673 5231 915 5304 Baugolﬁ
945 5244 1253 5303 germanus,
1285 5236 1341 5282 et
1367 5227 1534 5281 abbas

252 5326 612 5396 Theotgarius
633 5341 648 5379 :
667 5325 1071 5392 Bruunwarque
1098 5331 1149 5384 α,
1178 5317 1337 5375 simul
1350 5317 1608 5371 Rabanus
1629 5320 1684 5369 et
1711 5313 1826 5384 ipse

254 5417 549 5489 Presbyter
565 5425 619 5471 et
647 5414 962 5480 monachus,
995 5409 1288 5465 multorum
1306 5405 1430 5476 jure
1452 5404 1732 5476 magister.

322 5564 347 5592 α
367 5551 574 5605 Forsan
599 5544 961 5602 Brunwardus
984 5542 1398 5613 cborepiscopus
1416 5580 1430 5604 ,
1462 5537 1709 5613 ad‘quem
1730 5552 1827 5592 ex-

252 5629 365 5677 stat
419 5619 624 5675 Rabani

666 5617 976 5690 poemati
1016 5608 1318 5690 Brovverus'
1346 5616 1501 5690 putat
1542 5608 1830 5679 ipsummet

252 5691 425 5756 fuisse
449 5681 696 5748 abbatem
723 5685 1190 5755 Hersfeldensem,
1231 5681 1520 5744 Lamberto
1562 5694 1838 5750 memoras

1825 1732 1874 1791 Β
1902 1754 2240 1810 Christicolis
2265 1754 2456 1809 ardent
2480 1753 2698 1823 penitus
2715 1752 2931 1806 fervore
2953 1753 3158 1807 recenti

1900 1847 2150 1902 Numinis
2172 1845 2356 1901 infusi.
2381 1847 2604 1910 Verum,
2641 1845 2892 1900 mirabile
2914 1846 3086 1911 dictu,

1902 1940 1980 1994 Tu
2013 1939 2121 1993 scis
2144 1953 2253 1992 non
2285 1937 2442 1993 solito
2467 1937 2643 1992 laudis
2671 1952 2775 1991 vox
2804 1938 3056 1992 omnibus
3083 1951 3236 2006 aequa

1901 2028 2162 2094 EIIicitur,
2187 2028 2458 2098 lacrymas
2483 2027 2814 2097 profundunt
2840 2028 3030 2098 gaudia
3064 2027 3262 2081 mentis
3292 2045 3304 2078 :

1901 2123 2127 2178 Lcetitim
2152 2123 2425 2194 lacrymae,
2457 2129 2512 2177 et
2531 2130 2726 2177 cantus
2747 2122 3046 2177 miscentur
3073 2122 3126 2176 in
3151 2134 3338 2174 unum.

1903 2214 2040 2269 Ilinc
2065 2214 2210 2268 aliud
2248 2215 2446 2269 cecinit
2475 2214 2634 2268 simili
2665 2213 3037 2269 moderamine
3065 2229 3288 2270 carmen

1905 2306 2038 2362 Sors
2058 2307 2290 2371 Domini,
2316 2322 2510 2378 magna
2535 2305 2711 2360 laudis
2741 2304 3025 2360 dulcedine
3050 2305 3271 2374 plenum

1905 2396 2194 2469 Gignentis
2223 2397 2514 2468 Gcnitique
2535 2397 2694 2452 simul
2717 2412 2781 2452 ac
2809 2395 3048 2467 Spiritus
3077 2398 3204 2453 almi

2220 2489 2278 2544 In
2303 2489 2465 2545 celsis
2485 2489 2714 2543 Domino
2737 2488 2906 2559 gloria
2934 2504 3131 2560 magno

2225 2581 2348 2636 Voti
2371 2581 2549 2650 sitque
2577 2581 2704 2635 boni
2721 2581 3013 2650 terrigenis
3041 2595 3180 2650 pax:

2218 2671 2528 2726 Laudamus
2556 2686 2769 2740 quoque
2797 2679 2870 2735 te,
2901 2678 2956 2725 et
2979 2671 3386 2727 sanctificamus

2223 2761 2451 2830 Propter
2476 2761 2823 2831 magnificum
2850 2769 2904 2816 et
2928 2761 3094 2816 decus
3114 2761 3301 2817 altum.

1908 2853 2034 2909 Haec
2056 2862 2166 2908 tam
2192 2853 2390 2922 quippe
2410 2852 2500 2906 diu
2531 2851 2688 2906 celsae
2711 2849 2958 2919 jubilatio
2980 2855 3130 2908 vocis

1908 2946 2218 3010 Personuit,
2248 2945 2421 3000 donec
2453 2959 2648 3000 saxoso
2679 2947 2923 2999 membra
2954 2945 3203 3016 sepulcro

1912 3038 2194 3094 lncludunt
2224 3079 2237 3101 ,
2262 3036 2554 3105 clausaque
2600 3036 2795 3091 dehinc
2819 3038 3093 3105 pausanda
3131 3037 3480 3107 relinquunt:

1911 3132 2023 3187 Hoc
2050 3147 2282 3202 namque
2301 3131 2538 3186 occiduas
2560 3139 2768 3201 martyr
2797 3132 3093 3186 tumulatus
3121 3131 3349 3196 honore,

1909 3227 2197 3282 Altithroni
2223 3225 2363 3296 regis
2383 3233 2596 3294 compta
2613 3223 2757 3291 jacet
2780 3224 2924 3278 altus
2950 3225 3004 3278 in
3025 3240 3119 3278 ara
3142 3265 3157 3287 ,

1910 3319 2111 3374 Absida
2125 3333 2285 3386 quam
2298 3332 2460 3386 super
2471 3324 2748 3371 exstructa
2761 3331 2995 3384 namque
3012 3316 3258 3369 imminet
3268 3315 3486 3383 ingens:

1916 3410 2196 3478 Quamque
2233 3414 2446 3478 egomet
2472 3447 2487 3472 ,
2519 3407 2791 3476 quondam
2823 3405 2926 3460 hac
2948 3403 3150 3460 Christi
3176 3403 3490 3460 nutritusin

3252 3495 3418 3568 [aula,

1918 3593 2208 3664 Presbyter
2235 3601 2292 3646 et
2313 3589 2610 3644 monachus
2634 3589 2818 3642 Bruun
2844 3587 3072 3656 vilisque
3099 3587 3378 3658 magister,

1919 3684 2141 3754 Depinxi
2165 3681 2380 3753 ingenio
2405 3680 2574 3746 tenui,
2597 3695 2872 3751 parvaque
2898 3680 3140 3734 Minerva

1917 3775 2184 3829 Formans
2210 3772 2455 3842 expressi
2485 3771 2666 3832 varios
2693 3769 2970 3841 ferrugine
2993 3768 3189 3824 vultus.

2060 3923 2210 3980 CAP.
2243 3922 2429 3979 XVIII.
2470 3921 2801 3995 Supplicatio
2835 3920 3050 3992 pictoris
3091 3927 3138 3973 et
3165 3929 3350 3990 poetae.

1990 4037 2156 4108 Cujus
2177 4053 2447 4107 quemque
2477 4053 2608 4107 rogo
2628 4035 2942 4092 meminisse
2971 4035 3242 4103 legentem

1921 4127 2034 4183 Hoc
2069 4142 2226 4196 opus,
2254 4127 2460 4183 orando
2483 4125 2771 4180 Dominum
2812 4123 3030 4194 pietatis
3051 4136 3242 4176 amore

1921 4219 1992 4274 Ut
2013 4218 2276 4274 scelerum
2295 4217 2509 4272 veniam
2539 4215 2709 4270 fidens
2740 4221 3014 4269 mereatur
3039 4211 3108 4266 ab
3132 4211 3243 4276 illo,

1921 4311 2024 4378 Qui
2054 4325 2161 4365 non
2180 4309 2293 4363 vult
2319 4321 2646 4377 quemquam
2671 4306 2879 4375 peccati
2907 4312 3082 4358 morte
3119 4303 3301 4372 perire
3327 4321 3340 4355 :

1843 4437 1896 4496 Β
1924 4400 2030 4456 Sed
2054 4399 2225 4469 magis
2252 4405 2314 4452 ut
2333 4396 2548 4452 rediens
2577 4396 2726 4451 vivat
2754 4394 3049 4449 virtutibus
3074 4393 3252 4448 almis.

1923 4490 2018 4544 llis
2041 4501 2256 4557 quoque
2276 4486 2506 4555 patratis
2527 4498 2750 4539 summa:
2773 4483 3067 4539 celebratio
3091 4481 3270 4538 missae

1922 4579 2196 4634 Laudibus
2218 4574 2457 4632 intonuit
2481 4573 2657 4645 dignis
2684 4588 2700 4626 :
2731 4589 2837 4644 qua
2862 4573 2966 4627 rite
2992 4579 3214 4641 peracta

1923 4669 2079 4725 Lassi
2099 4682 2223 4724 cum
2243 4665 2428 4730 sociis,
2457 4664 2623 4718 multa
2647 4663 2956 4733 crepitante
2980 4671 3218 4727 caterva,

1924 4758 2155 4816 Ilaistolf
2175 4767 2337 4827 atque
2372 4755 2511 4826 Eigil
2542 4756 2690 4811 ducti
2717 4755 2818 4811 sub
2849 4763 2988 4810 tecta
3017 4762 3307 4813 recurrunt

1925 4853 2190 4909 Moenibus
2212 4866 2281 4906 en
2303 4849 2426 4904 altis
2449 4847 2646 4919 praesul
2667 4846 2913 4902 convivia
2935 4845 3092 4902 laetus

1927 4944 2122 4999 Pastor
2148 4949 2204 4997 et
2227 4941 2340 5013 ipse
2363 4938 2522 4994 simul
2546 4956 2558 4991 :
2585 4945 2939 5006 utrorumque
2967 4937 3091 4990 inde
3115 4936 3361 4993 minores

1929 5037 2052 5091 Mox
2079 5036 2301 5100 adeunt,
2332 5032 2512 5088 Patris
2537 5031 2742 5087 celeres
2769 5038 2881 5084 tum
2906 5028 3046 5084 forte
3069 5026 3300 5084 ministri

1929 5127 2077 5181 Dona
2102 5124 2283 5179 ferunt
2309 5123 2520 5178 Cereris
2545 5121 2716 5176 multo
2743 5121 2942 5176 sudore
2968 5119 3244 5175 canistris.

1929 5217 2166 5284 Quaesita
2193 5223 2278 5270 ast
2303 5214 2392 5268 alii
2413 5214 2566 5269 vario
2589 5213 2778 5267 nidore
2808 5227 3085 5283 respersas

1930 5310 2136 5364 Instant
2159 5305 2301 5361 ferre
2326 5304 2523 5374 dapes;
2551 5303 2642 5358 alii
2673 5318 2908 5372 namque
2935 5304 3134 5372 inclyta
3156 5303 3299 5356 vitro

1891 5445 1894 5456 ι
1933 5398 2133 5457 Ordine
2163 5396 2462 5467 composito
2491 5394 2791 5450 miscebant
2821 5393 3013 5464 pocula
3036 5390 3254 5445 Bacchi.

1936 5541 2048 5588 tum
2099 5532 2166 5586 ad
2204 5545 2403 5585 annum
2449 5527 2553 5584 846
2595 5525 2953 5598 Theotgarius
2991 5515 3294 5598 cujus__loci_
3340 5515 3508 5598 abbas

1934 5603 2118 5666 fuerit,
2147 5600 2464 5657 Fritislariaa
2502 5613 2571 5654 an
2608 5588 2843 5655 εαξηοῦἱί
2891 5589 3067 5650 saneti
3110 5588 3300 5645 Albani
3328 5629 3341 5650 η
3373 5588 3508 5650 mihi

1934 5691 2045 5733 non
2092 5673 2278 5742 liquet.
