3838 6144
301 300 401 357 M5

304 413 409 468 Nec
442 411 622 467 minus
643 410 905 467 intererat
932 411 1104 481 epulis
1134 411 1293 467 simul
1320 411 1457 466 alma
1487 411 1729 481 paternis

303 500 485 557 Lectio
515 518 530 556 :
556 516 790 571 namque
816 500 969 556 cibus
990 499 1147 556 fortis
1169 501 1481 571 solidusque
1499 501 1761 564 virorum,

304 598 544 647 lntentos
576 590 782 646 satians
810 591 991 660 superi
1016 591 1347 661 pinguedine
1372 590 1544 646 verbi.

406 704 556 761 CAP.
583 704 723 759 XIX.
761 703 836 758 De
862 705 1093 758 crastina
1123 704 1447 759 dedicatione
1467 713 1515 758 et
1541 704 1761 774 reliqua.

369 793 619 850 Crastina
648 808 878 863 cumque
904 795 1017 850 dies
1046 793 1229 849 Iuscas
1264 795 1563 849 dimoverat
1585 794 1700 849 alas

304 884 506 952 Noctis,
537 894 594 941 et
616 884 914 940 umbrifera
940 885 1134 941 nebula
1157 886 1481 941 concederat
1503 885 1666 951 arvis,

305 977 492 1032 Evolat
513 977 749 1046 hospitio
778 976 907 1031 solis
922 975 1036 1044 jam
1065 976 1185 1031 luce
1214 982 1446 1040 retecta,

302 1068 438 1124 Cum
471 1067 636 1123 sociis
656 1068 843 1139 jussus
864 1066 1160 1122 llumberct
1178 1066 1598 1136 chorepiscopus
1625 1075 1781 1119 antra
1806 1065 1872 1119 ad

303 1159 556 1215 Ecclesia
577 1157 840 1214 sacranda
867 1158 990 1221 duo,
1019 1172 1139 1225 quae
1162 1157 1281 1212 luce
1304 1156 1521 1226 reliquit

303 1250 565 1306 Hesterna
586 1248 802 1320 praesul.
834 1248 1075 1303 Primum
1090 1248 1232 1319 quod
1270 1256 1481 1319 spectat
1504 1248 1694 1309 Eoum,

304 1340 579 1396 Pontiﬁcis
612 1340 754 1405 vice,
780 1339 954 1410 rigido
977 1342 1298 1409 conspectus
1324 1340 1380 1393 in
1405 1348 1577 1405 ostro,

303 1432 622 1503 Aggreditur
644 1430 884 1500 speicum
912 1429 1091 1485 saltim
1116 1448 1128 1483 :
1152 1444 1258 1498 quo
1288 1443 1479 1498 nempe
1515 1437 1728 1484 sacrato
1780 1493 1795 1499 θ

305 1521 420 1578 Uno
449 1537 573 1577 cum
603 1520 775 1587 titulo,
803 1520 965 1577 simili
1003 1535 1128 1574 mox
1157 1520 1347 1575 ordine
1373 1531 1553 1575 sacrat

304 1609 447 1665 Solis
474 1610 540 1665 ad
568 1625 823 1665 occasum
853 1618 1125 1679 spectans,
1149 1609 1301 1678 quod
1321 1610 1546 1680 respicit
1566 1619 1802 1665 antrum.

303 1699 656 1770 Excipiuntur
684 1700 828 1754 enim
850 1698 1047 1754 infecta
1071 1699 1199 1754 hinc
1226 1698 1416 1753 altaria
1443 1701 1590 1755 bina.

304 1792 478 1849 Unum
500 1809 606 1862 qua
635 1793 839 1864 Martyr
863 1794 1039 1848 media
1072 1794 1344 1848 testudine
1366 1794 1555 1865 templi

297 1884 434 1940 Ante
456 1884 578 1951 fuit,
605 1884 753 1939 aliud
776 1899 885 1955 qua
913 1883 1118 1955 Styrmi
1150 1899 1377 1954 corpore
1397 1886 1630 1954 quiescit

299 1976 375 2032 Ac
389 1976 548 2049 digna
562 1976 787 2048 Liobgid
798 1993 1035 2048 pausans
1045 1977 1321 2034 Bonifacio
1345 1976 1552 2050 [Forte,
1573 1979 1883 2056 Bonifacia]

298 2136 423 2192 Sola
439 2136 587 2207 jacet
612 2138 771 2195 busto
791 2140 1077 2196 mulierum
1096 2149 1245 2197 sorte
1268 2144 1497 2214 sepulta.
1588 2072 1806 2146 [ηψῃῆ

299 2227 427 2295 Qum
448 2229 663 2285 rediens
689 2246 799 2287 uno
824 2229 1011 2287 Jacobi
1034 2233 1381 2304 simulatque
1410 2234 1644 2307 Philippi

299 2321 434 2377 Cum
460 2322 617 2379 titulo
641 2323 841 2394 praesul
870 2332 1100 2379 venturo
1120 2325 1334 2381 dedicat
1362 2341 1526 2381 anno.

410 2412 483 2469 Ut
503 2414 666 2470 liceat
692 2416 851 2472 dictis
871 2432 1136 2472 summam
1167 2418 1558 2486 comprendere
1576 2420 1784 2489 paucis,

305 2507 460 2563 Hanc
488 2508 665 2563 aulam
687 2508 925 2565 Haistolf
946 2510 1144 2579 praesul
1172 2510 1445 2581 Moguntia
1479 2511 1659 2566 censis

300 2600 554 2656 Ecclesize
583 2599 785 2657 Christi
814 2602 1087 2671 primaevis
1114 2600 1273 2656 miles
1292 2602 1359 2656 ab
1389 2601 1565 2666 annis,

298 2688 434 2746 Cum
464 2705 659 2763 magno
693 2692 875 2747 studio
906 2708 970 2748 ac
993 2707 1189 2763 magno
1216 2692 1439 2762 pietatis
1460 2678 1670 2758 amore,

299 2783 524 2853 Insuper
557 2792 613 2839 et
640 2799 836 2854 magno
859 2794 1172 2841 sanctorum
1200 2793 1383 2840 sacrat
1406 2785 1640 2849 honore,

299 2874 503 2932 Ordine
521 2877 783 2948 pradicto
810 2878 1090 2948 complens
1113 2878 1383 2948 promissa
1413 2877 1642 2947 petenti.

298 2990 452 3046 CAP.
481 2991 600 3047 XX.
638 2989 1076 3074 Commemoratio
1109 2991 1315 3046 Rabani
1352 2992 1594 3061 magistri
1615 3001 1663 3046 et
1684 2976 1879 3062 'operis

1018 3079 1154 3132 ejus.

371 3151 543 3225 Hujus
589 3166 785 3225 nempe
832 3152 977 3209 diem
1028 3134 1422 3220 numerumque
1473 3165 1537 3205 ac
1586 3158 1800 3221 tempus
1826 3158 1882 3206 et

1558 3242 1800 3315 [annum,

298 3337 489 3395 Oﬁicia
514 3339 743 3410 pariter,
770 3346 1082 3395 sanctorum
1110 3347 1167 3394 et
1197 3340 1416 3395 nomina
1439 3337 1663 3408 partim,

298 3430 471 3499 Quem
499 3446 665 3501 supra
696 3431 868 3502 tetigi,
896 3429 1290 3499 Rabanusjure
1316 3428 1578 3501 magister

300 3520 559 3576 Versibus
577 3519 847 3586 obtitulat,
877 3521 1075 3591 partim
1100 3535 1351 3577 sermone
1371 3520 1588 3576 retexit.

298 3611 477 3668 Panso
497 3612 749 3683 equidem
777 3610 932 3681 cujus
958 3628 1103 3668 nunc
1130 3613 1221 3669 hic
1241 3614 1435 3669 ordine
1460 3612 1601 3668 dicta

298 3702 576 3774 Florigera
600 3701 729 3758 huic
754 3703 908 3773 operi
935 3702 1155 3775 dignum
1180 3701 1443 3773 inﬁgenda
1461 3700 1647 3771 putavi
1674 3718 1686 3753 :

300 3792 579 3860 Quatenus
599 3791 653 3845 in
673 3791 813 3847 libro
841 3792 947 3848 hoc
972 3792 1197 3847 memori
1220 3792 1489 3846 narranda
1516 3789 1694 3846 relatu

299 3881 471 3937 “laesa
499 3882 810 3952 intactaque
835 3872 1309 3938 simulserventur
1346 3882 1400 3936 in
1432 3896 1627 3936 aevum.

370 3970 499 4027 Ilazc
520 3970 641 4038 tibi,
673 3971 844 4028 frater
873 3972 947 4028 mi
975 3987 1161 4027 coram
1193 3971 1453 4027 solemnia
1478 3986 1718 4041 praesens

304 4060 377 4117 Ut
400 4059 534 4128 vidi,
558 4069 621 4116 ut
646 4062 814 4128 sensi,
844 4070 907 4118 ut
934 4078 1097 4133 super
1134 4063 1250 4117 haec
1269 4062 1550 4118 addiscere
1571 4061 1741 4132 quivi,

300 4148 559 4208 Versibus
581 4153 804 4224 exposui
832 4171 847 4208 :
881 4154 996 4225 jam
1018 4168 1161 4208 nunc
1188 4154 1277 4208 hic
1306 4153 1478 4208 limite
1505 4153 1670 4219 facto,

298 4242 432 4311 Quae
460 4245 804 4316 superaddita
838 4252 985 4310 sunt,
1024 4243 1117 4299 alii
1145 4244 1434 4300 scribenda
1461 4244 1708 4314 relinquo
1747 4257 1796 4299 δ.

301 4357 431 4412 Car.
470 4355 615 4412 XXI.
652 4355 731 4412 De
756 4357 1104 4427 wdiﬁcalionc
1129 4354 1359 4410 basilicae
1386 4354 1666 4423 rotundae,
1702 4365 1752 4410 et
1785 4355 1880 4410 de-

655 4428 950 4499 signatione
970 4427 1205 4497 ejusdem
1230 4434 1529 4481 structum.

373 4517 502 4574 Haec
530 4517 624 4573 ubi
656 4516 805 4574 facta
833 4526 891 4573 at
914 4527 1064 4583 sunt,
1096 4518 1264 4573 instat
1289 4518 1587 4588 prudenter
1610 4517 1811 4589 ubique

303 4609 538 4666 Sedulus
566 4608 852 4666 addisceus
877 4608 1178 4664 communis
1208 4607 1401 4679 gaudia
1427 4607 1552 4663 vitae

304 4701 462 4775 Eigil,
490 4700 747 4771 subjectis
769 4715 927 4756 sacro
949 4714 1227 4755 connexus
1252 4714 1438 4754 amore
1461 4737 1473 4763 ,

304 4791 560 4846 Fratrum
589 4791 836 4855 consilio,
864 4805 1086 4859 parvam
1115 4805 1220 4858 qua
1251 4804 1478 4859 corpora
1509 4787 1737 4842 fratrum

310 4883 448 4938 llinc
474 4880 729 4936 defuncta
752 4880 940 4948 jacent
960 4880 1152 4933 devote
1180 4892 1414 4947 namque
1449 4878 1733 4933 rotundam

302 4972 555 5029 Condidit
574 4971 886 5037 ecclesiam,
908 4969 1129 5024 latitans
1155 4984 1262 5039 qua
1288 4969 1472 5039 pervia
1494 4981 1681 5042 crypta

303 5066 417 5122 Sub
456 5062 647 5119 tellure
671 5062 823 5128 latet,
854 5076 961 5115 una
996 5076 1118 5130 quae
1152 5062 1258 5116 rite
1283 5061 1536 5117 columna

300 5155 515 5225 Incipit,
549 5167 615 5208 ac
642 5166 805 5224 supra
827 5151 1042 5207 octonis
1070 5151 1319 5207 subrecta
1352 5150 1621 5207 columnis
1649 5190 1664 5216 ,

300 5245 648 5323 Prtepulchre
677 5244 731 5299 in
759 5258 972 5299 summo
1000 5242 1179 5313 lapide
1203 5241 1543 5298 concluditur
1574 5257 1702 5298 uno.

302 5339 420 5394 lloc
461 5352 599 5410 opus
622 5335 729 5392 hoc
754 5336 957 5391 etenim
987 5334 1169 5390 divino
1191 5349 1417 5390 munere
1436 5333 1581 5390 docti

303 5429 514 5497 Pastor,
554 5435 610 5485 et
634 5428 750 5499 ipse
776 5425 938 5483 simul
965 5425 1233 5479 infantum
1259 5426 1450 5482 doctor.
1497 5426 1757 5481 honestus

301 5521 436 5577 Cum
457 5521 622 5578 sociis
642 5518 857 5590 jaciunt
885 5516 993 5572 alto
1020 5515 1325 5571 sinuamine
1361 5514 1558 5569 mentis
1583 5555 1598 5580 ,

375 5645 401 5673 ι
442 5635 651 5691 Rabani
677 5650 867 5692 versus
912 5641 969 5688 et
1012 5645 1228 5700 prosam
1275 5631 1377 5687 hac
1412 5630 1479 5684 de
1517 5645 1575 5685 re
1618 5631 1787 5689 habes
1830 5630 1883 5684 in

301 5702 398 5756 lib.
424 5719 463 5758 ιι
495 5704 889 5774 Antiquitatum
912 5702 1261 5761 Fuldensium
1281 5743 1297 5772 ,
1348 5716 1466 5774 cap.
1501 5701 1552 5761 5.

1123 303 1179 359 S.
1220 302 1467 359 EIGILIS
1502 300 1791 356 ABBATIS
1830 301 2211 358 FULDENSIS
2246 301 2406 357 VITA
2441 303 2765 361 METRICA.

1906 413 1953 469 A
1980 408 2172 465 Nescio
2198 412 2327 480 quid
2357 413 2537 481 magni
2567 413 2831 484 ﬁngentes
2861 423 2979 469 arte
3013 413 3272 483 fecunda,

3453 311 3567 366 διδ

1972 500 2125 566 Quod
2150 509 2326 555 tamen
2355 503 2468 570 ipse
2496 516 2639 565 reor,
2669 503 2815 558 salva
2840 512 3128 575 menteque
3156 505 3367 577 ﬁdeque
3393 553 3409 576 ,

1971 586 2132 643 Istius
2159 589 2415 644 Ecclesia:
2440 600 2495 644 et
2520 589 2720 646 Christi
2750 592 3008 661 pneferre
3040 593 3290 666 ﬁguram.

2043 678 2327 750 Templum
2354 681 2553 750 quippe
2604 682 2697 737 Dei
2742 692 2987 739 sanctum
3015 694 3101 740 est
3127 726 3141 752 ,
3176 689 3320 757 quod
3357 689 3573 748 Paulus

3274 778 3489 851 [aperte

1972 856 2327 914 Christicolas
2349 872 2471 914 esse
2497 859 2701 916 Christi
2740 877 2836 916 vas
2860 873 3120 932 personat
3158 867 3296 936 ipse.

1972 948 2138 1019 Cujus
2171 959 2396 1006 tectura:
2423 952 2679 1023 princeps
2710 961 2765 1008 et
2793 955 3044 1010 conditor
3069 965 3214 1013 astat

1971 1040 2192 1097 Arbiter
2216 1043 2331 1113 ipse
2360 1043 2523 1110 Deus,
2553 1042 3098 1116 fundamentumque,
3127 1050 3381 1106 columna

1972 1132 2301 1190 Inconcussa
2329 1149 2554 1190 manens
2582 1151 2798 1205 semper
2823 1136 3024 1192 virtute
3046 1142 3292 1209 perenni.

1976 1223 2089 1290 Qua
2116 1222 2240 1278 ﬁdei
2268 1224 2465 1280 merito
2491 1241 2636 1281 nunc
2668 1226 2758 1281 hic
2791 1226 2944 1296 plebs
2968 1229 3173 1283 advena
3200 1230 3422 1287 Christo

1976 1312 2309 1385 Subrigitur,
2340 1315 2708 1387 templumque
2736 1317 2848 1372 Deo
2872 1320 3170 1390 conglescit
3204 1324 3233 1363 ι)
3258 1323 3310 1377 in
3336 1325 3550 1381 almum

1976 1403 2131 1471 Quod
2165 1420 2296 1460 vero
2330 1407 2386 1460 in
2417 1421 2630 1462 summo
2655 1407 2834 1478 lapide
2863 1410 3203 1466 concluditur
3232 1430 3340 1467 uno
3364 1455 3378 1478 ,

1982 1496 2188 1553 Edocet
2215 1498 2333 1567 ipse
2359 1512 2605 1563 monens,
2633 1498 2840 1553 intenta
2876 1508 3055 1555 mente
3084 1483 3383 1571 rogandum

1976 1584 2245 1656 Egregius
2271 1587 2483 1651 doctor,
2514 1594 2574 1641 ut
2600 1587 2693 1657 qui
2721 1587 2921 1643 virtute
2945 1592 3149 1659 potenti
3178 1593 3231 1646 in

1977 1674 2145 1730 Nobis
2180 1676 2347 1745 coepit
2373 1691 2512 1745 opus
2543 1676 2825 1746 placitum,
2854 1678 3103 1748 dignetur
3130 1681 3187 1736 in
3216 1683 3383 1738 altum

1907 1750 1956 1809 Β
1981 1764 2249 1821 Perlicere
2269 1764 2419 1834 Iesu,
2449 1767 2619 1822 donec
2640 1767 2927 1824 manifesta
2958 1770 3208 1827 micando
3231 1814 3247 1838 ,

1979 1856 2059 1912 Ac
2079 1856 2286 1913 famosa
2313 1858 2431 1914 dies
2458 1859 2662 1915 Christi
2690 1862 2948 1931 procedat
2985 1862 3039 1917 in
3064 1865 3271 1920 orbem.

1982 1950 2207 2009 Octonze
2238 1952 2469 2007 interius
2497 1960 2703 2009 stantes
2730 1953 2964 2025 hincque
3005 1956 3130 2012 inde
3152 1957 3415 2015 columnae
3439 2004 3452 2026 ,

1979 2040 2187 2112 Totque
2221 2041 2649 2099 beatitudinibus
2676 2052 2952 2115 aptantur,
2981 2056 3043 2101 ut
3076 2056 3202 2118 apte

1976 2130 2186 2200 Quique
2205 2140 2397 2201 quater
2417 2133 2546 2188 bina
2570 2134 2686 2189 haec
2706 2136 3038 2205 complentes
3060 2138 3200 2194 dicta
3222 2140 3485 2198 Tonantis
3508 2185 3526 2209 ,

1974 2222 2036 2281 In
2064 2227 2168 2282 hac
2188 2227 2304 2283 aede
2330 2228 2428 2285 Dei
2454 2227 2627 2284 fulcra
2651 2240 2965 2288 mereantur
2992 2233 3201 2290 haberi.

1977 2317 2225 2374 Circulus
2249 2318 2495 2375 ecclesia:
2520 2320 2614 2391 qui
2641 2321 2791 2376 nullo
2813 2321 2922 2378 ﬁne
2950 2326 3215 2380 rotundus

1977 2407 2287 2474 Clauditur,
2316 2409 2546 2465 interius
2571 2411 2937 2481 complectens
2961 2416 3242 2470 commoda
3262 2416 3409 2482 vitae,

1981 2498 2143 2566 Spem
2173 2512 2389 2568 quoque
2415 2499 2537 2554 vitae
2561 2508 2836 2570 perpetuae
2864 2517 3197 2575 regnumque
3222 2521 3474 2576 perenne,
3504 2521 3571 2563 ac

1978 2586 2207 2642 Praemia
2236 2603 2495 2643 mansura
2526 2599 2647 2659 post
2676 2592 2819 2646 hanc
2848 2592 3068 2664 signare
3097 2595 3307 2651 videtur
3332 2637 3347 2659 ,

1980 2678 2159 2733 Vitam
2184 2678 2307 2749 quis
2328 2677 2460 2747 justi
2485 2680 2683 2736 merito
2707 2682 2971 2738 vittantur
2997 2683 3051 2738 in
3077 2700 3268 2739 aevum.

1980 2788 2111 2844 Car.
2144 2787 2309 2844 XXII.
2344 2789 2421 2846 De
2454 2791 2689 2876 ejusdem
2740 2793 2977 2876 ecclesia;
3019 2796 3362 2861 dedicatione,
3408 2815 3575 2869 quam

2412 2871 2763 2917 coemeteriam
2791 2875 3000 2929 vocant,
3031 2875 3141 2922 etc.

2054 2949 2168 3006 Hoc
2195 2950 2362 3022 igitur
2391 2952 2653 3023 templum
2684 2953 2916 3012 Domino
2942 2958 3088 3027 quod
3115 2958 3358 3014 condidit
3383 2958 3536 3016 almo

1981 3040 2217 3113 Impiger
2241 3041 2333 3097 ille
2357 3057 2545 3109 senex,
2570 3045 3021 3116 metropolitanus
3044 3048 3112 3103 ab
3147 3048 3279 3104 urbe

1907 3107 1952 3170 Ο
1983 3107 2306 3202 Digrediens
2338 3107 2607 3200 Haistolﬁ‘,
2635 3107 2903 3207 Turingea
2936 3154 3065 3194 rura
3090 3141 3323 3208 petendo
3349 3182 3366 3207 ,

1985 3224 2253 3294 Tempore
2279 3225 2541 3295 disposito
2567 3242 2691 3285 cum
2720 3228 2891 3285 ternis
2915 3229 3129 3286 dedicat
3156 3230 3287 3286 aris.

1986 3312 2153 3382 Cujus
2183 3321 2239 3370 et
2268 3314 2385 3386 ipse
2415 3316 2578 3371 simul
2610 3316 2877 3373 infantum
2920 3320 3110 3375 doctor
3137 3321 3350 3391 opimus
3373 3364 3390 3387 ,

1983 3400 2154 3471 Quem
2193 3419 2335 3474 saepe
2360 3406 2536 3475 posui,
2570 3406 2752 3478 digne,
2783 3408 3068 3479 docteque,
3099 3410 3295 3481 pieque

1984 3492 2155 3549 Oﬁicii
2187 3510 2503 3563 numerum,
2533 3504 2770 3567 tempus,
2802 3513 3114 3569 annumque
3144 3501 3399 3572 diemque

1984 3584 2119 3641 Cum
2147 3594 2396 3642 sanctum
2432 3586 2656 3657 reliquis
2683 3588 2835 3644 varia
2859 3590 3238 3659 complectitur
3262 3601 3404 3647 arte.

1984 3693 2114 3751 CAP.
2168 3693 2356 3750 XXIII.
2398 3696 2478 3752 De
2526 3697 2754 3774 claustri
2793 3710 3059 3774 structura
3086 3743 3100 3769 ,
3160 3714 3209 3758 et
3264 3703 3598 3774 inﬁrmitate

2666 3770 2891 3825 abbatis.

2054 3857 2153 3912 Ast
2177 3872 2313 3929 opus
2338 3874 2465 3915 ecce
2492 3875 2693 3916 novum
2718 3864 2869 3918 senio
2888 3862 3177 3934 depressus
3198 3867 3398 3921 acerbo

1983 3948 2247 4016 Exorsus,
2287 3951 2509 4008 tandem
2549 3954 2730 4011 subito
2755 3954 2818 4010 ﬁt
2850 3956 3055 4011 mentio
3078 3956 3318 4012 claustri.

1984 4038 2282 4095 Consilium
2305 4043 2542 4098 subeunt
2568 4044 2813 4114 quidam,
2844 4046 2977 4101 dant
3002 4061 3152 4102 more
3170 4047 3371 4117 prioris

1984 4129 2273 4186 Constitui.
2301 4131 2401 4188 Ast
2429 4134 2521 4189 alii
2541 4135 2866 4206 depromunt
2886 4152 3038 4192 more
3060 4136 3304 4193 Romano

1987 4219 2130 4275 Solis
2155 4221 2223 4276 ad
2246 4237 2502 4279 occasum
2529 4226 2721 4291 satius,
2752 4226 2845 4281 ubi
2872 4235 3084 4298 martyr
3105 4227 3321 4298 opimus

1985 4312 2132 4368 Pone
2161 4313 2329 4385 jacet.
2361 4314 2500 4372 Huic
2532 4318 2759 4374 consilio
2784 4334 3006 4376 cessere
3024 4321 3234 4390 priores
3264 4362 3280 4385 ,

1985 4402 2160 4474 Atque
2182 4406 2309 4461 huic
2337 4406 2653 4477 suppliciter
2675 4410 2951 4465 consensit
2977 4419 3171 4467 caetera
3193 4411 3381 4480 pubes.

1908 4461 1962 4521 Β
2057 4461 2324 4561 Quidnam
2349 4461 2506 4566 plura
2535 4497 2774 4568 loquar?
2800 4499 2996 4555 Statim
3023 4461 3276 4557 mensdra
3306 4502 3520 4559 laboris

1988 4584 2273 4652 Tenditur,
2310 4585 2616 4658 effossaque
2652 4589 2767 4645 solo
2794 4590 3106 4646 fundamina
3129 4601 3357 4661 ponunt.

1987 4674 2183 4730 Fervet
2210 4691 2366 4746 opus,
2391 4677 2712 4750 animosque
2742 4679 2903 4735 simul
2928 4680 3180 4751 viresque
3207 4682 3505 4736 ministrat.

1987 4766 2209 4824 Cunctis
2244 4786 2346 4840 par
2366 4787 2521 4837 cura,
2547 4780 2710 4843 atque
2737 4773 2917 4844 operis
2947 4782 3206 4845 concepta
3228 4774 3506 4829 voluntas.

1989 4864 2142 4931 Quod
2174 4873 2353 4922 tamen
2378 4866 2635 4923 infectum
2660 4876 2781 4939 post
2800 4883 2859 4923 se
2882 4867 3249 4938 compleverat
3268 4868 3430 4924 alter.

2058 4957 2312 5014 Protinus
2340 4960 2549 5015 interea
2580 4961 2758 5031 magni
2785 4959 3105 5015 discrimine
3126 4959 3302 5015 morbi

1988 5049 2317 5119 Corripitur,
2339 5051 2610 5120 cessitque
2630 5051 2740 5106 cito
2764 5051 3018 5106 violentia
3041 5050 3198 5106 lassis

1988 5139 2249 5195 Artubus.
2283 5139 2559 5209 lncrepuit
2587 5155 2839 5196 mussans
2867 5140 3159 5197 concordia
3198 5138 3433 5195 fratrum

1988 5231 2125 5285 Cum
2154 5232 2359 5303 gemitu
2383 5230 2564 5286 Patris
2598 5231 2773 5287 inviso
2805 5233 3093 5302 perterrita
3116 5232 3324 5287 morbo.
3378 5301 3389 5309 Α

1991 5323 2060 5379 Et
2087 5331 2268 5379 tamen
2293 5323 2383 5378 ille
2412 5323 2515 5379 sibi
2536 5322 2778 5379 collectis
2806 5323 3015 5378 viribus
3036 5323 3151 5392 ipse

1990 5416 2246 5486 Corporis
2270 5415 2564 5485 hospitium
2589 5417 2739 5471 tenui
2768 5415 2967 5470 virtute
2995 5413 3282 5470 dehiscens
3306 5452 3322 5477 ,

1992 5507 2205 5563 Primus
2228 5521 2458 5576 namque
2477 5506 2667 5577 aperit,
2698 5504 2930 5577 propriis
2955 5504 3311 5575 manibusque
3332 5501 3571 5559 reclusit

2067 5624 2094 5664 δ
2125 5623 2180 5679 Id
2202 5630 2305 5689 est,
2340 5619 2605 5676 coalescit.
