3838 6144
308 219 421 270 417

1371 219 1463 273 AD
1503 218 1713 275 VITAM
1754 220 1813 274 S.
1853 218 2096 277 ElGILlS
2132 222 2499 281 APPENDIX.

3463 231 3567 287 M8

312 334 445 387 Cu».
482 331 668 386 XXIV.
692 330 770 384 De
792 331 932 385 obitu
960 339 1009 384 et
1037 331 1328 398 sepultura,
1356 342 1404 385 ct
1426 333 1684 403 epitaphio
1708 334 1890 403 ipsius.
1923 334 1971 392 A
1998 336 2207 402 lnsons,
2238 353 2471 407 sonsque
2496 338 2671 407 capit;
2708 354 2807 395 nec
2832 340 3028 397 habent
3048 341 3358 398 discrimina
3386 341 3567 399 finem.

386 422 524 476 Hinc
552 420 724 489 magis
752 429 916 490 atque
944 422 1114 491 magis
1152 420 1323 475 fervet
1351 462 1365 484 ,
1418 432 1758 492 mortemque
1795 424 1899 478 mi-

1642 509 1827 582 [natur

314 603 492 658 Effera
529 604 609 658 vis
634 603 830 667 morbi,
863 603 1185 672 tandemque
1213 610 1435 672 urgente
1461 601 1647 656 dolore
1808 598 1817 606 ’

312 697 520 751 Ductus
545 696 613 751 ad
639 704 881 750 extrema
903 702 1008 759 est,
1034 695 1284 763 sistitque
1312 693 1364 747 in
1384 694 1570 748 limine
1594 693 1819 749 lethum.

312 784 485 852 Quem
510 785 717 840 circum
745 785 1027 857 glomerati
1051 799 1260 848 omnes,
1300 783 1430 838 hinc
1456 784 1704 849 cominus
1732 794 1894 855 atque

1673 874 1825 946 [hinc

311 965 560 1034 Namque
571 966 1069 1035 senesjnvenesque
1098 972 1279 1019 astant
1303 982 1314 1018 :
1341 980 1472 1036 prex
1496 964 1637 1019 alma
1662 964 1895 1019 refertur

304 1056 369 1109 In
389 1071 678 1111 commune
697 1055 806 1109 Deo
831 1055 983 1110 chari
1009 1070 1108 1125 pro
1130 1053 1347 1110 ﬂamine
1376 1055 1572 1110 Patris.

310 1146 452 1201 Tum
483 1145 713 1211 fratrum
742 1146 996 1215 precibus
1028 1146 1207 1201 saltim
1238 1148 1636 1203 commenditus
1661 1158 1711 1212 ιι,
1734 1160 1796 1201 ac
1817 1145 1895 1201 sic

308 1239 368 1293 ln
406 1239 607 1293 lectum
635 1239 874 1293 moriens
909 1237 1081 1293 lassos
1105 1239 1457 1308 protenderat
1483 1247 1636 1293 artus
1663 1278 1680 1303 ,

312 1330 728 1398 Undantemque
764 1329 1000 1384 animam
1035 1344 1260 1399 superas
1286 1328 1548 1400 proflabat
1578 1330 1645 1384 ad
1674 1345 1855 1385 auras.

384 1420 495 1475 Hoc
526 1421 676 1475 obitu
706 1422 958 1476 concussi
983 1422 1184 1486 animo,
1213 1421 1461 1492 altusque
1490 1439 1590 1493 per
1620 1437 1812 1477 omnes

306 1510 352 1564 lt
381 1510 641 1580 gemitus,
668 1511 1011 1580 queritantur
1040 1512 1130 1568 hic
1166 1514 1428 1583 genitoris
1458 1515 1659 1570 amissa

304 1604 540 1660 Gaudia.
594 1603 703 1660 Sed
748 1604 910 1674 hujus
961 1622 1151 1678 gerere
1196 1608 1341 1679 quod
1384 1608 1560 1682 [quid]
1635 1624 1869 1679 namque

1518 1702 1695 1775 [potes
1713 1704 1816 1769 vir,

301 1788 443 1843 Cum
470 1804 568 1843 sua
599 1790 794 1860 cuique
823 1792 939 1847 dies
973 1801 1135 1862 atque
1158 1793 1509 1864 irreparabile
1541 1804 1755 1865 tempus

303 1878 528 1933 Certum
547 1878 670 1948 jure
696 1890 896 1935 manet.
931 1881 1101 1936 Solita
1124 1884 1204 1938 sic
1224 1883 1339 1954 lege
1366 1884 1606 1954 priorum

303 1969 410 2024 Hic
433 1968 588 2035 obiit,
615 1970 844 2041 aliisque
864 1971 981 2027 loca
1009 1973 1125 2028 haec
1154 1975 1378 2029 tutanda
1402 1976 1639 2046 reliquit.

303 2061 447 2115 Exin
470 2076 623 2116 more
643 2061 864 2117 Patrum
891 2062 1089 2118 fratres
1114 2080 1240 2119 mox
1276 2064 1473 2135 quippe
1501 2066 1737 2123 cadaver

305 2152 632 2205 Exanimum
663 2152 842 2222 templi
870 2161 1090 2208 orantes
1113 2154 1213 2209 sub
1247 2162 1389 2209 tecta
1420 2154 1690 2209 ferebant.

298 2244 439 2309 Inde
457 2243 710 2315 interque
744 2262 939 2321 manus
959 2247 1197 2313 sibimet,
1223 2263 1385 2317 quem
1409 2246 1612 2303 fecerat
1635 2249 1749 2318 ipsc
1773 2289 1788 2314 ,

303 2335 606 2393 Pascentes
628 2338 869 2408 requiem
888 2379 904 2404 ,
939 2339 1128 2393 tumuli
1156 2340 1256 2395 sub
1284 2342 1501 2396 domate
1524 2341 1781 2396 condunt.

301 2425 476 2493 Cujus
503 2426 836 2496 epitaphium
862 2427 1061 2483 celebri
1095 2444 1216 2483 cum
1245 2430 1496 2499 dogmate
1516 2429 1631 2499 jam
1659 2439 1786 2486 tunc

307 2518 577 2573 Versibus
605 2521 874 2589 expressit
899 2529 1087 2576 noster
1110 2522 1368 2577 Rabanus
1390 2524 1602 2578 ovando

305 2611 377 2665 Et
399 2609 566 2666 Pater
586 2621 639 2666 et
661 2621 868 2682 pastor,
894 2614 1104 2668 meritis
1124 2623 1179 2669 et
1208 2613 1460 2686 dogmate
1482 2616 1678 2673 celsus.

500 2700 939 2756 Commemorutio
978 2704 1125 2757 chari
1154 2702 1335 2759 Patris
1362 2716 1411 2761 et
1447 2709 1693 2777 pastoris.

376 2788 572 2845 Cernis
597 2805 758 2860 quam
782 2791 917 2846 nihil
946 2802 1050 2858 est,
1086 2795 1377 2861 cernis,mi
1407 2796 1576 2852 frater
1603 2806 1780 2852 amate
1806 2837 1822 2864 ,

302 2881 470 2938 Sarcli
502 2880 771 2952 fluctivagi
798 2898 936 2938 vana
966 2891 1024 2939 et
1052 2886 1296 2955 peritura
1318 2894 1577 2956 potestas.

304 2973 391 3027 En
412 2973 562 3042 jacet
585 2974 832 3029 obtectus
870 2976 1096 3042 tumulo,
1134 2992 1297 3046 quem
1320 2977 1550 3047 plurima
1576 2980 1846 3048 quondam

303 3063 494 3119 Turba
520 3078 706 3118 senum
728 3063 1097 3136 juvenumque
1122 3067 1278 3122 simul
1307 3068 1501 3139 stipata
1536 3070 1769 3140 tegebat.

306 3153 422 3208 Sed
452 3153 581 3209 licet
601 3154 668 3209 ad
693 3170 931 3224 praesens
965 3164 1152 3211 careat
1178 3156 1458 3215 affectibus
1482 3160 1603 3215 istis
1634 3201 1649 3225 ,

306 3246 369 3300 lu
410 3244 640 3300 fratrum
670 3246 924 3316 precibus
954 3261 1171 3317 semper
1196 3248 1411 3304 laetatur
1434 3250 1697 3306 honestis.

310 3334 441 3389 Hac
471 3350 596 3389 nam
620 3334 861 3391 conditio
890 3338 1112 3404 misera,
1141 3339 1369 3409 diraque
1389 3341 1489 3396 sub
1517 3355 1651 3395 aura

307 3426 545 3483 Condita
574 3426 716 3483 fama
739 3426 946 3502 [Forle,
969 3428 1099 3502 fata]
1118 3440 1337 3487 manent
1357 3432 1568 3488 cunctis
1580 3431 1899 3489 mortalibus

1626 3521 1824 3595 [agris

309 3606 470 3664 Hanc
495 3607 666 3679 legem
690 3608 813 3679 jure
837 3611 999 3681 primi
1023 3625 1273 3668 meruere
1297 3620 1574 3683 parentes,

315 3700 492 3755 Unius
515 3701 585 3755 ob
610 3701 823 3772 culpam
846 3703 986 3758 hanc
1008 3719 1164 3776 reges
1194 3720 1555 3776 proceresque
1576 3714 1823 3777 potentes
1843 3747 1857 3771 τ

311 3789 501 3855 Dives,
524 3792 711 3860 inops;
739 3790 1008 3860 dominus,
1034 3808 1253 3859 servus;
1285 3803 1619 3861 contractus,
1649 3810 1853 3866 egenus
1878 3811 1892 3861 ;

387 3936 416 3966 ι
441 3925 679 3998 Barbare
698 3943 797 3997 pro
822 3930 1211 3984 commendatus
1237 3971 1252 3993 ,
1295 3945 1418 3985 eum
1442 3930 1506 3984 ad
1531 3929 1750 3984 modum
1789 3943 1896 3998 quo

310 3994 576 4052 Alcuinus
598 3994 769 4052 utitur
788 4013 925 4071 voce
961 4000 1306 4054 commendite
1330 4016 1431 4071 pro
1457 3994 1822 4053 commendaté
1842 3999 1894 4054 in

1998 428 2267 484 Lethifera
2287 429 2403 483 haec
2429 428 2646 500 rapidus
2669 447 2837 501 usque
2862 433 2987 486 dum
3013 432 3168 489 fortis
3191 443 3247 490 et
3266 436 3463 489 ardens

1998 520 2231 577 Ultimus
2265 520 2353 573 ille
2380 521 2496 575 dies
2516 523 2725 577 nebulae
2748 522 3015 594 clangoris
3042 534 3099 580 et
3124 525 3217 580 irze

1997 611 2051 665 ln
2080 627 2366 666 commune
2390 614 2533 683 rapit
2557 621 2726 669 totum
2762 615 2861 670 sub
2892 624 3095 671 tartara
3123 618 3403 672 mundum.

2065 702 2135 756 At
2162 702 2324 757 Pater
2348 703 2437 757 hic
2465 704 2697 774 genitale
2714 706 2889 760 solum
2910 747 2926 772 ,
2956 708 3298 776 patriamque
3321 714 3576 776 parentes

1995 790 2176 845 Infans
2208 794 2533 861 postposuit,
2557 794 2861 853 Bucbonica
2892 812 3019 852 rura
3044 797 3253 867 petivit.

1995 879 2225 937 Justitire
2253 882 2509 953 gradibus
2533 884 2791 952 paulatim
2817 887 3093 956 providus,
3127 888 3281 942 hicce

1994 974 2053 1029 ln
2090 975 2192 1029 hac
2229 974 2345 1029 aede
2371 972 2550 1028 locum
2582 975 2763 1031 divino
2797 992 3018 1031 munere
3049 977 3251 1032 celsum

1995 1064 2300 1119 Promeruit
2326 1080 2341 1128 ;
2370 1063 2504 1117 nulli
2531 1072 2775 1119 veterum
2797 1066 3001 1134 pietate
3026 1068 3315 1122 secundus.

1996 1154 2149 1209 llunc
2174 1153 2246 1208 ita
2278 1154 2521 1208 nutribat
2553 1154 2784 1225 geminis
2807 1155 3062 1211 discretio
3089 1156 3339 1210 mammis

1996 1243 2165 1299 Mater
2189 1244 2473 1311 virtutum,
2505 1258 2715 1299 summo
2740 1244 2813 1300 sit
2834 1245 3005 1316 gratia
3038 1244 3256 1300 Christo
3280 1287 3294 1310 ,

1995 1338 2068 1395 Ut
2100 1354 2201 1394 nec
2229 1347 2420 1407 sponte
2443 1353 2571 1394 suos
2599 1354 2837 1408 unquam
2878 1348 3087 1395 terrore
3123 1339 3367 1394 videntes

1991 1430 2336 1499 Praeciperet,
2363 1443 2462 1483 nec
2488 1430 2556 1483 ab
2578 1429 2665 1483 his
2687 1444 2928 1497 unquam
2955 1429 3286 1483 conterritus
3314 1428 3438 1482 iret.

1991 1519 2229 1574 Auribus
2254 1518 2464 1573 admitti
2493 1518 2699 1588 sprevit
2725 1518 3010 1587 prudentia
3038 1517 3218 1573 Patris

1994 1608 2209 1664 Frivola
2236 1606 2582 1678 vaniloquum
2610 1626 2624 1661 :
2658 1623 2759 1662 nec
2787 1608 2915 1663 huic
2944 1607 3209 1662 insomnis
3235 1615 3289 1663 et
3317 1615 3433 1661 atra

1919 1676 1965 1736 Β
1995 1696 2261 1768 Suspicio,
2294 1676 2538 1752 incautos
2570 1704 2784 1765 torquet
2805 1712 2923 1766 qua:
2947 1696 3180 1750 maxime
3208 1709 3484 1765 quosque,

1992 1785 2301 1843 Praevaluit.
2332 1786 2439 1842 Sed
2469 1803 2573 1843 nec
2598 1786 2758 1843 facile
2780 1794 3081 1842 commotus
3108 1788 3163 1842 in
3187 1787 3269 1841 ira
3293 1826 3308 1851 ,

1992 1877 2120 1932 Dira
2145 1886 2203 1932 et
2229 1876 2593 1932 ﬂammivoma
2628 1876 2828 1931 mentis
2865 1875 3115 1931 incendia
3142 1875 3424 1944 prompsit.

1991 1971 2093 2027 Hic
2116 1971 2259 2027 acies
2284 1971 2527 2043 geminas
2570 1968 2789 2025 flectens
2818 1968 3036 2025 divertit
3060 1975 3114 2022 et
3144 1965 3356 2031 aufert,

1994 2064 2178 2121 Hostis
2206 2064 2452 2136 pestiferi
2481 2077 2707 2133 prorsus
2730 2076 2840 2133 neu
2868 2074 3006 2115 vana
3030 2059 3296 2114 viderent.

1993 2156 2251 2213 PtBnitttil
2278 2157 2403 2219 alte,
2438 2157 2483 2211 si
2523 2169 2684 2225 quem
2719 2153 3001 2223 conspexit
3032 2153 3258 2207 inertem

1994 2248 2124 2305 Vela
2156 2252 2306 2315 dare,
2339 2247 2673 2317 nimiumque
2699 2245 2912 2317 fugam,
2941 2252 3249 2314 tetrumque
3284 2242 3537 2298 timorem

1992 2337 2110 2409 Ipse
2138 2340 2223 2396 sui
2252 2340 2453 2395 blando
2482 2354 2625 2408 stepe
2661 2336 2997 2408 compescuit
3021 2350 3135 2392 ore.

1993 2430 2131 2486 Hinc
2149 2433 2314 2487 etiam
2342 2432 2516 2502 sopita
2541 2430 2644 2485 fuit
2668 2430 2907 2499 hincque
2939 2427 3064 2483 inde
3096 2426 3333 2497 maligna

1991 2521 2232 2579 Infausta
2254 2523 2514 2594 geuitrice
2549 2530 2666 2578 sata
2705 2519 2976 2575 discordia
2996 2515 3198 2588 proles.

1994 2610 2107 2667 Nec
2130 2619 2344 2682 poterat
2378 2611 2575 2665 exhinc
2617 2608 2847 2666 fratnsm
2886 2603 3175 2660 concordia
3218 2602 3415 2669 rumpi.

1996 2701 2169 2774 Hujus
2202 2702 2502 2757 Strenuitas
2530 2698 2813 2754 Fuldensis
2839 2696 3071 2752 ρωποι)ἰὶ
3100 2710 3187 2750 res
3447 2774 3455 2779 υ

1996 2795 2115 2851 Non
2142 2795 2266 2850 tulit
2288 2795 2339 2849 in
2366 2802 2553 2864 partes
2585 2807 2798 2862 rapere,
2825 2807 2927 2846 nec
2950 2798 3100 2845 torva
3129 2793 3413 2858 potentum
3482 2798 3504 2811 '

1996 2885 2251 2952 Lumina,
2273 2901 2374 2941 nec
2394 2900 2678 2957 procerum
2713 2882 2947 2937 tumidos
2972 2880 3231 2937 horrebat
3256 2878 3508 2932 honores.

1998 2977 2171 3033 Noxia
2199 2993 2426 3049 quaeque
2454 2986 2663 3042 vetans,
2693 2975 2865 3031 vetuit
2892 2975 2988 3030 sed
3016 2974 3253 3029 maxime
3276 2972 3423 3027 fures
3440 3010 3456 3036 ,

1925 3048 1970 3110 (ἶ
2000 3071 2309 3141 Insequitur
2334 3048 2610 3142 pansaque
2636 3068 2797 3134 mala,
2831 3074 3143 3123 constanter
3171 3065 3397 3136 agendo.

2000 3162 2468 3232 Cacopragmones
2498 3162 2526 3200 ιι
2548 3160 2638 3215 hic
2662 3160 2764 3214 rite
2785 3157 2976 3229 procul
3012 3155 3217 3227 expulit
3244 3170 3274 3208 a
3305 3168 3409 3226 se._

2000 3251 2101 3306 Hie
2126 3252 2310 3317 decus,
2335 3249 2425 3304 hic
2450 3256 2648 3303 nostra:
2671 3246 2853 3301 fautor
2879 3255 2936 3301 et
2963 3245 3132 3315 gloria
3158 3244 3281 3297 vita:

2000 3342 2245 3407 Exstitit,
2268 3341 2356 3395 hic
2380 3340 2562 3409 operis
2588 3338 2761 3392 nostri
2789 3336 3071 3404 nostrique
3096 3333 3301 3387 laboris

1997 3432 2056 3488 In
2094 3433 2197 3486 hac
2224 3430 2338 3485 :ede
2362 3407 2460 3484 Dei
2490 3426 2693 3483 salubri
2731 3440 2853 3480 cum
2892 3425 3144 3494 dogmate
3185 3421 3316 3475 Noe.
3395 3477 3401 3482 ,
3463 3407 3476 3421 ”

2072 3520 2243 3592 Hujus
2266 3529 2321 3576 te
2340 3517 2672 3583 meminisse,
2695 3530 2845 3587 rogo,
2871 3521 3203 3581 cunctosque
3227 3510 3486 3581 legentes,

2000 3614 2113 3670 Hoc
2136 3626 2293 3683 Opus,
2323 3618 2384 3664 ut
2412 3608 2625 3665 Domini
2647 3621 2844 3676 magna
2868 3613 2925 3660 et
2948 3603 3225 3659 miseratio
3251 3601 3404 3672 larga

1999 3706 2153 3763 Hunc
2176 3704 2232 3761 in
2258 3709 2521 3774 perpetua
2552 3698 2739 3770 requie
2761 3705 3051 3755 conservet
3072 3696 3125 3750 in
3149 3709 3342 3751 aevum.

1999 3921 2476 3995 epigrammatibus
2502 3920 2631 3995 124,
2656 3918 2778 3986 164,
2800 3917 2924 3973 267.

2076 3992 2113 4035 5
2140 3995 2196 4049 ld
2219 4001 2322 4058 est,
2346 3992 2629 4061 maleﬁcos.

322 4163 3578 4208 Μ

1632 4323 2236 4412 APPENDIX

312 4511 401 4573 In
438 4530 565 4593 qua
596 4512 870 4592 refertur
898 4509 1133 4591 Eigilis
1181 4508 1563 4590 epitaphium
1597 4506 1857 4587 duplex,
1906 4513 1964 4567 et
1999 4498 2552 4580 libellussupplex
2587 4518 2625 4559 a
2666 4494 2987 4556 monachis
3016 4492 3432 4555 Fuldensibus
3460 4490 3588 4556 Ca-

981 4601 989 4608 ’
1559 4608 1700 4671 rolo
1739 4608 1973 4686 Magno
1997 4610 2355 4686 porrectus.
2855 4610 2869 4627 ‘

397 4890 448 4944 l.
479 4888 595 4944 Hoc
627 4894 743 4943 .cea
790 4884 997 4939 referre
1039 4883 1216 4954 juvat,
1238 4882 1427 4953 Eigilis
1461 4881 1684 4954 _abbatis
1716 4878 2256 4954 epitaenMartyris
2280 4890 2409 4947 ergo
2435 4872 2991 4954 saera_cum._pr:esule
3016 4869 3291 4954 transtulit
3313 4884 3437 4929 ossa
3464 4912 3480 4939 ,

358 4961 511 5015 bium
550 4958 781 5029 duplex,
826 4970 990 5029 unum
1042 4951 1096 5029 a_
1122 4951 1388 5029 _Rabano,
1430 4952 1653 5006 alterum
1682 4953 1751 5029 ab
1785 4951 1903 5029 ipso

372 5030 497 5100 igile
521 5021 900 5100 compositum.
932 5023 1204 5100 Candidus
1250 5031 1539 5100 utrumque
1577 5021 1865 5091 exscripsit
1886 5060 1901 5086 ,

319 5092 736 5156 et‘l’tabanicum
767 5096 983 5166 quidem
1009 5109 1133 5149 cum
1157 5094 1261 5148 hoc
1297 5092 1451 5146 titulo
1481 5110 1496 5144 :

423 5189 761 5261 Epitaphium
796 5188 970 5243 Etetu
1000 5185 1174 5239 abbati
1200 5183 1264 5237 ab
1294 5182 1509 5236 Rabano
1542 5181 1811 5236 dictatum.

321 5278 659 5352 Ingrediens,
692 5278 880 5352 lector,
914 5274 1162 5352 perparvi
1192 5273 1424 5352 domatis
1446 5280 1660 5352 antrum
1693 5310 1709 5334 ,

398 5342 573 5405 Cerne
604 5342 790 5412 legens
823 5342 1060 5408 titulum,
1084 5357 1356 5412 nosceque
1391 5342 1498 5396 fata
1523 5342 1647 5395 viri.

324 5420 510 5474 Abbas
536 5421 639 5473 iste
660 5412 767 5472 fuit
800 5417 994 5471 famosi
1018 5413 1254 5469 nominis
1282 5412 1415 5482 Eigil
1442 5453 1458 5476 ,

400 5488 504 5555 Qui
529 5490 677 5558 jacet
700 5489 754 5542 in
778 5487 1004 5549 tumulo,
1038 5485 1133 5540 sed
1150 5498 1325 5558 super
1344 5490 1501 5558 _astr_a
1538 5488 1718 5535 manet

329 5552 446 5614 Hoc
469 5552 684 5629 quoque
708 5558 1013 5629 coenobium
1050 5555 1189 5629 rexit
1216 5552 1446 5629 feliciter
1468 5552 1582 5620 ipse
1598 5590 1613 5612 ,

406 5623 676 5695 Multaque
705 5628 843 5683 facta
876 5628 1015 5683 bona
1048 5627 1149 5681 rite
1173 5623 1382 5694 peregit
1407 5636 1593 5679 ovans.

2080 4943 2160 5002 Ae
2184 4943 2571 5016 binas'pariter
2591 4944 2859 5016 has‘dicat
2879 4943 3157 5016 ecclesias.

2010 5018 2142 5074 Post
2163 5019 2277 5072 haec
2305 5012 2410 5070 alta
2439 5016 2594 5086 petit,
2629 5014 2972 5086 animamque
2998 5014 3064 5086 ad
3092 5013 3268 5086 sidera
3287 5012 3439 5070 misit
3462 5051 3478 5079 ,

2081 5087 2335 5155 Corporis
2362 5082 2559 5140 infirmi
2589 5083 2837 5155 membra
2858 5082 3055 5139 locavit
3079 5091 3135 5137 et
3161 5083 3268 5137 hic.

2015 5157 2150 5211 Huic
2177 5151 2389 5225 quoque
2413 5156 2703 5225 Rabanus,
2720 5154 2843 5208 vilis
2862 5167 3164 5225 successor,
3194 5151 3426 5225 amando

2082 5219 2389 5294 Conscripsi
2413 5226 2561 5279 hunc
2585 5224 2819 5294 titulum.
2849 5222 3097 5294 Christus
3128 5219 3583 5294 utrosquejuvet.

2077 5288 2324 5350 Alterum
2357 5295 2599 5350 condidit
2639 5294 2775 5364 Eigil
2805 5293 2920 5364 ipse
2965 5292 3032 5364 ad
3070 5291 3288 5364 modum
3327 5288 3586 5357 epitaphii

2008 5366 2224 5421 Damasi
2253 5380 2424 5437 papae,
2456 5366 2598 5435 quod
2630 5358 2843 5419 itidem'
2864 5361 3049 5419 retulit
3085 5358 3380 5425 Candidus,
3425 5366 3586 5427 prout

2007 5437 2271 5507 sequitur.

2158 5526 2350 5581 Versus
2376 5542 2505 5597 quos
2531 5525 2639 5596 ipse
2667 5523 2827 5578 abbas
2857 5518 2999 5590 Eigil
3020 5519 3304 5571 dictaverat
3332 5517 3451 5576 sibi.

2010 5619 2189 5673 Ahbas
2225 5619 2311 5672 hic
2338 5617 2474 5685 Eigil
2514 5616 2806 5671 tumulatus
2835 5619 2982 5668 sorte
3015 5607 3256 5676 quiesco,
