3838 6144
337 286 437 342 419

403 400 504 468 Qui
529 400 727 455 dudum
759 396 942 468 multis
972 402 1128 468 notus
1152 393 1206 448 in
1228 393 1361 448 orbe
1382 391 1492 468 fui.

333 462 538 540 Ilioque
560 485 677 540 mea
707 483 871 540 parvo
897 464 1216 519 clauduntur
1238 462 1480 540 membra
1507 462 1753 531 sepulcro
1780 501 1794 525 ,

405 532 557 606 Quod
577 532 768 592 'vivens
804 539 916 606 ipse
943 542 1262 606 construere
1281 532 1481 606 studui.

334 599 740 664 llic'Dominum
766 599 1042 674 exspecto,
1071 602 1162 672 qui
1185 602 1359 656 solvet
1377 600 1594 674 vincula
1624 599 1753 654 lethi
1785 616 1797 650 :

403 679 538 733 Cum
563 678 742 731 veniet
765 717 779 740 ,
812 669 994 737 credo,
1019 669 1241 743 surgere
1265 686 1350 724 me
1370 669 1550 724 faciet.

400 769 455 821 2.
483 765 688 820 Addam
706 766 870 820 etiam
892 763 1128 818 libellum
1149 760 1644 830 supplicem,.quem
1666 757 1908 830 fervente

333 837 585 906 Ratgarii
607 836 905 906 schismate
951 828 1549 906 Fuldensesmonachi
1593 828 1908 906 obtulerunt

264 917 267 921 ‘
327 898 525 962 Carolo
573 905 782 973 Magno.
831 903 985 970 Quod
1024 902 1300 973 egregium
1347 898 1685 973 antiquitatis
1719 913 1907 951 monu-

333 985 574 1030 mentmn
606 969 934 1028 illustrandis
977 969 1089 1026 tum
1125 969 1312 1039 Eigilis
1354 969 1588 1040 abbatis,
1639 975 1752 1040 t_um
1794 981 1908 1040 mo-

331 1045 527 1100 nastici
558 1044 761 1098 ordinis
791 1044 956 1097 rebus
988 1056 1094 1094 non
1120 1037 1313 1108 parum
1343 1038 1614 1092 conducit.
1642 1037 1907 1108 Exstat‘in

329 1117 424 1170 lib.
471 1132 510 1169 ιι
561 1114 957 1184 Antiquitatum
998 1107 1345 1164 Fuldcnsium
1417 1122 1536 1177 cap.
1611 1107 1678 1160 15
1749 1107 1908 1160 modo

330 1184 592 1254 subjecto.

328 1276 569 1346 Supplex
614 1273 819 1346 libellus
871 1270 1245 1346 monachorum
1322 1264 1669 1321 Fuldensium
1718 1265 1907 1321 Carolo

800 1339 1103 1410 imperatori
1136 1347 1425 1410 porre_clus_.

332 1415 458 1469 Haec
485 1428 699 1482 quoque
727 1405 1031 1482 coenobium
1068 1405 1238 1462 totum
1275 1407 1538 1482 Fuldeuse
1563 1405 1771 1476 rogavit

403 1475 701 1551 Augustum
730 1480 978 1535 Carolum
1001 1479 1348 1551 juratnovare
1373 1475 1497 1530 sibi.

326 1553 464 1619 Quae
490 1545 688 1607 cuncta
717 1552 941 1605 honesta
970 1545 1224 1619 censebat
1246 1545 1665 1619 Caesaropimus
1688 1583 1704 1611 ,

405 1623 476 1676 Et
501 1629 686 1676 votum
707 1621 962 1691 precibus
985 1618 1147 1688 jussit
1181 1617 1358 1670 inesse
1395 1616 1517 1685 piis.

1403 277 1494 332 AD
1531 275 1745 334 VITAM
1781 275 1842 332 S.
1880 271 2123 330 ElGlLlS
2160 268 2517 326 APPENDIX.

1933 393 1982 451 Α
2008 401 2192 441 amore
2233 383 2572 443 venientibus
2610 381 2782 452 pietas
2821 394 3056 452 congrua
3105 380 3480 452 impendatur;
3533 397 3588 440 et

3479 262 3590 316 ιεο

2008 472 2110 510 nec
2147 455 2364 519 infirmi,
2407 468 2580 520 neque
2611 451 2880 514 seniores,
2922 451 3096 520 neque
3134 451 3349 506 delicati
3389 453 3589 510 duritia

2008 525 2332 594 aufugentur
2358 543 2369 576 :
2394 523 2487 577 sed
2515 537 2702 594 omnes
2734 536 2856 594 cum
2886 520 3256 594 misericordia
3283 523 3589 594 suscipian-

2007 590 2216 659 ttirfet
2255 594 2505 648 solatium
2542 590 2684 660 quod
2724 590 2981 660 petierint
3019 591 3243 646 honeste
3282 590 3589 650 indubitati

2001 679 2194 719 eorum
2228 662 2584 731 itnpcrtiatur.

2077 731 2186 788 Ἧι.
2232 729 2383 798 Quod
2433 730 2610 784 nullus
2657 737 2782 801 ante
2820 729 3195 801 probationem
3227 732 3588 801 suscipiatur,

2007 819 2182 872 neque
2217 801 2432 870 corpori
2461 800 2768 872 monasterii
2799 799 3064 863 societur;
3109 813 3178 852 ne
3219 798 3356 854 forte
3383 798 3589 872 aliquis

2004 869 2180 942 magis
2234 869 2453 939 propter
2503 869 2783 923 commoda
2841 877 3055 942 terrena
3086 908 3100 931 ,
3151 883 3310 942 quam
3366 869 3592 941 propter

2007 939 2222 996 aeterna:
2245 942 2365 995 vitae
2390 954 2627 993 amorem
2652 954 2710 993 se
2735 939 3064 992 monasterio
3084 939 3291 992 sociare
3312 939 3586 1009 voluerit;

1999 1021 2062 1066 et
2096 1021 2364 1080 receptus.
2396 1009 2679 1080 inhonesto
2719 1024 2816 1062 suo
2851 1023 3000 1062 more
3028 1009 3325 1080 conturbet
3363 1009 3586 1066 fratres.

2079 1077 2329 1135 V'lllfUt
2371 1079 2547 1133 nullus
2589 1086 2807 1146 propter
2848 1077 3132 1146 pecuniam
3170 1077 3250 1132 vel
3287 1083 3592 1147 possessio-

2004 1165 2130 1207 nem
2164 1159 2453 1212 terrenam,
2491 1147 2631 1201 fictis
2661 1148 2999 1202 suasionibus
3037 1147 3312 1212 seductus,
3348 1159 3402 1204 et
3433 1151 3592 1205 blan-

2009 1220 2156 1274 ditiis
2184 1221 2455 1288 deceptus,
2480 1226 2765 1289 postquam
2797 1219 2850 1289 in
2869 1218 3273 1289 __monasteriu_m
3298 1231 3590 1289 susceptus

2008 1289 2193 1354 fuerit,
2222 1297 2279 1345 et
2305 1286 2410 1342 non
2436 1286 2646 1342 habens
2673 1288 2814 1356 quod
2837 1286 2936 1340 sibi
2960 1286 3330 1356 promittebat,
3367 1286 3591 1344 tristitia

2010 1368 2066 1415 et
2108 1358 2426 1431 paenitentia
2455 1357 2633 1412 saeculi
2670 1365 2884 1431 pereat;
2926 1357 3018 1410 sed
3047 1357 3250 1412 veritas
3292 1360 3590 1431 unicuique

2004 1425 2441 1496 ore—proferatur
2465 1434 2521 1481 et
2543 1425 2704 1496 opere
2737 1425 3038 1494 impleatur.

2081 1445 2105 1483 e
2169 1445 2441 1483 roreratur
2465 1445 2521 1481 et
2543 1445 2704 1496 opere
2737 1445 3038 1494 Implealur.

2081 1445 2170 1552 DF.
2225 1498 2377 1564 Quod
2409 1496 2586 1568 nullus
2613 1497 2667 1549 vi
2697 1496 2996 1568 monachus
3034 1495 3150 1568 fieri
3188 1505 3443 1568 cogatur,
3485 1515 3590 1554 nec

2010 1569 2079 1623 ad
2127 1568 2330 1622 clerum
2374 1567 2679 1630 tondeatur,
2725 1566 2838 1620 sive
2879 1565 3016 1619 liber
3049 1567 3140 1630 sit,
3191 1565 3306 1621 sive
3353 1583 3586 1624 servus:

2010 1639 2138 1708 quia
2179 1637 2314 1692 tales
2353 1637 2408 1690 in
2447 1635 3126 1708 monasteriumsuscepti,
3169 1645 3420 1692 auctores
3462 1648 3594 1694 sunt

404 1710 462 1764 In
503 1710 690 1780 primis
731 1708 963 1791 petimus
1000 1706 1257 1791 pietatem
1293 1712 1460 1791 tuam,
1491 1702 1908 1791 clementissime
1934 1731 1982 1791 Β
2011 1702 2274 1791 {celerum
2303 1715 2358 1791 e_t
2385 1714 2729 1786 exsecutores
2764 1702 3038 1786 vitiorum;

330 1772 629 1851 imperator
647 1821 661 1845 ,
688 1772 830 1847 quod
858 1772 1019 1851 liceat
1039 1775 1191 1830 nobis
1220 1774 1550 1837 orationum,
1593 1772 1905 1851 psalmodiag

329 1842 732 1925 tau-vigiliarum
777 1849 993 1925 modum
1036 1853 1220 1925 tenere
1245 1884 1260 1910 ,
1300 1851 1683 1925 quemupatres
1731 1842 1907 1925 nostri

329 1913 633 1975 habuerunt
669 1934 768 1989 pro
811 1917 1010 1989 amicis
1035 1914 1236 1969 nostris
1275 1913 1580 1968 viventibus
1618 1920 1778 1989 atque
1816 1913 1908 1989 de-

332 1989 555 2055 functis,
605 1982 781 2045 id'est
810 1987 1418 2057 quotidianamprecem
1450 1999 1549 2053 pro
1579 1992 1662 2057 te,
1692 1982 1910 2057 domine

330 2051 606 2130 Auguste,
657 2067 713 2113 et
731 2051 850 2130 Apro
890 2056 1074 2111 liberis
1119 2051 1264 2118 tuis,
1313 2060 1371 2130 _et
1397 2051 1492 2130 pro
1519 2053 1666 2107 omni
1711 2051 1908 2122 p0pulo

332 2122 661 2184 Christiano.
718 2122 888 2193 Quam
943 2140 1099 2180 mane
1150 2122 1366 2192 quando
1402 2123 1456 2176 in
1500 2138 1671 2193 unum,
1716 2137 1909 2193 conve-

330 2199 548 2263 nimus,
599 2207 655 2254 et
691 2192 984 2267 capitulum
1031 2196 1096 2250 de
1133 2193 1339 2267 Regula
1411 2207 1594 2247 coram
1650 2192 1907 2247 fratribus

330 2268 632 2338 legebatur,
677 2263 1030 2336 exsurgentes
1060 2271 1192 2338 post
1214 2263 1517 2338 lectionem,
1543 2269 1625 2316 ter
1651 2277 1902 2338 versum,

334 2330 498 2401 DEus,
533 2339 588 2392 in
620 2330 947 2406 adjutoriutn
969 2330 1139 2388 meum
1174 2333 1402 2406 intende,
1435 2331 1685 2406 adjuncta
1722 2330 1908 2406 Gloria

334 2406 491 2460 Patri
514 2448 528 2472 ,
570 2401 853 2462 cantantes
891 2405 1043 2460 ﬂexis
1090 2401 1472 2472 genibuspsal.
1504 2419 1534 2456 ι.
1562 2401 1858 2457 cecinimus
1891 2441 1905 2465 ,

334 2420 490 2460 Patr:
514 2448 528 2472 ,
570 2420 853 2462 cantantes
891 2420 1043 2460 nexus
1124 2420 1312 2457 emnus
1339 2420 1472 2470 psat.
1504 2420 1534 2456 ι.
1562 2420 1858 2457 cecinimus
1891 2441 1905 2465 ,

329 2477 495 2531 simul
523 2493 646 2532 cum
669 2477 915 2530 versibus
953 2481 1007 2529 et
1034 2420 1278 2529 collecta.
1318 2471 1377 2526 ln
1417 2473 1648 2526 secunda
1695 2486 1908 2540 quaque

327 2546 468 2600 feria
498 2546 917 2615 uniuscujusque
951 2544 1264 2615 septimanae
1289 2542 1637 2615 ,‘orationem
1667 2557 1767 2612 pro
1795 2555 1906 2615 om-

324 2617 492 2688 nibus
513 2610 879 2688 eleemosynas
901 2610 1056 2670 nobis
1083 2611 1458 2688 tribuentibus,
1486 2611 1538 2688 id
1558 2619 1640 2666 est
1658 2610 1907 2665 eumdem

371 2686 601 2742 salmum
649 2704 701 2752 ι,
735 2681 894 2756 quem
941 2692 1050 2756 tota
1096 2682 1459 2752 congregatio,
1511 2681 1670 2756 juxta
1711 2695 1910 2750 corpus

371 2703 601 2742 satmum
649 2704 701 2752 ι,
735 2703 894 2756 quem
941 2703 1050 2739 tata
1096 2703 1459 2752 congregatio,
1511 2703 1670 2750 juua
1711 2703 1910 2750 corpus

329 2703 477 2835 Beati
507 2758 760 2835 martyris
807 2754 967 2810 simul
1008 2752 1600 2835 prostrata,‘catitavit,
1632 2765 1756 2835 cum
1785 2766 1910 2835 ora-

333 2826 482 2881 tione
506 2819 804 2891 Dominica,
820 2838 874 2880 et
888 2819 1152 2878 versibus.
1175 2821 1279 2876 Pro
1298 2820 1566 2876 defunctis
1579 2837 1709 2892 ergo
1732 2819 1909 2874 fratri-

331 2897 436 2950 bus
466 2897 665 2950 nostris
713 2893 1279 2950 commcmorationem
1307 2892 1476 2954 illam,
1522 2907 1683 2961 quam
1735 2892 1912 2959 quoti-

333 2964 422 3020 die
456 2967 538 3020 bis
577 2965 860 3019 habuimus
885 3004 898 3024 .
933 2964 984 3016 id
1033 2971 1117 3016 est
1165 2968 1287 3029 post
1323 2961 1643 3015 matutinam
1669 2961 1908 3014 celebra-

326 3035 538 3089 tionem
567 3043 623 3089 et
648 3033 1008 3104 vespertinam
1033 3071 1048 3095 ,
1080 3046 1199 3104 quae
1220 3039 1305 3085 est
1337 3031 1632 3104 antiphona
1659 3029 1909 3104 v_'idelicet

333 3104 589 3174 Bequiem
631 3089 878 3159 cateruam
904 3143 918 3166 ,
959 3089 1213 3174 etprima
1237 3116 1362 3170 pars
1380 3089 1576 3174 psalmi
1599 3139 1614 3164 ,
1661 3098 1731 3174 Ie
1765 3100 1910 3154 decet
1935 3089 1978 3151 C

336 3169 559 3243 hymnus
601 3174 759 3238 Deus,
792 3187 980 3227 versus
1006 3169 1061 3225 et
1087 3169 1330 3243 collecta.
1378 3169 1436 3224 ln
1482 3169 1736 3243 Kaleudis
1781 3184 1910 3243 v_ero

325 3238 578 3297 omnium
613 3245 899 3308 mensium,
929 3257 1089 3296 unam
1117 3240 1352 3308 vigiliam
1382 3246 1437 3294 et
1465 3257 1496 3294 ι.
1531 3238 1782 3308 psalmos.
1806 3239 1910 3294 Pro

328 3312 542 3384 Sturmi
582 3329 794 3384 quoque
833 3313 1024 3384 abbate
1067 3319 1122 3384 et
1171 3310 1545 3384 fundatoribus
1592 3310 1910 3384 monasterii

333 3383 524 3448 istius‘,
545 3379 612 3438 "in
636 3379 1005 3438 anniversaria
1031 3382 1210 3451 obitus
1237 3380 1323 3436 die
1347 3420 1362 3445 ,
1395 3395 1558 3434 unam
1597 3379 1837 3451 vigiliam
1857 3388 1913 3435 et

333 3469 504 3507 unum
539 3455 872 3522 psalterium,
909 3467 1007 3522 per
1043 3450 1282 3520 singulos
1310 3465 1500 3504 annos.

408 3522 478 3594 ll.
523 3519 673 3590 Quod
717 3519 1415 3594 presbyterisconcedatur
1468 3519 1661 3594 missas
1717 3519 1913 3594 saepius

337 3592 633 3664 celebrare,
677 3590 732 3649 et
766 3590 917 3664 quod
941 3592 1114 3664 spatia
1143 3590 1317 3664 eisAad
1347 3591 1448 3664 hoc
1468 3591 1683 3664 dentur,
1714 3591 1852 3644 sicut
1881 3605 1911 3643 a

337 3662 632 3730 majoribus
659 3659 862 3718 nostris
891 3659 1175 3716 dabantur.
1215 3659 1474 3728 Quodque
1503 3659 1578 3730 illi
1605 3660 1673 3714 ad
1697 3674 1912 3714 sacrum

331 3729 581 3786 ordinem
613 3733 907 3801 eligantur,
930 3731 1023 3799 qui
1045 3730 1238 3784 eruditi
1259 3730 1384 3801 _sint
1415 3729 1602 3791 verbo,
1640 3737 1695 3801 et
1725 3739 1912 3801 sancta

329 3797 746 3856 conversatione
767 3797 1012 3870 probati;
1036 3807 1090 3870 et
1118 3814 1218 3853 nec
1249 3799 1416 3870 fures,
1446 3813 1546 3853 nec
1566 3797 1834 3864 scelerati,
1860 3806 1915 3852 et

329 3870 747 3939 quisacerdotii
768 3867 913 3938 juris
937 3868 1152 3938 penitus
1183 3867 1524 3939 ignarisunt.

348 3936 373 3944 ’“
401 3938 495 3997 Jll.
550 3939 620 3997 .Ut
639 3936 954 3994 sanctorum
982 3939 1152 3992 honor
1179 3936 1234 3992 et
1259 3936 1523 3991 festivitas
1552 3951 1657 3991 non
1685 3936 1916 3994 deteste-

333 4017 450 4074 .tur,
478 4009 573 4080 sed
603 4009 654 4062 in
683 4009 890 4080 vigiliis,
903 4015 958 4080 et
986 4006 1165 4080 missis
1186 4021 1392 4080 eorum
1402 4006 1566 4080 digna
1591 4022 1916 4080 commemo-

331 4081 481 4148 ratio
512 4078 635 4144 fiat;
671 4088 726 4133 et
742 4075 895 4148 quod
925 4078 980 4148 in
1005 4077 1090 4148 his
1119 4075 1530 4148 festivitatibus,
1570 4077 1765 4148 quibus
1802 4093 1916 4131 ma-

333 4146 424 4216 jor
452 4149 728 4203 veneratio
757 4145 1028 4211 convenit,
1055 4145 1314 4216 fratribus
1343 4146 1411 4200 ab
1440 4145 1603 4215 opere
1627 4148 1695 4201 ad
1731 4146 1917 4202 lectio-

334 4215 439 4276 nes
459 4226 514 4273 et
538 4218 892 4287 psalmodiam
917 4230 1114 4270 vacare
1135 4215 1324 4280 liceat,
1353 4216 1490 4287 sicut
1522 4216 1662 4285 apud
1689 4217 1917 4285 majores

334 4285 556 4343 nostros
584 4289 790 4343 licitum
820 4297 905 4343 est
929 4305 941 4340 :
969 4287 1020 4340 id
1051 4294 1135 4339 est
1165 4287 1219 4341 in
1259 4285 1548 4341 festivitate
1581 4295 1779 4341 sanctae
1807 4287 1918 4342 Ma-

338 4359 455 4423 riae,
495 4366 551 4413 et
593 4358 874 4414 duodecim
921 4356 1306 4426 apostolorum,
1353 4358 1522 4412 sancti
1564 4355 1822 4424 Stephani
1863 4365 1917 4410 et

2077 1776 2144 1832 Χ.
2188 1775 2340 1842 Quod
2373 1776 2570 1828 victum
2597 1784 2651 1829 et
2677 1775 2949 1838 vestitum,
2984 1775 3123 1828 sicut
3152 1773 3590 1843 majores_nostri

2007 1848 2163 1926 nobis
2193 1837 2612 1926 constituet-urit,
2627 1845 2842 1926 habere
2869 1837 3026 1926 liceat
3050 1862 3062 1897 :
3088 1837 3458 1926 quiau'prt‘mits
3476 1849 3592 1926 _ab-_

2005 1917 2103 1972 bas
2137 1926 2320 1971 noster
2354 1914 2588 1969 Sturmis
2627 1916 2678 1968 in
2720 1916 3049 1968 monasterio
3091 1914 3267 1968 sancti
3309 1915 3591 1973 Benedicti

2005 2002 2103 2056 per
2144 2001 2344 2040 annum
2381 1984 2884 2056 conversans,_thuc_
2902 1993 3106 2056 postea
3127 1985 3362 2056 rediens,
3399 2001 3592 2041 secun-

2007 2053 2135 2111 dum
2163 2056 2484 2110 electionem
2519 2055 2691 2108 sancti
2725 2053 2986 2108 Bonifacii
3022 2053 3265 2108 habitum
3305 2070 3493 2110 eorum
3531 2065 3590 2112 et

2005 2127 2210 2182 victum
2237 2125 2581 2191 dijudicantis
2603 2123 2754 2177 nobis
2787 2123 2948 2178 istum
2967 2124 3276 2194 constituit,
3317 2124 3473 2193 cujus
3505 2129 3589 2184 rei

2005 2197 2189 2266 plures
2216 2196 2389 2266 adhuc
2411 2201 2577 2248 testes
2605 2201 2910 2266 supersunt.

2078 2266 2170 2320 XI.
2222 2265 2375 2330 Quod
2421 2261 2710 2318 commune
2756 2261 3127 2332 magisterium
3170 2277 3204 2315 a
3250 2264 3472 2319 decanis
3533 2275 3590 2321 et

2005 2336 2298 2406 prazposito
2324 2334 2576 2406 omnibus
2605 2332 2868 2406 fratribus
2883 2333 3006 2398 ﬁat;
3039 2332 3166 2401 quia
3188 2333 3270 2387 ba:
3296 2335 3589 2406 divisiones

2047 2403 2138 2459 ure
2159 2406 2318 2460 modo
2339 2403 2493 2458 factae
2517 2411 2664 2464 sunt,
2693 2403 3007 2458 occasiones
3029 2410 3155 2457 sunt
3182 2404 3581 2470 scandalorum,

2047 2476 2404 2530 issensionum
2449 2483 2505 2528 et
2540 2472 3046 2528 contradictionum.
3105 2470 3388 2528 Credimus
3435 2477 3582 2530 enim

2007 2557 2232 2624 propter
2267 2543 2416 2624 pacis
2451 2542 2836 2624 charitatisque
2869 2543 3164 2597 custodiam
3202 2542 3473 2624 expedire,
3504 2561 3587 2624 se-

2011 2611 2247 2670 cundum
2268 2611 2516 2684 'priorem
2553 2611 2994 2684 constitutionem
3021 2611 3379 2684 communiter
3405 2614 3586 2670 fratri-

2009 2686 2109 2740 bus
2162 2682 2397 2740 decanos
2434 2696 2622 2738 omnes
2663 2682 2940 2748 constitui,
2995 2691 3056 2735 ut
3110 2683 3411 2738 communis
3457 2699 3585 2739 cura

2009 2755 2277 2810 cautelam
2301 2754 2556 2821 praebeat,
2585 2761 2642 2807 et
2669 2751 3010 2807 dilectionem
3036 2751 3333 2820 impendat.

2079 2825 2193 2879 ΧΠ.
2242 2823 2312 2879 Ut
2335 2823 2560 2878 azditicia
2586 2823 2853 2877 immensa
2883 2829 3044 2890 atque
3072 2821 3338 2892 superflua
3357 2861 3372 2884 ,
3402 2830 3456 2876 et
3487 2839 3588 2878 cae-

2009 2903 2128 2950 tera
2161 2893 2369 2949 inutilia
2394 2907 2556 2962 opera
2597 2893 2936 2962 omittantur,
2980 2892 3175 2962 quibus
3213 2891 3412 2946 fratres
3447 2894 3584 2947 ultra

2012 2965 2231 3020 modum
2267 2961 2562 3033 fatigantur
2581 3002 2595 3026 ,
2630 2971 2685 3016 et
2714 2961 2932 3033 familiae
2961 2962 3093 3033 foris
3121 2961 3465 3033 dispereunt;
3493 2964 3586 3017 sed

2012 3035 2193 3090 omnia
2213 3030 2699 3102 juxta'mensuram
2739 3039 2794 3086 et
2808 3030 3220 3102 discretionem
3245 3030 3395 3086 fiant.
3455 3033 3588 3086 Fra-

2010 3105 2182 3185 tribus
2218 3101 2438 3185 quoque
2473 3102 2768 3185 secundum
2807 3101 3086 3185 Regulam,
3127 3102 3291 3182 certis
3321 3102 3472 3158 boris
3496 3119 3588 3156 va.

2009 3189 2136 3230 care
2157 3171 2372 3229 lectioni
2393 3173 2571 3236 liceat,
2597 3178 2651 3226 et
2670 3171 2799 3225 item
2827 3172 2990 3226 certis
3019 3172 3252 3242 Operari.

2080 3245 2214 3322 XIII:
2267 3243 2418 3310 Quod
2453 3242 2859 3322 peregrinorum
2903 3240 3176 3322 susceptio
3208 3249 3264 3295 et
3300 3240 3498 3322 lavatio
3532 3242 3588 3297 in

2009 3315 2090 3370 eis
2112 3314 2306 3384 pedum
2337 3310 2804 3384 non'negligatur,
2845 3311 2940 3365 sed
2978 3311 3272 3366 secundum
3305 3310 3586 3384 Regulam,

2009 3394 2066 3439 et
2116 3383 2410 3440 secundum
2459 3383 2700 3452 priorum
2755 3389 3068 3452 nostrorum
3113 3383 3588 3452 consuetudinem,

2011 3455 2440 3535 quandocunquc
2464 3451 2732 3535 veneriut,
2757 3451 3180 3535 misericorditer
3201 3451 3586 3535 suscipiantur,
3637 3464 3640 3466 ‘

2010 3521 2078 3648 ﬁ;
2120 3523 2188 3577 ab
2230 3521 2480 3578 omnibus
2525 3521 2784 3576 fratribus
2835 3521 3032 3575 lavatio
3072 3521 3267 3590 pedum
3303 3523 3386 3576 eis
3436 3521 3592 3577 exhi-

2081 3603 2221 3647 atur.

2081 3603 2221 3647 atur.

2084 3661 2219 3717 XIV.
2273 3660 2425 3728 Quod
2457 3659 2796 3729 hospitalitas
2823 3660 3044 3729 antiqua
3078 3673 3186 3714 non
3218 3659 3586 3727 obliviscatur,

2013 3733 2108 3787 sed
2137 3730 2387 3787 omnibus
2408 3731 2709 3801 hospitibus
2731 3745 3000 3801 congruus
3021 3731 3192 3801 honor
3213 3739 3267 3785 et
3282 3732 3462 3786 omnis
3493 3734 3591 3787 hu-

2011 3802 2246 3855 manitas
2273 3801 2608 3855 exhibeatur.
2652 3799 2874 3865 Quando
2903 3809 3083 3854 autem
3104 3799 3283 3868 plures
3310 3801 3471 3854 simul
3501 3802 3591 3856 ad-

2012 3871 2278 3935 venerint,
2310 3879 2369 3924 ut
2397 3871 2452 3924 in
2478 3871 2644 3923 missa
2685 3870 2852 3924 sancti
2896 3868 3182 3928 Bonifacii,
3226 3870 3593 3925 consolatione

2014 3940 2249 4010 undique
2286 3939 2449 4004 facta,
2482 3941 2552 3994 ab
2578 3940 2664 3995 his
2688 3940 2781 4009 qui
2813 3939 2976 3995 cellas
3003 3939 3303 4010 provident,
3340 3941 3592 3996 omnibus

2013 4010 2234 4067 refectio
2255 4011 2576 4080 praebeatur.

2082 4081 2200 4136 XV.
2239 4078 2309 4136 Ut
2334 4079 2541 4146 privata
2568 4080 2800 4150 negotia,
2832 4086 2886 4133 et
2919 4079 3196 4134 szecularia
3221 4078 3509 4145 beneficia,
3543 4089 3597 4136 et

2014 4150 2224 4224 divisio
2244 4150 2641 4224 possessiouum
2678 4157 2841 4224 atque
2876 4165 3123 4224 agrorum
3145 4151 3239 4224 ,‘in
3264 4149 3595 4224 ipso_moua-

2015 4221 2165 4276 sterii
2210 4217 2329 4275 loco
2373 4235 2481 4274 non
2522 4217 2688 4290 fiant:
2715 4217 2842 4288 quia
2877 4217 3002 4274 inde
3034 4217 3353 4290 exoriuntur
3378 4218 3594 4290 jurgia,

2013 4290 2408 4355 contentiones,
2426 4287 2808 4352 aemulationes,
2828 4290 2942 4352 irae,
2961 4290 3114 4353 rixae,
3141 4289 3457 4352 inimicitia,
3479 4287 3598 4344 'dis-

2017 4361 2314 4423 sensiones,
2345 4359 2582 4423 invidize,
2614 4357 2827 4412 furtivae
2849 4360 3266 4414 comessationes
3286 4367 3342 4413 et
3363 4359 3601 4413 ebrieta-

336 4429 513 4483 sancti
551 4428 843 4499 Laurentii,
893 4435 948 4482 et
985 4433 1322 4499 emterorum,
1376 4442 1605 4499 quorum
1643 4427 1917 4482 memoria:
1939 4427 1994 4488 ι)
2019 4438 2118 4493 tes,
2150 4438 2204 4483 et
2231 4443 2368 4499 pene
2398 4427 2577 4499 omnia
2614 4427 2774 4493 mala,
2811 4436 2866 4482 et
2890 4428 3047 4482 saluti
3072 4439 3271 4483 nostrae
3299 4430 3596 4499 contraria.

341 4500 482 4566 apud
510 4498 766 4553 ecclesias
788 4496 1090 4554 Germaniae
1116 4496 1356 4552 celebres
1382 4497 1516 4550 fiunt
1549 4516 1561 4549 :
1595 4512 1696 4551 nec
1725 4512 1830 4551 non
1861 4505 1917 4551 et

338 4583 549 4633 eorum,
587 4584 814 4637 quorum
840 4581 1068 4637 corpora
1094 4567 1146 4637 in
1178 4567 1264 4620 his
1291 4566 1597 4637 regionibus
1627 4567 1910 4621 habentur.

326 4667 330 4671 ι
412 4637 500 4692 lV.
544 4636 697 4704 Quod
732 4636 1272 4694 communicationem
1311 4636 1466 4690 fracti
1494 4637 1648 4705 panis
1682 4645 1807 4690 ante
1834 4637 1914 4691 ci-

340 4705 471 4762 bum
487 4708 726 4775 quotidie
745 4722 960 4762 sumere
982 4720 1092 4759 non‘
1110 4715 1415 4775 respuatur,
1431 4707 1721 4762 secundum
1735 4721 1916 4761 exem-

340 4776 876 4853 pla-prmcedentinum
905 4777 976 4830 Pa
985 4784 1146 4829 trum.

415 4843 478 4899 νζ
529 4844 677 4911 Quod
709 4843 1244 4913 infirmorummajor
1272 4859 1400 4900 cura
1426 4845 1497 4899 sit
1526 4854 1580 4899 et
1613 4846 1913 4911 miseratio,

340 4927 532 4971 senum
579 4915 824 4969 videlicet
857 4923 912 4968 et
951 4911 1236 4983 debilium;
1274 4929 1447 4982 neque
1484 4916 1705 4983 penuria
1743 4916 1918 4970 victus

341 4984 663 5055 afﬂigantur,
697 5000 873 5055 neque
916 4981 1140 5038 vestitus
1173 4981 1500 5054 paupertate
1526 4994 1910 5050 conterantur;

341 5061 398 5124 et
427 5068 526 5107 nec
553 5054 766 5123 ineptiis
787 5054 1065 5124 aliquibus
1103 5066 1396 5118 vexentur;
1428 5055 1502 5108 ita
1531 5064 1590 5109 ut
1619 5070 1719 5111 nec
1752 5057 1916 5110 bacu-

342 5123 454 5181 lum
488 5124 568 5177 eis
599 5139 699 5193 pro
737 5123 1124 5180 sustentationc
1159 5124 1301 5178 ferre
1331 5124 1506 5188 liceat,
1539 5141 1641 5180 nec
1669 5126 1734 5180 ad
1765 5125 1916 5179 incli-

342 5193 632 5258 natorium,
659 5195 798 5263 quod
824 5210 922 5248 nos
943 5193 1223 5264 formulam
1247 5195 1494 5258 dicimus,
1527 5197 1784 5250 morando
1813 5197 1916 5252 ba:-

343 5277 464 5322 rere
495 5281 510 5317 :
539 5265 663 5334 quia
691 5280 865 5320 cmcus
908 5276 962 5322 et
998 5265 1220 5319 claudus
1248 5279 1355 5318 non
1385 5274 1606 5334 possunt
1647 5267 1762 5320 sine
1797 5281 1913 5319 sus-

344 5334 640 5404 tentatione
662 5335 836 5393 baculi
857 5335 991 5390 bene
1017 5336 1302 5398 incedere;
1329 5350 1430 5388 nec
1459 5335 1761 5404 decrepitus
1801 5335 1916 5387 sine

342 5401 573 5459 formula
604 5420 776 5470 genua
807 5405 1043 5460 ﬂectere.
1096 5405 1208 5459 Hoc
1242 5417 1512 5472 rogamus,
1543 5413 1602 5456 ut
1620 5401 1766 5458 tales
1793 5418 1918 5470 pro-

343 5480 463 5551 pter
487 5473 762 5551 fastidium
785 5478 850 5551 de
879 5475 1204 5551 monasterio
1231 5487 1335 5551 non
1363 5471 1666 5551 ejiciuntur,
1693 5487 1759 5528 ne
1780 5471 1916 5526 forte

346 5539 399 5598 in
423 5543 571 5597 cellis
599 5547 699 5599 sub
728 5546 878 5599 laicis
908 5542 1203 5605 constituti,
1231 5541 1346 5594 sine
1375 5539 1714 5595 confessione
1736 5549 1792 5595 et
1821 5556 1910 5596 ne-

347 5613 585 5667 cessario
605 5616 728 5667 vitro
753 5616 948 5668 viatico
974 5615 1293 5665 moriantur.

423 5677 506 5733 Vl.
556 5683 704 5744 Quod
757 5685 1004 5738 omnibus
1049 5681 1116 5735 ad
1160 5679 1543 5734 monasterium
1588 5681 1710 5736 vita:
1755 5681 1913 5743 huius

2019 4500 2126 4554 Sed
2160 4498 2349 4553 omnes
2381 4498 2494 4569 agri
2535 4505 2697 4566 atque
2742 4499 2892 4554 cella:
2923 4499 2995 4569 in
3039 4498 3313 4569 communi
3349 4499 3599 4569 omnium

2016 4569 2246 4624 fratrum
2284 4567 2437 4631 ﬁant,
2472 4575 2526 4622 et
2563 4581 2752 4623 omnes
2787 4568 3032 4623 homines
3063 4568 3153 4636 qui
3182 4569 3236 4622 in
3262 4567 3451 4622 eodem
3480 4583 3605 4622 mo-

2016 4638 2239 4694 nasterii
2270 4638 2388 4692 loco
2414 4638 2682 4700 habitant,
2713 4638 2780 4692 ab
2814 4654 2920 4692 uno
2942 4638 3194 4691 vestiario
3223 4637 3480 4691 vestitum
3506 4653 3607 4692 ac-

2018 4710 2237 4779 cipiant,
2278 4715 2439 4778 prout
2473 4706 2793 4779 praepositus
2827 4708 2942 4762 sive
2962 4706 3224 4779 "ccliarius
3254 4708 3607 4779 dispensave-

2019 4776 2158 4844 rint;
2198 4776 2298 4833 nec
2335 4777 2686 4832 mercimonia
2718 4778 2896 4846 aliqua
2927 4778 2995 4831 ab
3023 4776 3293 4845 aliquibus
3319 4777 3391 4831 ibi
3423 4779 3610 4831 venti-

2017 4849 2216 4911 lentur,
2248 4849 2341 4903 sed
2368 4849 2478 4901 sint
2501 4847 2682 4900 omnia
2709 4847 2958 4901 omnibus
2984 4847 3309 4901 communia.

2090 4917 2227 4972 XVI.
2271 4917 2339 4973 Ut
2364 4918 2478 4985 ipsa
2501 4917 2810 4971 monasterii
2834 4917 3131 4971 ministeria
3160 4931 3258 4984 per
3285 4915 3481 4970 fratres
3511 4931 3614 4970 or-

2019 4986 2294 5052 dinentur,
2338 4987 2391 5040 id
2427 4993 2512 5042 est
2544 4986 2852 5055 pistrinum,
2891 4988 3102 5050 hortus,
3132 4985 3476 5047 braciarium,
3505 5001 3607 5041 co-

2018 5057 2203 5126 quina,
2236 5056 2584 5126 agricultura,
2609 5064 2673 5126 et
2697 5065 2889 5110 czetera
2926 5055 3246 5118 ministeria,
3286 5056 3431 5126 sicut
3455 5055 3600 5126 aput

2018 5124 2331 5182 decessores
2359 5134 2572 5181 nostros
2597 5124 2847 5188 fuerunt;
2878 5126 3004 5196 quia
3034 5126 3276 5196 devotius
3303 5134 3358 5179 et
3384 5125 3614 5196 dignius

2016 5211 2113 5264 per
2143 5195 2337 5251 fratres
2361 5209 2520 5250 omne
2545 5193 3159 5266 exercebitur—ofﬁcium,
3191 5210 3352 5266 quam
3381 5207 3478 5263 per
3498 5193 3616 5248 lai-

2017 5263 2138 5320 cum
2164 5275 2254 5319 aut
2277 5280 2491 5320 servum
2517 5263 2854 5318 malevolum.

2086 5335 2244 5390 XVII.
2295 5335 2446 5402 Quod
2478 5333 2757 5388 malitiosae
2782 5343 2837 5387 et
2860 5333 3076 5391 furiosa:
3103 5335 3302 5391 mentis
3323 5332 3608 5397 homines,

2014 5414 2069 5458 et
2107 5407 2172 5458 ad
2203 5415 2395 5460 cuncta
2432 5404 2630 5472 flagitia
2656 5406 3016 5473 perpetranda
3045 5404 3450 5474 promptissimi,
3480 5418 3612 5458 non

2014 5474 2332 5544 colligantur
2367 5476 2508 5544 intra
2553 5475 2959 5539 monasterium,
3001 5475 3142 5529 sicut
3179 5475 3380 5544 factum
3411 5481 3493 5544 est
3533 5474 3614 5528 de

2015 5543 2105 5597 illo
2144 5542 2410 5598 homicida
2451 5542 2651 5597 clerico
2691 5544 2783 5613 qui
2817 5545 3140 5599 monachum
3179 5542 3468 5608 interfecit,
3501 5545 3615 5612 (ι’ιί

2016 5621 2204 5667 contra
2241 5614 2483 5668 omnium
2526 5613 2751 5666 fratrum
2789 5615 3120 5668 voluntatem
3155 5627 3211 5668 et
3245 5629 3608 5674 consensum,

2017 5683 2221 5738 locatus
2251 5693 2334 5738 est
2371 5683 2423 5737 in
2463 5684 2827 5738 monasterio:
2856 5685 2979 5754 quia
3026 5686 3295 5739 timemus.
3347 5697 3416 5738 ne
3457 5681 3620 5736 forte
