3838 6144
175 268 289 326 ω
1437 250 1766 313 AUCTORE
1806 251 1865 308 S.
1901 249 2150 306 ElGlLE.
3322 242 3427 302 426

179 374 638 454 quemadmodum
683 389 715 427 a
750 372 882 427 viris
931 370 1068 425 satis
1108 366 1376 432 ﬁdelibus,
1414 366 1522 420 imo
1556 364 1700 419 vasis
1735 374 1762 403 ι
1794 373 1844 429 Α
1870 376 2040 431 usque
2079 360 2134 414 in
2179 358 2323 413 hanc
2364 364 2581 413 mtatem
2634 355 2869 410 nutritus
2909 363 2965 409 et
3009 355 3254 411 eruditus
3294 370 3442 414 sum.

180 469 411 533 Christi,
457 466 600 520 illius
624 463 727 516 viri
764 461 1029 533 principia
1078 467 1133 514 et
1177 456 1661 519 conversationem,
1706 461 1763 507 et

185 560 502 617 fundamina
537 557 779 627 praedicti
818 553 1133 609 monasterii
1161 551 1375 623 agnovi,
1429 550 1554 604 huic
1583 556 1643 602 ut
1668 562 1765 618 po-_

190 653 269 707 tui
301 648 486 704 libello
520 646 721 719 ingessi
749 660 763 699 :
796 659 898 699 nec
931 659 1037 699 non
1075 652 1131 698 et
1161 656 1348 696 carum
1386 654 1566 696 rerum
1590 638 1767 693 diver-

188 742 407 802 sitates,
437 752 575 806 quas
605 736 763 790 istius
791 733 974 788 saeculi
1016 747 1207 788 cursus
1238 731 1605 785 indesinenter
1630 727 1770 797 pati-

190 847 304 896 tur,
336 829 482 884 sicut
518 827 758 895 ipsorum
786 823 961 878 relatu
1004 821 1091 877 vel
1128 836 1247 877 meo
1285 820 1475 875 obtutu
1516 826 1775 887 expertus

194 935 336 982 sum,
369 916 623 972 similiter
652 914 876 969 inserui.
901 912 1035 967 Nam
1061 921 1117 965 et
1145 925 1245 982 ego
1281 909 1420 980 Eigil
1458 910 1512 962 in
1542 909 1778 975 discipu-

195 1014 309 1068 latu
365 1012 511 1065 illius
564 1008 686 1079 plus
736 1022 902 1078 quam
953 1006 1143 1077 viginti
1196 1018 1368 1058 annos
1422 1007 1777 1057 conversatus

193 1118 368 1166 eram,
414 1109 471 1155 et
494 1101 595 1155 sub
633 1100 801 1168 ipsius
829 1098 1061 1153 etenobii
1104 1095 1385 1163 disciplina
1430 1093 1499 1147 ab
1542 1089 1770 1146 infantia

269 1245 302 1275 ι
330 1230 386 1285 id
420 1238 507 1283 est
551 1228 850 1298 virginibus
888 1242 981 1298 seu
1013 1218 1779 1298 sanctimonialibus,ﬁnibus

200 1303 431 1356 forsitan
457 1289 813 1368 Angildrutha
853 1296 1124 1368 abbatissa
1158 1301 1408 1368 proserat,
1442 1292 1504 1368 in
1548 1289 1776 1368 Bisebo-

204 1369 513 1429 fheimensi,
544 1358 619 1421 an
670 1366 1006 1435 Kizzingensi
1045 1358 1378 1435 parthenone
1404 1361 1602 1435 vicino.
1641 1358 1780 1411 Pau-

206 1442 288 1494 lus
319 1439 621 1507 apostolus
645 1431 926 1507 tuuliereltt
961 1431 1063 1488 vas'
1090 1432 1323 1507 appellat
1362 1431 1381 1485 ι
1413 1431 1628 1507 'l‘bcss.,
1659 1442 1781 1507 c'ap.

210 1526 282 1569 Iv,
316 1496 463 1579 vers.
513 1507 568 1560 4.
600 1506 838 1579 Donatus
884 1496 1328 1579 Vesontionensis
1355 1496 1783 1579 cpiscopusnlic-

210 1566 387 1651 gulam
416 1578 488 1632 ab
515 1592 577 1631 se
600 1575 975 1629 concinnatam
1004 1572 1250 1627 inscribit
1286 1566 1787 1625 sanctimonialibus

1865 453 2204 523 Quapropter
2233 448 2486 504 nonnulla
2516 462 2706 502 eorum
2730 462 2851 515 quae
2884 446 3098 515 scripsi,
3128 446 3328 503 vidisse
3352 461 3441 523 me

1868 513 2102 600 twestams-
2135 557 2276 597 sum.
2322 540 2401 594 En
2449 539 2617 594 babes
2663 513 2807 608 quod
2848 513 3112 608 poscebas
3141 513 3445 609 putativum

1868 633 2075 690 nomini
2119 639 2212 685 tuo
2255 630 2513 695 dicatum,
2565 629 2767 697 tibique
2802 629 3059 682 tuendum
3101 629 3444 684 derelictum.

1872 726 1953 781 Tu
1978 724 2281 779 invidorum
2307 720 2603 776 maledictis
2629 719 2924 789 responde;
2958 727 3013 773 tu
3044 733 3131 774 me
3160 720 3334 790 magis
3353 720 3469 779 be—,

1870 813 2118 869 nevolum
2140 827 2301 881 quam
2327 818 2810 880 praesumptuosum
2839 808 3092 875 defende;
3119 818 3176 863 tu
3197 823 3285 863 me
3307 810 3451 883 apud

1870 903 2147 959 Christum
2173 915 2361 954 verum
2389 915 2645 970 sponsum
2689 908 2840 954 tuum
2880 900 3082 956 sanctis
3116 899 3451 956 orationibus

1879 989 1985 1049 tuis
2009 996 2276 1045 sustenta.

1878 1217 2221 1276 Jussanensis
2250 1214 2517 1286 emnobii,
2543 1229 2679 1286 quas
2710 1230 2837 1269 vasa
2861 1214 3054 1269 Christi
3081 1217 3457 1286 pretiosissima

1880 1298 2057 1355 vocat;
2092 1298 2148 1343 et
2176 1286 2461 1342 concilium
2487 1284 2843 1340 Cabilonense
2864 1284 3179 1356 secundum,
3211 1300 3332 1356 cap.
3363 1286 3455 1348 52.

1881 1359 2127 1431 praecipit
2149 1356 2439 1412 abbatissis
2473 1364 2531 1409 ut
2554 1371 2615 1411 se
2646 1355 3123 1431 virginesquesibi
3138 1355 3460 1431 commissas

1884 1424 2176 1486 observent
2216 1437 2274 1481 ut
2308 1443 2432 1481 rasa
2458 1436 2640 1481 sancta
2664 1426 2721 1479 iu
2742 1424 3053 1479 ministerio
3082 1424 3292 1479 Domini
3323 1441 3461 1497 prae-

1887 1509 2096 1571 parata.

224 1715 3416 1751 ______________________________________________.____..

1330 1872 1864 1990 INCIPIT
1951 1867 2345 1989 VITA.
2438 1830 2443 1837 ’

279 2193 335 2248 2.
374 2191 648 2258 Tempore
679 2186 911 2258 quodam
947 2191 1168 2240 sanctus
1214 2196 1279 2236 ac
1327 2179 1667 2236 venerandus
1703 2193 1797 2232 ar-
1820 2180 1868 2242 B
1894 2173 2193 2247 profundus
2226 2172 2282 2228 in
2329 2186 2511 2239 sensu,
2563 2186 2729 2245 sagax
2766 2174 2819 2229 in
2855 2175 3202 2246 cogitatione,
3230 2180 3472 2250 prudens

219 2281 594 2352 cbiepiscopus
615 2277 925 2333 Bonifacius
952 2273 1205 2330 Noricam
1226 2285 1253 2314 ι
1282 2271 1556 2342 regionem
1588 2269 1794 2341 ingres-

220 2388 330 2436 sus,
362 2385 489 2424 cum
535 2368 848 2425 sacerdotes
894 2374 950 2421 et
978 2366 1262 2420 universos
1293 2361 1550 2418 Ecclesiae
1576 2360 1795 2417 ordines

224 2462 289 2516 ad
309 2459 635 2515 catholicam
687 2458 952 2513 imbueret
999 2456 1181 2521 fidem,
1222 2460 1555 2522 cunctosque
1591 2452 1792 2506 ibidem

226 2549 598 2604 hereticorum
626 2561 843 2601 errores
872 2546 940 2599 ab
969 2542 1224 2599 Eeclesiis
1244 2541 1564 2612 repelleret;
1592 2538 1796 2594 Christi

228 2639 448 2710 populos
475 2651 692 2706 quoque
726 2636 903 2706 gentis
928 2635 1092 2701 illius,
1119 2634 1243 2690 licet
1271 2621 1456 2689 essent
1480 2630 1794 2696 Christiani,

227 2730 291 2783 ab
311 2726 552 2796 antiquis
579 2733 759 2780 tamen
787 2739 1118 2795 paganorum
1144 2723 1410 2794 contagiis
1445 2730 1502 2778 et
1528 2721 1798 2792 perversis

227 2819 585 2890 dogmatibus,
622 2816 906 2871 veraeibus
940 2815 1142 2872 Christi
1188 2816 1449 2872 doctrinis
1485 2814 1795 2879 cohiberet;

228 2912 500 2977 coeperunt
532 2906 584 2961 ei
614 2905 861 2961 certatim
903 2903 1113 2960 nobiles
1143 2904 1248 2959 viri
1291 2905 1347 2959 in
1376 2903 1657 2960 servitium
1694 2903 1802 2958 D0-

230 2998 349 3052 mini
405 2996 725 3051 nutriendas
769 3010 895 3050 suas
936 2993 1131 3051 oderre
1175 2993 1390 3050 subules
1418 3013 1430 3049 :
1461 3003 1589 3049 tunc
1634 2994 1800 3049 etiam

229 3103 353 3158 puer
412 3086 622 3141 Sturmi
664 3093 883 3156 precatu
927 3094 1208 3156 parentum
1251 3086 1320 3140 ab
1370 3100 1436 3141 eo
1481 3094 1796 3156 susceptus;

229 3179 313 3248 qui
350 3177 547 3231 Norica
580 3176 857 3246 provincia
881 3184 1120 3241 exortus,
1150 3174 1416 3231 nobilibus
1454 3184 1510 3230 et
1534 3173 1800 3231 Christia-

232 3271 309 3324 nis
337 3269 656 3341 parentibus
685 3275 977 3336 generatus
1021 3272 1077 3321 et
1110 3264 1349 3320 nutritus
1377 3264 1498 3319 fuit.
1531 3264 1634 3332 Qui
1683 3278 1804 3319 car-

233 3361 333 3414 nali
357 3360 580 3429 quidem
610 3357 799 3411 relicta
827 3356 1145 3427 cognatione
1182 3363 1385 3409 nostrae
1411 3354 1805 3423 redemptionis

230 3458 440 3504 secutus
473 3446 634 3520 [adde
658 3443 988 3516 consilium],
1016 3432 1477 3516 peregrinationis.
1499 3443 1644 3496 viam
1682 3457 1806 3496 cum

1892 2266 1949 2321 in
1979 2279 2258 2331 sermone;
2286 2264 2512 2337 pulchro
2537 2279 2779 2337 aspectu,
2808 2285 2994 2341 gressu
3017 2276 3341 2344 composito,
3369 2278 3470 2333 ho-

1894 2356 2064 2411 nestis
2092 2355 2354 2422 moribus,
2376 2356 2487 2411 vita
2522 2356 2884 2413 immaculata.
2916 2360 3214 2431 Charitate,
3247 2366 3471 2421 humili-

1896 2453 2025 2508 tate,
2057 2446 2493 2513 mansuetudine,
2520 2445 2823 2517 alacritate,
2850 2452 3093 2509 omnium
3135 2454 3188 2509 in
3220 2471 3279 2512 se
3308 2459 3474 2513 traxit

1895 2555 2140 2595 amorem
2149 2579 2163 2593 .

1965 2629 2019 2683 5.
2057 2629 2187 2685 Post
2224 2645 2332 2686 non
2367 2630 2585 2700 longum
2632 2633 2888 2703 temporis
2933 2635 3218 2709 presbyter
3247 2637 3487 2694 omnium

1896 2717 2189 2786 voluntate,
2232 2720 2581 2791 omniumque
2599 2723 2878 2778 'consensu
2915 2740 3196 2782 servorum
3243 2724 3337 2782 Dei
3379 2743 3469 2782 or-

1897 2807 2132 2875 dinatus,
2160 2811 2325 2882 erepit
2362 2812 2589 2882 mystica
2618 2812 2758 2868 dicta
2799 2813 3000 2871 Christi
3044 2817 3472 2891 circumquaque

1897 2898 2231 2969 temporibus
2266 2901 2603 2971 opportunis,
2626 2902 2839 2974 populis
2868 2905 3132 2962 instanter
3153 2909 3469 2978 prmdieare.

1901 2987 2087 3047 Sacra:
2111 2992 2277 3047 etiam
2304 2994 2532 3049 virtutes
2557 3008 2656 3063 per
2674 2995 2854 3050 divina
2885 2998 3057 3053 sancti
3080 2997 3315 3070 Spiritus
3343 3003 3476 3057 cha-

1900 3083 2125 3140 rismata
2168 3083 2369 3140 flebant
2399 3086 2467 3140 ab
2502 3101 2567 3142 eo
2606 3086 2872 3157 plurimae.
2907 3088 3130 3157 Quoties
3159 3107 3255 3162 per
3289 3101 3478 3147 sancta

1901 3162 2208 3227 orationum
2236 3174 2415 3229 studia
2440 3175 2493 3229 in
2524 3175 2620 3231 Dei
2652 3177 2870 3232 nomine
2898 3176 3295 3235 immundorum
3323 3182 3482 3252 spiri-

1904 3270 2057 3318 tuum
2086 3263 2474 3320 habitationem
2503 3282 2535 3321 a
2564 3269 2940 3337 peccatoribus
2966 3268 3287 3327 Christianis
3314 3288 3481 3343 expu-

1905 3353 2005 3408 lit!
2035 3354 2259 3421 Quoties
2291 3370 2389 3425 per
2411 3357 2808 3426 impositionem
2838 3374 3054 3424 manus,
3091 3375 3189 3429 per
3222 3363 3482 3419 humilem

1907 3444 2209 3499 orationem
2256 3443 2324 3497 ab
2369 3444 2610 3500 adversis
2638 3445 3035 3501 valetudinibus
3074 3450 3283 3503 sanavit
3316 3467 3485 3521 (egro-

230 3542 477 3612 episcopo
497 3540 749 3610 paritera
767 3553 873 3607 quo
894 3548 1012 3591 erat
1033 3544 1336 3606 susceptus,
1363 3535 1524 3590 flente
1548 3535 1803 3589 universa
1828 3529 1874 3593 C
1909 3534 2023 3589 tos!
2059 3533 2282 3601 Quoties
2319 3535 2647 3605 serpentinis
2683 3534 2882 3591 infecta
2913 3538 3075 3592 corda
3101 3540 3342 3607 venenis,
3389 3542 3487 3597 do-

228 3631 522 3704 parentela,
550 3636 830 3701 gratanter
851 3627 1101 3697 arripuit.
1132 3627 1375 3697 Cumque
1402 3626 1649 3697 pluribus
1672 3640 1801 3696 pro-

229 3722 417 3777 vinciis
448 3720 752 3791 peragratis
781 3718 846 3771 ad
892 3717 1148 3772 Friteslar
1178 3716 1500 3772 ilessionum
1539 3717 1593 3771 in
1625 3715 1802 3786 regio—

232 3828 345 3866 nem
370 3811 544 3866 sancti
571 3810 671 3864 viri
703 3809 1007 3863 coenobium
1031 3809 1244 3863 tandem
1274 3809 1671 3878 pervenissent,
1701 3823 1800 3863 no-

232 3903 384 3956 bilem
439 3915 669 3971 puerum
728 3914 826 3953 suo
891 3899 1107 3954 cuidam
1170 3898 1526 3968 presbytero,
1585 3895 1804 3951 nomine

233 3989 507 4060 Wigbcrto
537 3990 588 4053 δ,
627 3997 849 4043 sanctus
885 3987 1281 4043 commendavit
1304 3987 1608 4057 episcopus.
1642 3986 1807 4042 Adhi-

232 4079 335 4133 bita
367 4089 498 4134 tunc
526 4079 674 4133 omni
718 4079 994 4149 diligentia
1025 4079 1305 4148 presbyter
1330 4086 1548 4132 sanctus
1580 4093 1806 4147 puerum

235 4171 485 4227 Sturmen
536 4172 604 4225 ad
651 4172 744 4227 Dei
775 4172 1160 4241 omnipotentis
1198 4170 1481 4226 servitium
1526 4170 1809 4225 instituere

234 4265 453 4318 studuit.
499 4261 730 4317 Psalmis
768 4262 943 4316 tenaci
990 4262 1264 4316 memoria:
1294 4260 1527 4323 traditis,
1565 4259 1809 4314 lectioni-

236 4352 435 4422 busque
466 4352 882 4422 quamplurimis
909 4352 1132 4421 perenni
1174 4350 1687 4406 commemoratione
1718 4349 1811 4403 lir-

239 4443 418 4506 matis,
450 4457 664 4495 sacram
694 4442 859 4510 carpit
882 4440 1083 4495 Christi
1112 4454 1247 4510 puer
1280 4438 1613 4507 Scripturam
1644 4437 1807 4507 spiri-

237 4532 359 4585 tuali
393 4531 696 4600 intelligere
728 4546 891 4585 sensu
917 4547 930 4582 :
959 4538 1190 4598 quatuor
1214 4528 1629 4598 Evangeliorum
1654 4525 1812 4580 Chri-

236 4623 301 4677 sti
356 4623 614 4693 mysteria
657 4621 1051 4676 studiosissime
1092 4619 1303 4673 curavit
1338 4617 1659 4681 addiscere;
1708 4616 1813 4671 Νο-

235 4726 355 4765 vum
394 4726 609 4781 quoque
655 4727 719 4764 ac
772 4710 939 4765 Vetus
986 4710 1413 4772 'I‘estamentum,
1461 4707 1512 4762 in
1552 4717 1811 4778 quantum

237 4804 551 4868 sulliciebat,
585 4801 828 4856 lectionis
851 4802 1166 4855 assiduitate
1199 4800 1249 4853 in
1277 4800 1457 4854 cordis
1480 4800 1559 4853 sui
1593 4799 1809 4853 thesau-

1901 3625 2076 3680 ctrina
2106 3625 2332 3679 salutari
2362 3626 2705 3692 subveniens,
2732 3626 2931 3683 letbale
2968 3628 3114 3683 virus
3139 3631 3280 3699 quod
3322 3633 3487 3702 pesti-

1903 3714 2017 3769 fere
2042 3715 2265 3780 latebat,
2303 3716 2567 3770 medendo
2596 3717 2834 3772 curavit!
2888 3718 3193 3787 Discordes,
3224 3735 3357 3790 pace
3397 3740 3487 3778 ru-

1904 3812 2019 3877 pta,
2045 3805 2112 3858 ad
2135 3805 2483 3860 concordiam
2504 3806 2787 3863 charitatis
2812 3809 2990 3864 redire
3019 3818 3144 3864 ante
3164 3811 3291 3866 solis
3324 3827 3485 3868 occa-

1907 3911 2026 3951 sum
2063 3894 2388 3965 imperavit;
2419 3896 2762 3965 patientiam,
2794 3899 2953 3952 animi
2995 3902 3487 3969 mansuetudinem,

1907 3987 2127 4056 spiritus
2154 3986 2537 4053 humilitatem,
2568 3989 2747 4044 cordis
2777 3989 3270 4060 longanimitatem;
3302 3992 3485 4059 fidem,

1909 4092 2060 4147 spem
2088 4085 2251 4146 atque
2279 4077 2622 4143 cbaritatem,
2649 4094 2838 4133 omnes
2873 4080 3073 4135 habere
3103 4081 3308 4135 docuit.
3494 4068 3511 4073 ’

1975 4168 2029 4221 4.
2053 4168 2293 4238 Cumque
2336 4184 2473 4240 pene
2497 4170 2669 4225 tribus
2688 4172 2842 4225 annis
2876 4172 2953 4225 sic
2977 4172 3383 4241 presbyteratus
3403 4173 3488 4227 sui

1907 4259 2247 4327 prmdicando
2276 4275 2341 4313 ac
2374 4260 2696 4329 baptizando
2717 4258 2951 4313 cilicium
2984 4268 3200 4330 gereret
3228 4262 3279 4314 in
3307 4262 3482 4331 plebe,

1909 4346 2116 4401 cmlesti
2160 4347 2235 4400 illi
2265 4346 2620 4416 inspiratione
2648 4348 2900 4418 cogitatio
2928 4349 3116 4403 incidit
3153 4350 3206 4403 in
3244 4365 3340 4406 cor
3364 4391 3379 4415 ,
3432 4360 3490 4423 ut

1911 4437 2132 4491 arctiori
2165 4452 2222 4492 se
2249 4438 2357 4491 vita
2387 4447 2441 4492 et
2468 4439 2636 4508 eremi
2659 4438 2906 4508 squalore
2940 4440 3351 4510 constringeret.
3380 4440 3489 4495 llu-

1904 4528 1993 4598 jus
2013 4529 2354 4599 cogitationis
2387 4528 2571 4599 jugcm
2610 4529 2923 4584 memoriam
2953 4531 3177 4601 singulis
3203 4533 3489 4589 momentis

1913 4628 1968 4674 et
1994 4621 2143 4674 horis
2196 4620 2415 4689 gerebat
2449 4621 2501 4673 in
2544 4627 2786 4688 pectore,
2820 4620 2988 4674 donec
3039 4622 3217 4675 divina
3249 4624 3490 4678 admoui-

1915 4712 2058 4766 tione
2086 4713 2399 4776 instructus,
2426 4713 2544 4767 viro
2587 4712 2679 4766 Dci
2729 4711 3003 4768 Bonifacio
3051 4715 3487 4787 archiepiscopo,

1917 4804 2056 4872 quod
2089 4804 2268 4858 animo
2298 4804 2504 4859 occulte
2538 4812 2859 4873 conceperat
2887 4845 2900 4868 ,
2954 4804 3180 4874 spiritali
3232 4807 3492 4878 magistro

240 4906 355 4946 tum
410 4892 704 4946 recondere
747 4891 975 4946 curaVil-
1033 4892 1161 4945 Erat
1188 4890 1406 4960 quippe.
1447 4898 1505 4943 ιιι
1550 4890 1808 4959 SCI‘iplum
1836 4870 1888 4930 D
1915 4895 2187 4950 revelavit.
2219 4896 2333 4961 Quo
2357 4904 2633 4964 comperto
2659 4895 2741 4948 vir
2766 4902 2985 4949 sanctus
3028 4911 3057 4949 a
3087 4895 3198 4951 Deo
3227 4898 3368 4952 hanc
3404 4898 3491 4953 in-

239 4991 337 5048 est,
373 4981 653 5037 mcditatio
686 4980 802 5050 ejus
848 4983 901 5036 in
949 4981 1065 5050 lege
1109 4980 1321 5035 Domini
1366 4981 1454 5035 die
1510 4996 1571 5034 ac
1611 4988 1809 5046 nocte;

256 5120 331 5210 ζέε
361 5140 667 5210 Bajnariam
711 5142 946 5205 scilicet,
993 5141 1259 5195 'l‘assiloni
1305 5141 1427 5210 duci
1482 5138 1810 5210 subiectam,

242 5208 495 5281 Noricam
528 5213 764 5281 antiquis
794 5212 1136 5281 appellatam.
1166 5212 1240 5266 De
1268 5226 1329 5281 ea
1357 5209 1556 5265 Paulus
1587 5208 1818 5281 Wagne-

866 5279 999 5336 estis
1027 5279 1526 5363 Langobardorum,
1556 5294 1674 5363 cap.
1704 5279 1763 5359 ξι
1796 5296 1812 5334 :
1843 5302 1853 5312 ο

237 5277 363 5334 fridi
407 5281 460 5335 in
488 5281 585 5335 lib.
619 5277 677 5336 ιιὶ
709 5282 775 5335 de

242 5365 263 5422 ς
298 5348 553 5422 _Noricum
573 5352 849 5420 provincia
883 5368 1042 5421 quam
1067 5348 1438 5422 Bafoariorum
1470 5349 1697 5422 pepnlns
1728 5348 1813 5422 ing-

236 5413 542 5484 habitabat,
573 5413 744 5477 habet
796 5423 862 5476 ab
900 5413 1516 5481 'oricnte'Pannoniam,
1539 5413 1628 5473 'ab
1676 5419 1815 5473 occi—

235 5486 399 5544 dente
423 5490 700 5555 Suaviam,
730 5506 759 5544 a
791 5492 1014 5546 meridie
1038 5491 1264 5554 ltaliam,
1301 5492 1369 5545 ab
1395 5489 1661 5559 aquilonis
1685 5504 1814 5559 vero

238 5571 393 5627 parte
428 5561 655 5614 Danubii
688 5561 902 5615 ﬂuenta.
940 5581 958 5611 ι
995 5560 1130 5614 lline
1152 5559 1345 5615 Carolo
1386 5558 1574 5628 magno
1600 5558 1813 5612 occasio

238 5630 491 5686 mittendi
538 5630 761 5685 Sturmii
808 5632 872 5685 ad
896 5631 1233 5687 Tassilonem
1265 5628 1621 5687 reformandac
1662 5628 1812 5699 pacis

605 5722 880 5783 PATROL.
925 5722 1054 5785 CV.

1912 4984 2260 5053 spirationem
2289 4985 2629 5040 descendisse
2668 4984 2950 5049 intellexit,
2977 4986 3321 5056 gaudensque
3349 4985 3493 5056 quod

1916 5142 2110 5213 gratia,
2139 5142 2282 5213 quod
2313 5142 2365 5197 id
2393 5142 2603 5197 facilius
2637 5151 2991 5199 exsecuturus
3018 5145 3293 5200 videretur
3330 5144 3492 5213 homo

1915 5211 2213 5336 popularis.
2269 5212 2332 5265 Et
2386 5213 2660 5280 Bajoarios
2712 5227 2852 5281 sarpe
2904 5215 3090 5270 invisit
3137 5211 3484 5275 Bonifacius,

1936 5283 2245 5336 lucbertum
2288 5281 2478 5335 ducem
2515 5284 2782 5335 fautorem
2820 5293 3075 5336 expertus
3116 5284 3168 5335 in
3198 5280 3373 5335 reditu
3417 5295 3484 5334 ex

1936 5283 2245 5337 lucbertum
2288 5280 3075 5353 duccmfautorem’expertus
3116 5284 3168 5335 in
3198 5280 3392 5353 reditu_
3417 5295 3485 5334 ex

1917 5353 2163 5432 Romam;
2182 5352 2612 5432 peregrinatione
2636 5347 2955 5432 factaﬂanno
2981 5353 3103 5432 752,
3128 5365 3235 5419 quo
3262 5347 3490 5406 forsitan

1919 5437 2100 5478 secum
2132 5422 2426 5475 Sturmium
2455 5423 2674 5476 adduxit
2702 5423 2753 5476 in
2785 5422 3149 5477 Germaniam.

1984 5493 2019 5572 ,ιι
2054 5491 2257 5565 Nempe
2304 5500 2488 5547 sancto
2540 5491 2820 5563 Wigberto
2873 5490 3053 5546 abbati
3104 5485 3490 5547 Fritislarionsi

1917 5577 2109 5632 primo.

2942 5710 3017 5772 1’s
