3838 6144
323 278 432 335 627

1666 275 1823 333 νιτΑ
1859 275 1921 332 ὃ.
1966 271 2247 332 STURMII

3476 274 3594 330 ηδ

330 397 587 453 Dominus
610 395 757 450 illum
787 410 883 465 per
902 410 1051 449 suam
1079 394 1309 465 gratiam
1331 393 1622 448 admonere
1648 392 1900 462 dignatus
1925 394 1978 454 Α
2003 404 2219 461 quaque
2252 396 2306 444 ct
2329 390 2736 447 considerantes
2765 397 2984 453 terram,
3020 399 3254 454 mentes,
3276 389 3469 454 colles,
3497 406 3589 445 sn-

324 498 429 555 est,
463 489 554 543 tali
584 487 761 544 studio
807 486 1183 541 devotissimus
1231 484 1409 539 fautor
1434 491 1713 556 gratanter
1735 483 1901 539 exsti—

332 583 418 634 tit.
448 578 727 647 Adjunctis
750 591 879 646 ergo
909 574 959 630 ei
980 575 1187 630 duobus
1213 573 1524 638 comitibus,
1547 573 1905 641 omnibusque

326 671 612 743 diligenter
644 665 946 732 instructis,
972 665 1215 721 oratione
1243 663 1382 719 facta
1428 673 1484 720 et
1528 663 1906 725 benedictione

327 778 492 834 super
510 776 603 817 eos
630 760 779 825 data,
808 757 1048 829 Pergite,
1074 758 1151 812 ait
1183 757 1486 828 episcopus,
1516 756 1573 810 in
1608 755 1749 809 hanc
1779 753 1908 811 soli-

328 856 565 909 tudinem
588 867 706 922 qua:
733 852 1004 906 Bochonia
1039 856 1414 921 nuncupatur;
1467 855 1764 917 aptumque
1792 860 1907 901 ser-

326 950 407 1004 vis
435 949 528 1003 Dei
553 948 619 1002 ad
649 945 1059 1002 inhabitandum
1075 942 1346 1013 exquirite
1376 945 1576 997 locum.
1601 939 1802 994 Potens
1824 944 1909 992 est

322 1042 467 1096 enim
492 1014 633 1096 De'us
659 1052 855 1110 parare
886 1036 1061 1093 servis
1089 1035 1202 1090 suis
1234 1033 1408 1088 locum
1431 1032 1486 1086 in
1509 1031 1747 1087 deserto.
1777 1028 1909 1085 Per-

324 1144 515 1186 rexere
562 1129 745 1199 itaque
775 1127 850 1182 illi
881 1135 993 1181 tres
1020 1125 1091 1179 ad
1122 1139 1364 1179 eremum
1395 1140 1408 1176 :
1457 1119 1793 1192 ingressique
1821 1133 1908 1175 so-

317 1222 566 1277 litudinis
598 1219 834 1289 agrestia
878 1217 1017 1280 loca,
1045 1224 1245 1285 praeter
1272 1212 1468 1270 cmlum
1508 1226 1573 1266 ac
1600 1218 1801 1266 terram
1853 1215 1909 1265 et

323 1290 568 1381 ingentes
596 1309 820 1364 arbores
846 1321 985 1377 pene
1020 1305 1153 1360 nihil
1198 1312 1504 1368 cernentes,
1538 1302 1728 1357 devote
1751 1298 1909 1355 Chri-

320 1412 465 1455 stum
505 1397 798 1470 poscebant
820 1404 877 1450 ut
910 1394 1074 1466 pedes
1112 1393 1323 1448 illorum
1356 1391 1411 1446 in
1432 1391 1575 1451 viam
1601 1389 1752 1460 pacis
1774 1387 1906 1443 diri-

319 1498 494 1560 geret.
528 1488 624 1542 Die
660 1486 820 1541 tertio
861 1490 1222 1571 pervenerunt
1268 1480 1337 1535 ad
1366 1479 1545 1536 locum
1596 1478 1686 1549 qui
1737 1492 1911 1571 usque

323 1578 486 1632 hodie
512 1575 741 1645 Hersfelt
771 1587 797 1615 ει
820 1566 1037 1629 dicitur.
1089 1570 1232 1627 Visis
1262 1568 1665 1640 exploratisque
1711 1566 1909 1622 ibidem

327 1668 464 1724 locis
497 1645 918 1737 circumquaque
946 1663 1157 1736 positis,
1194 1662 1470 1718 Christum
1498 1660 1602 1716 sibi
1634 1659 1809 1715 locum
1838 1658 1907 1714 ad

2004 477 2216 547 periura
2257 486 2313 532 et
2351 475 2605 532 inferiora
2639 477 3001 548 explorantes,
3041 478 3130 533 ubi
3174 478 3436 533 Dominus
3471 493 3597 535 ser—

2003 567 2086 623 vis
2118 568 2232 623 suis
2274 568 2330 623 in
2376 567 2666 623 solitudine
2706 570 2775 623 ad
2823 568 3231 623 inhabitandum
3281 576 3466 640 aptum
3498 569 3597 625 de-

2004 666 2336 714 monstraret
2372 658 2580 725 locum;
2626 660 2789 715 tertio
2810 659 3025 715 demum
3055 660 3141 715 die
3167 662 3235 717 ad
3261 660 3440 718 locum
3467 676 3604 732 per-

2004 757 2267 805 venerunt
2292 749 2381 805 ubi
2406 750 2603 809 ﬂumen
2630 751 2774 822 quod
2813 751 3012 807 dicitur
3060 751 3269 807 Ludera
3315 753 3487 808 intrat
3532 752 3599 807 in

2004 839 2252 897 Fuldam.
2284 840 2411 895 lude
2441 855 2655 896 reversa
2697 856 2855 909 nave,
2883 849 3166 910 ceperunt
3193 841 3261 897 ad
3305 843 3598 914 propriam

2006 949 2249 990 remeare
2275 935 2491 1000 cellam,
2517 934 2654 989 nihil
2699 934 2804 991 tale
2851 934 3185 1005 reperientes
3211 936 3354 1004 quod
3398 952 3599 992 eorum

2007 1027 2302 1097 placuisset
2327 1028 2622 1090 obtutibus,
2639 1035 2834 1099 praeter
2857 1029 2999 1097 quod
3024 1028 3297 1099 paulisper
3314 1029 3597 1086 demorati

2008 1127 2134 1174 sunt
2156 1119 2213 1175 in
2243 1118 2362 1175 loco
2384 1120 2477 1191 qui
2499 1120 2696 1176 dicitur
2720 1120 3025 1186 Rohenbah,
3053 1120 3144 1174 ubi
3165 1121 3246 1176 eis
3274 1121 3448 1176 visum
3480 1120 3599 1176 fue-

2008 1217 2095 1283 rat
2137 1224 2297 1278 posse
2329 1225 2516 1265 servos
2536 1209 2630 1265 Dei
2658 1218 2930 1281 utcunque
2948 1224 3066 1266 esse
3096 1226 3111 1263 :
3141 1225 3249 1267 non
3277 1219 3460 1265 tamen
3490 1226 3595 1281 per
3682 1252 3689 1257 .

2007 1302 2188 1356 omnia
2215 1302 2543 1357 aestimantes
2555 1302 2867 1358 venerando
2889 1302 3140 1372 episcopo
3167 1302 3456 1372 placuisse.
3487 1302 3598 1370 Qui

2010 1406 2131 1447 cum
2153 1407 2252 1462 per
2281 1393 2522 1464 ejusdem
2550 1393 2786 1448 lluniinis
2814 1393 3022 1448 alveum
3053 1395 3454 1463 renavigarent,
3468 1404 3601 1465 post

2009 1496 2117 1535 non
2147 1480 2363 1551 longum
2393 1489 2603 1552 tempus
2627 1482 2694 1536 ad
2726 1496 2824 1537 sua
2872 1482 3199 1552 paupercula
3223 1491 3599 1552 pervenerunt

2011 1572 2354 1628 habitacula:
2386 1579 2501 1627 tum
2522 1571 2795 1627 Christum
2825 1571 2898 1626 ibi
2936 1572 3082 1627 omni
3114 1580 3354 1641 tempore
3387 1573 3603 1642 depre-

2012 1671 2222 1729 cantes,
2251 1669 2311 1716 ut
2343 1661 2422 1716 eis
2450 1662 2807 1717 desideratam
2836 1662 3146 1717 ostenderet
3174 1663 3345 1717 eremi
3380 1663 3601 1718 habita-

327 1734 737 1823 inhahitandum
766 1734 1009 1812 benedici
1064 1759 1425 1825 poposcerunt
1453 1769 1466 1805 :
1496 1760 1659 1820 atque
1686 1749 1743 1804 in
1789 1749 1908 1805 loco
1935 1734 1985 1794 Β
2012 1753 2210 1809 tionem
2233 1792 2250 1817 ,
2295 1751 2381 1806 ubi
2418 1753 2711 1807 secundum
2750 1760 3075 1822 praeceptum
3120 1753 3291 1807 sancti
3320 1752 3596 1809 Bonifacii

326 1849 419 1905 illo
440 1850 527 1905 ubi
556 1864 699 1904 nunc
720 1846 1112 1907 monasterium
1141 1845 1305 1901 situm
1330 1852 1434 1909 est,
1463 1857 1632 1914 parva
1650 1841 1909 1918 arborum

326 1940 619 1995 corticibus
642 1946 784 1995 tecta
817 1937 1096 1993 instruunt
1139 1934 1464 1999 habitacula,
1491 1939 1911 2001 manseruntque

328 2031 433 2085 illic
463 2038 671 2099 tempus
700 2044 808 2085 non
837 2027 1127 2090 modicum,
1160 2024 1334 2082 sacris
1376 2023 1597 2094 jejuuiis
1625 2032 1682 2079 et
1707 2018 1910 2091 vigiliis

327 2131 490 2191 atque
516 2119 853 2176 orationibus
877 2119 989 2174 Deo
1024 2116 1347 2173 servientes.

399 2210 451 2266 5.
490 2210 620 2266 Post
648 2209 985 2279 aliquantum
1030 2222 1161 2263 vero
1205 2205 1462 2283 temporis
1500 2211 1688 2260 sancto
1732 2203 1913 2259 studio

331 2301 569 2373 repletus
598 2299 825 2365 Sturmi,
863 2314 1114 2371 egressus
1137 2299 1201 2356 de
1225 2313 1409 2355 eremo
1431 2298 1499 2352 ad
1541 2303 1790 2352 sanctum
1818 2310 1910 2350 ar-

329 2384 733 2461 chiepiscopum
756 2388 1089 2444 Bonifacium
1115 2387 1388 2459 perrexit;
1433 2386 1590 2457 eique
1612 2393 1669 2441 et
1691 2383 1794 2441 loci
1824 2399 1915 2455 po-

331 2482 603 2546 sitionem,
631 2488 687 2535 et
716 2489 876 2535 terra:
899 2479 1241 2550 qualitatem,
1261 2486 1317 2533 et
1344 2492 1497 2548 aqua:
1519 2477 1824 2542 decursum,
1859 2484 1916 2530 et

331 2572 506 2626 fontes
552 2577 608 2624 et
661 2567 848 2634 valles,
880 2578 937 2624 et
974 2568 1154 2624 omnia
1193 2582 1311 2637 qua:
1361 2567 1429 2622 ad
1469 2566 1644 2621 locum
1679 2565 1916 2637 pertine-

331 2665 482 2728 bant,
503 2676 601 2732 per
625 2660 874 2717 ordinem
899 2660 1167 2730 exposuit.
1199 2657 1353 2726 Quod
1378 2657 1465 2713 vir
1484 2656 1732 2711 'sanctus
1753 2655 1917 2711 Boni-

334 2749 505 2805 facius
526 2748 966 2819 archiepiscopus
986 2747 1276 2818 diligenter
1298 2745 1523 2801 audiens
1547 2754 1602 2800 et
1625 2744 1917 2815 prudenter

331 2857 513 2898 secum
551 2849 915 2911 pertractans,
953 2840 1237 2895 ercmitam
1269 2854 1427 2895 suum
1449 2838 1477 2877 δ
1499 2837 1648 2893 omni
1681 2837 1917 2891 charita-

333 2934 402 2988 tis
434 2930 628 2988 affectu
653 2930 909 3000 suscepit,
941 2943 1233 3000 secumque
1260 2927 1505 2983 habitare
1522 2925 1916 2996 aliquantisper

335 3023 638 3095 imperavit.
666 3021 798 3077 Post
817 3019 1144 3090 colloquium
1172 3029 1350 3073 autem
1380 3017 1532 3073 dulce
1559 3015 1702 3087 quod
1730 3014 1919 3071 habuit

336 3108 461 3171 cum
490 3114 749 3186 magistro
778 3153 793 3178 ,
839 3121 895 3167 et
934 3113 1129 3166 uberes
1184 3124 1461 3164 sacrarum
1515 3106 1916 3177 Scripturarum

333 3207 754 3270 consolationes,
782 3204 1066 3273 episcopus
1096 3200 1275 3256 taliter
1304 3200 1515 3255 locutus
1552 3206 1638 3253 est
1669 3217 1681 3252 :
1713 3197 1918 3254 Locum

332 3298 550 3368 quidem
579 3310 739 3367 quem
768 3301 1041 3363 repertum
1090 3290 1303 3346 habetis
1323 3330 1337 3355 ,
1384 3289 1628 3345 habitare
1655 3303 1751 3343 vos
1790 3303 1917 3358 pro-

258 3412 267 3420 -
332 3379 454 3459 pter
483 3387 739 3441 viciniam
804 3382 1101 3438 barbaricae
1158 3382 1335 3454 gentis
1385 3380 1730 3451 pertimesco.
1782 3377 1920 3433 Sunt

331 3480 493 3543 enim,
519 3487 578 3532 ut
615 3476 778 3540 nosti,
816 3473 924 3528 illic
979 3474 1033 3527 in
1084 3472 1332 3542 proximo
1387 3471 1600 3527 feroces
1651 3470 1915 3527 Saxones.

333 3571 673 3639 Quapropter
701 3567 855 3623 vobis
879 3566 1225 3620 remotiorem
1258 3573 1316 3619 et
1340 3563 1655 3619 inferiorem
1705 3563 1758 3618 in
1793 3562 1922 3618 soli-

337 3663 520 3716 tudine
573 3660 839 3730 requirite
879 3642 1289 3723 habitationem,
1314 3672 1476 3727 quam
1504 3658 1622 3727 sine
1678 3656 1919 3728 periculo

334 3752 501 3805 vestri
527 3750 705 3804 colere
732 3749 964 3818 queatis.
1000 3747 1161 3801 Tunc
1177 3746 1261 3800 vir
1284 3746 1475 3801 beatus
1504 3746 1708 3801 Sturmi
1737 3747 1919 3817 cogni-

335 3844 406 3896 tis
433 3828 704 3903 omnibus,
732 3853 853 3909 quae
887 3839 937 3891 ei
975 3836 1190 3892 fuerant
1217 3852 1247 3889 a
1277 3836 1444 3892 Beato
1474 3836 1739 3908 imperata
1763 3877 1780 3902 ,
1832 3853 1920 3905 sa-

334 3931 445 3986 cris
473 3931 592 4000 ejus
618 3928 880 3984 doctrinis
920 3929 1159 3983 imbutus
1214 3927 1502 3997 animoque
1544 3928 1915 3993 confortatus,

338 4024 404 4077 de
430 4020 778 4091 inquisitione
821 4019 923 4074 loci
972 4018 1251 4083 sollicitus,
1281 4019 1350 4072 ad
1394 4031 1637 4073 eremum
1666 4018 1919 4075 alacriter

340 4114 594 4184 perrexit.
624 4112 879 4180 Quicum
908 4112 974 4166 ad
1026 4126 1153 4166 suos
1207 4110 1543 4180 pervenisset
1597 4110 1804 4176 socios,
1861 4112 1917 4166 in

337 4204 614 4275 prtedictis
642 4219 736 4259 eos
772 4203 973 4274 reperit
1028 4202 1348 4257 habitaculis
1393 4217 1549 4257 suum
1596 4203 1756 4259 anxie
1781 4219 1918 4274 pra:-

338 4294 524 4351 stoiari
570 4295 879 4349 adventum.
912 4292 1057 4361 Quos
1096 4308 1219 4348 cum
1244 4292 1501 4359 vidisset,
1550 4294 1620 4349 ab
1665 4294 1919 4365 episcopo

2009 1845 2244 1917 episcopi
2270 1853 2491 1917 possent
2507 1845 2709 1916 jugiter
2733 1843 2960 1899 Domino
2973 1843 3149 1899 securi
3171 1843 3467 1899 deservire.
3494 1843 3594 1900 Sic

2011 1936 2066 1993 in
2096 1936 2307 1992 Domini
2329 1937 2590 1992 servitute
2618 1936 2703 1992 die
2729 1944 3000 2005 noctuque
3041 1935 3283 2007 jejuniis,
3309 1936 3511 2008 vigiliis
3536 1946 3598 1993 et

2008 2025 2347 2081 orationibus
2368 2035 2798 2096 perseverantes,
2814 2022 3029 2080 Domini
3050 2025 3145 2080 Dei
3162 2025 3245 2081 sui
3274 2027 3608 2110 memoriam.

2011 2130 2119 2171 non
2147 2115 2483 2181 amittebant,
2522 2116 2765 2172 dicentes
2793 2116 2848 2170 in
2893 2116 3054 2172 corde
3079 2130 3219 2172 suo:
3248 2115 3597 2172 Prom’debmu

2010 2203 2295 2259 Dominum
2330 2205 2386 2261 in
2414 2215 2691 2276 conspectu
2715 2222 2828 2262 utea
2864 2222 3085 2278 semper,
3110 2208 3361 2277 quoniam
3400 2224 3431 2261 ι
3456 2207 3597 2263 dea:-

2010 2296 2109 2349 m's
2142 2304 2219 2349 est
2247 2295 2398 2363 mihi,
2424 2312 2488 2352 ne
2510 2313 2834 2353 commovear
2874 2296 3047 2367 (Paul.
3073 2297 3186 2368 xv).
3217 2297 3358 2353 Laus
3377 2312 3603 2368 quoque

2012 2386 2217 2445 Christi
2242 2388 2497 2445 continua
2536 2388 2589 2444 in
2639 2381 2735 2445 ore
2779 2390 2986 2460 pariter
3027 2399 3085 2447 et
3135 2393 3300 2448 corde
3347 2393 3593 2464 ipsorum

2013 2480 2334 2543 resonabat,
2364 2479 2675 2550 .implentes
2717 2480 2847 2536 illud
2902 2480 3333 2553 Psalmigraphi:
3372 2482 3598 2538 Benedi-

2013 2589 2129 2627 cam
2167 2572 2447 2627 Dominum
2492 2572 2549 2627 in
2585 2575 2726 2629 omni
2773 2583 3030 2646 tempore,
3077 2593 3278 2646 semper
3312 2577 3429 2633 laus
3481 2579 3598 2649 ejus

2013 2663 2067 2723 in
2098 2678 2188 2717 ore
2214 2679 2329 2718 meo
2357 2654 2530 2733 (Psal.
2556 2664 2780 2737 xxxm).

2085 2772 2139 2829 6.
2173 2773 2325 2830 Tunc
2382 2783 2606 2831 sanctus
2655 2775 2938 2848 episcopus
2987 2776 3295 2836 Bonifacius
3320 2820 3355 2845 ,.
3388 2797 3600 2838 memor

2014 2864 2257 2920 cremita:
2283 2864 2365 2921 Sui
2397 2863 2600 2920 Sturmi
2625 2906 2643 2932 ,
2686 2865 2936 2937 quodque
2978 2867 3046 2923 de
3093 2868 3437 2940 inquisitione
3492 2872 3597 2927 loci

2016 2957 2292 3013 habuisset
2340 2967 2621 3028 peractum
2654 2960 2928 3016 admirans
2954 3000 2969 3025 ,
3013 2961 3263 3015 nuntium
3304 2962 3454 3018 misit
3503 2965 3597 3035 qui

1942 3089 1986 3153 Ο
2019 3047 2171 3153 illum
2195 3058 2408 3122 rogaret
2429 3054 2637 3107 concite
2662 3051 2730 3107 ad
2752 3067 2810 3108 se
2828 3053 3031 3109 venire.
3063 3052 3181 3120 Quo
3204 3053 3327 3109 dum
3359 3072 3592 3126 propere

2018 3140 2240 3197 nuntius
2267 3142 2542 3209 venisset,
2591 3144 2794 3213 reperit
2825 3159 2949 3201 eum
2978 3144 3032 3199 in
3085 3159 3246 3215 supra
3283 3146 3600 3203 memoratis

2017 3229 2268 3286 insistere
2297 3232 2635 3289 habitaculis.
2676 3233 2771 3289 Cui
2809 3233 3104 3290 honoriﬁce
3140 3236 3392 3301 salutato,
3425 3236 3601 3291 Vene-

2018 3322 2239 3385 randns,
2257 3323 2352 3387 ait,
2385 3321 2543 3378 Pater
2566 3331 2750 3379 noster
2774 3324 3057 3394 episcopus
3081 3325 3308 3380 multum
3335 3318 3388 3381 te
3413 3325 3602 3384 videre

2017 3410 2587 3484 desiderans,_r0gavit
2619 3421 2677 3466 ut
2705 3414 2772 3468 ad
2815 3428 2962 3479 eum,
2986 3414 3029 3470 si
3057 3430 3164 3470 non
3193 3415 3467 3486 graveris,
3514 3432 3602 3471 ve-

2017 3502 2136 3557 nias
2164 3520 2176 3555 :
2207 3502 2369 3557 habet
2388 3503 2531 3557 enim
2558 3518 2781 3559 necesse
2808 3498 2972 3558 multa
3002 3513 3178 3560 tecum
3200 3503 3467 3560 conferre.
3490 3505 3602 3560 Au-

2017 3592 2147 3648 ditis
2167 3593 2350 3664 itaque
2376 3593 2493 3663 ejus
2520 3595 2859 3651 scrmonibus
2880 3595 2964 3650 vir
2978 3596 3252 3652 studiosus
3272 3595 3478 3652 Sturmi
3502 3597 3602 3652 liu-

2015 3685 2143 3740 miie
2173 3700 2488 3756 responsum
2538 3685 2791 3751 reddidit,
2821 3687 3005 3742 dicens
3032 3706 3045 3740 :
3077 3686 3296 3743 Christo
3324 3688 3434 3744 Deo
3478 3704 3602 3759 ειη·

2018 3776 2121 3830 tias
2147 3791 2247 3846 ago
2281 3776 2425 3846 quod
2452 3792 2583 3831 meae
2612 3778 2894 3847 parvitatis
2916 3794 3122 3834 memor
3145 3787 3327 3835 tantus
3355 3779 3601 3849 pontifex

2017 3866 2084 3921 ad
2112 3882 2197 3921 me
2225 3866 2278 3920 in
2310 3868 2450 3923 hanc
2476 3867 2821 3923 solitudinem
2850 3884 3007 3924 suum
3040 3870 3290 3924 nuntium
3328 3870 3605 3927 destinare

2017 3957 2266 4029 dignatus
2295 3965 2396 4014 est.
2438 3957 2762 4029 Vocatisque
2809 3960 2877 4015 ad
2933 3974 2993 4015 se
3050 3959 3310 4016 fratribus
3345 3962 3604 4032 prrecepit

2016 4048 2322 4105 advenienti
2342 4049 2531 4105 nuntio
2561 4049 2846 4105 charitatis
2870 4047 3104 4105 ofﬁcium
3133 4049 3463 4123 impendere.
3496 4050 3602 4120 Qui

2016 4138 2301 4211 diligenter
2353 4140 2470 4211 ejus
2518 4148 2849 4211 praeceptum
2900 4140 3202 4212 implentes,
3253 4142 3302 4197 ei
3356 4157 3602 4199 mensam

2016 4238 2333 4298 posuerunt,
2360 4230 2510 4285 cibos
2540 4244 2675 4300 quos
2710 4229 3019 4287 habuerunt
3039 4230 3345 4289 oﬂ‘crentcs.
3371 4231 3489 4300 Quo
3517 4248 3603 4288 re—

2017 4318 2161 4375 fecto
2188 4321 2385 4377 fratres
2405 4321 2453 4375 ei
2485 4320 2719 4378 abeundi
2746 4320 3018 4377 licentiam
3044 4334 3428 4393 poposcerunt.
3444 4322 3600 4379 Tunc

336 4387 519 4443 verbis
547 4386 791 4457 pacificis
819 4386 939 4441 illos
967 4385 1241 4450 salutavit,
1268 4399 1471 4488 eosque
1514 4384 1739 4440 multum
1770 4395 1827 4494 et
1849 4386 1916 4443 de
1939 4433 1994 4494 Β
2016 4416 2208 4465 νοωιο
2234 4410 2303 4465 ad
2337 4424 2395 4465 se
2419 4409 2505 4463 νει.
2527 4408 2622 4464 Dei
2651 4409 2873 4475 nuntio,
2924 4384 3133 4482 gratias"
3169 4411 3221 4466 ei
3269 4410 3606 4483 mmmam;

337 4479 568 4573 amelli“
597 4493 715 4541 δυον
748 4487 804 4532 ει
844 4477 910 4532 de
951 4476 1191 4573 Episcopi.
1242 4474 1553 4573 ηπῖθίίθηθ
1597 4476 1914 4573 ,οοηεοιθιξιε
1939 4474 1991 4494 ν
2017 4514 2130 4555 suae
2159 4499 2423 4563 referens,
2438 4499 2611 4555 dixit:
2650 4474 2907 4557 Sanctum
2926 4474 3264 4559 Donifacium
3289 4474 3605 4573 pontificem

336 4576 439 4621 est.
471 4567 713 4636 Cumque
740 4581 836 4636 per
873 4566 1116 4620 ordinem
1144 4564 1223 4620 eis
1246 4564 1410 4620 verba
1441 4565 1613 4620 sancti
1637 4565 1919 4636 exposuis-

338 4669 420 4735 set
461 4658 738 4727 episcopi,
787 4657 1077 4727 assumptis
1130 4670 1311 4711 secum
1360 4656 1570 4710 duobus
1624 4654 1914 4720 fratribus,

335 4747 699 4800 ascenderunt
729 4761 918 4800 navem
948 4745 1225 4816 superiora
1246 4753 1491 4815 petentes
1523 4745 1640 4801 loca
1665 4763 1679 4801 :
1714 4759 1811 4815 per
1832 4745 1915 4800 al-

338 4854 499 4892 veum
557 4837 739 4904 Fuldae
770 4838 1004 4894 llurninis
1058 4840 1273 4911 navigio
1320 4855 1549 4910 pergere
1596 4849 1912 4910 cmperunt,

338 4927 632 4984 lustrantes
675 4930 868 4999 ubique
913 4929 1026 4985 loca
1055 4933 1120 4987 ad
1165 4932 1406 4987 omnium
1455 4933 1776 4988 torrentium
1833 4936 1919 4991 vel

340 5016 565 5071 fontium
591 5032 707 5072 ora.
752 5017 938 5074 Navim
966 5021 1191 5093 egressi,
1230 5023 1670 5092 perambulantes
1690 5025 1922 5081 circum-

407 5182 442 5251 :
475 5168 740 5251 ρος-ἰοῦσι
761 5172 1497 5251 Christoplgoruslirovrerus
1533 5178 1808 5251 immerito
1830 5196 1921 5237 ar-

324 5239 448 5366 guit
478 5237 857 5324 Trithemium,
886 5237 1398 5330 qui'ﬂersfeldensis
1421 5249 1733 5332 monasterii
1761 5251 1917 5307 initia

382 5310 511 5366 nilo.
535 5327 776 5366 retritan
801 5311 1043 5366 Sturtmo
1071 5316 1251 5366 abbati
1303 5332 1478 5366 Immo
1518 5317 1726 5366 tribuit.
1773 5319 1905 5366 Illud

382 5310 511 5375 ullo,
535 5312 776 5389 regimen
801 5310 1043 5369 Sturtnio
1068 5316 1251 5389 abbati
1286 5318 1497 5389 primo,
1518 5317 1726 5389 tribuit.
1773 5319 1908 5376 Illud

335 5389 514 5453 movet
550 5381 885 5453 Brovverum,
938 5387 1080 5453 quod
1138 5381 1532 5442 Hersféldensis
1557 5388 1793 5445 basilica:
1838 5390 1908 5444 ad

336 5448 536 5526 annum
562 5448 1059 5526 830_fundamenta
1100 5455 1334 5523 primum
1382 5458 1718 5526 jacta‘stmt,
1772 5467 1908 5514 teste

332 5519 621 5595 Lamberto
647 5593 656 5595 _
683 5522 784 5595 loci
831 5519 1169 5595 domestico:
1203 5519 1463 5595 putatque
1513 5519 1909 5595 llersfeldensis

333 5589 563 5643 abbatis:
586 5590 736 5666 initia
763 5592 934 5666 serius
963 5589 1243 5666 coaluisse,
1263 5589 1457 5666 Carolo
1480 5594 1671 5666 Magno
1690 5595 1803 5666 jam
1820 5596 1911 5651 ilo-

338 5669 507 5721 reute,
524 5670 579 5714 et
609 5662 847 5733 reliquiis
861 5664 1034 5720 sancti
1053 5663 1314 5736 Wigberti
1335 5679 1400 5721 eo
1411 5664 1453 5719 F
1459 5662 1713 5721 ritislaria
1734 5678 1908 5723 trans-

2016 4604 2045 4644 a
2077 4589 2235 4645 nobis
2258 4591 2431 4646 servis
2472 4592 2584 4646 suis
2610 4592 2850 4663 pacificis
2873 4592 3107 4652 salutato
3134 4594 3502 4659 sermonibus,
3527 4595 3607 4651 ei-

2014 4694 2123 4749 que
2145 4680 2309 4735 dicito
2335 4681 2477 4750 quod
2498 4693 2621 4750 post
2649 4691 2700 4737 te
2720 4683 3041 4751 quantocius
3063 4693 3253 4754 potero
3271 4688 3604 4755 properabo.

2016 4767 2404 4842 Benedixitque
2431 4769 2599 4833 illum,
2616 4779 2683 4849 fet
2711 4771 2861 4827 abire
2885 4773 3154 4842 permisit.
3185 4771 3444 4844 Sequenti
3472 4790 3608 4831 vero

2017 4858 2128 4923 die,
2151 4859 2320 4927 petita
2346 4874 2375 4912 a
2405 4857 2664 4916 fratribus
2707 4860 3080 4918 benedictione
3126 4863 3213 4918 vir
3238 4864 3332 4920 Dei
3391 4862 3604 4921 Sturmi

2018 4948 2203 5003 statim
2231 4949 2503 5018 profectus
2537 4958 2651 5015 est,
2699 4961 3023 5023 arreptoque
3071 4953 3300 5019 itinere,
3354 4954 3426 5010 ad
3456 4954 3608 5011 Sele-

2017 5038 2177 5103 heim,
2209 5038 2299 5093 ubi
2345 5047 2589 5095 sanctum
2619 5041 2882 5111 comperit
2909 5041 3245 5113 episcopum,
3270 5044 3602 5114 properavit.

2019 5190 2164 5274 latis.
2194 5191 2392 5274 verum
2410 5191 2525 5264 ipse
2545 5192 2861 5274 Lambertus
2872 5194 3271 5274 ﬁersfeldensis
3284 5197 3605 5274 monasterii

2019 5261 2172 5339 initia
2206 5260 2409 5339 diserte
2434 5260 2647 5339 reponit
2693 5280 2837 5339 anno
2872 5265 2995 5329 756,
3026 5268 3252 5339 tametsi
3270 5267 3609 5339 angustioris

2011 5330 2252 5387 basilica:
2271 5330 2618 5407 fundamenta
2635 5335 2687 5390 in
2703 5334 2962 5407 honorem
2974 5338 3148 5392 sancti
3169 5330 3432 5407 “’igbe'rti
3451 5336 3606 5407 jacta

2014 5408 2141 5476 sunt
2155 5416 2309 5476 anno
2341 5400 2467 5476 εδρ.
2498 5413 2618 5476 post
2648 5420 2820 5476 annos
2863 5405 2933 5461 94
2966 5420 2997 5459 a
3029 5400 3341 5462 monasterii
3368 5400 3604 5476 origine.

2087 5471 2115 5510 δ
2152 5469 2385 5527 Sanctus
2419 5469 2729 5529 Bonifacius
2759 5475 3061 5529 Sturmium
3113 5477 3383 5530 ercmitam
3447 5469 3612 5532 {nam

2013 5541 2466 5666 Emit-essolelrat,
2495 5551 2631 5600 teste
2677 5543 2917 5601 Candide
2942 5545 2996 5600 in
3024 5542 3147 5601 Vita
3193 5545 3367 5600 sancti
3412 5542 3612 5615 Eigilis

2125 5646 2140 5664 .
2184 5627 2198 5663 ι
2235 5651 2248 5664 .

2125 5627 2248 5664 aus.
