3838 6144
163 95 266 152 ιὲθ

1424 94 1754 152 AUCTORE
1793 97 1851 152 S.
1895 97 2142 154 EIGILE.

3321 106 3430 164 ιδο

164 210 257 264 Die
285 217 466 262 autem
492 207 730 263 secundo
767 220 874 277 quo
901 205 1176 276 profectus
1198 213 1300 272 est,
1329 207 1397 262 ad
1425 207 1736 278 episcopum
1766 214 1817 274 Α
1843 224 1949 278 gno
1987 209 2165 262 erucis
2201 207 2400 263 Christi
2430 207 2591 264 fronti
2631 210 2897 278 impresso
2925 226 3148 267 securus
3188 213 3431 283 quiesce-

165 298 486 355 ambulando
511 299 784 368 pervenit,
815 307 868 353 et
897 299 950 353 in
993 299 1109 354 loco
1143 313 1265 353 eum
1312 300 1560 368 superius
1599 299 1743 354 dicto

171 387 431 458 Frideﬂar
466 389 693 443 invenit.
727 387 971 458 Cumque
1001 390 1292 444 indicatum
1342 398 1531 444 sancto
1557 378 1746 444 fuisset

173 481 431 550 episcopo,
456 480 740 534 eremitam
783 497 937 534 suum
966 479 1220 536 Sturmen
1269 481 1526 547 adfuisse,
1559 483 1745 538 statim

177 572 314 626 illum
343 575 596 644 praecepit
616 574 686 627 ad
718 589 777 630 se
813 575 957 630 duci.
991 575 1233 646 Cumque
1262 579 1525 640 adductus
1555 577 1747 634 fuisset

176 677 291 720 ante
317 681 459 731 cum,
488 666 555 718 ad
584 677 786 720 terram
829 682 887 720 se
916 668 1192 722 humiliter
1226 671 1540 737 prostravit,
1585 680 1639 724 et
1663 687 1746 724 sa-

185 759 334 812 lutato
358 757 634 827 pontifice,
666 772 724 811 se
753 757 1000 812 benedici
1030 761 1307 828 poscebat.
1337 761 1434 815 Cui
1466 763 1746 816 benedicto

188 859 233 902 et
261 849 562 912 resalutato,
589 848 657 902 ad
687 863 746 901 se
773 847 1030 902 accedere
1059 863 1182 902 eum
1211 849 1398 918 jussit,
1423 859 1475 905 et
1514 851 1748 905 osculato

189 955 260 993 eo.
283 939 427 1005 juxta
449 952 507 990 se
535 937 724 991 sedere
751 937 1034 1006 przecepit;
1066 946 1263 992 etcum
1291 939 1437 993 omni
1465 940 1748 997 charitatis

189 1032 358 1084 aﬂ‘eetu
390 1031 440 1084 in
467 1031 702 1084 adventu
735 1030 876 1083 illius
905 1030 1119 1085 hetatus
1143 1039 1246 1094 cst,
1280 1033 1596 1102 rogavitque
1623 1048 1744 1087 eum

188 1121 631 1190 ntaliquantulum
664 1130 885 1191 propter
911 1119 1027 1188 ejus
1056 1136 1297 1176 amorem
1318 1130 1372 1176 et
1400 1125 1746 1192 prazsentiam

190 1216 273 1268 sibi
312 1229 339 1266 a
381 1214 675 1268 constituto
713 1213 920 1282 jejunio
969 1212 1288 1283 indulgeret.
1315 1213 1466 1280 Quod
1510 1214 1592 1268 vir
1625 1215 1743 1281 Dei,

189 1321 292 1358 cum
317 1320 500 1374 magna
532 1319 699 1374 agens
751 1303 1098 1367 discretione,
1131 1313 1353 1373 propter
1386 1305 1744 1360 reverentiam

191 1388 360 1451 summi
389 1396 686 1450 sacerdotis
713 1404 766 1449 ct
793 1394 1038 1462 magistri
1086 1396 1334 1450 assensit.
1385 1395 1580 1451 Totum
1628 1412 1747 1450 san-

188 1495 331 1551 ctum,
359 1487 552 1556 inquit,
586 1487 770 1550 credo,
801 1485 945 1554 quod
971 1501 1000 1538 a
1025 1485 1178 1540 vobis
1223 1485 1353 1539 mihi
1389 1483 1554 1540 fuerit
1581 1486 1747 1555 impe-

189 1577 560 1631 ratum.Mensa
582 1577 753 1646 posita
783 1577 1138 1644 inpraesentia
1166 1577 1402 1647 episcopi
1430 1576 1750 1641 fuit,susce—
1776 1561 1823 1620 Β

189 1670 280 1738 ptis
301 1685 477 1722 coram
522 1683 588 1722 eo
617 1668 775 1732 cibis,
805 1683 940 1737 quos
992 1669 1081 1723 ille
1115 1670 1374 1739 praecepit
1398 1670 1624 1725 honeste
1651 1687 1746 1724 co-

186 1759 398 1812 medere.
426 1757 524 1812 Cui
582 1757 785 1813 refecto
816 1755 1126 1828 fcrculoque
1152 1759 1350 1824 levato,
1375 1775 1601 1831 surgens
1631 1763 1748 1832 epi-

188 1863 358 1918 scopus
386 1850 611 1903 adduxit
651 1865 833 1904 secum
865 1850 919 1903 in
966 1850 1313 1905 secretiorem
1337 1851 1513 1906 locum
1563 1853 1750 1908 solita-

186 1943 308 1994 rium
337 1958 512 2005 suum,
539 1943 628 1995 ubi
661 1943 962 1996 diutissime
994 1943 1060 1997 de
1088 1943 1422 2012 spiritalibus
1449 1953 1748 2002 tractavere

185 2034 344 2096 rebus,
361 2044 414 2087 et
443 2034 508 2086 de
537 2033 948 2088 conversatione
975 2034 1205 2088 multum
1244 2035 1750 2104 disputavere.Erat

181 2123 363 2192 quippe
417 2122 660 2192 pontifex
713 2133 935 2178 sanctus
998 2125 1227 2178 nimium
1275 2127 1457 2180 animo
1509 2127 1748 2184 intentus

183 2214 331 2283 (quod
358 2224 541 2282 postea
573 2214 791 2283 claruit)
828 2217 1200 2271 monachicam
1243 2217 1294 2271 in
1341 2218 1632 2275 solitudine
1660 2221 1746 2276 in-

181 2305 394 2358 stituere
417 2307 907 2360 conversationem.
951 2306 1103 2362 Unde
1129 2308 1292 2362 etiam
1330 2317 1456 2364 tunc
1477 2309 1618 2364 inter
1645 2325 1750 2365 cae-

183 2403 287 2449 tera
316 2397 574 2466 colloquia
606 2408 956 2467 percontatus
984 2398 1218 2466 estquid
1264 2399 1330 2453 de
1375 2399 1748 2468 exploratione

184 2482 278 2538 loci
325 2487 599 2541 habuisset
657 2497 859 2542 actum.
915 2487 1012 2542 Cui
1075 2489 1367 2544 adveniens
1421 2492 1748 2546 anachoreta

188 2573 373 2630 Sturmi
404 2579 717 2648 respondit:
746 2579 1146 2649 Navigavimus,
1180 2580 1378 2650 inquit,
1406 2598 1622 2637 sursum
1651 2599 1749 2652 per

189 2666 376 2722 alveum
398 2670 633 2726 fluminis
653 2669 835 2725 Fulda:
859 2687 872 2734 ;
899 2685 994 2739 per
1021 2669 1204 2739 plures
1228 2671 1343 2726 dies
1369 2672 1505 2726 nihil
1541 2673 1646 2728 tale
1662 2688 1750 2728 re-

187 2759 408 2825 perimus
435 2762 580 2832 quod
611 2763 765 2816 vobis
790 2762 1008 2816 laudare
1042 2777 1450 2830 praesumamus.
1481 2764 1749 2821 lntellexit

188 2857 389 2903 sanctus
423 2852 711 2919 episcopus
738 2851 1178 2920 prmdestinatum
1225 2868 1254 2907 a
1282 2855 1391 2909 Deo
1418 2853 1596 2910 locum
1624 2872 1750 2912 nec-

187 2936 300 2990 dum
321 2937 481 2995 fuisse
507 2941 824 2995 revelatum.
860 2939 1074 3013 [Supple
1097 2941 1240 3014 ideo]
1269 2942 1591 3015 Prophetica
1620 2962 1750 3002 voce

187 3027 380 3088 locutus
408 3044 487 3088 est
512 3035 562 3088 ei
589 3075 604 3098 ,
638 3035 862 3090 dicens:
896 3034 1070 3090 Locus
1095 3036 1312 3106 quidem
1345 3037 1396 3092 in
1427 3039 1517 3094 illa
1564 3040 1752 3094 solitu-

182 3120 298 3174 dine
328 3137 356 3175 a
384 3122 489 3179 Deo
516 3133 740 3194 paratus
767 3133 881 3190 est,
928 3141 1086 3196 quem
1123 3128 1339 3196 quando
1369 3129 1480 3183 vult
1505 3129 1753 3186 Christus

178 3213 342 3265 senis
369 3214 479 3269 suis
508 3216 777 3270 ostendet.
809 3216 1145 3286 Quapropter
1170 3219 1280 3273 noli
1317 3221 1382 3275 de
1433 3221 1753 3291 inquirendo

177 3316 406 3370 cessare,
436 3309 614 3362 sciens
639 3317 695 3362 et
737 3309 962 3364 credens
986 3310 1130 3377 quod
1184 3325 1307 3365 eum
1345 3313 1550 3382 absque
1587 3314 1753 3370 dubio

174 3392 245 3448 ibi
277 3399 528 3466 reperies.
571 3398 663 3454 Sic
687 3415 809 3453 cum
840 3409 1047 3454 certum
1078 3401 1146 3454 de
1183 3401 1288 3456 loci
1318 3402 1627 3460 inventione
1673 3404 1753 3460 fa-

171 3496 340 3554 ctum,
373 3501 423 3545 et
449 3493 514 3546 ad
543 3492 858 3546 monastica:
900 3493 1023 3548 vita:
1049 3509 1289 3549 amorem
1329 3495 1610 3552 incitatum
1636 3539 1652 3563 ,
1697 3509 1786 3556 et.

172 3575 238 3629 de
264 3581 485 3648 spiritali
517 3591 708 3636 contra
737 3582 987 3637 zabulum
1014 3585 1309 3639 certamine
1325 3585 1551 3640 multum
1579 3588 1753 3643 imbu-

171 3672 388 3732 tum,ad
404 3674 655 3728 dilectam
678 3689 920 3728 remeare
947 3676 1194 3744 permisit
1228 3691 1490 3732 eremum.
1506 3676 1606 3744 Qui
1629 3695 1752 3735 cum

167 3775 318 3816 suam
347 3767 685 3833 pervenisset
717 3766 782 3819 ad
808 3765 1000 3821 cellam
1049 3783 1170 3837 qua:
1230 3768 1284 3822 in
1338 3768 1456 3822 loco
1504 3771 1754 3839 superius

157 3848 273 3915 jaui
305 3857 704 3925 comprehenso
733 3855 960 3925 llersfelt
1013 3856 1192 3912 fuerat
1215 3867 1525 3912 constructa
1550 3900 1564 3924 ,
1609 3860 1754 3913 salu-

167 3946 293 3998 tatis
343 3946 605 4001 fratribus
654 3964 789 4016 quos
825 3947 1022 4002 ibidem
1070 3950 1286 4018 reperit,
1319 3958 1649 4018 praeceptum
1689 3965 1754 4005 ac

165 4040 493 4101 promissum
517 4041 692 4094 sancti
721 4041 970 4110 exposuit
996 4042 1252 4110 episc0pi.

236 4129 289 4182 7.
331 4133 575 4202 Cumque
605 4147 898 4202 parumper
921 4147 1086 4202 penes
1115 4134 1261 4201 ipsos
1287 4133 1462 4188 fessus
1492 4133 1755 4202 respiras-

167 4230 269 4282 set,
301 4225 496 4277 stravit
539 4223 752 4277 asinum
791 4240 972 4288 suum,
1005 4232 1326 4292 sumptoque
1367 4223 1564 4278 viatico
1609 4223 1754 4278 solus

165 4311 442 4377 profectus
471 4323 576 4378 est,
609 4315 711 4368 iter
739 4330 895 4370 suum
932 4314 1147 4368 Christo
1169 4322 1199 4378 ,‘
1235 4314 1326 4382 qui
1355 4322 1440 4368 est
1470 4315 1577 4381 via,
1611 4315 1751 4367 veri-

168 4408 253 4455 tas
281 4414 334 4456 et
357 4405 488 4467 vita,
519 4405 928 4469 commendans,
951 4404 1096 4459 solus
1120 4405 1341 4460 omnino
1368 4405 1565 4460 sedens
1588 4419 1750 4474 super

169 4491 406 4558 asinum,
435 4511 534 4562 per
562 4494 870 4549 vastissima
899 4494 1096 4549 deserti
1135 4494 1250 4549 loca
1291 4507 1518 4565 pergere
1564 4494 1746 4562 cmpit.

172 4579 321 4637 Tunc
343 4587 536 4639 avidus
562 4584 800 4638 locorum
829 4583 1156 4652 explorator,
1188 4585 1387 4654 ubique
1433 4583 1612 4654 sagaci
1655 4582 1753 4639 ob-

177 4678 288 4726 tutu
321 4685 608 4732 montuosa
656 4686 817 4744 atque
847 4674 1004 4744 plana
1057 4674 1390 4744 perlustrans
1421 4675 1561 4736 loca,
1593 4689 1750 4729 mon-

179 4770 258 4820 ws
285 4784 498 4839 quoque
527 4777 584 4823 et
619 4769 784 4822 colles
809 4767 1079 4836 vallesque
1127 4767 1396 4837 aspiciens
1423 4807 1436 4832 ,
1490 4767 1666 4820 fontes
1703 4773 1757 4819 et

187 4863 468 4926 torrentes,
496 4872 656 4931 atque
684 4859 875 4914 ﬂuvios
905 4859 1281 4922 considerans,
1304 4858 1578 4930 pergebat.
1607 4857 1757 4912 Psal-

191 4961 300 5004 mos
326 4965 454 5005 vero
486 4952 537 5004 in
567 4965 662 5005 ore
692 4949 953 5029 retinens,
985 4949 1152 5004 Dwm
1191 4949 1480 5019 gemitibus
1506 4989 1521 5013 ,
1575 4948 1756 5002 animo

195 5037 253 5091 ad
267 5045 460 5096 caelum
486 5043 683 5106 levato,
699 5042 920 5108 orabat;
951 5040 1020 5096 ibi
1047 5041 1416 5095 tantummodo
1437 5039 1722 5109 quiescens
1738 5079 1753 5105 ,

198 5129 275 5183 ubi
311 5146 429 5188 eum
459 5147 565 5187 nox
597 5132 854 5201 compulit
876 5131 1138 5187 habitare.
1164 5130 1232 5184 Et
1258 5139 1384 5184 tunc
1412 5130 1628 5199 quando
1657 5129 1756 5183 ali-

204 5221 306 5275 cubi
336 5225 609 5287 noctabat,
637 5240 760 5278 cum
807 5224 952 5278 ferro
976 5223 1120 5292 quod
1163 5238 1327 5278 manu
1355 5221 1628 5293 gestabat,
1671 5235 1756 5276 se-

206 5324 306 5379 Peln
331 5315 586 5370 caedendo
622 5313 766 5384 ligno
802 5314 858 5368 in
888 5328 1022 5384 gyro
1058 5313 1361 5383 composuit
1398 5313 1465 5366 ad
1513 5320 1754 5365 tutamen

204 5404 428 5459 animalis
448 5406 555 5470 sui,
575 5421 640 5460 ne
669 5403 797 5460 ferae
828 5421 1062 5474 quarum
1090 5406 1340 5475 perplura
1368 5404 1439 5460 ibi
1471 5401 1756 5458 multitudo

205 5504 324 5562 erat,
351 5495 479 5550 illud
508 5497 846 5552 devorarent.
876 5495 991 5566 lpse
1023 5503 1202 5552 autem
1235 5495 1289 5549 in
1317 5495 1410 5550 Dei
1442 5494 1656 5549 nomine
1684 5493 1756 5550 si-

1776 2903 1823 2966 C

1846 301 1959 355 bat.
1991 298 2082 356 Sic
2120 301 2201 355 vir
2237 311 2455 357 sanctus
2480 303 2647 356 armis
2681 304 3053 373 spiritualibus
3083 314 3424 374 perornatus,

1848 390 2015 447 lorica
2043 393 2270 462 justitize
2323 402 2495 448 totum
2552 410 2748 464 corpus
2797 395 3061 461 induens,
3109 406 3264 453 scuto
3304 397 3432 453 ﬁdei

1847 495 2036 556 pectus
2057 487 2326 551 muniens,
2353 496 2514 556 caput
2565 488 2717 558 galea
2770 487 2960 542 salutis
2989 496 3300 559 protegens,
3325 489 3433 561 gla-

1848 577 1938 632 dio
1968 577 2117 631 verbi
2148 577 2240 630 Dei
2269 578 2564 641 accinctus,
2597 577 2663 631 ad
2692 586 2966 631 certamen
3008 587 3199 634 contra
3251 579 3433 660 diabo-

1847 665 1956 719 lum
1989 668 2274 736 processit.
2307 666 2456 722 Tunc
2479 668 2710 736 quadam
2733 668 2838 733 die,
2865 668 2990 722 dum
3016 678 3289 740 pergeret,
3310 685 3436 739 per-

1847 760 1996 814 venit
2020 759 2086 813 ad
2114 759 2256 812 viam
2287 775 2408 829 qua:
2449 760 2518 813 ad
2561 741 2925 829 Turingorum
2971 760 3247 829 regionem
3291 777 3434 817 mer-

1847 850 2004 904 candi
2036 864 2198 903 causa
2228 850 2293 903 ad
2319 849 2643 918 Magontiam
2670 859 2953 920 pergentes
2977 851 3146 917 ducit,
3173 851 3266 908 ubi
3307 851 3426 922 pla-

1847 949 1934 995 tea
1966 941 2054 999 illa
2105 956 2269 1011 super
2306 940 2504 995 flumen
2544 939 2764 995 Fuldam
2819 942 3008 997 vadit:
3066 944 3138 1000 ibi
3179 959 3432 1015 magnam

1850 1033 2171 1089 Sclavorum
2223 1033 2622 1088 multitudinem
2677 1034 2898 1101 reperit,
2927 1032 3168 1102 ejusdem
3197 1033 3434 1089 fluminis

1849 1124 2020 1179 alveo.
2049 1161 2064 1176 .
2089 1165 2102 1178 .
2134 1123 2380 1178 lavandis
2435 1123 2755 1193 corporibus
2808 1136 2866 1177 se
2912 1123 3260 1178 immersisse.
3291 1124 3432 1191 Quo-

1849 1232 1968 1269 rum
1999 1216 2140 1269 nuda
2167 1230 2396 1285 corpora
2440 1214 2661 1279 animal,
2685 1215 2770 1269 cui
2798 1214 3142 1283 praesidebat,
3172 1217 3429 1285 pertime-

1847 1321 2022 1368 scens,
2056 1315 2287 1360 tremere
2315 1305 2498 1377 cmpit,
2533 1315 2590 1361 et
2619 1307 2736 1376 ipse
2763 1307 2845 1360 vir
2872 1305 2966 1361 Dei
2993 1321 3181 1361 eorum
3206 1306 3432 1362 fetorem

1847 1397 2148 1452 exhorruit.
2182 1396 2284 1463 Qui
2319 1412 2471 1452 more
2499 1398 2800 1468 gentilium,
2833 1413 3050 1453 servum
3073 1397 3286 1453 Domini
3311 1400 3438 1452 sub-

1849 1488 2170 1552 sannahant,
2201 1496 2252 1541 et
2286 1504 2409 1542 cum
2457 1503 2580 1543 eum
2616 1487 2810 1543 lgedere
2857 1489 3189 1554 voluissent,
3246 1489 3435 1544 divina

1850 1581 2092 1648 potentia
2118 1581 2416 1649 compressi
2457 1590 2514 1635 et
2570 1580 2826 1650 prohibiti
2878 1589 3024 1634 sunt.
3060 1579 3208 1635 Unus
3257 1589 3441 1634 autem

1849 1686 1915 1724 ex
1961 1672 2086 1736 illis,
2115 1674 2206 1741 qui
2263 1681 2383 1726 erat
2437 1673 2676 1742 ipsorum
2726 1672 3030 1741 interpres,
3084 1671 3440 1741 interrogavit

1849 1777 1972 1817 eum
2001 1778 2106 1832 quo
2145 1763 2408 1818 tenderet.
2435 1762 2752 1832 Respondit,
2783 1763 2836 1816 in
2865 1761 3200 1831 superiorem
3227 1769 3439 1830 partem

1849 1856 2017 1910 eremi
2049 1871 2107 1911 se
2139 1856 2254 1911 fore
2276 1856 2499 1910 iturum.

1919 1946 1974 2000 8.
2016 1943 2216 2014 Sicque
2249 1946 2334 1999 vir
2361 1946 2454 2000 Dei
2496 1961 2595 2016 per
2634 1944 2964 2001 horrendum
3005 1943 3153 2000 solus
3202 1958 3440 2016 pergens

1847 2036 2144 2097 desertum,
2161 2046 2362 2106 prmtcr
2385 2038 2605 2103 bestias,
2629 2051 2860 2107 quarum
2876 2037 2928 2090 in
2952 2049 3017 2089 eo
3037 2034 3139 2090 fuit
3161 2035 3442 2090 abundan-

1850 2128 1945 2191 tia,
1969 2137 2026 2182 et
2058 2128 2236 2182 avium
2268 2128 2504 2182 volatum
2534 2138 2589 2184 et
2617 2129 2863 2198 ingentes
2891 2129 3139 2192 arbores,
3165 2135 3222 2182 et
3243 2135 3442 2196 praeter

1849 2219 2080 2290 agrestia
2110 2220 2414 2276 solitudinis
2445 2220 2560 2275 loca
2583 2220 2985 2285 nihilcernens,
3003 2221 3220 2284 tandem
3241 2226 3440 2287 quarto

1850 2312 1938 2367 die
1955 2314 2400 2382 pmtergrcdiens
2426 2312 2601 2367 locum
2625 2312 2714 2366 ubi
2731 2309 3119 2366 monasterium
3146 2310 3310 2365 situm
3333 2316 3435 2370 est,

1849 2404 2126 2472 superiora
2164 2412 2374 2472 petens,
2408 2403 2497 2458 ubi
2539 2401 2733 2458 ﬂumen
2763 2403 2908 2472 quod
2949 2402 3145 2456 dicitur
3181 2399 3439 2470 Gysilaha

1850 2491 2032 2547 Fuldm
2071 2493 2223 2548 alveo
2273 2509 2332 2549 se
2387 2495 2685 2552 immiscet:
2719 2495 2914 2549 deinde
2976 2491 3136 2562 paulo
3188 2490 3439 2560 superius

1849 2600 2201 2656 progressus,
2253 2587 2344 2640 ubi
2403 2587 2594 2641 semita
2623 2586 2724 2640 fuit
2754 2602 2873 2655 quze
2905 2585 3129 2654 antiquo
3174 2583 3440 2640 vocabulo

1850 2675 2173 2732 Ortessueca
2205 2678 2503 2743 dicebatur,
2526 2686 2648 2746 post
2685 2692 2939 2734 occasum
2976 2676 3108 2732 solis
3157 2663 3437 2745 pervenit,

1851 2770 2033 2839 ibique
2062 2784 2121 2824 se
2147 2778 2202 2824 et
2227 2770 2438 2824 asinum
2464 2786 2622 2824 suum
2646 2771 2858 2824 munire
2891 2778 3110 2839 propter
3138 2778 3437 2823 nocturnos

1854 2860 2104 2915 incursus
2133 2869 2402 2930 satagens.
2447 2859 2579 2914 Cum
2612 2869 2792 2915 autem
2824 2860 3023 2915 ibidem
3051 2875 3109 2914 se
3157 2859 3439 2914 nocturnis

1852 2952 2050 3011 castris
2094 2953 2307 3006 munire
2333 2960 2570 3016 curaret,
2601 2953 2752 3006 audit
2775 2950 2960 3022 procul
2987 2951 3222 3006 sonitum
3251 2965 3405 3019 aqua:
3423 2987 3438 3012 ,

1851 3043 1994 3112 quod
2020 3053 2202 3095 utrum
2229 3040 2358 3095 ferae
2380 3057 2449 3095 an
2477 3041 2639 3095 homo
2665 3040 2900 3104 fecisset,
2921 3039 3222 3111 ignorabat.
3273 3037 3438 3094 Stans

1852 3132 2095 3196 silenter,
2124 3131 2346 3186 intentis
2373 3132 2596 3186 auribus
2640 3130 2979 3185 auscultabat
3004 3149 3016 3183 :
3047 3129 3200 3184 audit
3237 3129 3439 3185 iterum

1851 3221 2088 3275 sonitum
2121 3234 2292 3288 aquae.
2340 3219 2493 3273 Tunc
2541 3219 2667 3287 quia
2699 3219 2782 3273 vir
2819 3219 2912 3272 Dei
2945 3219 3182 3273 clamare
3229 3219 3439 3284 noluit,

1852 3325 2044 3365 cavam
2085 3309 2232 3363 ferro
2260 3308 2404 3378 quod
2435 3323 2597 3362 manu
2637 3306 2850 3362 ferebat
2877 3308 3118 3376 pulsavit
3139 3308 3395 3362 arborem
3414 3347 3428 3366 .
3511 3347 3522 3362 .

1851 3401 2154 3470 intelligens
2182 3398 2454 3454 hominem
2484 3412 2638 3461 esse,
2686 3403 2818 3452 nutu
2860 3396 2976 3452 Dei.
3036 3397 3130 3451 llle
3158 3411 3440 3452 verocum

1853 3492 2092 3546 audisset
2136 3490 2372 3546 sonitum
2398 3489 2681 3559 pulsantis,
2710 3487 2836 3542 illuc
2878 3501 3180 3558 properans
3225 3488 3439 3558 procla-

1851 3582 2038 3637 mavit.
2093 3580 2346 3647 Quicum
2375 3579 2888 3650 appropinquasset,
2942 3580 3188 3635 videntes
3240 3579 3443 3635 alteru-

1853 3683 1998 3728 trum
2036 3682 2222 3728 mutuo
2279 3687 2340 3728 se
2381 3673 2771 3727 salutaverunt.
2803 3670 3048 3741 Cumque
3099 3686 3224 3726 eum
3279 3674 3442 3733 homo

1851 3763 1946 3819 Dei
1975 3765 2360 3835 interrogasset
2383 3764 2525 3818 unde
2558 3764 2790 3827 veniret,
2816 3765 3096 3833 respondit
3139 3778 3198 3819 se
3226 3765 3294 3820 de
3318 3765 3442 3821 We-

1853 3857 2074 3913 dereiba
2106 3858 2293 3913 venire
2315 3897 2330 3923 ,
2372 3857 2573 3911 domini
2613 3857 2696 3911 sui
2725 3855 2885 3912 Orcis
2937 3873 3139 3927 equum
3186 3858 3241 3913 in
3276 3875 3440 3914 manu

1853 3946 2067 4002 ducere.
2081 3947 2419 4002 Collocantes
2432 3947 2615 4016 itaque
2629 3962 2688 4001 se
2707 3946 2927 4010 ibidem,
2951 3948 3160 4015 pariter
3172 3956 3332 4002 nocte
3347 3947 3439 4002 illa

1854 4047 2191 4092 manserunt.
2224 4037 2354 4092 Erat
2377 4037 2572 4107 quippe
2601 4036 2689 4092 ille
2722 4037 2884 4092 homo
2922 4037 3166 4091 locorum
3197 4037 3253 4091 in
3299 4037 3433 4092 soli-

1855 4126 2039 4182 tudine
2082 4127 2460 4196 peritissimus.
2517 4125 2761 4195 Cumque
2807 4126 2881 4180 illi
2912 4127 2996 4181 vir
3030 4126 3246 4182 Domini
3291 4126 3437 4196 quod

1778 4251 1832 4310 Β
1857 4217 2038 4272 animo
2066 4218 2312 4287 gestabat
2331 4225 2388 4271 et
2413 4216 2543 4286 quid
2573 4224 2789 4284 gereret
2818 4216 3111 4272 revelasset
3129 4257 3144 4282 ,
3177 4216 3348 4290 capit
3383 4216 3440 4271 ei

1857 4311 2102 4368 locorum
2145 4313 2362 4368 nomina
2393 4312 2634 4368 indicare
2653 4352 2668 4377 ,
2699 4319 2754 4367 et
2786 4319 3089 4368 torrentum
3120 4321 3176 4367 et
3204 4311 3438 4367 fontium

1859 4402 2057 4457 fluenta
2087 4401 2542 4470 denuntiare.Qui
2567 4416 2692 4456 cum
2717 4410 2845 4456 tunc
2873 4402 2926 4456 in
2959 4402 3050 4457 illo
3069 4401 3298 4457 fuissent
3318 4401 3438 4457 loco

1858 4491 1952 4559 qui
1981 4492 2204 4560 antiquo
2237 4491 2492 4546 vocabulo
2521 4490 2686 4545 ΑΜοὴ
2714 4502 3072 4560 nuncupatur,
3107 4505 3268 4546 mane
3312 4506 3436 4546 sur-

1857 4592 2045 4654 gentes
2071 4584 2214 4648 inde,
2241 4583 2557 4640 alterutrum
2585 4599 2644 4639 se
2666 4584 2894 4639 invicem
2918 4585 3344 4648 benedixerunt;
3379 4591 3438 4638 et

1857 4677 2041 4730 Statim
2063 4676 2147 4729 vir
2171 4675 2446 4731 saecularis
2473 4676 2542 4732 ad
2569 4674 2804 4745 θηρίου
2830 4690 2928 4746 per
2952 4675 3096 4730 viam
3126 4690 3279 4731 suam
3306 4691 3436 4746 per-

1856 4781 1983 4837 gere
2012 4768 2194 4837 carpit.
3304 4761 3314 4784 ‘

1927 4857 1979 4912 9.
2021 4855 2223 4912 Servus
2259 4866 2442 4913 autem
2495 4858 2709 4913 Domini
2755 4859 2938 4914 statim
2983 4858 3109 4918 inde
3154 4873 3436 4925 reversus,

1859 4946 2086 5002 Domino
2112 4946 2328 5004 Christo
2354 4949 2457 5004 iter
2475 4964 2634 5004 suum
2650 4958 2704 5004 et
2729 4965 2878 5020 spem
2911 4964 3126 5005 omnem
3162 4963 3440 5006 commen—

1857 5034 1994 5090 dans
2016 5075 2032 5101 ,
2080 5051 2178 5104 per
2201 5036 2471 5093 desertum
2528 5053 2679 5093 more
2705 5055 2804 5094 suo
2828 5053 3050 5108 pergere
3080 5039 3246 5110 coepit
3268 5038 3438 5098 solus,

1861 5125 1965 5193 Qui
1996 5141 2116 5182 cum
2143 5127 2332 5182 Ailoha
2375 5129 2740 5200 gradiehatur,
2766 5141 2822 5184 et
2847 5131 2897 5184 ei
2928 5130 3037 5185 illic
3068 5139 3214 5184 terra
3256 5127 3440 5195 displi-

1861 5227 2029 5274 ceret.
2057 5217 2204 5273 venit
2223 5218 2291 5272 ad
2323 5226 2616 5274 torrentem
2641 5219 2734 5288 qui
2765 5235 2936 5290 usque
2961 5219 3121 5274 hodie
3149 5213 3439 5270 Grezibacli

1861 5308 2062 5364 dicitur
2087 5325 2100 5361 :
2134 5309 2370 5378 visisque
2394 5309 2504 5364 illic
2530 5309 2632 5366 loci
2661 5311 3016 5380 positionibus
3041 5316 3094 5365 et
3122 5314 3432 5370 terraequa-

1863 5399 2122 5466 litatibus,
2158 5401 2429 5470 paulisper
2486 5409 2788 5456 remoratus
2830 5408 2932 5456 est.
2983 5395 3111 5451 Inde
3157 5399 3442 5460 regressus

1863 5493 2134 5562 pusillum,
2161 5495 2227 5549 ad
2277 5494 2619 5551 benedictum
2663 5501 2720 5548 et
2769 5507 2800 5545 a
2856 5489 3083 5545 Domino
3121 5481 3436 5555 jamdudum
