3838 6144
398 267 494 320 ΓΙ

1723 255 1875 311 VITA
1919 255 1974 311 S.
2019 253 2307 310 STURMII

3553 255 3674 308 432

396 379 757 442 pra-paratum
783 372 1023 439 pet‘v'enit
1044 370 1240 431 locum,
1259 368 1345 421 ubi
1369 382 1505 420 nunc
1532 374 1777 419 sanctum
1803 365 1964 419 situm
1996 375 2041 432 Α
2072 371 2199 439 gito,
2226 372 2272 424 si
2303 370 2440 425 Deus
2464 369 2801 436 omnipotens
2828 366 3052 421 voluerit
3078 410 3088 431 ,
3119 376 3171 420 et
3201 375 3439 421 vestrum
3469 370 3673 423 adfue-

396 476 481 517 cst
510 464 914 517 monasterium.
945 462 1061 526 Quo
1092 476 1214 513 cum
1247 458 1603 528 pervenisset,
1638 457 1820 510 statim
1852 472 1977 510 san-

398 564 519 607 ctus
548 553 630 605 vir
664 550 869 605 Sturmi
910 552 1172 604 immenso
1201 548 1438 616 repletus
1463 547 1677 618 gaudio,
1710 546 1889 601 alacer
1922 555 1980 600 et

396 646 675 701 exsultans
700 645 831 699 ibat.
872 643 1137 698 lntellexit
1174 643 1316 696 enim
1348 656 1441 711 per
1473 640 1663 694 merita
1693 648 1749 693 et
1774 639 1989 694 oratio-'

397 750 493 789 nes
522 735 691 789 sancti
721 734 956 802 episcopi
986 731 1247 786 Bonifacii
1277 731 1434 785 talem
1458 731 1558 785 sibi
1593 730 1771 784 locum
1793 743 1914 785 esse
1944 743 1975 782 a

396 822 622 876 Domino
672 821 985 876 revelatum.
1044 820 1197 875 Tune
1240 821 1664 890 circumquaque
1711 820 1829 874 iens
1880 834 1979 890 per

393 912 602 982 singula
642 927 763 981 qure
811 912 1127 983 aspiciebat,
1161 911 1390 965 Domino
1437 912 1637 981 gratias
1682 910 1973 966 referebat.

393 1000 604 1067 Quanto
634 1000 845 1071 longius
871 1008 927 1054 et
954 999 1113 1054 latius
1165 1000 1528 1069 gradiebatur,
1558 1008 1709 1055 tanto
1748 1000 1977 1070 amplius

390 1090 779 1161 gratulabatur.
830 1090 1073 1161 Cumque
1129 1090 1202 1145 ibi
1256 1090 1359 1145 loci
1388 1090 1794 1160 pulchritudine
1823 1090 1975 1146 dele-

389 1190 587 1247 ctatus,
620 1198 728 1238 non
756 1183 1026 1237 modicum
1052 1182 1157 1236 diei
1184 1182 1423 1252 spatium
1447 1184 1686 1254 gyrando
1706 1192 1762 1239 et
1788 1184 1977 1253 explo-

390 1276 562 1329 rando
591 1275 876 1345 exegisset,
906 1274 1191 1329 benedicto
1220 1274 1336 1329 loco
1362 1283 1416 1329 et
1441 1274 1729 1345 diligenter
1766 1277 1978 1347 signato

389 1367 632 1436 gaudens
659 1366 782 1421 inde
801 1365 1076 1435 profectus
1105 1376 1208 1421 est.

461 1456 548 1510 10.
590 1456 759 1526 Igitur
785 1457 868 1510 vir
893 1456 986 1510 Dei
1014 1457 1250 1510 secundo
1281 1457 1349 1510 ad
1379 1454 1611 1526 Hersfelt
1631 1457 1972 1527 perveniens,

389 1553 565 1611 socios
594 1552 665 1606 ibi
694 1567 820 1606 suos
846 1544 1050 1606 sanctis
1074 1551 1322 1606 insistere
1348 1551 1601 1619 precibus
1631 1551 1969 1620 reperiebat:

390 1643 492 1698 loci
525 1643 885 1711 repertionem
912 1642 1108 1711 quibus
1143 1641 1516 1705 referens,eos
1550 1642 1677 1696 illuc
1699 1641 1974 1711 profectu-

2078 464 2148 517 rit
2173 463 2434 517 auxilium
2458 504 2471 526 ,
2502 463 2554 515 in
2584 461 2835 515 orientali
2869 478 3031 530 regno
3059 454 3238 516 vestro
3268 464 3674 519 monachorum

2076 553 2244 608 vitam
2297 554 2614 613 instituere,
2660 560 2715 606 et
2770 553 3158 605 monasterium
3208 551 3471 617 fundare,
3517 554 3677 624 quod

2075 646 2367 715 praeteritis
2390 646 2725 714 temporibus
2745 651 2870 699 ante
2894 659 2992 697 nos
3015 659 3172 697 nemo
3195 643 3489 698 inchoavit.
3509 644 3676 700 Unde

2077 750 2225 790 nunc
2253 743 2492 789 vestrum
2527 735 2579 788 in
2609 733 2712 788 hoc
2741 735 2889 804 pium
2925 734 3198 803 poscimus
3233 734 3629 789 adminiculum
3653 774 3669 796 ,

2078 833 2344 894 quatenus
2369 826 2524 879 vobis
2551 825 3001 880 immarcescibile
3030 840 3224 877 munus
3251 841 3435 880 coram
3464 827 3675 882 altissi-

2077 931 2168 971 mo
2194 931 2320 987 rege
2349 915 2567 970 Christo
2596 917 2649 970 in
2683 915 2862 971 futuro
2890 926 2946 971 et
2978 917 3190 971 infinito
3220 928 3442 973 maneat
3470 936 3668 992 regno.

2078 1006 2349 1060 Habemus
2370 1007 2512 1060 enim
2537 1006 2591 1060 in
2618 1006 2906 1062 solitudine
2929 1023 3049 1076 qure
3074 1007 3344 1062 Boehonia
3375 1026 3667 1080 nuncupa-

2079 1106 2189 1163 tur,
2214 1096 2370 1167 juxta
2399 1096 2619 1151 fluvium
2656 1097 2748 1166 qui
2787 1097 2986 1152 dicitur
3019 1099 3187 1153 Fulda
3211 1139 3225 1164 ,
3260 1099 3433 1154 locum
3476 1109 3668 1171 aptum

2078 1190 2250 1246 servis
2280 1190 2374 1245 Dei
2407 1188 2820 1244 inhabitandum
2857 1200 3130 1259 repertum
3155 1232 3169 1254 ,
3202 1192 3293 1260 qui
3324 1192 3389 1246 ad
3423 1184 3667 1248 vestram

2076 1281 2313 1349 pertinet
2338 1280 2620 1334 ditionem.
2650 1279 2805 1334 Nunc
2832 1289 3071 1334 vestram
3102 1281 3356 1349 pietatem
3387 1282 3671 1350 poscimus

2078 1383 2137 1428 ut
2166 1373 2321 1427 nobis
2349 1373 2500 1427 locus
2527 1372 2616 1427 ille
2647 1372 2896 1436 donetur,
2931 1380 3196 1442 quatenus
3236 1372 3289 1425 in
3334 1386 3398 1427 eo
3435 1388 3534 1442 per
3572 1387 3669 1427 ve-

2077 1474 2247 1521 stram
2294 1464 2663 1519 defensionem
2710 1463 2929 1519 Christo
2970 1465 3176 1518 servire
3217 1480 3502 1535 queamus.
3545 1464 3669 1533 Quo

2077 1555 2284 1619 audito,
2313 1569 2405 1608 rex
2436 1562 2569 1608 nutu
2596 1554 2686 1608 Dei
2716 1554 2932 1623 gavisus
2956 1561 3066 1612 est.
3097 1565 3153 1608 et
3176 1568 3517 1625 congregans
3542 1572 3664 1610 om-

2076 1661 2174 1702 nes
2200 1646 2475 1737 priucipes
2504 1645 2690 1715 palatii
2717 1645 2832 1710 sui,
2858 1644 3173 1715 petitionem
3200 1645 3436 1714 episcopi
3465 1646 3670 1699 collau-

390 1750 481 1788 ros
505 1748 690 1790 secum
715 1746 1007 1803 properare
1038 1732 1342 1802 imperavit.
1376 1732 1568 1789 Subito
1598 1734 1712 1803 ipse
1745 1735 1911 1803 petita
1940 1750 1971 1788 a
2001 1747 2046 1806 Β
2074 1732 2878 1807 dansindicavit,atquecoram
2900 1738 2980 1791 eis
3002 1738 3254 1806 episcopo
3273 1745 3462 1792 sancto
3483 1738 3666 1794 locum

389 1826 646 1881 fratribus
673 1826 940 1891 oratione,
968 1826 1037 1880 ad
1059 1824 1285 1880 Selelu'm
1301 1838 1325 1865 ι
1341 1826 1610 1897 petiturus
1635 1826 1964 1897 episcdpum,

386 1917 662 1987 profectus
717 1926 818 1973 est.
855 1916 936 1972 Ad
967 1932 1129 1987 quem
1168 1932 1291 1971 cum
1339 1917 1663 1973 ambulando
1708 1928 1833 1988 post
1857 1919 1972 1974 dies

385 2023 588 2076 paucos
612 2007 972 2078 pervenisset,
997 2014 1157 2076 atque
1186 2008 1254 2061 ab
1278 2021 1343 2061 eo
1369 2007 1599 2078 benigne
1621 2018 1765 2064 esset
1789 2025 1973 2065 susce-

384 2112 545 2171 ptus,
594 2109 867 2172 repertum
915 2100 966 2155 ei
1001 2100 1180 2156 locum
1229 2100 1498 2155 laudando
1542 2101 1748 2157 referre
1784 2104 1968 2173 coepit.

384 2191 643 2256 Estimo,
671 2192 766 2256 ait,
795 2190 1050 2245 dilectum
1105 2191 1201 2245 tibi
1233 2190 1408 2245 locum
1443 2206 1585 2245 nunc
1619 2206 1739 2246 esse
1789 2207 1974 2261 reper-

385 2295 520 2338 tum.
555 2282 800 2352 Cumque
818 2281 868 2337 ei
882 2282 985 2338 loci
1003 2281 1146 2337 illius
1162 2290 1360 2337 statum
1390 2290 1445 2336 et
1467 2282 1783 2351 qualitatem
1815 2292 1973 2339 terrae

386 2380 441 2427 et
487 2387 642 2442 aqua:
680 2373 964 2428 decursum
990 2412 1006 2437 ,
1054 2388 1175 2441 quae
1226 2388 1396 2442 usque
1450 2372 1609 2428 hodie
1645 2375 1974 2430 monasterio

385 2462 684 2530 sufficiunt,
715 2462 1014 2519 revelasset
1036 2504 1050 2528 ,
1082 2463 1216 2518 satis
1243 2463 1476 2518 alacrem
1507 2464 1736 2518 reddidit
1766 2464 1975 2533 episco-

385 2572 513 2626 pum
539 2574 553 2621 ;
586 2557 899 2628 pariterque
930 2556 1266 2628 gratulantes
1302 2564 1358 2610 et
1387 2555 1615 2611 Domino
1644 2556 1847 2627 gratias
1891 2571 1976 2611 re-

386 2647 639 2711 ferentes,
667 2662 832 2701 suave
879 2646 1204 2716 colloquium
1245 2646 1389 2701 inter
1433 2662 1491 2701 se
1529 2647 1596 2702 de
1624 2647 1733 2701 vita
1760 2656 1813 2702 et
1843 2662 1976 2703 con-

388 2737 697 2793 versatione
726 2737 1117 2792 mouaehorum
1149 2737 1453 2793 diutissime
1494 2737 1816 2792 habuerunt.

457 2829 544 2882 ll.
587 2829 716 2893 Post,
743 2828 928 2883 dulces
949 2843 1232 2883 sermones
1255 2838 1478 2884 sanctus
1505 2829 1793 2900 episc0pus
1816 2871 1832 2896 ,
1884 2843 1974 2885 re-

385 2926 537 2975 tento
576 2932 866 2988 parumper
916 2932 1082 2987 penes
1116 2933 1173 2973 se
1202 2918 1449 2974 solitario
1501 2934 1602 2975 suo
1627 2960 1642 2984 ,
1690 2919 1979 2989 diligenter

384 3026 510 3065 eum
534 3010 734 3065 sanctis
759 3010 1027 3064 instruere
1058 3011 1271 3065 curavit
1311 3013 1675 3077 sermonibus,
1710 3021 1766 3068 et
1804 3013 1978 3068 sacris

2076 1842 2237 1899 quem
2265 1826 2636 1897 postulaverat
2665 1825 2920 1890 tradidit,
2950 1821 3176 1880 dicens:
3218 1825 3394 1881 Locus
3436 1827 3665 1896 quidem
3757 1834 3779 1850 ‘

2076 1933 2236 1988 quem
2266 1918 2405 1987 petis
2424 1958 2439 1982 ,
2468 1925 2522 1971 et
2547 1909 2675 1986 qui’,
2706 1925 2765 1971 ut
2794 1917 2996 1971 asscris
3016 1957 3030 1981 ,
3066 1912 3295 1971 Eihloha
3327 1917 3663 1991 (Aiclocha)

2076 2015 2441 2078 nuncupatur,
2468 2007 2521 2061 in
2549 2008 2666 2077 ripa
2694 2005 2932 2061 ﬂuminis
2957 2007 3167 2071 Fuldte,
3199 2009 3452 2079 quodque
3479 2010 3534 2063 in
3563 2011 3669 2065 hac

2076 2101 2164 2156 die
2192 2099 2474 2169 proprium
2505 2097 2579 2152 ibi
2608 2097 2798 2153 videor
2828 2097 3031 2152 habe-‘e
3051 2139 3065 2162 ,
3101 2106 3273 2153 totum
3302 2108 3359 2154 et
3387 2099 3666 2171 integrum

2077 2192 2144 2247 de
2162 2189 2288 2259 jure
2317 2204 2438 2245 meo
2469 2190 2522 2244 in
2547 2189 2637 2260 jus
2665 2188 2870 2244 domini
2902 2190 3055 2244 trado
3077 2230 3090 2254 ,
3128 2189 3202 2243 ita
3232 2197 3295 2243 ut
3322 2190 3391 2245 ab
3420 2190 3513 2245 illo
3542 2191 3669 2246 loco

2078 2281 2324 2350 undique
2345 2281 2397 2336 in
2425 2280 2657 2335 circuitu
2677 2320 2690 2345 ,
2721 2281 2788 2334 ab
2812 2281 3025 2336 oriente
3051 2280 3258 2335 scilicet
3281 2290 3335 2335 et
3356 2282 3665 2363 occidentg,

2079 2391 2109 2430 a
2136 2375 2505 2445 septentrione
2530 2381 2586 2428 et
2609 2374 2865 2437 meridie,
2898 2374 3120 2429 marcha
3149 2373 3226 2444 (id
3254 2383 3328 2428 est
3354 2373 3534 2446 limes)
3566 2391 3667 2445 per

2077 2473 2310 2535 quatuor
2344 2463 2515 2520 millia
2548 2478 2807 2533 passuum
2842 2463 3116 2517 tendatur.
3151 2462 3323 2517 Porro
3364 2477 3460 2517 rex
3494 2461 3665 2530 jussit

2077 2558 2324 2612 chartam
2358 2571 2468 2612 sum
2498 2555 2809 2611 traditionis
2845 2554 3042 2619 scribi,
3081 2569 3244 2625 quam
3281 2554 3397 2624 ipse
3434 2554 3666 2625 propria

2079 2666 2242 2704 manu
2278 2649 2534 2705 firmavit.
2576 2649 2644 2704 Et
2680 2648 2830 2703 misit
2863 2648 3081 2702 nuntios
3116 2662 3246 2703 suos
3271 2655 3330 2701 ut
3365 2662 3669 2717 congrega-

2080 2749 2204 2795 reut
2238 2755 2427 2796 omnes
2460 2740 2610 2796 viros
2647 2739 2858 2795 nobiles
2897 2738 2989 2808 qui
3031 2738 3084 2792 in
3113 2738 3334 2810 regione
3360 2734 3600 2807 Crapfelt
3634 2746 3657 2777 ο

2079 2838 2541 2895 commorassent,
2570 2837 2632 2884 ut
2665 2843 2761 2885 eos
2794 2827 2939 2900 regis
2975 2827 3319 2882 sermonibus
3349 2833 3662 2897 rogassent,

2079 2935 2140 2982 ut
2175 2925 2354 2981 omnis
2398 2923 2707 2994 quicunque
2749 2922 2804 2976 in
2847 2921 2969 2977 loco
3008 2919 3102 2975 illo
3150 2918 3350 2989 aliquid
3381 2918 3662 2989 proprium

2080 3018 2358 3074 videretur
2394 3015 2623 3080 habere,
2665 3011 3118 3083 quemadmodum
3157 3008 3288 3065 fecit
3322 3024 3415 3065 rex
3437 3050 3452 3076 ,
3494 3007 3572 3064 ita
3608 3017 3666 3066 et

350 3157 356 3165 .
387 3100 682 3172 SCI’ile‘IB
704 3101 1022 3167 δοιιιθηιὶίεν
1076 3101 1144 3156 ad
1197 3105 1509 3156 monastic!!!
1553 3102 1676 3157 νὶιω
1733 3117 1974 3158 amorem
2003 3101 2047 3162 C
2082 3110 2180 3180 ipsi
2210 3107 2477 3164 tradendo
2509 3104 2771 3161 facerent.
2804 3102 3049 3174 Cumque
3077 3102 3147 3157 ad
3176 3101 3488 3158 condictum
3518 3101 3663 3157 diem

221 3176 230 3185 ’
315 3183 317 3186 ⁴
384 3193 635 3249 incitare.
666 3192 759 3248 Sic
779 3194 924 3249 enim
949 3194 1203 3249 uberiore
1241 3193 1609 3249 doctrinarum
1654 3193 1802 3249 fonte
1852 3194 1976 3250 irri-

385 3292 590 3355 gatum,
621 3293 678 3339 et
710 3283 959 3354 plurimis
1001 3292 1204 3339 sancta:
1255 3282 1549 3354 Scriptum.
1596 3284 1975 3341 admonitioni-

384 3374 486 3430 bus
506 3374 892 3439 confortatum,
924 3375 989 3430 ad
1035 3388 1277 3430 eremum
1316 3375 1599 3430 eremitam
1629 3391 1785 3431 suum
1811 3374 1975 3431 Stur-’

380 3478 511 3519 amen
538 3464 688 3519 abire
716 3472 940 3519 sanctus
960 3464 1208 3535 permisit
1234 3464 1538 3534 episcopus.
1580 3465 1701 3535 Ipse
1726 3480 1857 3520 vero
1905 3467 1976 3523 ob

385 3546 855 3611 confirmationem
905 3555 1107 3626 reperti
1151 3556 1203 3609 in
1242 3570 1427 3610 eremo
1459 3556 1562 3611 loci
1620 3558 1688 3612 ad
1718 3556 1977 3627 palatium

382 3646 531 3717 regis
558 3645 833 3715 profectus
859 3654 964 3701 est.
990 3645 1195 3701 Sturmi
1226 3654 1407 3701 autem
1448 3656 1733 3717 postquam
1761 3649 1830 3704 ad
1850 3663 1976 3703 suos

388 3737 638 3807 pervenit
659 3736 713 3790 in
742 3736 1090 3791 solitudinem
1121 3736 1320 3800 socios,
1344 3745 1401 3791 et
1429 3751 1490 3790 se
1525 3737 1591 3791 ad
1616 3737 1793 3792 locum
1814 3752 1973 3808 quem

382 3835 686 3897 repererat,
711 3842 834 3881 cum
862 3828 1124 3882 fratribus
1146 3827 1404 3883 voluisset
1432 3828 1702 3895 conferre,
1728 3838 1783 3885 et
1809 3846 1917 3887 non
1945 3830 1975 3871 ιν

385 3918 493 3990 jam
524 3925 653 3973 tunc
681 3932 748 3971 ex
770 3932 877 3986 quo
899 3918 953 3972 in
976 3932 1160 3973 eremo
1180 3918 1427 3973 habitare
1452 3930 1713 3989 coeperat,
1737 3936 1883 3989 anno
1908 3922 1978 3978 ab

388 4008 619 4078 Harsfelt
673 4023 953 4078 regressus
995 4019 1109 4073 est;
1162 4009 1375 4065 invidus
1421 4013 1662 4066 omnium
1712 4013 1974 4067 bonarum

385 4117 570 4158 rerum
597 4101 859 4157 “diabolus
888 4102 1276 4171 pertimescens
1307 4117 1585 4158 servorum
1617 4098 1723 4159 Dei
1768 4104 1822 4159 in
1850 4106 1977 4160 soli-

386 4193 575 4248 tudine
614 4193 1099 4257 conversationem,
1126 4192 1392 4246 malorum
1448 4193 1725 4248 hominum
1767 4204 1977 4251 mentes

388 4285 699 4355 instigabat,
729 4291 789 4337 ut
816 4293 1062 4339 sanctum
1088 4283 1263 4338 servis
1309 4282 1511 4339 Christi
1540 4285 1975 4341 contradicerent

388 4376 588 4433 locum.
615 4372 817 4429 'Sancti
836 4389 970 4429 vero
1008 4374 1151 4429 servi
1179 4373 1275 4429 Dei
1301 4389 1425 4429 cum
1466 4389 1759 4444 pravorum
1794 4376 1974 4439 homi-

2076 3211 2266 3253 omncs
2293 3195 2520 3249 fuissent
2541 3191 2889 3264 congregati,
2915 3190 3264 3246 advenientes
3288 3189 3427 3260 regis
3452 3188 3661 3244 nuntii:

2078 3286 2280 3343 Omnes
2321 3300 2452 3350 vos,
2501 3282 2786 3352 inquiunt,
2837 3297 2927 3336 rex
2972 3280 3086 3335 suis
3126 3279 3367 3335 salutare
3405 3278 3663 3350 pne-cepit

2077 3374 2419 3434 sermonibus
2436 3414 2451 3439 ,
2476 3373 2843 3444 poscebatque
2867 3379 2923 3426 et
2947 3368 3254 3439 imperabat
3279 3379 3338 3423 ut
3361 3369 3543 3424 omnis
3567 3369 3661 3439 qui

2078 3470 2280 3541 aliquid
2310 3466 2669 3540 proprietatis
2697 3465 2848 3519 visus
2876 3462 3070 3519 fuisset
3099 3462 3303 3517 habere
3332 3461 3387 3516 in
3418 3461 3538 3517 loco
3569 3461 3662 3532 qui

2079 3560 2276 3615 dicitur
2306 3556 2568 3620 Eihloha,
2599 3552 2774 3609 servis
2794 3551 2890 3606 Dei
2915 3541 3326 3605 inhabitandum
3354 3558 3527 3604 totum
3555 3559 3664 3604 tra-

2080 3651 2253 3706 deret.
2285 3649 2388 3716 Qui
2417 3662 2541 3702 cum
2569 3647 2673 3701 hoc
2699 3638 2980 3700 audissent
2998 3684 3013 3710 ,
3042 3651 3174 3697 nutu
3198 3642 3295 3697 Dei
3322 3645 3511 3698 statim
3536 3658 3664 3699 cum

2078 3740 2225 3796 omni
2250 3739 2530 3809 diligentia
2551 3778 2565 3803 ,
2594 3735 2853 3807 quidquid
2881 3733 3081 3788 ibidem
3107 3732 3309 3788 habere
3332 3740 3663 3814 potuerunt,

2076 3832 2196 3886 viro
2220 3830 2313 3884 Dei
2340 3828 2546 3884 Sturmi
2574 3835 2744 3883 totum
2776 3825 3136 3880 tradiderunt.

2151 3921 2238 3976 15.
2286 3920 2455 3992 igitur
2494 3920 2600 3974 hac
2638 3916 2928 3972 traditione
2954 3914 3193 3984 undique
3217 3913 3432 3968 firmata
3459 3920 3517 3968 et
3544 3912 3665 3971 loco

2078 4014 2170 4069 illo
2198 4014 2263 4068 de
2285 4011 2410 4081 jure
2444 4010 2724 4066 hominum
2757 4007 2811 4062 in
2838 4005 2928 4076 jus
2955 4006 3170 4062 Domini
3200 4006 3435 4072 tradito,
3466 4005 3663 4062 beatus

2079 4102 2287 4159 Sturmi
2320 4102 2374 4156 in
2407 4098 2642 4171 Dryhlar
2673 4094 3023 4168 (Chrichlar)
3053 4094 3296 4165 perrexit
3332 4094 3401 4149 ad
3439 4093 3660 4149 fratres.

2076 4195 2204 4250 inde
2227 4209 2332 4248 non
2353 4200 2476 4263 post
2490 4191 2692 4246 multos
2703 4189 2820 4244 dies
2831 4202 3082 4258 surgens,
3096 4186 3388 4257 assumptis
3401 4184 3661 4241 fratribus

2078 4302 2263 4342 secum
2288 4292 2492 4355 septem
2511 4323 2526 4348 ,
2554 4280 2932 4352 commigravit
2952 4278 3020 4333 ad
3046 4278 3222 4332 locum
3248 4277 3339 4333 ubi
3367 4292 3514 4333 nunc
3535 4292 3662 4332 san-

2079 4385 2224 4433 ctum
2254 4376 2417 4431 situm
2442 4380 2533 4429 est
2560 4369 2982 4433 monasterium,
3013 4377 3067 4424 et
3095 4382 3239 4423 anno
3268 4366 3661 4423 lncarnationis

389 4481 520 4525 num
570 4465 999 4531 obstinationes,
1062 4465 1173 4519 imo
1214 4463 1389 4519 zabuli
1433 4463 1789 4521 adversitates
1833 4465 1977 4522 ferre
2002 4457 2055 4516 D
2080 4467 2283 4524 Christi
2328 4463 2817 4537 septingentesimo
2859 4461 3273 4532 quadragesimo
3309 4468 3535 4537 quarto,
3574 4474 3659 4516 re-

387 4557 620 4617 necdum)
647 4566 890 4626 possent,
918 4557 1253 4612 div‘erterunt
1283 4557 1508 4623 inde,eet
1546 4566 1892 4615 secesserunt
1921 4560 1974 4614 in

390 4646 571 4702 locum
596 4648 687 4716 qui
712 4649 913 4703 dicitur
937 4646 1225 4702 Chrilhan’.

460 4738 546 4793 12.
583 4739 816 4794 Sanctus
838 4754 1052 4809 quoque
1073 4738 1386 4796 Bonifacius
1407 4740 1716 4811 episcopus,
1746 4750 1806 4796 ut
1831 4756 1971 4812 prte-

392 4827 537 4881 fatus
566 4844 721 4889 sum.
750 4828 817 4883 ad
848 4828 1235 4905 carlmannum
1262 4829 1596 4886 Francorum
1626 4846 1806 4902 regem
1845 4846 1972 4903 per-

392 4918 531 4972 rexit
556 4958 569 4982 ,
596 4927 650 4971 et
678 4918 956 4971 humiliter
980 4919 1357 4988 sapienterque
1384 4921 1449 4976 ad
1477 4936 1600 4976 eum
1626 4922 1840 4978 locutus
1864 4934 1968 4978 est.

391 5009 472 5064 Ad
499 5015 853 5077 perpetuam,
872 5008 1077 5076 inquit,
1106 5010 1593 5066 remunerationem
1618 5021 1853 5069 vestram
1882 5030 1975 5069 co-

446 5138 1141 5216 'u__l.oe.umiAmanaburgo
1167 5152 1221 5199 et
1247 5144 1973 5216 monasterioFritiflariensi

393 5214 446 5290 in
482 5212 670 5290 linesia
705 5215 942 5290 vicinum
967 5212 1332 5290 concesserat
1361 5214 1654 5290 Bonifacioi
1676 5216 1975 5290 Adalgerus

390 5282 671 5363 clericum;
687 5285 827 5363 apud
857 5284 1145 5363 Othlouum
1160 5286 1229 5363 .in
1244 5286 1359 5363 .lib_._
1380 5303 1418 5340 ll
1436 5303 1605 5363 ,_cap._
1636 5289 1720 5344 l8.

466 5355 492 5393 ιι
528 5351 836 5426 Legc‘ndum
866 5355 1079 5426 videtur
1108 5351 1276 5421 mino;
1309 5357 1399 5411 diu
1419 5351 1696 5426 _siqu-idcm
1729 5355 1971 5412 llersfel-

391 5414 978 5479 dettsentusolit.idinem
1014 5414 1287 5483 incoluere
1335 5414 1466 5482 socii
1498 5414 1743 5480 'Sturmii
1771 5466 1785 5489 ,
1821 5428 1970 5483 'dum

392 5493 494 5565 iste
545 5511 632 5549 res
677 5496 925 5565 superius
962 5503 1292 5549 memoratas
1328 5503 1619 5549 exsecutus
1671 5504 1772 5549 est.
1806 5494 1973 5565 iUnde

393 5564 527 5617 satis
576 5565 681 5618 iiiis
716 5565 818 5619 fuit
868 5565 1130 5635 temporis
1181 5574 1242 5618 ut
1289 5566 1673 5619 monasterium
1722 5564 1841 5618 rudi
1881 5565 1974 5691 (aut

394 5642 667 5690 tantorum
720 5636 998 5691 hominum
1044 5634 1325 5691 frugalitas
1362 5633 1842 5691 ferebatiartificio
1917 5651 1974 5691 e-

394 5642 667 5690 tantorum
720 5633 998 5713 hominum
1044 5634 1325 5705 frugalitas
1362 5633 1590 5707 ferebat)
1612 5634 1842 5691 artificio

1917 5651 1976 5692 ε.
1998 5670 2001 5677 .

2081 4561 2371 4632 gnantibus
2400 4559 2452 4612 in
2479 4558 2589 4613 hac
2608 4563 2767 4628 gente
2791 4553 3128 4610 Francorum
3154 4552 3365 4608 duobus
3392 4551 3652 4608 fratribus

2077 4655 2404 4712 Carlmanno
2429 4658 2594 4722 atque
2615 4646 2868 4721 Pippino,
2893 4647 3189 4703 indictione
3216 4644 3313 4710 l2,
3341 4659 3532 4700 mense
3555 4643 3657 4715 pri-

2078 4763 2167 4803 mo
2185 4788 2200 4813 ,
2241 4745 2564 4801 duodecimo
2589 4742 2676 4798 die
2704 4741 2909 4797 mensis
2936 4738 3180 4810 ejusdem
3202 4779 3217 4804 ,
3256 4744 3505 4792 sanctum
3542 4744 3597 4791 et
3623 4749 3655 4790 a

2076 4839 2186 4892 Deo
2216 4836 2412 4890 dudum
2436 4831 2881 4902 praedestinatum
2913 4830 3191 4900 ingressus
3214 4837 3299 4881 est
3322 4826 3526 4883 locum.
3553 4825 3653 4880 Do-

2075 4926 2281 4980 minum
2310 4922 2586 4978 Christum
2618 4920 2771 4974 illum
2797 4931 3011 4988 semper
3043 4917 3216 4981 tueri,
3245 4925 3299 4972 et
3328 4931 3425 4971 sua
3456 4915 3651 4970 invicta

2074 5008 2314 5086 potentia
2346 5010 2562 5066 defendi
2593 5003 2926 5081 [defendere
2972 5005 3407 5079 ]implorabant,
3455 5003 3650 5059 sanctis

2075 5148 2360 5201 linear-ent.
2384 5146 2544 5200 Certe
2574 5144 2641 5200 ab
2668 5159 2811 5199 anno
2831 5141 2955 5203 736,
2990 5156 3098 5212 quo
3128 5137 3478 5212 aiLgambeI-to
3507 5136 3648 5212 initia

2077 5216 2492 5276 llersfeldensis,
2524 5213 2754 5268 emnobii
2805 5205 3069 5276 locantur,
3116 5211 3181 5264 ad
3220 5206 3321 5263 7H
3343 5248 3358 5272 ,
3393 5223 3507 5276 quo
3538 5205 3650 5261 Ful-

2075 5289 2242 5343 dense
2294 5285 2676 5340 monasterium
2721 5290 3091 5338 constructum
3146 5280 3227 5335 est
3254 5320 3270 5345 ,
3324 5287 3646 5332 novenorum

2038 5388 2043 5397 ~
2077 5357 2190 5413 fere
2213 5370 2476 5412 annorum
2508 5368 2766 5409 nummus
2792 5352 3096 5407 intercedit.

2152 5440 2173 5468 ε
2194 5427 2285 5483 Sic
2309 5434 2475 5482 vasta!
2501 5423 2803 5479 solitudinis
2825 5420 3653 5494 Boconizeesstirpatoru

2078 5497 2160 5553 las
2186 5497 2667 5576 Crav'eld‘osvoeat
2692 5494 2988 5576 Gregorips
3012 5491 3132 5563 ll‘in
3158 5483 3389 5576 epistola
3412 5487 3550 5559 ipsis
3570 5483 3646 5538 di-

2080 5576 2227 5624 reCta
2247 5609 2261 5636 ,
2287 5565 2426 5639 apud
2452 5565 2743 5622 0thlonum
2760 5603 2775 5629 ,
2805 5559 2858 5619 in
2885 5562 2978 5618 lib.
3007 5559 3210 5632 t,‘cap.'
3230 5559 3318 5615 :39.
