3838 6144
208 279 306 341 453

1471 282 1799 343 AUCTORE
1837 287 1897 346 S.
1938 287 2183 345 ElGlLE.

3348 304 3451 359 454

209 390 425 481 Domino
452 389 770 462 psalmodiis
804 399 860 448 et
887 390 1109 464 jejuniis
1142 393 1447 465 vigiliisque
1479 406 1536 455 et
1570 401 1777 456 oratio—
1800 406 1856 468 Α
1876 401 2056 460 locum
2081 402 2232 458 illum
2250 442 2265 469 ,
2297 409 2354 458 et
2382 404 2617 474 propriis
2645 406 2898 465 manibus
2920 411 3139 481 operari
3168 414 3453 478 studebat,

210 480 357 536 uibus
379 480 466 535 die
490 488 762 550 noctuque
786 481 1113 555 famulantes
1128 525 1146 550 ,
1173 486 1338 542 silvas
1362 488 1593 558 caedere,
1621 498 1676 546 et
1698 492 1778 549 lo.-

212 591 321 633 cum
346 577 608 638 mundare
633 580 855 649 proprio
880 581 1086 648 labore,
1112 584 1168 639 in
1194 594 1456 655 quantum
1482 586 1778 657 prmvalue-

211 677 355 733 runt,
393 670 704 727 studebant.
743 673 983 744 Expletis
1017 686 1201 732 autem
1225 678 1436 736 duobus
1462 681 1776 747 mensibus,

210 760 535 816 venerandus
562 762 631 816 ad
651 777 746 817 eos
770 764 1209 836 archiepiscopus
1229 768 1539 826 Bonifacius
1560 785 1780 843 congre-

211 857 320 930 gata
347 850 630 905 hominum
653 851 999 910 multitudine
1022 857 1261 925 perrexit
1285 876 1297 911 :
1327 860 1633 930 conspectis
1653 876 1782 916 cun-

120 948 123 957 '
210 922 299 996 etis
316 940 418 996 loci
443 940 589 996 illius
610 943 929 1009 commodis,
954 922 1358 1003 ethtilitatihus
1381 922 1662 1021 immensis
1685 964 1779 1005 ex-

208 1032 447 1105 ploratis,
474 1034 527 1087 in
550 1031 759 1103 Spiritu
785 1037 1336 1104 sancto_exsultabat,
1360 1047 1543 1110 grates
1561 1039 1780 1096 Christo

211 1123 443 1179 referens
484 1133 540 1178 et
574 1123 763 1180 laudes
802 1127 948 1195 quod
978 1129 1153 1184 servis
1182 1128 1298 1184 suis
1325 1129 1487 1185 talem
1513 1130 1567 1186 in
1593 1145 1781 1187 eremo

210 1217 442 1271 tribuere
472 1215 726 1289 dignatus
753 1224 837 1271 est
864 1217 1276 1274 habitationem.
1307 1218 1626 1275 Hominibus
1648 1235 1780 1275 vero

209 1305 432 1377 quicum
457 1320 522 1359 eo
545 1314 811 1359 venerunt
831 1305 886 1360 in
910 1306 1087 1361 locum
1112 1308 1199 1362 ubi
1221 1308 1271 1362 ei
1296 1317 1349 1362 et
1374 1309 1545 1365 servis
1568 1309 1664 1365 Dei
1685 1325 1780 1381 pa-

213 1398 331 1452 riter
353 1381 482 1452 eum
507 1412 574 1452 eo
599 1397 773 1452 visum
796 1407 881 1454 est
903 1399 1190 1453 ecclesiam
1218 1415 1438 1471 ponere,
1465 1410 1522 1457 et
1545 1400 1779 1458 frutecta

211 1503 425 1559 qumque
463 1487 675 1544 credere
706 1488 1011 1559 imperavit.
1052 1488 1171 1561 Ipse
1212 1507 1270 1547 se
1308 1492 1364 1546 in
1406 1501 1646 1549 montem
1684 1493 1778 1564 qui

216 1597 369 1651 usque
396 1580 563 1635 hodie
584 1580 736 1636 Mons
758 1582 1008 1653 Episcopi
1039 1584 1366 1653 appellatur,
1388 1585 1652 1652 contulit,
1684 1585 1776 1641 ubi

212 1659 393 1743 iugiter
417 1671 705 1727 Dominum
726 1673 919 1727 orabat
940 1681 996 1727 et
1021 1674 1093 1728 ibi
1120 1675 1293 1731 sacris
1313 1674 1466 1731 libris
1487 1676 1779 1732 scrutando

1873 502 1932 551 et
1953 508 2096 565 saepe
2120 496 2175 552 in
2199 494 2399 552 dilecto
2421 496 2524 553 sibi
2550 507 2734 554 monte
2757 503 3008 571 superius
3032 505 3178 561 dicto
3203 509 3463 579 mysticae

1874 585 2167 641 scrutando
2188 584 2498 659 Scripturas
2518 597 2575 645 et
2594 588 2872 647 Christum
2892 592 3236 653 familiariter
3253 601 3463 658 orando

1876 673 2163 731 insidebat.
2962 685 2972 696 ‘

1949 766 2034 821 14.
2062 767 2233 824 Porro
2254 768 2377 824 cum
2395 768 2592 827 fratres
2616 771 2877 845 Regulam
2899 776 3073 830 sancti
3094 775 3272 834 Patris
3294 779 3462 837 Bene.

1877 853 2005 910 dicti
2028 854 2302 912 inhianter
2325 858 2619 915 observare
2638 861 3043 919 desiderassent
3057 905 3072 930 ,
3096 875 3152 921 et
3178 867 3248 922 ad
3270 884 3463 925 mona-

1877 945 2027 1000 stica:
2047 946 2346 1016 disciplina:
2365 963 2612 1005 normam
2634 965 2732 1006 sua
2752 967 2981 1023 corpora
3005 972 3126 1012 men
3136 966 3322 1028 tesque
3346 968 3462 1017 toto

1878 1036 2061 1094 animo
2088 1036 2471 1105 inclinassent,
2500 1042 2787 1098 consilium
2813 1045 2944 1099 utile
2970 1046 3245 1114 inierunt,
3271 1060 3463 1120 quate-

1878 1141 1983 1182 nus
2007 1126 2174 1197 aliqui
2199 1143 2268 1183 ex
2292 1128 2425 1200 ipsis
2445 1131 2514 1187 ad
2539 1147 2734 1203 magna
2754 1134 2951 1191 alicubi
2976 1120 3325 1196 mitterentur
3346 1158 3463 1198 mo-

1879 1216 2115 1287 nasteria
2133 1256 2149 1280 ,
2178 1224 2239 1270 ut
2265 1215 2501 1272 fratrum
2532 1219 2606 1275 ibi
2635 1223 2981 1290 concordiam
3012 1233 3067 1281 et
3087 1231 3456 1287 conversatio-

1879 1320 2005 1361 nem
2031 1306 2331 1378 regularem
2355 1307 2597 1379 perfeetc
2624 1310 2916 1367 discerent.
2946 1313 3098 1381 Quod
3126 1332 3247 1371 cum
3274 1329 3465 1377 sancto

1880 1396 2079 1453 fuisset
2106 1399 2405 1455 indicatum
2430 1401 2719 1471 episcopo,
2749 1404 2990 1473 prudens
3018 1406 3232 1463 illorum
3263 1411 3465 1465 collau-

1880 1487 2032 1542 davit
2056 1488 2340 1544 consilium
2358 1530 2374 1556 ,
2401 1499 2457 1546 et
2480 1491 2622 1547 hanc
2647 1492 2973 1564 legationem
2992 1498 3234 1555 studioso
3256 1500 3462 1559 Sturmi

1880 1576 2134 1647 iniunxit.
2151 1578 2253 1646 Qui
2271 1582 2589 1651 praeparatis
2602 1582 2817 1639 itineris
2827 1588 3465 1663 necessariis,assumptis

1881 1683 2065 1725 secum
2094 1668 2303 1725 duobus
2327 1669 2606 1737 fratribus,
2634 1682 2829 1743 quarto
2851 1676 2917 1730 ad
2942 1676 3120 1733 locum
3143 1682 3462 1750 praedictum

218 1764 491 1818 insudabat
507 1804 521 1826 ,
555 1771 609 1817 et
634 1773 854 1833 propter
879 1764 982 1818 hoc
1010 1765 1180 1820 monti
1208 1766 1531 1822 vocabulum
1557 1767 1771 1823 indidit.
1803 1757 1851 1817 B
1878 1760 2229 1832 ingressionis
2247 1777 2413 1829 anno,
2428 1762 2658 1819 Romam
2675 1763 2953 1834 profectus
2973 1777 3057 1822 est
3072 1809 3085 1832 ,
3105 1778 3270 1840 atque
3291 1773 3343 1827 in
3369 1775 3460 1829 illa

216 1849 327 1906 Post
363 1852 526 1906 unius
557 1852 871 1921 septimanae
892 1852 1257 1923 impletionem
1277 1893 1292 1921 ,
1315 1855 1510 1911 dirutis
1537 1856 1780 1912 innume-

220 1942 285 1995 ris
315 1943 467 1997 silvis
497 1950 553 1997 et
582 1942 898 2008 arboribus,
930 1952 985 1999 et
1010 1960 1138 2001 rase
1162 1957 1187 1986 ι
1225 1946 1293 2001 ad
1323 1946 1529 2002 calcem
1576 1946 1779 2004 facien-

218 2031 329 2085 dam
372 2034 706 2104 cnmposita,
751 2035 1036 2105 episcopus
1078 2035 1380 2092 benedictis
1425 2035 1684 2093 fratribus
1724 2046 1781 2093 et

221 2122 325 2178 loco
343 2124 571 2179 Domino
592 2126 990 2191 commendato,
1015 2142 1138 2182 cum
1160 2127 1423 2197 operariis
1443 2143 1567 2184 cum
1587 2127 1781 2198 quibus

225 2223 468 2279 venerat,
500 2215 626 2270 inde
656 2216 927 2287 migravit.
957 2217 1145 2273 Altero
1173 2226 1353 2273 autem
1382 2233 1525 2273 anno
1558 2227 1782 2274 sanctus

224 2305 490 2375 episcopus
517 2305 717 2360 iterum
748 2306 873 2362 illuc
901 2322 1204 2378 properans
1224 2348 1241 2376 ,
1273 2308 1341 2363 ad
1372 2308 1643 2365 novellum
1669 2323 1781 2365 cm-

225 2394 427 2448 nobium
469 2396 722 2466 pervenit
760 2412 958 2463 suum;
1010 2398 1154 2470 quod
1192 2398 1306 2470 jam
1355 2406 1515 2465 tunc,
1559 2407 1783 2469 propter

228 2491 444 2537 meatum
482 2483 755 2551 numinis,
796 2484 965 2541 Fulda
1003 2488 1187 2543 vocari
1226 2487 1594 2543 inchoaverat.
1638 2488 1783 2545 Visis

228 2572 467 2630 fratribus
492 2576 878 2647 salutatisque,
906 2593 1074 2648 penes
1098 2578 1243 2648 ipsos
1266 2578 1571 2650 complures
1594 2577 1780 2650 exple-

229 2664 298 2718 vit
319 2665 427 2722 dies
451 2685 465 2722 :
491 2667 545 2723 in
569 2668 767 2738 quibus
787 2667 1028 2724 novellos
1050 2669 1344 2725 monachos
1363 2685 1490 2726 suos
1514 2670 1783 2727 instruere

232 2758 453 2824 curavit,
481 2768 539 2814 et
565 2759 881 2815 monastica:
908 2760 1110 2831 regulae
1137 2760 1454 2831 disciplinas
1483 2760 1782 2817 secundum

231 2856 417 2904 sancta:
454 2849 745 2922 Scriptum
784 2850 1133 2909 traditionem
1180 2860 1419 2908 statuere
1456 2851 1598 2923 apud
1637 2852 1785 2922 ipsos

231 2952 328 2993 non
357 2942 620 2996 cessabat.
654 2940 758 3009 Qui
785 2957 910 2999 cum
941 2940 1202 2999 fratribus
1229 2958 1417 2999 sacras
1445 2943 1785 3012 exposuisset

233 3027 551 3100 Scripturas,
593 3040 650 3087 et
686 3033 830 3103 quod
868 3048 1139 3103 nusquam
1172 3032 1355 3088 vinum
1391 3032 1781 3089 monachorum

1878 1858 2027 1906 terra
2052 1852 2263 1908 cunctis
2284 1855 2627 1911 monasteriis
2652 1854 2900 1912 lustratis
2922 1870 2970 1924 ο,
2996 1868 3053 1914 et
3071 1861 3317 1917 omnium
3340 1881 3460 1921 mo-

1878 1957 1968 1999 res
1997 1942 2072 1999 ibi
2109 1943 2340 1999 fratrum
2368 1946 2782 2003 consistentium
2814 1950 3241 2022 traditionesque
3270 1968 3462 2009 mona-

1878 2031 2172 2089 steriorum
2197 2032 2267 2087 ad
2286 2031 2504 2102 plenum
2530 2034 2766 2102 discens,
2792 2035 3061 2110 integrum
3087 2055 3290 2096 annum
3315 2046 3461 2113 apud

1879 2118 1971 2175 illa
1996 2122 2333 2178 monasteria
2358 2137 2738 2195 perseverans,
2768 2130 3006 2185 secundo
3032 2130 3157 2189 inde
3180 2148 3349 2200 anno,
3376 2151 3460 2191 re-

1878 2210 2058 2282 pletus
2082 2206 2279 2282 q'uibus
2306 2215 2518 2271 viderat
2544 2216 2862 2285 virtutibus,
2896 2235 3182 2292 regressus
3196 2233 3299 2279 est.
3327 2225 3469 2281 Curat

1880 2304 1950 2359 ad
1978 2305 2124 2362 hanc
2146 2305 2376 2365 Domino
2404 2309 2705 2379 opitulante
2733 2318 2938 2367 terram
2969 2316 3316 2384 perveniret,
3342 2333 3470 2373 σοι’-ο

1881 2403 2070 2467 reptus
2096 2398 2287 2454 morbo
2316 2400 2459 2469 apud
2486 2398 2796 2473 Chitzzinga
2820 2401 2845 2442 ἀ
2871 2407 3264 2463 monasterium
3283 2448 3299 2475 ,
3329 2408 3465 2466 heb-

1881 2488 2144 2545 domadas
2164 2498 2397 2560 quatuor
2415 2492 2720 2563 aegrotavit.
2742 2493 2893 2549 Tunc
2913 2510 2980 2550 ex
2999 2496 3317 2554 infirmitate
3336 2514 3464 2555 con-

1881 2579 2083 2647 valuit,
2113 2586 2171 2635 et
2197 2581 2266 2636 ad
2296 2580 2610 2652 episcopum
2638 2582 2976 2639 Bonifacium
3001 2625 3018 2652 ,
3046 2586 3139 2655 qui
3170 2594 3300 2642 tunc
3326 2587 3468 2643 forte

1882 2668 1939 2725 in
1966 2668 2224 2741 Turingia
2252 2670 2389 2737 fuit,
2417 2673 2676 2742 perrexit.
2705 2671 2824 2740 Quo
2848 2673 2967 2729 viso
2992 2674 3219 2731 nimium
3245 2679 3461 2749 episeo-

1881 2773 1985 2832 pus
2009 2758 2228 2830 gavisus
2243 2800 2258 2827 ,
2288 2768 2345 2815 et
2363 2760 2590 2817 Domino
2613 2762 2877 2820 adventus
2896 2764 2981 2819 sui
3004 2766 3174 2836 gratis
3195 2765 3464 2834 referens,

1882 2848 2112 2905 multum
2151 2850 2220 2906 ab
2255 2848 2350 2905 illo
2384 2850 2451 2906 de
2485 2851 2796 2921 regionibus
2835 2853 3032 2923 quibus
3058 2864 3316 2923 venerat,
3343 2871 3467 2927 per-

1883 2950 2135 2998 contatus
2176 2950 2279 2999 est.
2319 2943 2388 2998 Et
2424 2944 2551 2999 dum
2585 2958 2710 3000 eum
2743 2945 3040 3019 prudenter
3075 2961 3256 3004 mores
3290 2950 3467 3020 gentis

1883 3031 2029 3089 illius
2067 3040 2123 3087 et
2160 3032 2476 3104 disciplinas
2514 3035 2911 3090 monachorum
2955 3034 3160 3092 referre
3202 3040 3463 3112 agnovit:
3566 3035 3570 3039 ’

231 3117 416 3191 legeret
453 3138 610 3197 esse;
654 3140 921 3180 consensu
959 3125 1200 3180 omnium
1242 3125 1519 3182 decretum
1559 3133 1642 3182 est
1661 3167 1678 3194 ,
1720 3133 1783 3181 ut
1807 3108 1853 3171 Ο
1886 3123 2058 3189 Vade,
2089 3123 2293 3194 inquit,
2324 3134 2379 3181 et
2400 3125 2671 3182 novellum
2696 3128 3082 3184 monasterium
3108 3108 3331 3185 Fuldam
3354 3172 3371 3197 ,
3397 3133 3466 3186 ad

232 3215 364 3283 apud
389 3194 675 3271 illos'nulla
703 3218 850 3289 potio
878 3216 1036 3272 fortis
1066 3217 1094 3257 δ
1121 3231 1242 3286 quae
1270 3217 1540 3273 inebriare
1578 3217 1780 3288 possit,

229 3306 319 3359 sed
346 3310 512 3375 tenuis
540 3309 794 3376 cervisia,
823 3309 1117 3365 biberetur.
1148 3308 1300 3376 Quod
1337 3317 1460 3380 post
1480 3309 1661 3380 plures
1688 3325 1785 3364 an-

230 3412 325 3453 nos
343 3440 359 3465 ,
385 3412 657 3456 crescente
685 3401 887 3456 familia
907 3442 921 3466 ,
948 3409 1170 3473 propter
1194 3410 1425 3473 aegrotos
1453 3410 1507 3458 et
1536 3401 1781 3457 imbecil-

229 3487 335 3555 les,
375 3503 608 3563 tempore
646 3493 858 3563 Pippini
890 3493 1032 3564 regis
1058 3494 1300 3565 synodali
1331 3493 1552 3549 decreto
1580 3495 1781 3549 immu-

232 3590 389 3637 tatum
414 3594 512 3639 est.
538 3584 720 3655 Aliqui
748 3594 955 3640 tantum
974 3584 1178 3658 [Forte,
1200 3585 1403 3659 tamen]
1430 3602 1499 3642 ex
1525 3585 1785 3643 fratribus

228 3688 389 3744 usque
407 3678 469 3732 ad
494 3678 655 3733 tinem
682 3680 803 3734 vita:
824 3695 936 3735 sua:
955 3696 1014 3735 se
1036 3696 1067 3734 a
1088 3681 1217 3736 vino
1240 3689 1294 3736 et
1319 3682 1530 3738 caeteris
1557 3681 1785 3739 fortibus

229 3768 520 3833 potionibus
558 3771 954 3826 abstinuerunt.
999 3770 1129 3827 Post
1165 3786 1273 3826 non
1310 3772 1538 3827 multum
1575 3780 1786 3829 secrete

227 3858 402 3917 habito
423 3881 541 3920 cum
568 3863 775 3920 Sturmi
797 3865 1089 3935 colloquio,
1111 3880 1218 3935 quo
1245 3879 1366 3919 eum
1394 3864 1626 3935 qualiter
1649 3880 1786 3934 prae-

231 3964 342 4007 esse
369 3957 573 4011 exteris
601 3955 825 4011 deberet
850 3956 1067 4022 docuit;
1095 3964 1150 4009 et
1174 3963 1297 4024 post
1322 3955 1595 4010 uberrima
1622 3955 1788 4011 docu-

230 4053 400 4099 menta
427 4056 481 4101 et
506 4048 714 4103 monita
734 4088 749 4111 ,
779 4047 975 4117 quibus
1001 4047 1199 4100 fratres
1223 4046 1457 4115 qualiter
1484 4046 1706 4101 obedire.
1732 4054 1789 4101 et

227 4134 436 4190 subesse
468 4137 731 4192 deberent
758 4136 980 4199 imbuit,
1008 4136 1259 4191 salutatis
1296 4136 1429 4205 ipsis
1464 4135 1786 4205 Christoque

226 4223 302 4279 eis
323 4228 729 4293 commendatis,
756 4228 878 4281 inde
896 4226 1169 4297 profectus
1191 4233 1291 4280 est.
1318 4225 1409 4279 Sic
1431 4240 1559 4279 vero
1581 4224 1787 4280 solebat

227 4329 361 4385 saepe
388 4318 503 4372 illos
524 4318 749 4371 visitare
776 4316 906 4387 ipse,
931 4324 986 4370 et
1010 4331 1108 4385 per
1135 4314 1373 4384 singulos
1399 4330 1587 4379 annos,
1616 4330 1787 4385 quan-

229 4407 291 4461 tis
314 4410 512 4463 vicibus
536 4408 718 4472 licuit,
747 4416 970 4477 prepter
990 4404 1346 4475 episcopabm
1372 4420 1591 4469 curam,
1623 4420 1785 4473 quam

227 4498 497 4567 plurimam
526 4502 764 4556 habebat
792 4500 844 4554 in
872 4498 1090 4571 populo,
1118 4499 1303 4554 venire
1329 4507 1385 4552 et
1413 4498 1615 4553 morari
1644 4498 1786 4568 apud

291 4644 318 4672 ι
348 4633 477 4688 Rase
500 4635 787 4690 Germanis
811 4650 1004 4704 cespes,
1022 4634 1196 4702 inquit
1214 4632 1520 4704 Brovverus.
1542 4631 1597 4685 Id
1617 4648 1788 4704 genus

224 4706 430 4772 cespitis
456 4706 596 4760 Galli
627 4702 903 4760 nostrates
929 4712 1124 4758 vocant
1146 4704 1237 4757 des
1267 4702 1671 4770 lroubles,qu0d
1696 4718 1791 4771 ge-

226 4787 319 4846 uus
343 4777 420 4830 sic
441 4785 635 4846 parant
657 4795 669 4829 :
700 4776 924 4829 Evulsos
949 4790 979 4827 c
1007 4774 1188 4846 pingui
1213 4772 1327 4846 solo
1353 4772 1584 4846 cespites
1608 4772 1678 4827 ad
1702 4788 1790 4827 so-

225 4839 323 4896 lem
345 4839 613 4900 desiceant
634 4887 649 4911 ,
671 4854 782 4899 tum
797 4839 1228 4912 desieea'tos'igni
1251 4839 1469 4896 admoto
1492 4842 1789 4896 fomentum

228 4921 279 4965 et
311 4917 587 4969 materiam
630 4916 915 4977 adhibent,
952 4914 1066 4969 sive
1106 4915 1174 4969 ad
1210 4913 1414 4967 calcem
1451 4912 1784 4975 faciendam,

227 4982 334 5037 sive
358 4986 421 5039 ad
449 4987 799 5041 domesticum
829 4999 1005 5038 usum.

295 5053 322 5092 δ
355 5055 488 5110 Hinc
514 5054 820 5111 Bonifacius
837 5056 889 5108 in
904 5052 1129 5124 epistola
1146 5054 1213 5108 ad
1226 5053 1541 5124 Zachariam
1558 5067 1752 5124 papam
1768 5091 1785 5118 ,

232 5127 359 5203 apud
377 5125 663 5203 O_t_hlcr.um
679 5127 743 5203 in
770 5125 859 5178 lib.
880 5140 918 5179 ll
939 5122 1009 5179 de
1023 5125 1144 5178 Vita
1168 5125 1338 5179 sancti
1362 5122 1647 5203 Bonifacii,
1664 5137 1783 5203 cap.

232 5192 327 5246 ηε
358 5213 376 5244 ι
405 5195 785 5251 Monasterium
831 5203 1231 5260 construentes,
1255 5192 1549 5247 monachos
1587 5192 1789 5246 consti-

234 5264 421 5342 tuimus
459 5267 559 5342 sub
593 5266 798 5342 Regula
829 5264 907 5342 S._
928 5265 988 5318 P.
1019 5265 1294 5319 Benedicti
1329 5264 1600 5342 viventes,
1639 5261 1787 5342 viros

233 5336 418 5389 stricta:
438 5333 795 5391 observantia:
814 5377 828 5400 ,
860 5334 1063 5404 absque
1086 5350 1250 5389 carne
1272 5342 1328 5388 et
1346 5333 1472 5386 vino
1496 5340 1551 5386 et
1577 5333 1751 5404 servis
1766 5372 1781 5398 ,

266 5407 439 5484 rupi-io
477 5422 733 5484 manuum
761 5400 1019 5484 _suari_t_n_i_
1043 5405 1223 5459 labore
1262 5400 1785 5484 contentos-siege

299 5472 491 5532 charicc
530 5477 871 5547 privilegium
910 5476 1065 5537 ihid.,
1110 5491 1265 5545 capp.
1303 5475 1325 5528 l
1356 5481 1413 5547 et
1442 5473 1554 5547 Mi
1569 5472 1784 5547 Rippini

234 5556 377 5617 vero,
410 5542 656 5617 θορῘΠ.
696 5542 772 5601 Εἰς
810 5547 893 5600 his
927 5556 1078 5616 patet
1102 5542 1784 5617 monast‘eriumFuldense

235 5616 291 5665 ab
317 5617 441 5685 ipsis
466 5611 779 5693 primordiis
805 5611 1416 5693 Regulzcﬂenedietime
1439 5612 1607 5693 fuisse
1639 5611 1787 5693 addi-

237 5682 401 5741 etum:
438 5682 538 5742 n‘cc
575 5688 735 5742 aliam
774 5682 997 5744 causam
1034 5686 1202 5741 ltalici
1240 5684 1448 5740 itineris
1484 5682 1782 5739 Sturmium

1884 3218 2056 3273 instar
2082 3233 2296 3274 morum
2349 3219 2743 3275 monachorum
2781 3235 3012 3290 quorum
3039 3221 3114 3277 ibi
3140 3221 3305 3277 vitam
3330 3238 3464 3278 eon-

1882 3306 2173 3377 templatus
2212 3322 2303 3374 es,
2343 3317 2607 3378 quantum
2641 3310 2915 3379 quiveris,
2945 3311 3218 3383 instituas.
3261 3311 3462 3368 Statim

1881 3399 1967 3454 vir
1988 3399 2181 3455 beatus
2207 3398 2433 3465 Sturmi,
2460 3400 2628 3470 petita
2653 3402 2722 3456 ab
2760 3401 3013 3470 episcopo
3044 3402 3313 3469 oratione,
3342 3418 3466 3473 per-

1882 3491 2025 3546 rexit
2059 3491 2128 3547 ad
2163 3505 2407 3546 eremum
2430 3531 2446 3556 ,
2472 3497 2766 3562 gratusque
2788 3492 2902 3546 suis
2928 3493 2997 3546 ad
3023 3492 3313 3548 vivendum
3354 3493 3464 3549 fra-

1883 3581 2063 3637 tribus
2093 3580 2181 3636 die
2217 3590 2415 3653 quarto
2451 3581 2706 3637 advenit:
2734 3582 2931 3652 quibus
2954 3597 3018 3637 ea
3045 3598 3167 3653 quae
3203 3583 3258 3641 in
3290 3586 3484 3643 Italiae

1882 3672 2129 3745 partibus
2163 3680 2219 3729 et
2245 3673 2455 3729 Tuscia:
2483 3674 2776 3743 provinciae
2812 3678 3159 3732 monasteriis
3190 3694 3225 3734 a
3260 3682 3467 3737 sanctis

1883 3765 2136 3823 Patribus
2165 3767 2458 3833 didicerat,
2487 3776 2543 3823 et
2567 3768 2747 3823 verbis
2773 3765 3133 3839 prudentibus
3159 3775 3460 3845 prompsit,

1884 3864 1940 3912 et
1976 3855 2239 3929 exemplis
2277 3857 2333 3913 in
2371 3858 2662 3929 semetipso
2688 3860 3029 3915 monstravit.
3058 3859 3117 3916 In
3139 3864 3287 3918 omni
3313 3866 3459 3922 enim

1885 3947 2169 4018 disciplina
2196 3963 2357 4018 quam
2391 3946 2653 4003 fratribus
2681 3950 2895 4020 posuit,
2924 3951 3077 4019 prius
3104 3954 3460 4025 semetipsum

1884 4053 2142 4095 exercere
2183 4037 2428 4103 curavit,
2474 4055 2542 4094 ne
2577 4038 2719 4095 forte
2755 4041 3023 4110 quispiam
3060 4041 3128 4096 de
3161 4042 3252 4098 illo
3288 4043 3468 4099 dicere

1885 4131 2181 4201 potuisset:
2210 4130 2318 4185 Cur
2343 4131 2495 4195 haec,
2522 4146 2644 4200 quas
2672 4131 2834 4186 doces
2851 4171 2867 4198 ,
2896 4132 3010 4201 ipse
3033 4146 3142 4186 non
3168 4132 3340 4187 facis?
3366 4129 3467 4188 De;

1887 4220 2146 4275 siderium
2169 4228 2297 4274 tunc
2320 4219 2509 4291 ingens
2538 4221 2711 4275 inerat
2734 4219 3110 4286 fratribus,<ad
3136 4222 3319 4276 omnia
3343 4237 3463 4291 qua:

1888 4311 1968 4366 eis
2003 4311 2148 4365 dicta
2182 4310 2269 4365 vel
2300 4318 2519 4366 ostensa
2563 4308 2812 4375 fuerant,
2848 4319 3157 4364 sanctorum
3201 4310 3464 4382 exemplis

1890 4407 2211 4475 semetipsos
2248 4411 2362 4461 toto
2403 4404 2595 4458 adnisu
2632 4411 2854 4473 aptare,
2902 4411 2957 4458 et
2994 4403 3254 4472 Regulam
3291 4406 3462 4460 sancti

1890 4499 2197 4566 Benedicti,
2225 4514 2388 4568 quam
2412 4514 2470 4555 se
2495 4498 2747 4568 implesse
2773 4497 2785 4570 |
2810 4497 3163 4570 impletur-os]
3199 4498 3464 4569 promise-

1887 4633 2139 4687 habuisse
2173 4646 2334 4701 quam
2365 4640 2421 4685 ut
2450 4630 2889 4701 conversationem
2916 4629 3211 4701 regularem
3242 4629 3466 4701 perferte

1888 4702 2137 4766 disceret,
2168 4698 2307 4755 infra
2329 4741 2345 4768 ,
2375 4716 2539 4773 quam
2571 4700 2887 4755 Fritislariae
2904 4698 3021 4772 jam
3051 4698 3309 4755 hauserat
3333 4698 3463 4756 ado-

1889 4773 2118 4828 lescens.

1963 4853 1985 4880 c
2029 4841 2085 4894 In
2117 4842 2202 4896 his
2226 4837 2518 4896 Casinense
2538 4883 2552 4907 ,
2579 4842 2721 4911 quod
2749 4849 2860 4895 tum
2890 4840 3184 4896 Petronace
3211 4839 3407 4897 abbate
3436 4856 3467 4895 e

1891 4911 2174 4981 ruderibus
2198 4926 2473 4981 emergere
2497 4921 2552 4966 et
2577 4910 2921 4966 reﬂorescere
2946 4919 3205 4981 cmperat.

1958 4980 1987 5020 ἀ
2027 4999 2046 5031 ι
2092 4981 2235 5035 Inter
2265 4980 2590 5036 monasteria
2620 4981 2886 5050 virginum
2917 4980 3037 5050 qum
3060 4989 3281 5036 sanctus
3309 4980 3470 5050 Bonie

1890 5050 2065 5106 lacius
2093 5049 2417 5116 construxit,
2443 5052 2618 5120 inquit
2645 5049 2976 5106 Trithemius
2998 5052 3052 5106 in
3083 5051 3188 5117 line
3211 5049 3470 5120 Chronici

1888 5120 2108 5184 Franc.,
2152 5122 2328 5175 adhuc
2367 5119 2567 5176 eminet
2601 5121 2989 5176 monasterium
3035 5137 3091 5177 ιιι
3130 5119 3326 5188 oppido
3355 5119 3471 5172 Kit-

1886 5192 2078 5261 singen
2099 5189 2254 5261 juxta
2279 5189 2561 5261 Mogonum
2593 5190 2850 5259 (anum
2866 5190 3119 5261 fluvium,
3151 5188 3286 5261 infra
3313 5188 3469 5261 Mpyn

1889 5259 2177 5344 vernacule
2205 5260 2559 5344 appellatum)
2581 5301 2594 5325 ,
2625 5262 2709 5315 cui
2741 5260 2957 5344 przel‘uit
2984 5269 3169 5344 sancta
3186 5259 3470 5344 .virgcglla-

1888 5332 2153 5412 delonga;
2177 5327 2337 5412 quam
2360 5327 3254 5412 :l‘eclam.nmn-inavithertj‘lnglia
3284 5327 3468 5412 Oriun-

1888 5401 2034 5477 d_am.
2051 5391 2085 5452 ’ἱ
2112 5391 2637 5477 Trithemioprzeivit
2660 5391 3001 5477 Οῑιιιοιιιιεξίη
3024 5401 3115 5477 lib.
3149 5391 3206 5477 Il,
3232 5409 3352 5462 αφ·
3374 5391 3465 5445 25-

1893 5471 2088 5544 Verum
2126 5470 2397 5544 oppidum
2423 5469 2523 5525 hoc
2564 5472 2808 5544 Francia:
2836 5469 3134 5544 Orientalis
3158 5469 3229 5544 in
3276 5477 3471 5544 manus

1888 5541 2148 5618 traditum
2164 5534 2431 5618 principis
2462 5542 2675 5618 novitia:
2701 5540 2990 5618 religionis,
3015 5538 3065 5618 id
3088 5534 3472 5618 estinatchio-

1887 5612 1970 5665 nis
2003 5609 2386 5673 Ansbacensis,
2412 5612 2513 5666 hoc
2540 5612 2702 5666 decus
2733 5612 2892 5664 etiam
2916 5609 3240 5674 virginitatis
3261 5609 3469 5672 amisit,

1888 5681 2063 5752 inquit
2094 5682 2397 5737 Brovvcrus.
