3838 6144
377 213 491 272 Δῧῦ
1730 201 1893 259 VlTA
1924 201 1957 257 S

2068 199 2308 259 TI]le
3534 201 3630 261 456

389 337 537 389 rant.
566 326 630 382 ad
657 323 840 382 omnia
859 319 1237 378 observabant.
1273 317 1461 372 Annos
1492 315 1572 372 sic
1608 314 1870 385 plurimos
1901 316 1957 370 in
1987 316 2037 376 A
2062 311 2264 369 deferri
2301 312 2469 370 voluit
2513 329 2529 368 :
2569 312 2714 382 quod
2741 312 2923 368 statim
2955 311 3170 368 claruit.
3199 313 3354 382 Quod
3378 315 3500 371 dum
3534 318 3634 373 vel-

381 421 588 476 sanctis
608 415 848 472 moribus
870 411 1146 483 degentes,
1166 407 1557 465 monasterium
1581 406 1963 462 adventatione
2065 406 2183 464 lent‘
2221 408 2291 463 ad
2327 407 2556 462 alteram
2595 415 2814 476 portare
2842 405 3126 462 ecclesiam
3145 447 3160 470 ,
3191 416 3245 462 et
3275 406 3348 462 ibi
3386 406 3440 462 in
3466 423 3632 466 sarco-

381 509 674 564 multorum
701 495 989 558 crescebat
1007 539 1021 563 ,
1048 498 1307 568 quoniam
1337 495 1495 551 multi
1523 493 1591 552 ad
1617 494 1962 552 serviendum
2061 498 2241 570 phago
2288 513 2492 569 ponere
2510 541 2524 564 ,
2567 499 2890 554 accedentes
2925 514 3117 554 manus
3147 515 3274 555 suas
3304 500 3356 554 in
3388 500 3632 558 feretrum

381 600 612 658 Domino
635 612 692 652 se
717 596 870 661 ibiet
893 606 1020 647 suas
1039 588 1418 661 possessiones
1443 585 1802 641 tradiderunt.
1830 585 1964 642 Cre-
2063 591 2360 656 miserunt,
2389 606 2491 646 nec
2527 590 2710 647 levare
2745 601 3037 661 potueram
3070 591 3121 645 α,
3153 592 3315 648 “uno
3343 595 3521 664 plures
3555 595 3637 652 am

379 701 565 750 scente
590 690 664 745 ita
689 687 891 743 familia
914 683 1156 748 Christi,
1179 693 1235 738 et
1256 682 1376 737 loco
1399 679 1749 750 multiplicari
1773 679 1962 733 iueho—
2061 695 2122 736 se
2156 682 2548 752 adjungentes,
2594 698 2695 739 nec
2736 684 2816 739 sic
2850 684 3069 753 quidem
3114 683 3406 753 feretrum,
3448 688 3501 742 in
3537 704 3638 759 quo

379 795 528 850 ante,
552 782 696 838 fama
723 781 866 836 illius
891 778 1033 834 bona
1063 777 1118 831 in
1143 775 1425 830 universas
1444 773 1752 844 provincias
1773 770 1964 826 dilfun-
2061 783 2306 829 sanctum
2339 775 2574 831 cadaver
2591 775 2828 845 jacebat,
2859 792 3080 832 movere
3108 777 3418 848 quiverunt.

379 877 544 938 ditur,
570 881 626 927 et
653 886 839 926 rumor
863 868 1097 925 eximius
1121 882 1220 937 per
1249 866 1408 936 longe
1431 864 1606 934 posita
1632 864 1961 918 monasteria
2132 862 2222 916 l6.
2261 863 2651 919 intellexerunt
2688 881 2818 936 ergo
2853 865 2971 934 ejus
3000 882 3107 920 non
3148 882 3268 925 esse
3318 869 3637 926 voluntatem

376 963 445 1019 ad
484 961 729 1017 omnium
773 968 1089 1015 sanctorum
1132 955 1363 1010 fratrum
1407 963 1736 1025 pervenerat
1774 968 1956 1009 aures.
1976 958 2120 1031 ‘ut
2161 951 2216 1006 in
2247 953 2436 1008 eodem
2483 953 2602 1010 loco
2631 967 2910 1022 maneret;
2944 958 3036 1012 sed
3067 972 3190 1012 eum
3222 959 3288 1013 ad
3325 959 3640 1031 Mogontiam

376 999 445 1019 ,υ
484 999 728 1017 “una...
773 999 1089 1015 suam“...
1132 999 1363 1010 ..-υ-η..
1409 999 1496 1025 ..ν-
1520 999 1736 1008 mw.--
1774 999 1956 1009 -υ-νυ-
2065 999 2120 1006 --
2251 999 2436 1008 una-
2487 999 2599 1010 --νυ
2631 999 2910 1022 ...μην-ω,
2944 999 3036 1012 se...
3068 999 3190 1012 νυ...
3222 999 3288 1013 ..υ
3325 999 3640 1031 "Numam...

374 1052 619 1122 Cumque
655 1049 887 1122 plurima
920 1047 1031 1103 illic
1067 1046 1460 1101 monachorum
1486 1045 1836 1116 congregatio
1860 999 2339 1100 sub‘civitatem
2391 1047 2590 1101 debere
2641 1047 2840 1102 deferri
2898 1051 3342 1118 pronuntiabant.
3395 1052 3642 1110 Protinus

375 1151 581 1200 sancta
606 1140 825 1212 Regulae
850 1138 1140 1209 disciplina
1170 1136 1474 1192 districtam
1506 1137 1727 1191 duceret
1755 1137 1923 1190 vitam
1944 1176 1957 1202 ,

2068 1141 2346 1211 grabatum
2392 1141 2598 1213 absque
2639 1141 2743 1198 ulla
2787 1142 3098 1198 difﬁcultate
3129 1141 3401 1209 levantes,
3446 1144 3511 1198 ad
3543 1143 3641 1198 ﬂu-

373 1242 599 1291 sanctus
623 1248 718 1288 eos
743 1231 966 1286 visitare
991 1229 1277 1299 episcopus
1299 1243 1398 1298 per
1421 1227 1573 1299 plura
1597 1227 1802 1283 studuit
1826 1236 1962 1283 tem-
2059 1243 2293 1302 menque
2322 1241 2604 1304 portantes
2639 1243 2694 1290 et
2733 1233 2897 1305 puppi
2940 1234 3278 1303 imponentes
3294 1276 3308 1300 ,
3353 1251 3454 1304 per
3476 1234 3642 1290 Rheni

374 1340 546 1396 pora;
589 1323 954 1390 misertusque
994 1319 1210 1375 illorum
1251 1319 1590 1389 paupertati,
1631 1318 1843 1390 aliquas
1880 1319 1964 1376 eis
2059 1321 2273 1377 alveum
2319 1324 2499 1378 navim
2545 1324 2792 1389 trahere,
2837 1332 2890 1378 et
2937 1322 3217 1393 superiora
3253 1331 3439 1392 petere
3472 1339 3646 1393 coepe-

373 1417 590 1472 villulas
610 1415 676 1469 ad
703 1413 1038 1483 exquirenda
1062 1411 1166 1466 cibi
1195 1411 1503 1466 necessaria
1529 1411 1739 1466 tribuit.

446 1505 537 1560 15.
573 1505 730 1559 Anno
767 1502 980 1559 decimo
1017 1508 1303 1571 postquam
1343 1501 1410 1556 ad
1449 1509 1698 1557 sanetum
1737 1504 1962 1559 commi-

373 1598 554 1672 gravit
573 1596 748 1652 locum
770 1603 992 1650 sanctus
1015 1593 1458 1662 archiepiscopus
1475 1593 1803 1662 Bonifacius,
1826 1597 1960 1653 inito

2059 1421 2209 1468 runt.
2231 1414 2352 1481 Quo
2372 1415 2580 1480 audito,
2597 1414 2804 1470 Sturmi
2833 1414 2899 1469 de
2921 1413 3087 1468 Fulda
3110 1413 3358 1470 emnohio
3385 1414 3440 1468 in
3467 1429 3645 1470 eremo

2060 1505 2357 1560 constituto
2388 1521 2511 1561 cum
2551 1505 2898 1561 festinatione
2940 1504 3156 1560 obviam
3193 1503 3377 1559 venire
3417 1505 3644 1571 curavit,

2063 1602 2119 1648 et
2146 1609 2271 1650 cum
2299 1595 2378 1650 eis
2407 1596 2611 1666 pariter
2639 1596 2912 1665 perrexit,
2957 1595 3128 1650 donec
3162 1609 3424 1664 prospero
3460 1603 3516 1649 et
3544 1595 3646 1650 levi

351 1665 499 1746 ‘eum
541 1704 665 1759 rege
703 1695 759 1742 et
799 1685 1012 1742 caeteris
1051 1684 1377 1740 Christianis
1416 1686 1671 1750 consilio,
1720 1689 1786 1743 ad
1825 1689 1962 1744 ulte—
1990 1665 2038 1725 Β
2066 1685 2298 1739 transitu
2339 1665 2421 1740 ad,
2445 1684 2771 1755 Mogontiam
2802 1685 2990 1739 urbem
3035 1695 3415 1754 pervenerunt.
3464 1683 3650 1740 Sacer-

378 1780 522 1836 riora
549 1777 848 1832 Fresonum
882 1775 1001 1830 loca
1029 1775 1294 1845 paganica
1320 1775 1425 1827 ritu
1463 1772 1642 1847 [ritui]
1671 1776 1849 1831 dedita
1877 1777 1961 1832 in-

373 1883 592 1943 gressus
617 1875 724 1932 est,
746 1867 1126 1936 ingentemque
1153 1864 1224 1919 ibi
1255 1863 1651 1919 multitudinem
1680 1867 1960 1922 hominum

373 1961 604 2016 Domino
629 1959 874 2016 docendo
909 1963 964 2013 et
987 1956 1315 2028 baptizando
1346 1957 1652 2026 acquisivit.
1686 1958 1813 2015 lude
1841 1968 1964 2029 post

375 2053 606 2108 multum
646 2049 906 2120 temporis
941 2049 1210 2120 migrans,
1253 2063 1438 2118 sospes
1477 2049 1543 2102 ad
1583 2064 1709 2105 suas
1749 2051 1802 2104 in
1832 2051 1963 2106 Ger-

373 2143 610 2198 maniam
657 2141 902 2213 pervenit
936 2139 1224 2196 Ecclesias.
1271 2139 1701 2212 Sequenti_vero
1745 2159 1887 2197 anno
1931 2155 1960 2184 α

374 2233 569 2288 iterum
607 2232 676 2288 ad
717 2245 921 2302 aquosa
961 2229 1263 2287 Fresonum
1291 2241 1616 2300 pervenerat
1651 2248 1809 2298 arva,
1848 2249 1960 2289 ca:-

371 2330 524 2392 ptum
571 2336 709 2392 opus
744 2321 1147 2390 praedicationis
1185 2321 1409 2392 implere
1457 2323 1791 2379 desiderans.
1841 2324 1959 2392 Quo

369 2429 498 2470 cum
525 2412 880 2483 pervenisset,
911 2420 967 2466 et
991 2412 1078 2467 die
1107 2411 1339 2482 quadam
1369 2413 1438 2467 ad
1464 2428 1619 2468 suam
1653 2414 1957 2470 doctrinam

368 2506 625 2576 populum
702 2513 1055 2561 convocasset
1081 2545 1094 2569 ,
1152 2514 1419 2561 venerunt
1465 2507 1838 2577 unusquisque
1892 2510 1959 2564 de

368 2597 491 2655 loco
521 2612 642 2663 suo,
669 2613 776 2652 non
806 2596 960 2668 quasi
983 2595 1259 2651 humiliter
1283 2596 1349 2650 ad
1377 2595 1599 2651 verbum
1625 2597 1836 2653 Domini
1862 2613 1959 2653 au-

263 2747 272 2752 ,
369 2689 659 2755 diendum,
689 2688 785 2744 sed
825 2689 1016 2759 spiritu
1052 2687 1289 2758 maligno
1336 2686 1539 2754 inﬂati,
1579 2703 1704 2744 cum
1747 2689 1962 2746 infestis

372 2780 542 2836 armis
569 2779 637 2834 ad
664 2793 818 2834 sacra
849 2777 1115 2834 sermonis
1151 2777 1364 2833 Domini
1402 2779 1537 2834 festa
1574 2789 1870 2849 proruunt;
1903 2789 1960 2837 et

371 2876 620 2925 sanctum
658 2867 862 2923 Christi
901 2867 1199 2922 antistitem
1241 2867 1388 2922 ferro
1434 2869 1800 2936 trucidarunt,
1839 2885 1957 2926 om-

371 2975 606 3029 nemque
626 2957 743 3028 ejus
761 2957 1075 3013 comitatum
1099 2955 1289 3028 gladiis
1315 2966 1661 3012 necaverunt.
1690 2960 1957 3030 Episcopo

371 3066 504 3106 vero
535 3059 590 3105 et
627 3050 840 3106 caeteris
870 3049 1282 3120 quampluribus
1320 3065 1442 3105 cum
1475 3065 1538 3106 eo
1576 3053 1840 3124 martyrio
1865 3070 1958 3112 co-

375 3143 610 3208 ronatis,
651 3157 717 3197 ex
758 3141 1039 3212 superiore
1079 3139 1368 3205 Fresonia,
1413 3155 1442 3195 a
1483 3141 1510 3182 ι)
1558 3140 1720 3197 Trech
1751 3143 1960 3199 scilicet

371 3232 654 3298 coenobio,
699 3231 886 3288 ﬁdeles
923 3231 1201 3287 venientes
1237 3231 1466 3298 fratres,
1507 3243 1802 3304 rapuerunt
1837 3249 1960 3290 cor-

370 3339 507 3398 pora
533 3331 843 3379 sanctorum
881 3331 1216 3394 martyrum,
1253 3333 1309 3379 et
1349 3323 1420 3378 ibi
1459 3324 1514 3379 in
1555 3323 1818 3395 sepulcris
1852 3324 1958 3379 alia

371 3423 695 3486 posuerunt,
724 3413 829 3468 alia
856 3429 987 3469 vero
1012 3421 1351 3469 assumentes
1375 3429 1579 3480 secum,
1604 3415 1777 3470 sancti
1807 3415 1956 3470 vide-

372 3507 500 3562 licet
519 3504 783 3561 Bonifacii
811 3505 1068 3574 episcopi,
1093 3513 1149 3560 et
1177 3514 1486 3560 sanctorum
1512 3506 1603 3575 qui
1629 3521 1752 3560 cum
1775 3521 1840 3561 eo
1863 3521 1957 3576 pa-

373 3598 509 3652 riter
544 3595 691 3666 passi
730 3601 855 3650 sunt
898 3595 1341 3666 presbyterorum
1379 3603 1436 3649 et
1460 3595 1865 3663 -diaconornm;
1903 3606 1959 3651 et

371 3687 536 3743 unius
577 3685 816 3755 episcopi
864 3685 1085 3738 nomine
1132 3683 1336 3747 Eoban,
1379 3684 1535 3754 cujus
1570 3700 1767 3756 corpus
1805 3703 1958 3743 assu-

373 3785 617 3841 mentes,
660 3783 822 3846 caput
863 3774 979 3845 ejus
1015 3774 1082 3828 ab
1118 3773 1366 3829 hostibus
1399 3776 1670 3831 abscisum
1713 3781 1958 3847 reperire

373 3885 484 3926 non
511 3878 780 3942 poterant.
811 3865 928 3934 Quo
954 3881 1076 3921 cum
1101 3877 1488 3937 pervenerunt,
1521 3872 1690 3924 sancti
1719 3872 1956 3944 episcopi

371 3959 635 4017 Bonifacii
678 3959 732 4014 in
769 3958 978 4014 minore
1013 3973 1133 4028 qnze
1169 3959 1250 4013 eis
1299 3959 1528 4016 vicinior
1566 3971 1685 4016 erat
1728 3964 1956 4020 ecclesia

372 4069 496 4110 cum
535 4051 765 4124 grabato
792 4059 814 4089 ο
845 4064 953 4120 quo
979 4064 1007 4103 a
1037 4049 1158 4104 navi
1188 4048 1464 4105 ferebatur
1490 4059 1821 4118 statuerunt;
1855 4070 1960 4109 cae-

373 4158 491 4203 tera
522 4153 819 4218 martyrum
844 4158 1070 4214 corpora
1099 4142 1386 4212 sepultura:
1419 4145 1775 4200 tradiderunt.
1809 4147 1959 4203 Tunc

373 4257 562 4299 omnes
591 4240 695 4296 loci
730 4239 873 4294 illius
907 4238 1243 4293 habitatores
1269 4236 1557 4292 concilium
1594 4240 1798 4310 grande
1824 4240 1960 4294 inie—

2037 1775 2218 1830 ‘dotes
2247 1775 2433 1830 statim
2462 1784 2516 1830 et
2544 1775 2719 1830 omnis
2748 1774 2926 1829 clerus
2958 1775 3108 1830 urbis
3143 1775 3286 1829 illius
3309 1776 3646 1842 accedentes,

2064 1867 2508 1937 sanctirnartyris
2526 1881 2722 1936 corpus
2741 1875 3100 1929 assumentes,
3120 1865 3171 1919 in
3196 1866 3472 1920 basilicam
3498 1883 3648 1921 suam

2064 1972 2186 2012 cum
2223 1957 2430 2011 honore
2469 1965 2786 2026 posuerunt.
2827 1956 3073 2012 Universi
3102 1963 3229 2012 tunc
3257 1957 3572 2013 sacerdotes
3597 1965 3650 2013 et

2062 2048 2244 2104 clerici
2285 2057 2339 2104 et
2374 2049 2602 2120 populus
2635 2048 2812 2103 omnis
2837 2061 3074 2103 consona
3102 2047 3308 2118 pariter
3336 2040 3478 2103 voce'
3505 2049 3646 2103 dicc-

2061 2137 2193 2191 bant
2223 2137 2306 2192 fas
2336 2155 2440 2192 non
2469 2153 2591 2193 esse
2620 2149 2678 2191 ut
2723 2145 2945 2192 sanctus
2972 2137 3069 2192 Dei
3099 2146 3308 2208 martyr
3355 2137 3519 2191 alium
3553 2137 3644 2192 de-

2063 2228 2270 2282 feratur
2301 2229 2354 2282 in
2382 2229 2558 2283 locum
2578 2269 2593 2294 ,
2626 2230 2720 2284 sed
2745 2228 2837 2282 ubi
2857 2227 3218 2298 episcopalem
3251 2229 3432 2281 sedem
3465 2229 3645 2284 vivens

2061 2319 2283 2386 habuit,
2326 2322 2396 2375 ibi
2443 2322 2607 2378 etiam
2644 2329 2898 2391 oportere
2933 2335 3056 2374 eum
3093 2335 3319 2388 corpore
3344 2320 3642 2390 quiescere.

2059 2409 2284 2482 Insuper
2318 2413 2482 2466 etiam
2522 2411 2589 2466 de
2624 2411 2824 2481 palatio
2859 2426 2890 2464 a
2936 2424 3060 2480 rege
3099 2410 3318 2463 nuntius
3347 2409 3528 2473 venit,
3559 2409 3644 2478 qui

2061 2503 2194 2559 dicit
2218 2519 2398 2574 regem
2425 2505 2722 2574 imperasse
2760 2513 2818 2559 ut
2855 2504 3025 2560 sancti
3075 2504 3330 2574 martyris
3359 2518 3556 2571 corpus
3593 2504 3645 2558 in

2060 2595 2284 2650 civitate
2316 2595 2503 2650 eadem
2525 2637 2540 2660 ,
2580 2595 2625 2649 si
2657 2595 2824 2665 ipsius
2854 2605 2996 2650 esset
3021 2593 3268 2649 voluntas
3288 2634 3302 2657 ,
3331 2593 3642 2663 poneretur.

2063 2686 2269 2746 Sturmi
2308 2706 2439 2746 vero
2475 2699 2530 2745 et
2557 2692 2647 2761 qui
2678 2706 2803 2745 eum
2839 2704 2905 2746 eo
2935 2692 3000 2745 de
3037 2704 3222 2744 eremo
3256 2699 3645 2755 convenerunt,

2061 2792 2374 2838 constanter
2414 2783 2700 2848 dixerunt,
2753 2784 2896 2852 quod
2943 2790 3163 2836 sanctus
3209 2781 3498 2852 episcopus
3539 2781 3648 2851 plc-

2063 2888 2290 2942 rumque
2327 2874 2467 2943 apud
2507 2889 2601 2928 eos
2630 2887 2888 2937 manens,
2923 2882 2976 2926 et
3008 2872 3184 2926 locum
3210 2872 3290 2926 eis
3325 2871 3415 2926 ubi
3455 2888 3649 2942 corpus

2065 2979 2220 3019 suum
2267 2964 2574 3033 posuissent
2623 2962 2930 3035 [ponerent]
2971 2962 3386 3028 demonstrarit,
3426 2971 3481 3016 et
3507 2967 3649 3032 quod

2060 3058 2264 3128 absque
2283 3056 2447 3112 dubio
2471 3057 2544 3110 ibi
2577 3057 2631 3111 in
2659 3055 2950 3111 solitudine
2972 3055 3231 3108 voluisset
3250 3069 3478 3124 corpore
3498 3055 3647 3124 quie-

2058 3163 2228 3205 scere.
2261 3148 2471 3204 lnterea
2512 3165 2639 3204 vero
2679 3147 2804 3202 dum
2845 3149 2897 3202 in
2935 3148 3079 3202 hunc
3117 3148 3332 3202 modum
3361 3151 3651 3203 contende-

2057 3251 2214 3308 rent,
2249 3251 2304 3296 et
2332 3241 2519 3297 Lullus
2553 3243 2839 3312 episcopus
2871 3241 3107 3295 civitatis
3144 3239 3288 3294 illius
3325 3240 3651 3295 omnimodis

2055 3335 2317 3390 voluisset
2346 3334 2636 3406 prohibere
2666 3349 2732 3388 ne
2782 3333 2924 3388 beati
2954 3335 3208 3404 martyris
3237 3348 3434 3403 corpus
3464 3334 3532 3388 ad
3564 3349 3650 3388 so-

2058 3426 2342 3481 litudinem
2389 3426 2726 3497 perveniret,
2775 3435 2935 3480 nocte
2978 3440 3076 3493 per
3120 3425 3383 3479 visionem
3435 3427 3648 3480 cuidam

2057 3517 2285 3573 diacono
2326 3529 2349 3555 ο
2388 3525 2606 3572 sanctus
2649 3515 2818 3570 astitit
2858 3515 3143 3585 episcopus
3193 3530 3207 3568 :
3250 3515 3361 3570 Cur
3401 3531 3519 3582 rue,
3571 3516 3652 3570 in-

2055 3608 2283 3676 quiens,
2323 3607 2549 3660 tardatis
2584 3605 2651 3661 ad
2694 3605 2873 3660 locum
2911 3620 3090 3660 meum
3137 3604 3358 3658 Fuldam
3397 3599 3662 3661 deferre?

2058 3694 2304 3767 Surgite,
2333 3695 2436 3759 ait,
2465 3696 2606 3760 cito,
2635 3703 2690 3749 et
2715 3709 2944 3764 propere
2969 3709 3056 3747 me
3082 3694 3135 3747 in
3172 3694 3516 3749 solitudinem
3539 3736 3556 3758 ,
3585 3694 3652 3747 ad

2058 3789 2234 3844 locum
2257 3803 2417 3857 quem
2447 3787 2576 3841 mihi
2608 3785 3012 3856 praedestinavit
3032 3785 3193 3848 Deus,
3220 3785 3523 3854 perducite.
3549 3785 3650 3852 Qui

2057 3895 2415 3950 consurgens,
2442 3879 2666 3933 visionis
2691 3893 2810 3947 quae
2838 3878 2888 3931 ei
2920 3875 3098 3931 fuerat
3124 3885 3343 3931 ostensa
3375 3876 3652 3938 ordinem,

2058 3974 2232 4044 primo
2274 3971 2476 4026 Sturmi
2499 4013 2512 4035 ,
2545 3971 2736 4025 deinde
2777 3970 3098 4044 primatibus
3133 3969 3346 4023 cunctis
3383 3969 3649 4022 narravit.

2058 4063 2236 4118 Nimio
2258 4071 2388 4117 tunc
2411 4077 2599 4116 omnes
2625 4069 2828 4115 terrore
2849 4060 3105 4129 correpti,
3131 4059 3274 4112 ultra
3306 4059 3482 4113 sancti
3509 4074 3652 4112 mar-

2061 4154 2195 4225 tyris
2223 4153 2346 4208 inde
2375 4153 2662 4208 transitum
2694 4151 3068 4206 contradicere
3095 4151 3409 4205 timuerunt.
3464 4149 3653 4204 Lullus

2060 4251 2238 4298 tamen
2259 4283 2273 4308 ,
2299 4243 2390 4311 qui
2430 4243 2536 4297 illic
2567 4250 2683 4296 erat
2707 4242 3022 4310 episcopus,
3061 4240 3447 4294 revelationem
3474 4238 3652 4294 sancti

372 4315 520 4392 runt,
535 4337 804 4399 quatenus
829 4342 998 4398 penes
1025 4341 1119 4381 eos
1142 4327 1194 4380 in
1227 4325 1347 4381 loco
1375 4325 1465 4382 illo
1487 4326 1660 4382 sancti
1699 4330 1956 4400 martyris
1981 4361 2034 4420 Β
2060 4333 2316 4403 martyris
2357 4323 2598 4388 creder!
2617 4333 2769 4401 prius
2811 4331 3116 4386 nullatenus
3161 4330 3362 4394 voluit,
3401 4345 3568 4399 quam
3608 4329 3652 4381 is

373 4419 637 4477 Donifaeii
663 4419 860 4489 corpus
891 4418 1145 4486 deinceps
1177 4417 1324 4471 omni
1356 4424 1598 4486 tempore
1626 4418 1953 4488 quiesceret,

374 4523 631 4585 itiaguum
675 4520 735 4566 ut
780 4517 905 4579 pote
949 4506 1335 4564 adminiculum
1381 4507 1485 4562 sibi
1530 4507 1677 4572 fore,
1728 4508 1774 4563 si
1817 4510 1957 4565 tanti

375 4605 632 4674 martyris
676 4587 941 4674 protectio
982 4601 1245 4656 tueretur.
1284 4599 1511 4669 Jejuniis
1537 4608 1594 4656 et
1621 4602 1956 4658 orationibus

377 4695 614 4758 indictis,
646 4701 704 4747 ut
733 4700 953 4747 sanctus
981 4699 1188 4762 martyr
1219 4690 1360 4761 apud
1389 4705 1483 4746 eos
1506 4691 1608 4745 sibi
1635 4707 1854 4746 manere
1875 4693 1955 4747 di-

375 4793 634 4855 gnaretur
692 4781 975 4837 Dominum
1013 4782 1271 4846 orabant,
1311 4787 1370 4836 et
1409 4779 1586 4835 locum
1617 4781 1665 4834 ei
1705 4782 1772 4836 ad
1803 4783 1953 4851 quie-

374 4874 636 4930 scendum
659 4869 955 4927 honorifice
977 4870 1032 4925 in
1060 4869 1282 4926 basilica
1320 4867 1524 4937 majore
1551 4871 1947 4938 praeparabant.

376 4962 613 5022 Sanetus
655 4976 786 5018 vero
815 4969 1021 5032 martyr
1060 4960 1128 5015 ad
1166 4960 1344 5016 locum
1371 4958 1426 5013 in
1453 4959 1762 5026 solitudine,
1789 4977 1952 5032 quem

376 5060 493 5130 ipse
520 5055 622 5112 sibi
658 5061 792 5111 nutu
827 5053 924 5109 Dei
973 5052 1203 5125 eligebat
1233 5050 1538 5124 [elegerat],
1568 5067 1766 5124 corpus
1796 5069 1954 5108 suum

444 5229 470 5256 ι
510 5214 567 5270 Id
590 5221 675 5268 est
696 5226 840 5268 anno
866 5209 1152 5266 undecimo
1173 5224 1202 5261 a
1232 5209 1446 5272 gondito
1473 5209 1800 5264 monasterio
1830 5209 1956 5263 Ful-

375 5286 552 5350 densi,
579 5285 671 5354 qui
696 5297 872 5338 annus
901 5295 1024 5336 mra:
1050 5278 1372 5354 Christianae
1394 5278 1860 5354 754_respon_det,
1887 5280 1956 5334 τί-

371 5347 614 5427 quidem-
633 5355 852 5408 ineunte
891 5365 1036 5427 anno
1064 5349 1167 5427 ’ζμ
1203 5347 1692 5427 Sturmiusmloeum
1723 5349 1956 5427 incolere

373 5417 564 5494 cepit,
601 5438 762 5494 supra
789 5437 937 5494 num.
975 5418 1159 5494 ll’g.__Et
1195 5427 1375 5474 tamen
1398 5417 1747 5494 _V_Villiba_ldu_s
1783 5421 1957 5474 sancti

376 5487 636 5570 Bonifacii
666 5487 1195 5570 ina-rtyriurnuilligat
1220 5489 1591 5570 annoChristi
1615 5487 1736 5570 Ἰξό.

450 5563 478 5600 b
518 5560 609 5632 Sic
633 5559 952 5632 corrigimus
979 5559 1145 5615 libros
1171 5559 1345 5615 editos
1368 5560 1422 5616 in
1445 5561 1638 5630 quibus
1665 5559 1860 5632 legitur
1887 5563 1954 5617 ad

383 5629 566 5696 Trech,
601 5629 848 5697 cwnobio,
873 5638 976 5687 etc.

2061 4422 2151 4492 qui
2183 4423 2440 4477 visionem
2468 4423 2696 4485 viderat,
2723 4437 2939 4476 manum
2971 4435 3128 4476 sacro
3153 4419 3310 4473 altari
3358 4419 3654 4490 imposuis-

2061 4519 2172 4576 set,
2204 4520 2260 4566 et
2285 4527 2406 4567 eum
2429 4510 2739 4580 iuramento
2779 4512 2882 4566 hoc
2919 4511 3062 4581 quod
3091 4509 3300 4564 viderat
3330 4509 3654 4564 continuas-

2061 4612 2164 4658 set.
2193 4603 2326 4659 Tum
2366 4620 2496 4660 vero
2536 4605 2833 4660 secundum
2876 4603 3086 4658 Domini
3122 4603 3452 4672 potentiam,
3495 4600 3656 4668 cujus

2061 4695 2322 4750 voluntati
2351 4695 2608 4751 contrairi
2636 4711 2740 4748 non
2767 4702 2966 4764 potest,
2998 4694 3140 4749 beati
3167 4693 3421 4762 martyris
3450 4705 3654 4760 corpus

2061 4801 2184 4842 cum
2211 4802 2423 4841 summo
2449 4786 2654 4842 honore
2677 4786 2912 4842 levatum
2939 4793 3041 4848 est,
3071 4794 3234 4853 atque
3263 4799 3384 4837 cum
3414 4780 3650 4851 spiritali

2057 4875 2301 4931 carmine
2331 4876 2396 4930 ad
2427 4875 2624 4930 ﬂumen
2653 4883 2927 4945 portatum
2963 4885 3019 4930 et
3053 4875 3176 4929 navi
3218 4874 3529 4944 impositum
3549 4911 3565 4935 ,
3594 4879 3654 4924 et

2060 4981 2230 5034 usque
2255 4967 2320 5020 ad
2346 4966 2608 5021 Hohlieim
2629 4967 2810 5020 villam
2831 4981 2949 5036 qum
2973 4965 3028 5020 in
3052 4967 3166 5035 ripa
3190 4964 3349 5034 Magn
3371 4961 3647 5021 consistit,

2059 5057 2274 5130 navigio
2312 5065 2681 5113 transvectum
2719 5066 2824 5113 est.
2869 5057 2996 5112 inde
3035 5071 3166 5113 vero
3194 5064 3317 5128 post
3358 5055 3474 5110 dies
3502 5066 3648 5122 pau-

2135 5223 2156 5250 ο
2195 5211 2250 5266 id
2271 5222 2356 5266 est
2388 5211 2600 5281 feretro,
2630 5213 2707 5266 uti
2740 5211 2900 5284 paulo
2922 5211 3061 5266 infra
3092 5219 3520 5284 mentem_suam
3550 5220 3648 5281 es-

2057 5281 2224 5407 Blicat
2250 5278 2467 5346 auctor;
2497 5297 2604 5351 quo
2628 5278 2787 5338 sensu
2814 5283 2930 5338 hmo
2951 5298 3052 5337 vox
3075 5281 3279 5351 passim
3306 5278 3375 5333 ab
3400 5278 3649 5331 auctori-

2097 5368 2158 5406 us
2181 5353 2370 5406 media:
2396 5353 2573 5406 aetatis
2595 5362 2906 5407 usurpatur.

2097 5368 2158 5422 us
2181 5353 2370 5422 media:
2396 5353 2573 5406 aetatis
2595 5362 2906 5422 usurpatur.
2981 5421 2988 5422 ί
3074 5421 3083 5422 ί
3384 5420 3392 5422 Α
3591 5412 3604 5422 ,

2127 5421 2152 5462 ἀ
2190 5421 2334 5477 Nihil
2365 5422 2540 5476 simile
2567 5439 2596 5476 a
2621 5420 2929 5477 Willibaldo
2962 5421 3264 5478 Othlonove
3289 5420 3554 5490 scriptum
3590 5420 3647 5466 in

2057 5492 2208 5547 Actis
2238 5492 2412 5547 sancti
2433 5491 2694 5547 Bonifacii
2719 5492 2936 5558 legitur.
3352 5557 3355 5558 ν
3629 5549 3643 5558 ,

2135 5574 2156 5598 θ
2196 5561 2476 5632 Otpertum
2501 5571 2659 5618 vocat
2678 5557 2942 5618 Otlﬂonus
2967 5563 3018 5618 in
3042 5562 3134 5617 lib.
3170 5578 3206 5617 ιι
3231 5559 3295 5616 de
3321 5557 3439 5614 Vita
3463 5557 3652 5611 sancti

2058 5629 2339 5699 Bonifacii,
2365 5649 2482 5704 cap.
2511 5632 2598 5686 24.
