3838 6144
264 300 368 360 43⁵1

1520 283 1844 346 AUCTORE
1882 285 1940 344 S.
1985 282 2228 342 EICILE.

3429 287 3531 342 458

257 428 376 482 eos,
403 413 458 469 id
483 419 570 468 est
591 408 867 465 tricesimo
891 407 1158 481 passionis
1181 406 1297 476 ejus
1316 407 1419 471 die,
1445 407 1512 463 ad
1539 407 1846 464 coenobium
1873 409 1925 468 Α
1950 417 2098 476 gere,
2127 401 2217 457 alii
2240 400 2462 472 jejuniis
2481 407 2537 456 et
2555 398 2891 456 orationibus
2913 401 3080 457 Deum
3109 401 3531 472 omnipotentem

260 505 486 564 Fuldam
505 544 521 568 ,
553 510 801 558 sanctum
834 501 1131 556 sacerdotis
1157 500 1573 570 deportaverunt
1597 497 1846 565 cadaver,

258 606 317 651 et
339 596 394 650 in
427 608 624 647 novum
654 591 962 661 sepulcrum
988 599 1305 660 posuerunt.
1339 589 1564 645 Postera
1602 591 1690 646 die
1724 589 1850 644 Lul-

259 684 345 741 lus
369 683 682 753 episcopus,
712 696 835 735 cum
865 680 1080 735 clericis
1105 689 1161 734 et
1185 681 1390 750 reliqua
1413 682 1569 735 turba
1591 695 1716 735 cum
1742 695 1848 752 qua

258 784 510 838 venerat,
533 771 659 828 inde
687 772 958 842 migravit.
987 772 1338 827 Venerandus
1361 779 1489 827 tunc
1518 770 1723 826 Sturmi
1749 771 1848 826 ab-

259 870 358 925 bas
395 883 525 923 cum
563 865 678 921 suis
716 864 980 919 fratribus
1023 862 1240 919 Christo
1279 863 1482 935 gratias
1520 863 1850 930 referebant,

258 959 404 1029 quod
443 966 654 1011 tantum
692 964 1011 1026 patronum,
1055 963 1303 1010 sanctum
1344 955 1596 1010 videlicet
1634 953 1853 1009 Bonifa-

255 1051 424 1112 cium,
471 1048 566 1102 Dei
619 1054 948 1116 martyrem,
987 1045 1144 1116 juxta
1193 1060 1253 1100 se
1284 1045 1487 1100 habere
1513 1054 1848 1100 meruerunt.

255 1139 440 1209 Cepit
462 1138 661 1193 deinde
680 1145 805 1207 post
826 1136 1119 1192 adventum
1145 1136 1317 1192 sancti
1340 1136 1598 1208 martyris
1630 1145 1852 1192 sanctus

258 1241 317 1287 et
343 1232 554 1287 electus
580 1246 612 1284 a
640 1231 750 1285 Deo
773 1243 1020 1284 crescere
1041 1229 1216 1295 locus,
1237 1237 1291 1284 et
1316 1244 1546 1300 magnus
1576 1230 1716 1300 apud
1736 1245 1855 1285 om-

256 1339 357 1378 nes
383 1323 598 1386 haberi,
621 1330 677 1376 et
702 1321 1093 1375 monasterium
1119 1319 1340 1390 augeri:
1367 1329 1422 1374 ut
1445 1328 1569 1390 pote
1594 1319 1854 1389 quoniam

255 1415 414 1470 multi
439 1414 651 1469 nobiles
674 1413 925 1468 certatim
947 1419 1002 1466 et
1022 1413 1234 1467 concite
1254 1420 1627 1482 properantes.
1655 1427 1714 1467 se
1735 1425 1854 1466 sua-

255 1521 365 1576 que
393 1504 580 1560 omnia
610 1504 682 1558 ibi
712 1503 939 1558 Domino
964 1503 1319 1558 tradiderunt.
1350 1502 1440 1558 Sic
1465 1502 1704 1572 quotidie
1727 1517 1854 1557 san-

254 1607 380 1652 ctus
418 1595 810 1650 monachorum
862 1609 1123 1650 numerus
1165 1607 1416 1649 crescens
1453 1605 1480 1634 ι
1523 1595 1577 1649 in
1625 1593 1853 1649 Domino

253 1686 693 1752 confortabatur,
733 1694 788 1742 et
824 1695 1025 1741 sanctae
1051 1686 1480 1742 conversationis
1506 1685 1847 1756 disciplinam

1948 490 2269 557 exorabant,
2300 500 2360 545 ut
2386 491 2502 561 ipse
2529 491 2609 546 eis
2637 505 2735 560 per
2769 507 2920 546 suam
2949 492 3376 548 misericordiam
3406 492 3534 546 sub-

1949 583 2179 638 veniret.
2224 581 2376 638 Tunc
2407 598 2592 636 rumor
2617 583 2852 637 eximius
2876 583 3115 638 omnium
3151 596 3312 637 aures
3344 592 3400 638 et
3438 599 3534 639 ora

1948 675 2156 745 pariter
2194 673 2585 744 compleverat,
2629 674 2773 743 quod
2818 675 3012 728 beatus
3049 673 3251 728 Sturmi
3295 673 3462 728 abbas
3503 689 3534 728 a

1950 767 2200 823 cmnobio
2252 767 2418 821 Fulda
2453 775 2599 822 esset
2637 780 2735 836 per
2781 766 3067 822 consilium
3113 765 3249 819 Lulli
3298 765 3534 836 episcopi

1952 857 2180 914 ablatus.
2227 856 2428 912 Omnes
2467 857 2670 926 pariter
2705 857 2946 926 graviter
2978 856 3080 910 hoc
3119 854 3382 910 ferebant.
3417 855 3537 908 Non

1951 954 2070 1003 erat
2113 946 2165 1000 in
2210 946 2312 1000 ista
2350 946 2599 1002 orientali
2638 945 2792 1017 plaga
2827 946 3094 1004 ecclesia.
3123 959 3243 1014 qua:
3284 957 3392 998 non
3418 945 3536 1015 ejus

1951 1037 2232 1109 plangeret
2262 1036 2534 1093 exsilium.

2025 1151 2110 1205 18.
2152 1149 2336 1205 Lullus
2359 1149 2574 1204 interim
2600 1148 2830 1204 obtinuit
2855 1151 2996 1220 apud
3015 1151 3301 1221 Pippnmm
3333 1164 3532 1221 regem,

1954 1256 2181 1296 munera
2212 1241 2410 1312 injusta
2436 1239 2721 1294 tribuendo
2739 1282 2754 1305 ,
2783 1248 2842 1292 ut
2869 1241 3253 1294 monasterium
3282 1237 3448 1292 Fulda
3482 1239 3534 1291 in

1954 1349 2111 1388 suum
2160 1333 2457 1388 dominium
2505 1331 2797 1386 donaretur
2850 1349 2862 1383 :
2916 1341 3244 1400 acceptaque
3297 1327 3537 1398 superdi-

1955 1425 2132 1479 ctione
2166 1421 2354 1495 [Forte
2375 1421 2802 1493 jurisdictionc],
2827 1421 3075 1476 abbatem
3104 1421 3174 1474 ibi
3206 1421 3297 1489 qui
3321 1420 3421 1474 sibi
3443 1434 3536 1488 per

1953 1517 2136 1572 omnia
2158 1517 2573 1584 obtemperaret,
2605 1513 2881 1568 constituit
2909 1513 3193 1581 ‘quemdam
3225 1510 3438 1582 [Supple
3467 1510 3538 1564 fa-

1955 1604 2315 1676 miliarem]...
2348 1620 2538 1669 suum,
2571 1603 2663 1672 qui
2691 1603 2974 1658 dicebatur
3009 1602 3238 1656 Marcus.
3269 1600 3374 1655 Sed
3405 1617 3526 1670 quo-

1956 1696 2101 1750 niam
2148 1694 2344 1749 fratres
2387 1695 2598 1749 animos
2643 1708 2770 1748 suos
2815 1693 2882 1747 ab
2935 1692 3025 1746 illo
3070 1700 3292 1763 propter
3342 1690 3538 1746 Prioris

255 1776 535 1832 indefessa
567 1784 623 1830 et
649 1775 955 1830 incessabili
984 1775 1384 1845 perseverantia
1419 1774 1616 1830 fratres
1644 1774 1717 1829 ibi
1744 1774 1839 1830 Do-

1955 1800 2197 1841 amorem
2233 1783 2585 1849 avertebant,
2632 1791 2752 1839 erat
2801 1782 2880 1837 eis
2921 1783 3074 1851 quasi
3121 1790 3442 1847 extraneus,
3489 1791 3538 1835 et

255 1870 408 1924 mino
435 1869 739 1924 servientes
764 1876 1072 1923 tenuerunt.
1103 1867 1315 1935 Quanta
1339 1882 1470 1923 vero
1494 1867 1754 1923 miracula
1778 1867 1854 1922 ibi
1954 1893 2063 1934 non
2107 1877 2508 1933 conveniebant
2580 1891 2759 1931 mores
2805 1875 3063 1946 ipsorum.
3119 1874 3232 1941 Qua
3287 1875 3534 1929 income.

252 1971 387 2016 tunc
423 1960 666 2024 ﬂebant,
696 1969 1011 2030 quantaque
1049 1961 1226 2016 adhuc
1258 1960 1500 2030 quotidie
1536 1959 1700 2027 ﬁunt,
1730 1959 1853 2016 aliis
1954 1969 2159 2025 nientia
2199 1985 2446 2035 morum,
2490 1968 2617 2024 licet
2647 1967 2964 2038 corporibus
2991 1966 3148 2022 simul
3187 1967 3538 2030 habitassent.

250 2053 375 2122 plus
401 2052 597 2122 peritis
621 2053 689 2108 ad
716 2052 1062 2106 scribendum
1091 2051 1432 2120 derclinquo.

323 2144 416 2199 Π.
447 2142 660 2198 Sturmi
683 2151 864 2197 autem
893 2142 1144 2197 amabilis
1165 2143 1419 2197 omnibus
1444 2141 1498 2196 in
1523 2139 1852 2196 monasterio

251 2244 308 2291 et
339 2233 478 2289 foris
505 2234 562 2288 in
587 2233 796 2303 populis
829 2234 1129 2299 mirandus,
1158 2233 1516 2288 ministerium
1547 2247 1703 2288 suum
1734 2240 1851 2286 stu-

251 2325 570 2380 diosissime
610 2324 888 2388 exercuit,
929 2325 1082 2394 prius
1121 2339 1336 2394 semper
1372 2325 1725 2393 semetipsum
1758 2337 1853 2378 ex-

251 2415 495 2484 emplum
534 2428 841 2483 proponens
866 2414 1077 2468 caeteris
1108 2429 1123 2468 :
1153 2415 1296 2483 quod
1321 2414 1500 2468 verbis
1537 2414 1741 2479 docuit,
1776 2413 1854 2468 fa-

249 2507 355 2560 ctis
383 2515 514 2559 ante
557 2507 917 2560 monstrabat.
960 2505 1112 2561 Lullo
1143 2515 1350 2560 tantum
1384 2505 1525 2571 fama
1563 2506 1680 2576 ejus
1711 2506 1852 2561 bona

249 2597 566 2666 displicuit,
607 2605 662 2650 et
697 2611 915 2665 semper
950 2605 1174 2668 propter
1220 2597 1477 2652 invidiam
1522 2596 1551 2636 ιι
1595 2598 1854 2652 adversus

248 2703 376 2744 cum
402 2687 661 2743 faciebat.
687 2688 789 2755 Qui
815 2704 940 2743 cum
959 2690 1182 2743 verbum
1213 2689 1423 2743 Domini
1449 2689 1716 2744 instanter
1735 2689 1854 2744 ubi-

251 2794 358 2849 que
386 2779 762 2849 praadicasset,
789 2787 846 2833 et
871 2794 993 2833 eum
1023 2777 1310 2849 diligenter
1334 2794 1522 2833 omnes
1553 2778 1855 2834 auscultas-

251 2881 404 2935 sent;
436 2871 612 2926 hostis
647 2871 867 2925 humani
897 2870 1110 2941 generis
1139 2870 1350 2924 invidus
1385 2877 1590 2924 tantam
1621 2870 1674 2924 in
1697 2869 1853 2940 plebe

249 2959 549 3014 utilitatem
579 2974 687 3014 non
713 2961 1018 3026 sustinens,
1045 2960 1341 3016 discordias
1377 2961 1519 3015 inter
1545 2959 1739 3016 fratres
1767 2975 1854 3016 se-

251 3053 468 3106 minare
500 3051 689 3121 C(Bpit,
715 3059 769 3106 et
801 3052 961 3106 trium
994 3050 1252 3106 falsorum
1281 3049 1509 3105 fratrum
1536 3060 1746 3108 mentes
1769 3052 1853 3107 in-

250 3142 494 3213 stigabat
518 3183 534 3208 ,
562 3151 622 3196 ut
658 3141 877 3198 fallaces
906 3158 1097 3198 causas
1135 3150 1519 3212 componerent
1547 3163 1559 3197 :
1593 3143 1849 3199 Sturmen

252 3247 383 3285 vero
415 3231 512 3286 Dei
544 3240 876 3311 servum,_et
903 3231 1114 3287 fidelem
1151 3232 1452 3298 universis,
1485 3218 1626 3302 apud
1665 3247 1848 3302 regem

251 3319 548 3392 Pippinum
599 3332 936 3377 accusarent.
987 3322 1051 3376 Hi
1091 3337 1215 3377 cum
1261 3322 1460 3377 talibus
1502 3322 1848 3378 suasionibus

255 3414 458 3468 diaboli
498 3423 687 3469 essent
713 3414 956 3481 seducti,
988 3415 1130 3470 malo
1173 3416 1314 3470 inter
1346 3430 1405 3470 se
1435 3415 1661 3470 consilio
1691 3413 1844 3480 inito,

255 3504 312 3559 in
349 3503 489 3558 Lulli
531 3504 769 3574 episcopi
804 3503 1116 3576 suffragium
1159 3504 1347 3560 conﬁsi
1386 3491 1743 3574 perrexerunt
1778 3504 1846 3558 ad

252 3609 469 3665 regem,
516 3602 573 3648 et
611 3594 828 3648 beatum
876 3595 1050 3650 virum
1098 3594 1237 3665 apud
1289 3594 1439 3648 illum
1481 3594 1842 3659 accusabant,

253 3687 466 3741 crimen
508 3685 696 3740 nescio
733 3685 877 3754 quod
915 3685 984 3742 de
1022 3685 1302 3740 inimicitia
1349 3685 1493 3756 regis
1529 3683 1846 3752 objicientes

251 3777 323 3831 ei.
363 3777 615 3846 Cumque
657 3777 738 3832 vir
771 3777 865 3832 Dei
899 3775 1105 3832 Sturmi
1136 3777 1262 3831 illuc
1287 3787 1432 3832 esset
1466 3784 1842 3848 praesentatus,

254 3868 477 3924 illorum
503 3869 794 3924 falsitatem
824 3870 1094 3940 patienter
1122 3871 1420 3936 sustinens,
1451 3870 1622 3924 noluit
1645 3885 1704 3926 se
1725 3885 1843 3925 ma-

253 3972 494 4029 gnopere
516 3959 641 4014 inde
667 3975 960 4026 excusare;
987 3960 1080 4014 sed
1106 3979 1119 4014 :
1140 3960 1278 4016 Ecce
1305 3963 1460 4016 testis
1480 3976 1653 4027 meus,
1670 3961 1768 4026 ait,
1789 3972 1845 4016 et

253 4051 508 4104 conscius
540 4064 695 4106 meus
723 4051 778 4106 in
809 4051 1055 4117 excelso;
1081 4060 1134 4106 et
1159 4051 1417 4108 Dominus
1450 4052 1592 4108 Deus
1612 4053 1842 4108 auxilia-

253 4150 341 4195 tor
367 4155 564 4207 meus,
595 4149 650 4198 et
686 4143 809 4197 ideo
849 4159 954 4198 non
985 4159 1104 4198 sum
1143 4144 1419 4200 confusus.
1458 4145 1610 4200 Tunc
1653 4159 1844 4214 pravo-

251 4247 374 4286 rum
406 4233 688 4304 praevaluit
714 4234 983 4300 voluntas,
1003 4234 1272 4306 jussitque
1301 4251 1396 4291 rex
1426 4237 1686 4308 Pippinus
1713 4238 1844 4292 bea-

253 4331 370 4378 tum
402 4323 593 4380 tollere
624 4325 834 4390 virum,
876 4336 930 4381 et
972 4326 1026 4381 in
1063 4326 1311 4382 exsilium
1342 4343 1465 4382 cum
1504 4328 1691 4397 paucis
1729 4329 1844 4383 suis

251 4414 477 4468 mittere
505 4414 719 4470 clericis
743 4427 792 4480 ο,
819 4416 873 4470 id
899 4427 983 4472 est
1003 4417 1069 4471 ad
1091 4433 1342 4492 magnum
1370 4417 1676 4473 emnobium
1698 4419 1841 4488 quod

249 4504 458 4558 dicitur
491 4504 764 4562 Unnedica
790 4507 850 4572 ἀς
882 4508 972 4562 ubi
998 4508 1066 4562 ab
1096 4508 1308 4572 abbate,
1340 4507 1431 4577 qui
1456 4507 1530 4562 illi
1563 4516 1837 4563 monaste-

249 4597 338 4652 rio
372 4604 501 4651 tunc
524 4597 758 4666 praefuit,
789 4606 846 4652 et
869 4597 938 4652 ab
961 4599 1213 4653 omnibus
1245 4597 1501 4653 fratribus
1528 4597 1758 4670 benigne
1786 4606 1843 4653 et

247 4686 649 4742 honorabiliter
667 4699 754 4743 est
767 4697 1066 4758 susceptus,
1082 4695 1139 4743 et
1159 4689 1230 4744 ibi
1249 4703 1346 4758 per
1363 4688 1640 4744 biennium
1655 4704 1841 4744 aman—

243 4775 357 4832 dus
381 4778 632 4834 omnibus
653 4779 956 4834 exsulabat.
983 4779 1135 4847 Quod
1155 4796 1278 4834 cum
1299 4780 1366 4835 de
1389 4779 1570 4834 Fuldaa
1591 4782 1843 4837 coenobio

247 4870 588 4925 audivissent
615 4870 834 4938 fratres,
865 4881 920 4928 et
946 4873 1025 4930 eis
1050 4874 1351 4928 nuntiatum
1378 4881 1522 4930 esset
1547 4874 1614 4930 de
1645 4873 1840 4930 abbate

246 4977 386 5024 suo,
429 4962 659 5031 qualiter
697 4964 1004 5019 abstractus
1045 4973 1164 5019 erat
1199 4965 1267 5020 ab
1303 4964 1413 5031 eis;
1445 4966 1670 5020 nimium
1710 4981 1834 5034 per-

1865 4459 1919 4518 D

1953 2057 2224 2114 mentibus
2252 2060 2321 2114 ab
2355 2059 2586 2114 invicem
2615 2048 2866 2128 disiuncti
2891 2067 3064 2112 erant.
3097 2056 3339 2127 Cumque
3365 2059 3418 2110 in
3451 2060 3538 2110 tali

1953 2149 2226 2206 discordia
2259 2150 2545 2220 degerent,
2573 2158 2629 2204 et
2667 2149 2864 2204 fratres
2904 2165 3118 2220 semper
3151 2149 3535 2204 meditarentur

1953 2241 2186 2313 qualiter
2231 2241 2428 2296 iterum
2475 2256 2572 2311 per
2604 2239 2699 2295 Dei
2739 2240 2970 2312 gratiam
3001 2239 3253 2295 Sturmen
3292 2241 3538 2295 abbatem

1953 2347 2113 2388 suum
2157 2331 2428 2388 asciscere
2475 2331 2807 2402 potuissent;
2855 2330 3095 2385 Marcum
3151 2346 3310 2400 quem
3364 2330 3540 2393 inviti,

1954 2419 2108 2476 Lullo
2158 2419 2424 2484 faciente,
2459 2434 2623 2489 super
2659 2435 2717 2475 se
2757 2419 3006 2476 abbatem
3043 2429 3394 2489 acceperunt,
3427 2419 3543 2488 ejus

1953 2509 2178 2566 ulterius
2221 2511 2649 2565 controversiam
2696 2509 2844 2566 ferre
2883 2525 2990 2564 non
3031 2509 3303 2576 valentes,
3343 2511 3540 2565 bonum

1953 2598 2242 2653 consilium
2266 2599 2527 2665 inierunt,
2553 2607 2607 2654 et
2635 2615 2757 2654 eum
2783 2597 3128 2669 abiecerunt,
3156 2609 3211 2654 et
3239 2615 3305 2656 ne
3329 2600 3539 2654 illorum

1952 2689 2180 2745 ulterius
2194 2691 2363 2746 abbas
2387 2691 2565 2757 fieret,
2586 2692 2915 2746 unanimiter
2935 2691 3400 2747 contradixerunt.
3425 2693 3542 2760 Quo

1954 2791 2158 2850 amoto,
2186 2799 2375 2838 omnes
2396 2783 2596 2839 fratres
2621 2784 2689 2838 de
2708 2783 3041 2838 monasterio
3061 2783 3347 2838 voluerunt
3369 2783 3538 2847 exire,

1953 2883 2009 2931 et
2035 2877 2104 2931 ad
2128 2877 2269 2946 regis
2297 2875 2510 2947 Pippini
2540 2874 2798 2946 palatium
2824 2889 3074 2946 pergere,
3103 2874 3354 2929 abbatem
3383 2889 3572 2932 suum.

1900 3015 1904 3018 .
1953 2981 1984 3021 a
2014 2981 2142 3037 rege
2170 2965 2413 3020 Sturmin
2439 2964 2732 3036 postulare.
2764 2963 2918 3031 Quod
2951 2978 3072 3018 cum
3099 2963 3285 3017 Lullus
3307 2962 3536 3026 audiret,

1953 3057 2204 3129 mitigare
2228 3069 2322 3112 eos
2351 3055 2563 3111 blandis
2593 3055 3036 3126 persuasionibus
3068 3054 3294 3118 studuit,
3319 3053 3531 3123 promit-

1956 3153 2079 3203 tans
2106 3147 2221 3214 eis,
2263 3153 2324 3201 ut
2361 3146 2462 3216 ipsi
2499 3146 2602 3201 sibi
2640 3145 2708 3201 de
2744 3145 2978 3215 propriis
3018 3142 3277 3198 fratribus
3317 3143 3458 3197 inter
3481 3156 3540 3196 se

1951 3236 2202 3290 abbatem
2239 3235 2332 3304 qui
2363 3237 2443 3290 eis
2487 3235 2724 3306 placeret
2759 3233 3171 3289 constituerent.
3220 3233 3372 3301 Quod
3415 3246 3538 3286 cum

1949 3325 2202 3381 omnibus
2229 3325 2558 3396 placuisset,
2600 3325 2800 3379 fratres
2833 3324 3034 3378 bonum
3066 3338 3130 3377 ex
3164 3323 3294 3392 ipsis
3319 3323 3538 3378 omnino

1949 3416 2197 3482 fratrem,
2226 3425 2282 3472 et
2307 3431 2436 3471 vere
2460 3415 2554 3470 Dei
2585 3430 2822 3478 servum,
2848 3415 3098 3468 omnibus
3119 3413 3276 3467 bonis
3297 3413 3537 3468 moribus

1947 3517 2200 3562 ornatum
2235 3505 2554 3575 elegerunt,
2595 3503 2812 3558 nomine
2854 3501 3234 3565 Preszoldum,
3272 3516 3432 3570 quem
3469 3502 3538 3558 ab

1947 3599 2172 3656 infantia
2201 3614 2296 3653 sua
2324 3599 2517 3654 beatus
2540 3595 2746 3652 Sturmi
2777 3595 3013 3661 edocuit,
3043 3604 3099 3650 ct
3134 3595 3360 3649 multum
3386 3611 3536 3650 ama-

1946 3691 2026 3746 vit
2050 3690 2234 3755 illum;
2271 3690 2444 3760 ipsum
2477 3702 2640 3759 super
2664 3702 2723 3743 se
2749 3686 3000 3741 abbatem
3028 3685 3438 3749 ordinaverunt,
3467 3686 3537 3740 ad

1947 3785 2051 3839 hoc
2083 3788 2316 3848 tantum,
2343 3790 2405 3837 ut
2432 3781 2510 3835 illi
2543 3795 2666 3834 cum
2698 3781 2816 3850 ipso
2841 3787 2896 3835 et
2925 3779 3037 3849 ipse
3070 3778 3274 3849 pariter
3300 3795 3421 3832 cum
3457 3779 3536 3834 eis

1946 3871 2187 3942 quotidie
2237 3877 2570 3935 tractarent,
2613 3867 3067 3938 quemadmodum
3103 3883 3225 3923 cum
3270 3865 3535 3937 adjutorio

1946 3965 2118 4021 sancti
2159 3965 2414 4035 martyris
2459 3961 2721 4018 Bonifacii
2761 3969 2818 4017 et
2859 3976 2982 4017 cum
3017 3962 3401 4031 omnipotentis
3440 3963 3532 4016 Dei

1945 4057 2116 4127 gratia
2141 4056 2208 4110 ad
2229 4055 2331 4110 hoc
2351 4053 2636 4123 pervenire
2655 4051 2978 4121 potuissent,
2996 4051 3353 4120 utpristinum
3377 4067 3532 4105 suum

1947 4148 2266 4218 magistrum
2291 4146 2545 4201 Sturmen
2573 4159 2602 4198 a
2633 4159 2760 4215 rege
2794 4143 3022 4214 Pippino
3047 4143 3151 4198 sibi
3185 4143 3406 4198 concedi
3432 4159 3531 4212 po-

1945 4239 2229 4294 stularent.
2261 4236 2379 4307 ipse
2399 4252 2528 4292 vero
2547 4234 2870 4290 Preszoldus
2899 4241 3111 4303 tempus
3131 4248 3236 4286 non
3261 4233 3531 4312 modicum

1946 4329 2206 4384 fratribus
2239 4326 2482 4397 prmfuit,
2507 4334 2562 4380 et
2585 4340 2679 4380 eos
2699 4339 2822 4378 cum
2851 4323 3115 4377 charitate
3140 4311 3405 4376 aduna‘ios
3433 4323 3531 4377 ha-

1944 4420 2080 4483 buit,
2098 4433 2221 4472 cum
2244 4417 2324 4471 eis
2341 4416 2546 4484 pariter
2565 4413 2652 4468 die
2671 4421 2943 4481 noctuque
2965 4418 3146 4466 mente
3166 4420 3529 4481 pertractans,

1943 4506 2417 4579 quemadmodum,
2442 4503 2658 4560 Christo
2680 4502 2910 4567 favente,
2936 4501 3255 4573 magistrum
3286 4511 3339 4555 et
3363 4502 3529 4556 abba-

1943 4608 2052 4655 tem
2079 4612 2238 4654 suum
2262 4596 2517 4652 Sturmen
2551 4607 2804 4650 revocare
2832 4593 2900 4649 ad
2937 4608 2996 4649 se
3025 4608 3122 4664 per
3146 4595 3290 4665 regis
3317 4593 3528 4666 Pippini

1941 4689 2275 4745 voluntatem
2285 4693 2539 4758 possent.

2015 4782 2101 4837 l9.
2139 4781 2309 4837 Porro
2346 4795 2471 4835 cum
2510 4775 2832 4833 Preszoldus
2875 4774 2942 4832 de
2985 4775 3146 4832 Patre
3183 4786 3235 4833 et
3264 4778 3525 4848 magistro

1943 4889 2040 4929 suo
2065 4872 2282 4927 Sturme
2303 4869 2567 4941 profunde
2593 4869 2874 4940 cogitaret,
2896 4877 2950 4923 et
2978 4870 3150 4924 sancti
3177 4870 3376 4926 fratres
3399 4888 3518 4929 cum

1935 4981 2002 5021 eo
2024 4966 2091 5019 de
2117 4948 2361 5020 absentia
2387 4963 2504 5032 ejus
2539 4961 2708 5016 multo
2750 4976 2984 5017 mmrore
3020 4960 3382 5030 afficerentur,
3427 4964 3521 5020 Dei

245 5053 420 5115 moti,
453 5063 507 5107 et
531 5054 672 5108 ultra
716 5069 876 5124 quam
902 5056 1006 5111 dici
1036 5056 1203 5127 possit
1232 5056 1522 5112 conflictati
1545 5068 1692 5114 sunt.
1721 5057 1834 5112 Ma-
1935 5055 2319 5124 omnipotentis
2351 5053 2660 5124 praesidium
2695 5051 2965 5106 continuis
2998 5052 3247 5120 precibus
3282 5054 3522 5124 postula-

244 5163 352 5218 gna
387 5148 584 5218 quippe
621 5158 750 5204 tunc
778 5159 896 5204 erat
923 5150 1266 5204 conturbatio
1308 5151 1360 5204 in
1396 5151 1556 5205 domo
1586 5151 1698 5206 Dei.
1731 5151 1834 5205 Alii
1936 5146 2088 5211 bant,
2117 5155 2177 5200 ut
2203 5147 2337 5215 ipse,
2367 5146 2452 5200 cui
2482 5144 2614 5198 nihil
2647 5142 2978 5213 impossibile
3003 5151 3106 5208 est,
3135 5161 3233 5215 per
3255 5161 3405 5199 suam
3437 5147 3518 5198 in-

245 5237 507 5292 volebant
543 5240 610 5294 de
642 5241 972 5294 monasterio
1002 5240 1186 5306 exire,
1217 5239 1306 5293 alii
1333 5241 1400 5294 ad
1429 5241 1687 5309 palatium
1713 5257 1835 5311 per-
1869 5233 1875 5240 ’
1936 5238 2134 5292 victam
2163 5238 2456 5306 potentiam
2481 5241 2780 5306 praistaret,
2803 5241 3070 5304 quatenus
3099 5235 3162 5288 ad
3188 5250 3280 5289 eos
3304 5235 3516 5289 illorum

2004 5373 2034 5412 δ
2069 5371 2123 5426 Id
2151 5371 2311 5442 paulo
2341 5370 2587 5442 asperius
2607 5366 2811 5422 dictum
2845 5365 2898 5421 in
2929 5373 3173 5420 sanctum
3204 5365 3435 5419 Lullum.

2006 5455 2027 5516 c_
2070 5443 2124 5516 bl
2150 5441 2254 5506 est,
2279 5441 2578 5516 monachis.
2817 5507 2853 5516 _
3230 5504 3240 5514 .
3287 5505 3317 5516 ..

2001 5514 2026 5552 ά
2070 5505 2384 5582 SnspeCtaIn
2416 5511 2587 5582 habet
2602 5525 2785 5563 vocem
2817 5507 3122 5582 Browerus,
3155 5505 3246 5582 cui
3267 5505 3515 5582 divinare

1932 5584 2137 5653 religio,
2162 5572 2236 5636 uti
2265 5593 2317 5636 et
2344 5583 2514 5634 nobis.
2554 5581 2807 5653 Vertedica
2847 5586 3022 5628 tamen
3049 5572 3280 5653 _et.lnda
3325 5578 3515 5653 allines

1930 5648 2090 5708 voces
2135 5653 2369 5720 suggerit
2414 5666 2426 5702 :
2469 5662 2552 5705 ast
2595 5652 2818 5703 ludcusc
2855 5648 3234 5700 monasterium
3282 5648 3513 5705 necdum

1931 5724 2203 5780 conditum
2236 5731 2367 5776 erat.

299 5367 528 5444 '!_Ante
557 5370 728 5444 sancti
757 5368 980 5423 Sturmii
1003 5369 1282 5444 obit_um,_¢
1313 5368 1826 5444 quadringentorum

244 5436 471 5491 circiter
487 5439 889 5502 monachorum,
914 5440 1154 5508 exceptis
1175 5436 1510 5509 pulsantibus
1522 5436 1573 5492 ei
1599 5439 1718 5494 aliis
1733 5441 1825 5494 mi—

246 5509 473 5561 noribus
501 5509 744 5577 personis
766 5551 780 5574 ,
819 5526 1049 5577 quorum
1090 5526 1346 5564 numerus
1383 5509 1657 5578 multiplex
1705 5521 1825 5565 erat

247 5578 401 5649 valde
422 5578 472 5631 in
491 5581 606 5648 ipso
629 5581 979 5644 monasterio,
996 5579 1154 5634 Pater
1165 5581 1370 5634 exstitit
1386 5588 1440 5633 et
1461 5589 1776 5649 praeceptor,
1800 5602 1818 5633 ι

250 5646 421 5720 inquit
447 5646 740 5720 Liudgerus
762 5651 816 5703 in
846 5651 963 5705 Vita
988 5651 1159 5706 sancti
1181 5650 1426 5720 Gregorii
1457 5646 1667 5704 abbatis
1687 5650 1812 5704 Tra-

247 5717 524 5786 jectensis,
551 5717 697 5773 num.
733 5720 814 5773 l0.
