3838 6144
298 261 406 321 659

1646 261 1806 317 vmt
1848 258 1908 317 s.
1949 258 2233 333 sruuuu

3456 261 3567 320 H0

299 376 562 444 magister
579 372 767 429 venire
781 371 1207 453 permitteretur.
1241 369 1394 438 Quod
1423 383 1545 424 cum
1570 383 1665 439 per
1684 384 1743 426 se
1764 370 1886 426 diu-
1911 371 1961 431 Α
1986 367 2171 427 Fulda:
2195 367 2337 437 quod
2364 368 2517 438 prius
2544 368 2750 435 habuit,
2779 368 2847 423 ad
2872 369 3163 441 regendum
3210 376 3568 431 commenda-

301 467 413 523 tius
455 467 744 533 fecissent,
784 476 841 525 et
888 482 1079 524 omnes
1121 466 1412 522 orientales
1451 467 1746 532 ecclesias,
1786 481 1886 537 per

228 622 233 628 Α
299 559 594 629 omniaque
623 558 949 613 monasteria
974 572 1253 612 servorum
1285 565 1340 611 ct
1360 556 1677 612 ancillarum
1706 557 1802 613 Dei
1829 558 1884 611 in

302 651 536 707 circuitu
563 650 836 706 orationes
872 648 1219 703 incessabiles
1257 657 1443 703 essent
1480 650 1548 703 ad
1578 648 1744 703 Deum
1782 661 1886 718 pro

302 755 401 803 eo,
432 739 738 795 consolator
769 737 1047 792 humilium
1080 737 1222 792 Deus
1245 753 1435 807 preces
1457 739 1729 794 exaudivit
1757 753 1886 807 sup-

300 831 636 901 plicantium.
676 830 743 883 Et
781 829 908 899 quia
942 828 1044 884 hoc
1083 829 1363 884 constituit
1395 836 1454 882 ut
1490 829 1883 898 postularetur,

299 920 552 989 precibus
578 919 812 975 fidelium
842 934 1105 985 annuens,
1136 920 1417 974 suscitavit
1437 934 1533 973 cor
1553 918 1765 989 Pippini
1797 933 1886 973 re-

296 1010 400 1081 gis,
427 1019 489 1064 ut
514 1011 579 1066 de
598 1010 758 1065 beato
789 1009 1008 1064 Sturme
1034 1011 1274 1078 cogitare
1295 1008 1567 1079 cmpisset,
1597 1018 1794 1065 etcum
1816 1011 1884 1066 de

296 1099 519 1165 exsilio,
549 1099 641 1154 ubi
665 1108 814 1166 erat,
845 1100 914 1155 ad
943 1100 1201 1170 palatium
1219 1096 1390 1155 suum
1425 1101 1617 1155 adduci
1662 1102 1886 1157 honori-

296 1187 398 1245 ﬁce
422 1190 759 1261 praeciperet.
805 1190 906 1258 Qui
936 1205 1058 1246 cum
1087 1190 1351 1247 adductus
1375 1192 1442 1246 ad
1470 1192 1729 1262 palatium
1753 1208 1884 1248 con-

294 1281 405 1337 cite
430 1281 650 1348 fuisset,
681 1291 736 1337 et
772 1281 847 1336 ibi
876 1282 931 1336 in
964 1282 1170 1352 capella
1207 1284 1350 1353 regis
1389 1297 1488 1353 per
1520 1284 1703 1354 plures
1737 1291 1884 1340 esset

296 1371 413 1427 dies
438 1372 607 1427 Deum
631 1387 821 1436 orans,
845 1380 1165 1443 exspectans
1187 1374 1316 1443 quid
1337 1374 1387 1428 ci
1411 1390 1505 1430 rex
1529 1376 1880 1446 imperasset,

294 1461 527 1531 contigit
555 1461 788 1530 quadam
819 1462 927 1528 die,
955 1471 1017 1518 ut
1037 1462 1092 1519 in
1121 1450 1464 1520 venationem
1491 1480 1582 1521 rex
1609 1476 1877 1538 pergeret,

296 1569 383 1620 ac,
405 1565 468 1610 ut
488 1554 680 1610 solitus
709 1562 860 1621 erat,
890 1554 955 1609 ad
994 1554 1293 1610 orationem
1324 1556 1500 1627 primo
1528 1557 1764 1614 diluculo
1790 1575 1882 1614 ve-

296 1644 472 1712 niret,
517 1654 571 1699 et
612 1643 793 1699 caeteri
829 1644 972 1700 servi
998 1656 1024 1685 α
1056 1644 1148 1699 Dei
1183 1654 1305 1714 post
1343 1647 1558 1717 vigilias
1588 1649 1880 1704 matutinas

1987 462 2082 526 vit,
2112 462 2523 531 absolutumque
2552 462 2620 515 ab
2657 462 2803 517 omni
2833 463 3072 517 dominio
3111 463 3251 519 Lulli
3298 467 3565 539 episcopi,

1987 554 2053 609 ad
2080 554 2389 609 ctenobium
2418 554 2602 608 Fuldze
2636 569 2760 608 eum
2780 568 2903 607 cum
2924 555 3072 608 omni
3098 556 3302 613 honore
3324 559 3407 613 ire
3425 575 3569 629 pras-

1985 645 2150 714 cepit,
2180 653 2236 699 et
2263 661 2385 700 cum
2420 660 2519 699 suo
2551 644 2836 715 privilegio
2863 646 3004 714 quod
3042 646 3235 701 beatus
3268 647 3571 706 Zacharias

1984 751 2160 806 papa,
2206 751 2451 790 summus
2497 735 2808 804 apostolicae
2847 737 2991 790 sedis
3035 738 3275 807 pontifex
3302 781 3318 805 ,
3358 740 3568 796 dudum

1984 836 2175 881 sancto
2242 827 2466 881 tradidit
2535 826 2852 893 Bonifacio,
2913 831 3303 885 monasterium
3350 841 3571 904 regeret

1985 917 2150 988 (quod
2176 911 2513 988 privilegium
2544 934 2715 988 usque
2736 920 2895 975 hodie
2918 922 2971 975 in
3002 925 3331 980 monasterio
3366 925 3571 984 fratres

1984 1016 2363 1063 conservatum
2392 1009 2610 1078 habent)
2642 1023 2656 1061 :
2692 1010 2837 1078 quod
2863 1010 3027 1065 etiam
3058 1026 3277 1067 causam
3303 1029 3458 1069 suam
3504 1024 3572 1071 et

1983 1098 2301 1153 monasterii
2329 1098 2701 1155 defensionem
2731 1116 2763 1155 a
2790 1101 2937 1154 nullo
2981 1102 3091 1156 alio
3131 1114 3402 1172 quaereret
3449 1109 3566 1163 nisi

1983 1203 2015 1242 a
2043 1203 2188 1258 rege,
2214 1189 2518 1259 imperavit.
2541 1190 2777 1261 Accepta
2802 1208 2834 1246 a
2863 1193 3082 1250 domino
3119 1212 3245 1266 rege
3269 1208 3565 1267 potestate,

1984 1294 2104 1334 cum
2131 1280 2413 1352 privilegio
2435 1284 2743 1351 supradicto
2765 1286 2910 1353 quod
2939 1286 3004 1341 dc
3030 1302 3193 1340 manu
3218 1290 3365 1359 regis
3405 1303 3429 1329 ο
3460 1307 3566 1347 ac-

1983 1383 2222 1441 ceperat,
2253 1371 2321 1427 ad
2349 1389 2508 1428 suum
2556 1376 2795 1443 perrexit
2843 1377 3168 1432 ccenobium.
3219 1379 3570 1451 Divulgaturn

1984 1474 2115 1520 tunc
2143 1466 2330 1521 statim
2357 1465 2459 1521 fuit
2491 1479 2588 1536 per
2628 1475 2851 1523 cunctas
2893 1469 2993 1524 has
3036 1470 3370 1539 provincias,
3407 1472 3572 1528 Stur-

1983 1573 2107 1611 men
2136 1568 2420 1617 venturum
2452 1557 2569 1613 fore
2597 1559 2666 1612 ad
2709 1568 2912 1615 terram
2941 1561 3105 1627 hanc,
3133 1570 3189 1617 et
3216 1563 3415 1633 ubique
3442 1581 3573 1620 ser-

1982 1648 2065 1702 vis
2093 1648 2189 1702 Dei
2216 1655 2272 1703 et
2299 1649 2509 1705 ancillis
2537 1664 2636 1719 per
2662 1651 2915 1707 universa
2945 1655 3274 1709 monasteria
3300 1671 3427 1711 mox
3444 1647 3575 1728 ejus

295 1735 659 1806 quiescerent.
703 1733 863 1789 Solus
912 1732 1117 1789 Sturmi
1158 1736 1448 1806 vigilabat,
1488 1745 1543 1792 et
1575 1737 1880 1808 ingressum
1908 1719 2051 1794 Bide
2084 1738 2277 1794 exsilio
2319 1739 2528 1794 reditus
2552 1740 2828 1795 innotuit:
2863 1743 2956 1811 qui
2983 1757 3173 1799 omnes
3200 1744 3419 1801 Christo
3460 1719 3573 1801 im—

297 1829 439 1899 regis
465 1828 790 1891 observans,
809 1825 1007 1896 januas
1031 1827 1358 1895 eiecclesite
1387 1831 1630 1899 aperuit,
1672 1839 1729 1885 et
1755 1847 1880 1886 cum

294 1917 443 1973 claro
476 1917 677 1972 lumine
706 1918 772 1973 ad
798 1919 1103 1974 orationem
1131 1928 1256 1974 ante
1291 1936 1414 1975 eum
1447 1921 1577 1976 ibat.
1613 1922 1726 1977 Rex
1756 1937 1882 1978 vero

295 2020 417 2062 cum
443 2007 509 2061 ad
532 2022 719 2063 sacras
737 2023 863 2063 aras
882 2009 1052 2063 Deum
1078 2024 1259 2081 regem
1286 2011 1560 2067 humiliter
1581 2022 1880 2078 exorasset,

294 2099 467 2153 erexit
498 2113 578 2163 se,
604 2108 660 2155 et
685 2099 851 2154 alacri
879 2101 1071 2155 obtutu
1108 2100 1361 2157 Sturmen
1394 2103 1618 2160 intuitus
1651 2120 1665 2158 :
1696 2106 1879 2161 Domi-

296 2206 430 2256 nus,
459 2191 625 2258 dixit,
651 2193 1001 2265 congregavit
1026 2209 1125 2250 nos
1152 2195 1342 2260 modo;
1374 2202 1451 2259 et,
1482 2196 1610 2266 quid
1635 2197 1737 2252 hoc
1759 2198 1880 2264 fuit,

236 2296 254 2310 ‘
294 2288 438 2358 quod
464 2289 716 2344 monachi
756 2289 831 2344 tui
866 2290 1009 2359 apud
1039 2305 1138 2345 nos
1163 2300 1216 2346 te
1255 2299 1675 2359 accusaverunt,
1708 2293 1881 2348 nesci-
1930 2330 1931 2333 η

296 2395 446 2445 mus;
493 2389 549 2435 et
595 2381 736 2437 unde
784 2381 910 2436 irati
957 2381 1158 2439 fuimus
1202 2392 1390 2439 contra
1429 2392 1513 2452 te,
1550 2386 1879 2457 ignoramus.

298 2471 505 2529 Sturmi
538 2490 666 2531 vero
695 2483 1008 2531 constanter
1031 2476 1106 2531 ait
1132 2494 1148 2531 :
1180 2476 1332 2535 Licet
1364 2493 1395 2533 a
1431 2479 1666 2548 peccatis
1691 2479 1885 2534 immu-

295 2564 382 2620 nis
416 2580 523 2621 non
565 2567 687 2631 sim,
714 2574 902 2621 contra
940 2575 993 2623 te
1036 2576 1245 2634 tamen,
1273 2583 1308 2623 o
1345 2583 1462 2633 rex,
1492 2570 1746 2625 delictum
1774 2585 1883 2625 non

296 2650 420 2709 feci.
449 2652 521 2709 At
547 2654 637 2710 ille
670 2672 684 2708 :
715 2655 863 2723 Sive,
891 2655 1088 2726 inquit,
1110 2673 1348 2728 unquam
1375 2659 1661 2729 aliquando
1692 2668 1883 2715 contra

295 2759 382 2800 me
408 2745 659 2815 nequiter
682 2747 1006 2819 cogitaveris
1023 2789 1038 2813 ,
1065 2758 1157 2804 aut
1184 2749 1366 2820 inique
1393 2748 1596 2820 aliquid
1625 2750 1880 2822 gesseris,

244 2912 259 2921 '
297 2836 439 2892 Deus
462 2837 560 2896 tibi
587 2844 759 2894 totum
784 2838 1056 2904 dimittat,
1076 2848 1133 2895 et
1159 2855 1259 2912 ego
1293 2855 1363 2896 ex
1391 2855 1513 2895 meo
1544 2840 1707 2895 corde
1732 2840 1885 2911 igno-

295 2940 423 2992 sco;
461 2934 518 2983 et
552 2928 809 3000 deinceps
843 2938 991 2996 esto,
1015 2931 1128 2994 ait,
1167 2931 1223 2986 in
1260 2931 1434 3003 gratia
1473 2939 1529 2987 et
1558 2931 1615 2986 in
1643 2931 1884 2995 amicitia

296 3029 416 3070 mea
452 3018 600 3071 omni
640 3025 900 3088 tempore.
941 3019 1267 3091 Tollensque
1300 3036 1461 3076 manu
1491 3036 1588 3076 sua
1626 3022 1694 3078 de
1720 3021 1882 3093 pallio

295 3121 395 3162 suo
424 3106 607 3174 filum,
634 3107 862 3178 proiecit
892 3110 945 3165 in
975 3120 1209 3176 terram,
1242 3119 1301 3165 et
1332 3111 1470 3167 dixit
1506 3130 1519 3166 :
1556 3113 1696 3169 Ecce
1722 3113 1778 3168 in
1806 3122 1883 3169 te-

295 3197 610 3253 etimonium
643 3199 898 3270 perfecta
928 3202 1265 3258 remissionis
1291 3202 1439 3259 filum
1464 3203 1533 3261 de
1561 3204 1726 3275 pallio
1761 3219 1884 3261 meo

297 3286 524 3359 projicio
548 3288 575 3329 δ
609 3289 663 3345 in
688 3298 910 3356 terram,
946 3299 1008 3346 ut
1032 3292 1246 3348 cunctis
1275 3301 1460 3362 pateat
1486 3294 1629 3363 quod
1653 3293 1883 3363 pristina

294 3378 552 3451 deinceps
571 3381 882 3438 annulletur
903 3382 1208 3439 inimicitia.
1239 3384 1316 3439 Ita
1341 3385 1522 3455 pacati
1548 3383 1884 3455 firmiterque

299 3474 351 3524 in
382 3468 621 3525 amicitia
645 3468 876 3536 fundati,
911 3485 1005 3526 rex
1037 3470 1143 3526 iter
1171 3472 1316 3543 quod
1338 3480 1600 3543 coeperat,
1631 3473 1880 3543 arripuit.

366 3563 458 3618 20.
498 3564 669 3637 Igitur
701 3574 827 3636 post
855 3556 1068 3638 tempus
1100 3566 1285 3634 breve,
1317 3566 1643 3624 Preszoldus
1670 3576 1729 3623 et
1752 3566 1885 3622 reli-

295 3657 390 3726 qui
414 3654 612 3713 fratres
633 3658 700 3713 de
728 3658 1061 3715 monasterio
1089 3650 1282 3726 Fulda,
1311 3658 1712 3730 comperientes
1736 3657 1881 3729 quod

296 3748 563 3804 amandus
588 3748 804 3803 illorum
834 3748 1095 3820 magister
1147 3748 1355 3804 Sturmi
1402 3749 1458 3804 in
1505 3751 1682 3820 gratia
1727 3758 1784 3806 et
1824 3751 1881 3806 in

296 3837 541 3892 amicitia
572 3836 774 3892 domini
817 3837 962 3909 regis
1008 3849 1157 3893 esset
1207 3845 1477 3908 receptus,
1505 3839 1884 3910 cogitaverunt

297 3930 370 3985 ad
392 3926 653 3998 palatium
678 3928 778 3994 ire,
805 3938 862 3982 et
890 3942 1072 3998 regem
1115 3927 1395 3997 deprecari
1443 3943 1544 3998 pro
1589 3929 1881 3999 magistro;

212 4070 215 4073 ι
298 4020 679 4089 miseruntque
713 4019 780 4074 ad
808 4019 1089 4101 palatium,
1120 4017 1460 4089 postulantes
1487 4035 1518 4074 a
1542 4033 1670 4090 rege
1714 4021 1884 4076 abba-

300 4123 409 4169 tem
438 4126 600 4168 suum
638 4111 718 4167 eis
743 4110 862 4167 dari
898 4129 915 4182 ;
945 4111 1087 4167 sicut
1136 4126 1298 4167 omne
1338 4111 1482 4181 quod
1532 4111 1677 4169 Deus
1714 4112 1885 4168 voluit

300 4202 443 4269 fieri,
477 4200 635 4258 facile
661 4209 719 4258 et
746 4202 952 4274 absque
987 4200 1174 4258 labore
1210 4201 1411 4257 evenit.
1442 4200 1559 4258 Rex
1587 4216 1718 4258 vero
1744 4203 1885 4273 peti-

300 4294 477 4350 tiones
496 4291 730 4347 fratrum
747 4292 980 4364 benigne
999 4291 1319 4362 suscipiens,
1337 4291 1706 4347 venerandum
1729 4293 1885 4349 Stur-

1982 1846 2200 1887 mensas
2240 1831 2549 1888 referebant
2573 1842 2776 1904 grates.
2804 1833 3028 1892 Fratres
3051 1852 3184 1893 vero
3208 1853 3332 1893 cum
3368 1855 3573 1911 appm-

1981 1921 2274 1992 pinquasse
2296 1936 2420 1977 eum
2442 1924 2773 1979 monasterio
2798 1927 3197 1995 cognovissent,
3217 1941 3572 1999 sumpserunt

1981 2028 2200 2069 crucem
2231 2028 2454 2068 auream
2477 2020 2533 2068 et
2556 2013 2814 2083 reliquias
2839 2024 3174 2084 sanctorum,
3197 2027 3252 2072 et
3274 2019 3491 2073 obviam
3514 2019 3571 2076 ei

1981 2118 2012 2158 a
2045 2104 2376 2160 monasterio
2408 2103 2620 2175 longius
2637 2115 3024 2174 processerunt
3050 2121 3066 2160 :
3097 2106 3436 2179 salutatoque
3467 2108 3569 2166 illo

1981 2203 2037 2250 et
2069 2195 2154 2250 his
2181 2194 2274 2264 qui
2303 2209 2427 2250 cum
2452 2209 2518 2250 eo
2556 2203 2853 2260 venerunt,
2886 2211 3008 2252 cum
3054 2198 3287 2268 spiritali
3317 2200 3572 2255 carmine

1982 2301 2107 2341 eum
2132 2294 2360 2341 ovantes
2385 2286 2772 2342 monasterium
2808 2287 3247 2354 introduxerunt,
3273 2298 3331 2343 et
3372 2290 3567 2344 Domi-

1982 2395 2111 2433 num
2148 2393 2306 2433 suum
2331 2379 2709 2445 laudaverunt,
2735 2376 2828 2449 qtii
2874 2380 2955 2436 eis
3003 2380 3096 2436 diu
3145 2389 3386 2451 optatum
3418 2382 3571 2438 dedit

1983 2472 2233 2528 abbatem
2261 2488 2274 2525 :
2307 2479 2365 2526 et
2384 2470 2528 2526 facta
2552 2481 2637 2526 est
2657 2471 2842 2525 laetitia
2871 2487 3066 2543 magna
3096 2472 3235 2527 inter
3265 2488 3384 2527 eos.

2053 2565 2143 2619 2i.
2170 2548 2290 2636 Ipse
2314 2580 2444 2621 vero
2472 2564 2678 2619 Sturmi
2693 2564 2873 2619 studio
2901 2580 3100 2636 magno
3126 2564 3358 2630 deditus,
3373 2580 3568 2636 quem-

1982 2648 2271 2714 adinodum
2300 2657 2514 2712 initium
2540 2655 2767 2721 faceret,
2794 2658 2960 2727 coepit
3008 2657 3239 2712 fratrum
3273 2659 3568 2713 emendare

1981 2748 2153 2803 vitam
2175 2755 2231 2802 et
2267 2762 2449 2804 mores
2476 2742 2851 2816 corrigere,'et
2874 2745 3173 2802 ministeria
3198 2746 3412 2801 illorum
3443 2762 3566 2803 mo-
3642 2746 3649 2749 “

1984 2838 2191 2894 nastica
2221 2837 2572 2893 constituere.
2591 2836 2894 2906 Templum,
2918 2836 2972 2892 id
2991 2844 3079 2892 est
3100 2836 3568 2908 ecclesiam,quod

1986 2937 2120 2982 tunc
2140 2926 2435 2991 habebant,
2466 2941 2685 2992 ornare,
2714 2934 2770 2981 et
2797 2926 2987 2982 domos
3012 2941 3208 2982 omnes
3251 2926 3569 2982 monasterii

1990 3018 2300 3074 recentibus
2324 3016 2594 3075 columnis
2612 3025 2669 3074 et
2690 3016 2984 3089 grandibus
3010 3018 3277 3082 trabibus,
3301 3017 3569 3087 novisque

1986 3117 2251 3167 tectorum
2289 3108 2581 3166 structuris
2611 3108 3007 3164 corroboravit.
3048 3108 3178 3164 Post
3225 3117 3409 3163 autem
3457 3124 3567 3164 non

1983 3201 2201 3273 longum
2243 3200 2500 3271 temporis
2531 3199 2811 3271 cogitans,
2858 3198 3097 3269 qualiter
3144 3199 3429 3269 adimpleri
3471 3216 3566 3270 pe-

1986 3292 2181 3348 tuisset
2214 3291 2360 3362 quod
2407 3297 2596 3347 sancta
2637 3289 2839 3361 Regula
2868 3290 3131 3360 praefatur
3172 3288 3327 3361 (Cap.
3357 3289 3481 3361 66),
3509 3298 3570 3345 ut

1983 3393 2131 3441 artes
2159 3383 2388 3440 diversae
2418 3383 2562 3438 intra
2604 3383 2994 3438 monasterium
3040 3380 3473 3445 continerentur,
3503 3397 3570 3437 ne

1983 3474 2128 3530 forte
2174 3482 2398 3545 propter
2445 3472 2682 3543 aliquam
2726 3472 3109 3529 necessitatem
3157 3469 3291 3526 foris
3336 3471 3568 3538 vagandi

1984 3564 2243 3621 fratribus
2268 3579 2406 3634 opus
2427 3563 2610 3628 fieret;
2638 3562 2979 3633 congregatis
3002 3560 3222 3631 quantis
3253 3559 3432 3631 potuit
3456 3558 3568 3614 fos-

1983 3657 2281 3723 satoribus,
2308 3665 2365 3713 et
2400 3664 2466 3711 ut
2512 3655 2631 3727 ipse
2679 3662 2800 3711 erat
2842 3669 2972 3709 acer
3017 3654 3255 3725 ingenio,
3284 3651 3570 3722 explorato

1983 3746 2188 3821 passim
2226 3762 2390 3803 cursu
2425 3744 2665 3801 ﬂuminis
2712 3744 2920 3810 Fuldaa,
2950 3759 3059 3799 non
3111 3758 3280 3814 parvo
3326 3741 3505 3812 spatio
3536 3755 3569 3794 a

1984 3839 2338 3905 monasterio,
2370 3837 2542 3908 ipsius
2569 3835 2748 3890 amnis
2776 3834 2978 3890 ﬂuenta
3001 3850 3033 3889 a
3076 3833 3296 3903 proprio
3344 3830 3570 3887 abduxit

1984 3943 2174 3994 cursu,
2198 3936 2255 3983 et
2276 3942 2375 3999 per
2412 3942 2518 3982 non
2541 3924 2757 3981 modica
2796 3923 3004 3980 fossata
3047 3921 3439 3978 monasterium
3483 3919 3567 3973 in-

1984 4018 2152 4076 ﬂuere
2182 4018 2331 4084 fecit,
2363 4017 2440 4073 ita
2467 4024 2529 4072 ut
2567 4015 2806 4071 fluminis
2843 4015 3078 4085 impetus
3112 4011 3415 4067 betificaret
3460 4024 3571 4063 ea»

1985 4108 2209 4165 nobium
2236 4107 2352 4163 Dei.
2384 4106 2659 4174 Quantum
2688 4103 2821 4159 illud
2861 4118 2998 4173 opus
3035 4100 3297 4156 fratribus
3346 4100 3568 4171 profuit,

1985 4205 2353 4270 quantamque
2376 4196 2668 4251 utilitatem
2703 4193 2882 4249 adhuc
2911 4191 3153 4263 quotidie
3194 4189 3489 4254 ministret,
3517 4195 3572 4242 et

1984 4288 2339 4346 cernentibus
2371 4295 2424 4344 et
2464 4272 2740 4342 utentibus
2768 4284 3117 4339 manifestum
3148 4289 3251 4336 est.
3285 4279 3462 4349 Super
3485 4293 3570 4333 se-

299 4399 429 4440 men
453 4365 703 4439 abbatem
730 4382 797 4436 ad
825 4380 946 4437 illos
969 4395 1029 4437 se
1057 4380 1274 4437 mittere
1300 4381 1552 4451 promisit
1576 4399 1588 4435 :
1619 4382 1763 4451 quod
1785 4396 1882 4453 per
1906 4420 1960 4480 D
1984 4380 2233 4451 pulcrum
2261 4394 2390 4434 vero
2413 4376 2557 4433 beati
2592 4375 2849 4445 martyris
2882 4371 3146 4429 Bonifacii
3190 4385 3326 4425 auro
3369 4384 3566 4480 argen-

301 4476 501 4533 multas
539 4476 815 4531 orationes
843 4489 1129 4531 servorum
1159 4481 1216 4529 et
1259 4474 1579 4530 ancillarum
1624 4474 1721 4530 Dei
1765 4473 1883 4530 fieri

301 4570 595 4627 credimus.
625 4567 756 4625 Post
780 4583 888 4623 non
933 4566 1163 4623 multum
1204 4567 1465 4637 temporis
1510 4568 1745 4637 spatium
1788 4584 1885 4622 rex

300 4661 485 4719 vocari
530 4661 599 4716 ad
654 4674 713 4716 se
758 4658 1015 4715 Sturmen
1056 4656 1240 4728 jussit,
1286 4658 1447 4728 eique
1496 4659 1884 4714 monasterium

374 4831 400 4860 ι
438 4817 496 4872 Id
522 4820 637 4880 est,
666 4813 914 4870 monachi
939 4812 1031 4882 qui
1056 4814 1110 4868 in
1130 4813 1336 4884 palatio
1361 4813 1661 4884 degebant,
1691 4814 1887 4883 quibus

302 4889 495 4968 abbas,
525 4886 795 4968 palatinos
820 4885 1290 4968 dic_tus,pr:eerat.
1352 4953 1368 4968 ‘
1534 4953 1567 4968 ῃ
1608 4955 1620 4966 θ
1665 4955 1678 4967 ο
1754 4956 1766 4967 .
1840 4944 1845 4951 ,

380 4961 406 5000 b
444 4953 675 5036 Insignis
696 4956 849 5036 locus
873 4954 941 5036 de
961 4954 1206 5036 symbolo
1231 4953 1570 5010 condonandi
1608 4955 1884 5026 iniuriam,

305 5024 1187 5177 cfEluii‘i‘gsmeﬁpspiTtﬁ‘fggi:hac
1216 5097 1282 5152 de
1309 5110 1368 5151 re
1389 5095 1643 5177 dipltima,
1669 5097 1760 5151 sed
1782 5097 1890 5177 Bo-

309 5169 508 5225 uifacio
565 5166 845 5238 superStitj
896 5166 1251 5238 inscriptum,
1303 5167 1442 5237 apud
1485 5166 1780 5238 Othlouum
1835 5167 1891 5221 in

308 5242 404 5297 lib.
433 5256 495 5304 tt,
525 5236 645 5308 cap.
672 5238 775 5305 i7;
803 5236 1090 5308 Zachariae
1108 5253 1238 5293 vero
1287 5236 1406 5308 cap.
1447 5237 1532 5290 M.
1578 5236 1636 5308 In
1679 5237 1772 5292 lib.
1828 5253 1891 5291 ιιι

309 5312 495 5381 Antiq.
550 5306 729 5373 Fuld.,
761 5323 879 5378 cap.
915 5308 969 5371 8,
994 5306 1194 5381 legitur
1220 5306 1561 5381 privilegium
1586 5307 1828 5381 Sturmio
1859 5323 1890 5361 a

311 5378 588 5453 Stephauo
613 5395 752 5453 papa
769 5384 1089 5453 concesSum
1114 5378 1675 5453 in_c’on_firmationem.
1698 5378 1892 5453 immu-

310 5446 498 5507 nitatis
527 5446 832 5516 Fuldensis,
887 5449 940 5519 in
998 5462 1106 5516 quo
1160 5448 1468 5519 Stephanus
1516 5446 1782 5519 prgecipit,
1831 5455 1891 5519 ut

313 5522 587 5577 Sturmius
625 5540 641 5570 ι
678 5521 898 5576 Fratres
918 5516 1050 5572 suos
1083 5516 1383 5573 secundum
1420 5516 1682 5585 Regulam
1716 5517 1889 5571 sancti

312 5590 588 5673 Benedicti
618 5592 834 5673 dirigat.
875 5609 892 5640 ι

384 5661 411 5699 ἀ
453 5661 587 5714 lliuc
632 5656 932 5715 derivatum
985 5659 1199 5713 videtur
1240 5656 1501 5713 Gallicum
1548 5656 1886 5725 vocabulum,

1990 4483 2152 4544 toque
2185 4471 2540 4543 compositam
2568 4470 2758 4525 statuit
2787 4482 2994 4534 arcam,
3017 4480 3180 4537 quam
3211 4478 3312 4519 nos
3334 4462 3573 4518 solemus

1992 4563 2235 4633 requiem
2262 4560 2288 4601 ά
2315 4559 2606 4630 appellare,
2632 4574 2793 4629 quam
2824 4557 2907 4629 (ut
2930 4565 3059 4611 tunc
3089 4555 3258 4611 moris
3283 4550 3427 4623 erat)
3455 4550 3570 4622 pul-

1991 4656 2124 4710 chro
2152 4667 2319 4724 opere
2346 4650 2588 4707 condidit
2615 4668 2629 4703 :
2661 4664 2782 4720 quae
2803 4663 2976 4720 usque
3009 4646 3172 4703 hodie
3213 4659 3375 4714 super
3400 4652 3571 4698 tumu-
3642 4642 3645 4645 ’

2001 4798 2191 4874 βοίδια.
2222 4813 2378 4883 quasi
2406 4813 2554 4868 dicas
2580 4812 3065 4883 pausationemscu
3087 4809 3313 4880 requiem
3335 4848 3350 4872 ,
3384 4806 3452 4860 ad
3488 4805 3573 4860 si-

1992 4881 2326 4958 gttiﬁcandas
2379 4881 2702 4958 honorarius
2718 4912 2725 4923 ς
2764 4881 3028 4958 umbellas
3044 4922 3059 4945 ,
3083 4886 3573 4958 _quae___t_nagnatum

1993 4948 2211 5012 tumulis
2230 4955 2599 5024 imponuutur.
2638 4952 2708 5006 Et
2739 4952 2957 5024 quidem
2982 4948 3437 5024 verisimillimum
3466 4954 3575 5010 est,

1993 5027 2219 5089 ciboria,
2252 5017 2429 5095 repas,
2460 5023 2642 5095 fredas
2669 5017 3038 5092 antiquorum,
3060 5036 3157 5076 seu
3175 5017 3432 5074 aediculas
3447 5032 3577 5085 qua~

1995 5106 2117 5151 tuor
2135 5094 2404 5151 columnis
2434 5094 2609 5157 nixas,
2642 5107 3027 5161 nonnunquam
3074 5106 3143 5161 ex
3182 5104 3363 5161 pann_o
3405 5100 3574 5141 aureo
3603 5149 3610 5155 ,

1995 5167 2221 5235 aliisque
2256 5165 2321 5236 id
2336 5180 2507 5236 genus
2537 5163 2702 5217 textis
2729 5158 3059 5236 compositas
3087 5158 3274 5236 fuisse.
3307 5158 3427 5236 Quo
3456 5173 3576 5236 spe:

1996 5247 2108 5292 ctat
2129 5226 2405 5290 Dedzelib.
2443 5249 2536 5299 ιιι,
2567 5248 2690 5303 cap.
2742 5247 2811 5303 tt,
2837 5226 2927 5303 tibi
2982 5231 3051 5284 de
3103 5229 3277 5303 sancti
3335 5226 3576 5303 O_swal_di

1997 5308 2139 5378 regis
2184 5306 2505 5378 Merciorum
2524 5297 2695 5373 agens
2723 5302 2984 5371 reliquiis,
3014 5319 3033 5351 ι
3069 5300 3348 5378 vexillum,
3376 5297 3574 5366 inquit,

1994 5369 2112 5447 ejus
2140 5390 2300 5445 super
2319 5369 2722 5447 tumbam'auro
2744 5381 2803 5447 et
2824 5369 3063 5447 purpura
3087 5369 3453 5447 compositum
3479 5378 3575 5446 θρα

1994 5438 2308 5517 posuerunt.
2350 5465 2381 5517 »ί
2405 5443 2719 5517 Siguautius
2742 5438 3079 5517 Gisleltertus
3105 5438 3427 5517 Lu_uicen_sis
3461 5438 3577 5517 epi-

1995 5506 2191 5588 scopus
2219 5517 2271 5588 in
2301 5506 2528 5588 epistola
2552 5514 2621 5588 5t)
2651 5514 2795 5588 inter
2818 5510 3137 5566 Hibernicas
3174 5508 3403 5588 Usserii,
3427 5506 3574 5587 cibu-

1996 5578 2133 5641 rim'n
2183 5578 2371 5641 altaris
2420 5582 2699 5638 umbellam
2746 5583 3176 5651 interpretatur:
3210 5578 3470 5634 mendose
3522 5578 3588 5636 in.

1996 5659 2155 5714 editis
2187 5657 2495 5721 Cimberium
2528 5654 2737 5726 legitur.
