3838 6144
271 262 357 318 ul

1518 256 1847 315 AUCTORE
1887 258 1945 315 S.
1987 261 2233 318 EIGILE.

3398 268 3508 326 412

273 374 371 430 lum
402 372 572 442 ipsius
602 368 802 425 Christi
832 368 1086 439 martyris
1119 383 1243 423 cum
1289 367 1445 423 altari
1492 385 1682 435 aureo,
1705 386 1831 442 per-
1861 378 1912 436 Α
1937 386 2149 446 gentem
2180 379 2325 434 illam
2350 381 2415 435 ad
2440 381 2598 437 fidem
2621 382 2820 437 Christi
2853 384 3136 440 convertit.
3168 387 3234 442 Et
3259 399 3379 458 post
3405 408 3510 446 non

274 477 492 525 δοκι-ιιι.

332 562 419 616 22.
460 560 663 615 Verum
688 557 817 626 quia
844 557 927 609 vir
946 554 1127 623 justus
1155 564 1209 609 et
1232 559 1341 611 Deo
1360 556 1665 625 perfectus,
1698 557 1840 626 apud

270 651 548 707 universos
574 662 823 716 magnus,
839 654 894 699 et
916 647 1151 699 maxime
1178 645 1316 715 apud
1344 643 1629 716 Pippinum
1659 663 1840 717 regem

273 743 582 806 habebatur,
611 738 922 809 impetravit
945 737 1061 792 suis
1096 739 1238 807 apud
1277 738 1449 808 ipsum
1499 755 1679 809 regem
1730 756 1844 795 ser-

270 834 513 888 monibus
559 831 827 902 (hahebat
894 830 1041 885 enim
1088 829 1266 884 locum
1311 828 1693 885 familiaritatis
1737 847 1843 885 non

269 925 571 989 modicum)
599 931 660 976 ut
690 922 903 986 ﬁscum,
926 921 981 975 id
1008 929 1091 975 est
1118 920 1395 974 Omunstat
1428 934 1473 983 τι,
1500 937 1623 976 cum
1670 922 1845 975 omni-

267 1018 381 1081 bus,
412 1033 536 1087 qua:
562 1017 614 1070 in
650 1015 739 1070 illa
765 1013 889 1068 villa
920 1014 1130 1084 antiqui
1177 1028 1332 1084 reges
1378 1013 1747 1083 possidebant,
1775 1015 1844 1068 ad

267 1107 630 1175 supradictum
661 1105 861 1173 smpius
901 1104 1291 1159 monasterium
1330 1105 1384 1158 in
1416 1120 1572 1159 suam
1609 1104 1844 1161 elecmo-

169 1242 180 1257 ι
269 1213 452 1268 synam
476 1198 828 1262 condonaret,
856 1204 1016 1266 atque
1039 1212 1135 1266 per
1175 1198 1539 1266 conscriptam
1568 1197 1843 1260 chartam,

269 1292 405 1345 sicut
432 1306 551 1345 mos
579 1289 702 1354 fuit,
720 1289 980 1344 ﬁrmaret.
1007 1288 1218 1345 Mortuo
1239 1298 1420 1344 autem
1446 1289 1674 1359 Pippino
1701 1303 1844 1342 anno

274 1383 335 1435 ab
356 1381 727 1436 incarnatione
757 1378 969 1433 Domini
1006 1379 1483 1451 septingentesimo
1509 1378 1845 1448 sexagesimo

277 1482 475 1535 octavo,
506 1473 589 1526 sui
620 1486 751 1524 vero
775 1470 928 1542 regni
976 1471 1240 1541 vigesimo
1268 1471 1454 1534 tertio,
1484 1469 1675 1524 Carlus
1705 1469 1847 1524 ﬁlius

285 1562 385 1630 ejus
406 1563 544 1632 patri
574 1557 836 1616 successit
866 1561 919 1614 in
955 1575 1204 1631 regnum.
1251 1560 1386 1616 Cum
1437 1575 1569 1631 ergo
1604 1560 1720 1631 ipse
1748 1575 1846 1615 rex

1942 467 2156 538 longum
2188 479 2398 541 tempus
2427 481 2593 527 totam
2616 474 2946 542 provinciam
2975 477 3119 532 illam
3151 478 3202 533 in
3230 480 3515 550 parochias

1946 571 1968 598 ο
2003 563 2336 632 episcopales
2366 564 2567 629 divisit,
2592 573 2648 619 et
2673 579 2858 619 servos
2884 567 3094 622 Domini
3125 570 3190 622 ad
3213 571 3514 627 docendum

1941 660 1995 708 et
2026 653 2403 722 haptizandum
2428 664 2747 724 potestatem
2771 658 2937 712 dedit.
2960 659 3110 715 Tunc
3131 677 3256 731 pars
3278 663 3513 717 maxima

1941 742 2099 797 beato
2127 743 2549 815 Sturmi,populi
2579 754 2635 801 et
2657 755 2816 801 teme
2844 747 3089 813 illius,ad
3111 754 3512 818 procurandum

1942 834 2315 887 committitur.
2356 834 2620 905 Suscepto
2664 837 2829 907 igitur
2870 840 3273 908 praedicationis
3314 842 3515 914 Qﬁicio,

1920 918 2129 981 curam
2162 928 2334 982 modis
2378 929 2629 983 omnibus
2674 930 2955 1000 impendit,
2984 933 3221 1002 qualiter
3251 950 3357 988 non
3392 951 3517 1007 par-

1942 1030 2069 1069 vum
2095 1016 2325 1070 Domino
2350 1018 2604 1087 populum
2656 1021 2981 1087 acquireret.
3032 1021 3137 1076 Sed
3182 1025 3516 1094 temporibus

1942 1104 2185 1159 instabat
2215 1107 2563 1174 opportunis,
2591 1108 2760 1161 sacris
2788 1123 2879 1161 eos
2910 1112 3247 1166 sermonibus
3292 1111 3514 1176 docens,

1942 1205 2004 1249 ut
2025 1196 2163 1250 idola
2195 1204 2250 1250 et
2276 1197 2565 1251 simulacra
2611 1198 3068 1267 derelinquerent,
3101 1201 3302 1256 Christi
3355 1202 3514 1257 ﬁdem

1943 1289 2301 1356 susciperent,
2328 1289 2550 1343 deorum
2580 1305 2801 1344 suorum
2833 1292 3027 1361 templa
3051 1292 3410 1359 destruerent,
3432 1295 3517 1350 lu-

1943 1392 2038 1433 cos
2057 1377 2417 1443 succiderent,
2434 1387 2649 1434 sanctas
2665 1395 2880 1451 quoque
2899 1381 3153 1437 basilicas
3168 1384 3517 1440 :cdiﬁcarent.

2012 1468 2104 1523 24.
2158 1468 2276 1535 Quo
2318 1484 2440 1523 eum
2492 1470 2720 1524 multum
2770 1473 3028 1542 temporis
3073 1472 3418 1542 praedicando
3463 1487 3519 1533 et

1940 1561 2268 1631 baptizando
2291 1577 2413 1615 cum
2440 1562 2551 1616 suis
2585 1564 2920 1634 presbyteris
2961 1566 3280 1635 peregisset,
3322 1574 3378 1620 et
3424 1583 3521 1637 per

289 1653 479 1721 juvenis
501 1662 745 1716 cunctos,
770 1652 859 1720 qui
884 1653 1057 1720 patris
1086 1652 1167 1705 sui
1206 1652 1356 1720 prius
1383 1650 1681 1706 honoribus
1710 1666 1843 1720 pne-
1872 1642 1915 1725 _’
1947 1654 2195 1724 regiones
2233 1666 2476 1722 quasque
2523 1654 2761 1723 singulas
2796 1656 3055 1710 ecclesias
3104 1659 3518 1725 construxisset,

296 1718 374 1796 diti
399 1750 578 1807 erant,
608 1718 906 1810 grandibus
941 1718 1258 1797 muneribus
1302 1743 1355 1796 in
1408 1743 1637 1812 gratiam
1691 1718 1843 1795 suam
1872 1718 1919 1777 Β
1948 1718 2143 1797 iterum
2174 1718 2356 1813 postea
2385 1718 2660 1798 Saxonum
2697 1761 2828 1816 gens
2877 1762 3041 1816 prava
3091 1754 3144 1802 ct
3189 1764 3440 1818 perversa
3490 1766 3522 1804 a

295 1842 598 1902 provocarat,
625 1834 914 1889 accersivit
938 1848 1153 1902 quoque
1182 1833 1552 1888 venerandum
1584 1834 1838 1888 abbatem

298 1922 547 1989 Sturmen,
578 1924 836 1993 illumque
858 1924 1065 1979 intimis
1091 1924 1349 1979 amicitiis
1385 1924 1487 1979 sibi
1517 1922 1798 1992 conjunxit
1830 1940 1842 1975 :

294 2034 432 2088 quem
469 2035 588 2074 cum
638 2020 823 2075 multis
869 2033 1012 2089 saepe
1040 2019 1337 2074 honoribus
1365 2027 1528 2088 atque
1567 2010 1848 2089 regalibus

293 2108 606 2184 muniﬁcavit
626 2107 806 2164 donis.
841 2108 1086 2175 Quodam
1130 2116 1372 2178 tempore
1414 2108 1640 2163 immisit
1665 2105 1851 2169 Domi-

292 2212 384 2252 nus
410 2198 460 2253 in
496 2213 590 2254 cor
632 2198 773 2268 ejus,
800 2207 861 2253 ut
880 2214 981 2269 pro
1007 2199 1204 2253 intuitu
1232 2199 1606 2255 retributionis
1631 2207 1848 2254 aeternae

291 2295 506 2344 tractare
531 2290 787 2359 coepisset
813 2308 828 2344 :
875 2298 1177 2360 vocatoque
1197 2291 1264 2345 ad
1286 2306 1344 2346 se
1384 2290 1601 2346 Sturme
1629 2291 1846 2356 abbate,

292 2377 551 2433 consilium
582 2394 709 2434 cum
733 2392 799 2435 eo
824 2379 966 2444 iniit,
999 2387 1055 2434 et
1090 2378 1478 2434 Hamelenburc
1510 2380 1538 2420 ι’
1565 2395 1689 2435 cum
1734 2394 1848 2434 om-

293 2469 435 2526 nibus
457 2486 572 2542 quae
617 2472 688 2527 ad
727 2472 878 2526 illum
932 2471 1124 2528 ﬁscum
1167 2466 1470 2542 pertinent,
1516 2472 1846 2543 potestativa

293 2574 441 2615 manu
465 2562 532 2617 de
560 2562 685 2630 jure
710 2577 811 2617 suo
832 2562 884 2616 in
906 2560 998 2630 jus
1028 2562 1242 2617 Domini
1290 2570 1346 2617 et
1386 2563 1558 2617 sancti
1587 2561 1847 2618 Bonifacii

294 2651 357 2705 ad
394 2653 686 2708 coenobium
743 2652 929 2709 Fuldaa
979 2653 1221 2709 tradidit.
1273 2654 1445 2721 Quam
1498 2656 1846 2710 traditionem

294 2738 474 2799 fratres
499 2751 779 2813 gratanter
800 2744 1180 2813 suscipientes,
1207 2745 1436 2799 Domino
1462 2760 1560 2814 pro
1601 2746 1744 2801 illius
1771 2748 1848 2802 in-

291 2831 584 2888 columitate
618 2847 812 2903 preces
836 2848 1006 2902 usque
1028 2833 1189 2888 hodie
1212 2832 1461 2888 fundunt.
1505 2835 1652 2889 Vixit
1698 2836 1849 2891 dein-

293 2936 412 2991 ceps
428 2932 641 2979 sanctus
679 2922 886 2980 Sturmi
908 2926 962 2979 in
983 2927 1159 2995 gratia
1185 2927 1476 2982 venerandi
1505 2928 1646 2999 regis
1669 2928 1848 2985 Caroli

293 3034 440 3075 omne
465 3030 673 3094 tempus
697 3024 822 3079 vitae
843 3039 972 3079 suae.

357 3110 438 3166 25.
474 3112 579 3168 Illis
607 3128 823 3182 quoque
879 3114 1215 3185 temporibus
1267 3124 1519 3186 suscepta
1555 3115 1840 3187 legatione,

291 3199 425 3255 inter
441 3202 687 3258 Carolum
718 3220 902 3276 regem
935 3205 1266 3262 Francorum
1290 3207 1707 3263 etThasilonem
1741 3208 1848 3263 No-

293 3290 411 3345 rica:
433 3294 719 3362 provincia:
744 3294 956 3359 ducem,
988 3309 1087 3365 per
1111 3295 1292 3365 plures
1320 3311 1490 3352 annos
1520 3297 1661 3352 inter
1700 3298 1848 3367 ipsos

292 3379 568 3435 amicitiam
600 3382 813 3437 statuit.
861 3383 1143 3454 Regnante
1188 3383 1418 3439 feliciter
1458 3386 1677 3441 domino
1722 3402 1850 3456 rege

289 3466 489 3534 Carolo,
520 3487 696 3527 annos
725 3480 960 3542 quatuor
986 3472 1260 3529 Saxonum
1287 3489 1421 3544 gens
1447 3488 1586 3529 szeva
1630 3483 1684 3529 et
1715 3473 1850 3531 infe-

291 3557 515 3614 stissima
544 3561 758 3616 cunctis
786 3559 906 3627 fuit,
938 3569 995 3617 et
1037 3563 1263 3635 paganis
1310 3563 1504 3619 ritibus
1547 3565 1711 3620 nimis
1757 3565 1850 3620 de-

291 3644 415 3699 dita.
435 3647 544 3703 Rex
567 3665 696 3704 vero
720 3649 947 3707 Carolus
969 3651 1197 3708 Domino
1223 3667 1438 3724 semper
1457 3653 1702 3720 devotus,
1727 3670 1850 3710 cum

290 3734 400 3806 ipse
423 3740 910 3799 Christianissimus
938 3753 1105 3809 esset,
1129 3745 1369 3815 cogitare
1401 3746 1565 3817 cmpit
1619 3746 1853 3816 qualiter

289 3840 488 3898 gentem
520 3836 663 3891 hanc
699 3835 917 3894 Christo
946 3830 1233 3907 acquirere
1258 3838 1538 3909 quivisset.
1568 3838 1709 3894 lnito
1736 3854 1853 3894 ser-

289 3934 464 3978 vorum
484 3926 577 3981 Dei
606 3927 859 3993 consilio,
886 3928 1133 3998 poposcit
1178 3937 1239 3983 ut
1270 3930 1523 3998 precibus
1558 3929 1851 3994 Dominum

289 4014 420 4068 votis
437 4016 545 4071 suis
559 4031 799 4071 annuere
812 4018 1139 4073 obtinerent.
1162 4016 1501 4089 Congregato
1526 4027 1636 4072 tam
1660 4018 1851 4090 grandi

288 4106 539 4173 exercitu,
578 4107 831 4163 invocato
878 4107 1077 4164 Christi
1130 4109 1367 4175 nomine,
1398 4108 1688 4167 Saxoniam
1725 4125 1853 4180 pro-

290 4191 449 4252 fectus
475 4208 578 4264 est,
615 4200 908 4269 assumptis
932 4200 1201 4256 universis
1226 4202 1614 4267 sacerdotibus,
1643 4202 1852 4259 abbati-

288 4282 400 4350 bus,
424 4288 776 4359 presbyteris,
802 4297 855 4344 et
883 4291 1134 4345 omnibus
1162 4293 1482 4347 erthodoxis
1516 4301 1678 4363 atque
1724 4291 1850 4349 ﬁdei

1949 1832 2055 1889 ﬁde
2097 1833 2296 1889 Christi
2336 1836 2577 1900 devians,
2613 1838 2768 1891 vanis
2811 1853 2870 1893 se
2898 1839 3173 1893 erroribus
3202 1840 3519 1910 implicavit,
3575 1890 3579 1903 ,

1947 1933 2381 1996 congregatoque
2408 1929 2648 1982 exercitu
2676 1928 2818 1982 ultra
2850 1927 2985 1983 ﬁnes
3009 1944 3134 1983 suos
3163 1944 3380 1998 egressa
3410 1940 3519 1997 est,

1946 2023 2002 2069 et
2024 2030 2196 2084 usque
2215 2017 2280 2069 ad
2303 2016 2548 2070 Rhenum
2570 2017 2829 2072 vastando
2850 2027 2903 2072 et
2928 2018 3297 2088 depopulando
3323 2028 3521 2075 cuncta

1946 2107 2209 2176 pervenit.
2238 2107 2482 2178 Cumque
2507 2108 2632 2163 inde
2670 2109 2871 2164 reversi
2905 2116 3110 2175 essent,
3140 2109 3333 2164 infesta
3372 2110 3523 2167 caede

1946 2211 2300 2266 quoscunque
2318 2198 2559 2253 invenire
2583 2206 2889 2267 potuerunt,
2908 2199 3265 2255 trucidarunt.
3282 2200 3524 2269 Quorum

1946 2300 2068 2341 cum
2099 2287 2372 2342 exercitus
2391 2288 2446 2342 in
2473 2288 2863 2358 Loganacinse,
2896 2290 3039 2360 quod
3081 2305 3248 2360 prope
3273 2292 3523 2363 supradi-

1946 2387 2096 2435 ctum
2149 2379 2455 2434 coenobium
2496 2378 2663 2449 jacet,
2693 2380 3045 2447 consedisset,
3076 2381 3534 2451 conspiraverunt

1946 2477 2009 2523 ut
2044 2469 2240 2524 lectam
2295 2471 2537 2525 virorum
2592 2471 2989 2525 multitudinem
3046 2470 3113 2527 de
3167 2471 3409 2526 exercitu
3455 2471 3524 2526 ad

1948 2559 2123 2630 ipsum
2155 2562 2540 2617 monasterium
2566 2562 2864 2625 mitterent,
2888 2569 2943 2615 et
2983 2568 3177 2616 cuncta
3219 2576 3338 2630 qua:
3366 2575 3522 2631 repe-

1947 2650 2138 2715 rirent,
2171 2651 2279 2722 igni
2310 2650 2788 2715 comburerent,,et
2814 2666 2999 2706 servos
3020 2651 3115 2705 Dei
3161 2650 3305 2705 fer:o
3359 2650 3545 2705 tNCi-v

1947 2741 2160 2797 darent.
2194 2742 2349 2809 Quod
2377 2758 2499 2798 cum
2525 2742 2879 2812 comperisset
2915 2750 3133 2799 sanctus
3162 2742 3390 2804 Sturmi,
3417 2751 3527 2798 sta-

1948 2836 2045 2889 tim
2074 2835 2284 2890 vocatis
2321 2835 2388 2890 ad
2416 2849 2475 2889 se
2506 2835 2788 2899 fratribus,
2813 2835 3111 2905 periculum
3138 2837 3282 2906 quod
3315 2836 3395 2891 eis
3423 2835 3527 2889 im-

1947 2927 2190 2982 minebat
2214 2927 2467 2992 innotuit,
2499 2934 2555 2982 et
2597 2927 2880 2982 consilium
2914 2927 3059 2983 dedit
3082 2936 3144 2983 ut
3180 2930 3352 2985 sancti
3383 2944 3525 2983 mar-

1947 3021 2085 3091 tyris
2117 3035 2343 3090 corpore
2376 3028 2675 3089 assumpto,
2712 3020 2780 3074 ad
2810 3018 3207 3091 Hamelanburg
3231 3037 3522 3093 properas-

1948 3120 2088 3165 sent.
2114 3110 2233 3180 Ipse
2258 3125 2389 3165 vero
2424 3110 2510 3164 vir
2532 3110 2626 3165 Dei
2653 3109 2858 3165 Sturmi
2897 3109 3045 3165 foras
3093 3110 3149 3166 in
3195 3109 3521 3166 Wederciha

1946 3201 2208 3271 perrexit,
2237 3202 2474 3257 studium
2512 3202 2720 3256 habens
2736 3202 2781 3256 si
2809 3216 2917 3270 quo
2942 3201 3102 3257 modo
3127 3210 3311 3272 posset
3330 3216 3525 3272 pravo-

1947 3306 2070 3346 rum
2116 3291 2569 3361 conspirationem
2619 3290 2895 3346 cohibere.
2940 3289 3052 3346 Nos
3101 3298 3282 3345 autem
3327 3290 3526 3346 fratres

1949 3380 2196 3450 discipuli
2227 3379 2365 3447 ejus,
2390 3386 2665 3449 assumpto
2693 3381 2866 3436 sancti
2898 3380 3158 3449 martyris
3181 3394 3410 3450 corpore
3457 3381 3525 3436 de

1949 3470 2230 3542 sepulcro,
2262 3470 2316 3523 in
2363 3480 2471 3537 quo
2513 3467 2735 3524 annosd
2764 3469 2955 3539 viginti
3008 3476 3244 3539 quatuor
3286 3470 3527 3540 positum

1949 3561 2148 3625 fuerat,
2171 3575 2201 3613 a
2227 3556 2558 3613 monasterio
2579 3573 2705 3613 cum
2750 3557 3021 3629 universis
3047 3555 3265 3614 famulis
3286 3558 3380 3614 Dei
3400 3576 3528 3631 pro-

1950 3652 2119 3708 ﬁcisci
2141 3652 2425 3721 cmpimus.
2450 3649 2747 3705 Mansimus
2766 3651 2939 3720 prima
2959 3658 3117 3706 nocte
3137 3651 3204 3706 ad
3224 3654 3528 3722 proximam

1950 3742 2167 3806 cellam,
2200 3741 2288 3796 ubi
2310 3740 2492 3796 Fuldze
2525 3728 2679 3796 alveo
2703 3740 2952 3796 Fledem
2967 3738 3163 3796 ﬂuenta
3191 3756 3251 3798 se
3273 3743 3528 3799 miscent.

1949 3832 2076 3889 Inde
2095 3840 2380 3905 surgentes
2403 3848 2585 3898 mane,
2599 3832 2669 3887 ad
2692 3832 3009 3887 ulteriorem
3033 3834 3378 3903 pervenimus
3404 3833 3529 3893 Sin-

1950 3940 2096 3989 nam,
2131 3925 2314 3994 ibique
2352 3923 2570 3980 ﬁximus
2617 3925 2931 3989 tentorium,
2959 3924 3014 3978 in
3066 3940 3174 3994 quo
3220 3927 3531 3982 sacratissi-

1950 4031 2098 4069 mum
2124 4015 2324 4070 Christi
2353 4015 2610 4086 martyris
2636 4015 2926 4069 statuimus
2969 4031 3188 4086 corpus,
3216 4026 3273 4072 et
3320 4019 3374 4073 in
3425 4019 3533 4072 cir-

1950 4105 2101 4159 cuitu
2134 4104 2334 4160 milites
2360 4104 2563 4160 Christi
2595 4113 2773 4160 castra
2804 4106 2989 4161 metati
3020 4115 3164 4161 sunt.
3194 4107 3295 4162 Ubi
3321 4125 3444 4163 cum
3474 4111 3530 4164 in

1950 4196 2318 4251 tabernaculis
2348 4205 2462 4251 tres
2498 4197 2777 4267 exegimus
2819 4207 3026 4261 noctes,
3054 4206 3249 4266 quarto
3289 4197 3400 4267 jam
3442 4202 3532 4256 die

1949 4285 2111 4357 legati
2160 4286 2333 4339 nostri
2383 4293 2661 4351 venerunt,
2693 4285 2783 4355 qui
2835 4284 3173 4353 referebant,
3200 4288 3266 4342 de
3297 4298 3451 4358 parte
3476 4298 3531 4345 et

292 4376 590 4442 cultoribus,
606 4388 668 4433 ut
688 4387 900 4449 gentem
922 4396 1043 4450 quae
1072 4380 1138 4435 ab
1162 4381 1317 4437 initio
1340 4383 1524 4438 mundi
1549 4384 1849 4437 daemonum
1875 4410 1929 4469 Β
1954 4384 2114 4447 gente
2152 4385 2335 4431 nostra
2362 4375 2647 4430 nonnullos
2668 4388 3023 4447 congregatos
3050 4385 3240 4432 contra
3283 4379 3529 4436 Saxones

293 4466 505 4526 vinculis
557 4470 737 4525 fuerat
779 4469 1035 4542 obligata,
1084 4473 1346 4528 doctrinis
1385 4474 1556 4528 sacris
1612 4475 1744 4530 mite
1793 4482 1850 4529 et

293 4569 441 4614 suave
463 4560 664 4614 Christi
691 4559 881 4629 jugum
912 4562 1182 4617 credendo
1207 4563 1389 4618 subire
1413 4561 1690 4618 fecissent.
1730 4564 1849 4631 Quo

292 4662 401 4702 cum
435 4666 522 4705 rex
555 4651 917 4720 pervenisset,
940 4652 1134 4719 partim
1178 4653 1355 4717 hellis,
1389 4654 1587 4722 partim
1635 4656 1848 4712 suasio-

293 4740 450 4807 nibus,
477 4744 676 4814 partim
718 4743 880 4797 etiam
930 4744 1262 4810 muneribus,
1295 4747 1532 4801 maxima
1580 4762 1647 4801 ex
1696 4756 1850 4818 parte

354 4883 375 4909 ι
402 4871 453 4925 In
499 4872 874 4943 Traditionum
909 4872 1077 4935 libro,
1117 4889 1266 4943 num.
1301 4874 1390 4936 21,
1417 4882 1596 4930 exstat
1623 4873 1847 4943 hujusce

294 4939 577 5011 donationis
597 4942 901 5011 exemplum
941 4958 999 4996 ιιι
1033 4943 1163 4996 Idus
1213 4942 1495 4999 Februarii
1544 4939 1846 5001 Aureliani:

292 5008 492 5067 civitatis
518 5013 694 5082 factw.
728 5008 873 5067 Inter
893 5013 997 5066 alia
1041 5012 1298 5083 Pippinus
1342 5014 1614 5070 inducitur
1644 5017 1724 5071 sic
1771 5016 1848 5070 lo-

292 5092 483 5155 quens:
528 5101 546 5133 ι
595 5082 990 5155 Donamusinos
1024 5084 1322 5155 devoteque
1349 5087 1717 5155 contradimus
1748 5102 1846 5155 pro

289 5150 463 5206 animze
486 5161 686 5207 nostra:
711 5154 1041 5217 remedio,et
1065 5150 1250 5208 fratris
1289 5155 1459 5208 nostri
1498 5150 1844 5209 Carlomaimi

287 5224 801 5287 commemoratione,
825 5222 1185 5286 adj‘uldense
1209 5224 1662 5278 monasterium...
1678 5226 1846 5287 quod-

287 5288 395 5344 dam
420 5294 677 5361 praedium
703 5292 1019 5365 Oiuenestat
1040 5302 1403 5363 nuncupatum
1436 5294 1489 5348 in
1514 5310 1650 5365 pago
1686 5288 1840 5365 Moy-

288 5374 540 5432 necgowe,
562 5378 689 5417 cum
710 5364 959 5419 omnibus
997 5365 1242 5418 terminis
1271 5372 1323 5432 et
1349 5364 1679 5433 appendiciis
1703 5364 1838 5433 suis,

286 5438 378 5484 etc.
417 5452 435 5483 ι
468 5433 593 5487 llaec
620 5434 911 5489 Browerus
930 5435 982 5488 in
1007 5435 1151 5489 hunc
1171 5434 1370 5489 locum.

346 5500 372 5539 δ
397 5502 594 5556 Charta
641 5504 967 5567 donationis,
997 5512 1137 5559 teste
1185 5505 1460 5568 Browero,
1488 5503 1745 5573 exprimit
1772 5504 1847 5559 εο-

289 5585 388 5642 cum
432 5573 546 5641 ﬁsci
584 5574 749 5627 nostri
789 5574 951 5642 juxta
979 5575 1196 5642 ﬂuvium
1252 5574 1381 5629 Sala
1412 5589 1429 5625 .'
1458 5575 1587 5628 item
1614 5575 1845 5629 vicinam

289 5641 447 5697 villam
492 5643 742 5715 Diclpuch
767 5641 812 5698 et
840 5641 1200 5713 Ilunfcldiam,
1228 5659 1346 5715 quae
1369 5643 1482 5714 jam
1516 5644 1842 5716 oppidulum.

1954 4468 2155 4523 bellum
2197 4468 2352 4531 inire,
2396 4482 2598 4537 eosque
2643 4468 2816 4523 victos
2850 4469 2917 4523 ad
2966 4470 3215 4540 preprias
3257 4471 3529 4542 aufugisse

1956 4567 2152 4614 terras.
2190 4558 2343 4626 Quod
2370 4574 2494 4613 cum
2518 4558 2933 4624 audivissemus,
2956 4575 3113 4614 sacra
3153 4562 3297 4615 beati
3330 4544 3530 4634 Marty-

1958 4653 2034 4708 ris
2071 4667 2194 4708 ossa
2236 4650 2569 4716 sustulimus,
2600 4658 2656 4705 et
2680 4652 2974 4722 gaudentes
3023 4654 3089 4708 ad
3139 4657 3526 4714 monasterium

1956 4745 2097 4801 unde
2115 4744 2344 4817 digressi
2376 4760 2585 4813 sumus,
2607 4746 3040 4813 revertebanmr;
3073 4755 3128 4802 et
3155 4747 3251 4803 Dei
3273 4749 3531 4822 martyris

2027 4887 2048 4960 εξ
2074 4876 2467 4959 Metropolitani
2490 4876 3082 4960 ρι’(ξγίιιείίι,ἐτίοφχξίοιἰ
3103 4880 3339 4960 episcopi
3373 4906 3530 4960 _1r¢p-

1952 4949 2102 5011 οικία,
2144 4947 2463 5016 primarium
2494 4949 2701 5001 sedium
2739 4956 2796 5001 ut
2824 4947 3258 5005 Pa'triarcharum
3286 4947 3527 5017 διοίκηόις

1950 5018 2078 5071 olim
2102 5017 2383 5071 dicebatur
2405 5032 2473 5071 ex
2504 5032 2656 5071 conc.
2683 5018 2934 5072 Antioch.
2984 5035 3104 5073 can.
3152 5021 3203 5075 9.
3261 5020 3526 5077 Parochia

1952 5086 2191 5160 antiquis
2244 5087 2412 5160 magis
2458 5087 2636 5160 placet
2686 5102 2784 5160 pro
2818 5089 3040 5160 diter-esi
3068 5090 3330 5160 episcopi,
3358 5107 3522 5160 quam

1950 5157 2198 5226 parwcia.
2237 5156 2396 5211 Certe
2420 5156 2706 5225 parochos,
2751 5157 2923 5226 inquit
2968 5156 3170 5214 Nonius
3222 5156 3524 5224 Marcellus,

1958 5245 1976 5274 ι
2014 5241 2044 5280 a
2078 5224 2267 5298 Grajco
2309 5224 2661 5298 tractumest
2706 5224 2924 5298 nomen,
2946 5230 3090 5298 quod
3116 5228 3359 5285 vehicula
3391 5245 3529 5296 prae-

1937 5298 2086 5371 beat.
2112 5316 2129 5348 ι
2147 5295 2292 5371 _Nam
2320 5296 2605 5371 praebenda
2623 5297 2801 5350 omnia
2830 5295 3066 5371 παροχαὶ
3091 5298 3357 5371 dicuntur.
3374 5295 3528 5371 Nunc

1944 5365 2102 5447 vulgo
2137 5364 2399 5447 Barac/tiu
2428 5366 2670 5447 strictius
2720 5364 3098 5447 sumitur'pro
3124 5366 3361 5446 qualibet
3389 5366 3527 5447 dite-

1944 5435 2084 5492 ccsis
2093 5435 2415 5505 episcopalis
2427 5436 2712 5504 particula,
2733 5438 2818 5491 cui
2842 5435 3129 5505 singularis
3143 5435 3292 5505 curio
3307 5444 3523 5505 praeest.

2017 5503 2566 5579 d_Concordantl_iuic
2594 5506 2800 5579 calculo
2828 5503 3066 5560 Annales
3091 5503 3408 5574 Fuldenscs,
3430 5505 3526 5579 qui

1951 5575 2005 5633 id
2041 5575 2241 5631 factum
2268 5591 2410 5631 anno
2439 5574 2541 5631 778
2566 5574 2826 5631 referunt.
3440 5616 3441 5619 η
