  <div class='ocr_page' id='page_1' title='image "/cluster/home/n/w/nwhite01/storage/ocr_20150623/105/hvd.32044054759709/228.png"; bbox 0 0 3838 6144; ppageno 0'>
   <div class='ocr_carea' id='block_1_1' title="bbox 301 311 404 372">
    <p class='ocr_par' dir='ltr' id='par_1_1' title="bbox 301 311 404 372">
     <span class='ocr_line' id='line_1_1' title="bbox 301 311 404 372; baseline -0.01 0"><span class='ocrx_word' id='word_1_1' title='bbox 301 311 404 372; x_wconf 62' lang='grc'><strong>645</strong></span> 
     </span>
    </p>
   </div>
   <div class='ocr_carea' id='block_1_2' title="bbox 1751 295 2084 356">
    <p class='ocr_par' dir='ltr' id='par_1_2' title="bbox 1751 295 2084 356">
     <span class='ocr_line' id='line_1_2' title="bbox 1751 295 2084 356; baseline -0.018 0"><span class='ocrx_word' id='word_1_2' title='bbox 1751 295 2084 356; x_wconf 77' lang='lat' dir='ltr'><strong>CARMINA.</strong></span> 
     </span>
    </p>
   </div>
   <div class='ocr_carea' id='block_1_3' title="bbox 3454 285 3564 347">
    <p class='ocr_par' dir='ltr' id='par_1_3' title="bbox 3454 285 3564 347">
     <span class='ocr_line' id='line_1_3' title="bbox 3454 285 3564 347; baseline 0.027 -3"><span class='ocrx_word' id='word_1_3' title='bbox 3454 285 3564 347; x_wconf 68' lang='lat'><strong>“6</strong></span> 
     </span>
    </p>
   </div>
   <div class='ocr_carea' id='block_1_4' title="bbox 307 419 3548 470">
    <p class='ocr_par' dir='ltr' id='par_1_4' title="bbox 307 419 3548 470">
     <span class='ocr_line' id='line_1_4' title="bbox 307 419 3548 470; baseline -0.001 -23"><span class='ocrx_word' id='word_1_4' title='bbox 307 419 3548 470; x_wconf 47' lang='grc' dir='ltr'><strong>ΝΜ</strong></span> 
     </span>
    </p>
   </div>
   <div class='ocr_carea' id='block_1_5' title="bbox 1131 566 2730 692">
    <p class='ocr_par' dir='ltr' id='par_1_5' title="bbox 1131 566 2730 692">
     <span class='ocr_line' id='line_1_5' title="bbox 1131 566 2730 692; baseline -0.008 -1"><span class='ocrx_word' id='word_1_5' title='bbox 1131 569 1958 692; x_wconf 84' lang='lat' dir='ltr'><strong>BERNOWINI</strong></span> <span class='ocrx_word' id='word_1_6' title='bbox 2042 566 2730 682; x_wconf 85' lang='lat' dir='ltr'><strong>GARMINA.</strong></span> 
     </span>
    </p>
   </div>
   <div class='ocr_carea' id='block_1_6' title="bbox 789 907 1400 977">
    <p class='ocr_par' dir='ltr' id='par_1_6' title="bbox 789 907 1400 977">
     <span class='ocr_line' id='line_1_6' title="bbox 789 907 1400 977; baseline -0.011 0"><span class='ocrx_word' id='word_1_7' title='bbox 789 915 1072 977; x_wconf 76' lang='lat' dir='ltr'><strong>CARMEN</strong></span> <span class='ocrx_word' id='word_1_8' title='bbox 1109 907 1400 974; x_wconf 76' lang='lat' dir='ltr'><strong>PRIMUM.</strong></span> 
     </span>
    </p>
   </div>
   <div class='ocr_carea' id='block_1_7' title="bbox 429 1005 1726 1094">
    <p class='ocr_par' dir='ltr' id='par_1_7' title="bbox 429 1005 1726 1094">
     <span class='ocr_line' id='line_1_7' title="bbox 429 1005 1726 1094; baseline -0.014 -18"><span class='ocrx_word' id='word_1_9' title='bbox 429 1015 677 1094; x_wconf 72' lang='lat' dir='ltr'><strong>(Mabill.,</strong></span> <span class='ocrx_word' id='word_1_10' title='bbox 699 1013 894 1069; x_wconf 78' lang='lat' dir='ltr'><strong>Annal.</strong></span> <span class='ocrx_word' id='word_1_11' title='bbox 921 1012 1144 1078; x_wconf 83' lang='lat' dir='ltr'><strong>Bened.,</strong></span> <span class='ocrx_word' id='word_1_12' title='bbox 1168 1020 1300 1066; x_wconf 92' lang='lat' dir='ltr'><strong>tom.</strong></span> <span class='ocrx_word' id='word_1_13' title='bbox 1330 1009 1394 1074; x_wconf 90' lang='lat' dir='ltr'><strong>ll,</strong></span> <span class='ocrx_word' id='word_1_14' title='bbox 1423 1023 1544 1078; x_wconf 91' lang='lat' dir='ltr'><strong>pag.</strong></span> <span class='ocrx_word' id='word_1_15' title='bbox 1575 1005 1726 1076; x_wconf 77' lang='lat' dir='ltr'><strong>&#39;ll&#39;f.)</strong></span> 
     </span>
    </p>
   </div>
   <div class='ocr_carea' id='block_1_8' title="bbox 295 1098 1803 1182">
    <p class='ocr_par' dir='ltr' id='par_1_8' title="bbox 295 1098 1803 1182">
     <span class='ocr_line' id='line_1_8' title="bbox 295 1098 1803 1182; baseline -0.015 -10"><span class='ocrx_word' id='word_1_16' title='bbox 295 1111 653 1182; x_wconf 73' lang='lat' dir='ltr'><strong>Omnipotens</strong></span> <span class='ocrx_word' id='word_1_17' title='bbox 678 1106 958 1168; x_wconf 84' lang='lat' dir='ltr'><strong>Dominus,</strong></span> <span class='ocrx_word' id='word_1_18' title='bbox 984 1104 1074 1173; x_wconf 86' lang='lat' dir='ltr'><strong>qui</strong></span> <span class='ocrx_word' id='word_1_19' title='bbox 1095 1099 1237 1157; x_wconf 88' lang='lat' dir='ltr'><strong>celsa</strong></span> <span class='ocrx_word' id='word_1_20' title='bbox 1268 1100 1351 1156; x_wconf 91' lang='lat' dir='ltr'><strong>vel</strong></span> <span class='ocrx_word' id='word_1_21' title='bbox 1379 1101 1485 1154; x_wconf 87' lang='lat' dir='ltr'><strong>ima</strong></span> <span class='ocrx_word' id='word_1_22' title='bbox 1509 1098 1803 1169; x_wconf 73' lang='lat' dir='ltr'><strong>gubernas,</strong></span> 
     </span>
    </p>
   </div>
   <div class='ocr_carea' id='block_1_9' title="bbox 367 1190 1518 1269">
    <p class='ocr_par' dir='ltr' id='par_1_9' title="bbox 367 1190 1518 1269">
     <span class='ocr_line' id='line_1_9' title="bbox 367 1190 1518 1269; baseline -0.012 -13"><span class='ocrx_word' id='word_1_23' title='bbox 367 1199 655 1269; x_wconf 74' lang='lat' dir='ltr'><strong>Maiestate</strong></span> <span class='ocrx_word' id='word_1_24' title='bbox 679 1204 870 1266; x_wconf 87' lang='lat' dir='ltr'><strong>potens</strong></span> <span class='ocrx_word' id='word_1_25' title='bbox 894 1207 1108 1262; x_wconf 82' lang='lat' dir='ltr'><strong>semper</strong></span> <span class='ocrx_word' id='word_1_26' title='bbox 1137 1190 1335 1260; x_wconf 89' lang='lat' dir='ltr'><strong>ubique</strong></span> <span class='ocrx_word' id='word_1_27' title='bbox 1356 1190 1518 1253; x_wconf 89' lang='lat' dir='ltr'><strong>Deus,</strong></span> 
     </span>
    </p>
   </div>
   <div class='ocr_carea' id='block_1_10' title="bbox 293 1279 1590 1360">
    <p class='ocr_par' dir='ltr' id='par_1_10' title="bbox 293 1279 1590 1360">
     <span class='ocr_line' id='line_1_10' title="bbox 293 1279 1590 1360; baseline -0.012 -14"><span class='ocrx_word' id='word_1_28' title='bbox 293 1290 529 1360; x_wconf 80' lang='lat' dir='ltr'><strong>Respice</strong></span> <span class='ocrx_word' id='word_1_29' title='bbox 554 1287 622 1343; x_wconf 88' lang='lat' dir='ltr'><strong>de</strong></span> <span class='ocrx_word' id='word_1_30' title='bbox 649 1286 784 1341; x_wconf 91' lang='lat' dir='ltr'><strong>solio</strong></span> <span class='ocrx_word' id='word_1_31' title='bbox 815 1291 1125 1338; x_wconf 84' lang='lat' dir='ltr'><strong>sanctorum</strong></span> <span class='ocrx_word' id='word_1_32' title='bbox 1165 1279 1332 1351; x_wconf 78' lang='lat' dir='ltr'><strong>gloria</strong></span> <span class='ocrx_word' id='word_1_33' title='bbox 1355 1292 1590 1344; x_wconf 91' lang='lat' dir='ltr'><strong>summo,</strong></span> 
     </span>
    </p>
   </div>
   <div class='ocr_carea' id='block_1_11' title="bbox 363 1367 1603 1446">
    <p class='ocr_par' dir='ltr' id='par_1_11' title="bbox 363 1367 1603 1446">
     <span class='ocr_line' id='line_1_11' title="bbox 363 1367 1603 1446; baseline -0.012 -11"><span class='ocrx_word' id='word_1_34' title='bbox 363 1379 752 1446; x_wconf 80' lang='lat' dir='ltr'><strong>Auxiliumque</strong></span> <span class='ocrx_word' id='word_1_35' title='bbox 781 1373 907 1438; x_wconf 90' lang='lat' dir='ltr'><strong>tuis,</strong></span> <span class='ocrx_word' id='word_1_36' title='bbox 939 1371 1054 1426; x_wconf 80' lang='lat' dir='ltr'><strong>Rex</strong></span> <span class='ocrx_word' id='word_1_37' title='bbox 1083 1371 1242 1434; x_wconf 87' lang='lat' dir='ltr'><strong>bone,</strong></span> <span class='ocrx_word' id='word_1_38' title='bbox 1266 1369 1333 1423; x_wconf 85' lang='lat' dir='ltr'><strong>da</strong></span> <span class='ocrx_word' id='word_1_39' title='bbox 1364 1367 1603 1423; x_wconf 76' lang='lat' dir='ltr'><strong>famulis.</strong></span> 
     </span>
    </p>
   </div>
   <div class='ocr_carea' id='block_1_12' title="bbox 291 1457 1639 1539">
    <p class='ocr_par' dir='ltr' id='par_1_12' title="bbox 291 1457 1639 1539">
     <span class='ocr_line' id='line_1_12' title="bbox 291 1457 1639 1539; baseline -0.011 -13"><span class='ocrx_word' id='word_1_40' title='bbox 291 1468 644 1539; x_wconf 85' lang='lat' dir='ltr'><strong>Principibus</strong></span> <span class='ocrx_word' id='word_1_41' title='bbox 670 1478 885 1534; x_wconf 91' lang='lat' dir='ltr'><strong>pacem,</strong></span> <span class='ocrx_word' id='word_1_42' title='bbox 912 1459 1172 1532; x_wconf 81' lang='lat' dir='ltr'><strong>subjectis</strong></span> <span class='ocrx_word' id='word_1_43' title='bbox 1199 1458 1335 1515; x_wconf 90' lang='lat' dir='ltr'><strong>adde</strong></span> <span class='ocrx_word' id='word_1_44' title='bbox 1367 1457 1597 1514; x_wconf 79' lang='lat' dir='ltr'><strong>salutem</strong></span> <span class='ocrx_word' id='word_1_45' title='bbox 1625 1475 1639 1511; x_wconf 90' lang='lat'><strong>:</strong></span> 
     </span>
    </p>
   </div>
   <div class='ocr_carea' id='block_1_13' title="bbox 363 1550 1549 1629">
    <p class='ocr_par' dir='ltr' id='par_1_13' title="bbox 363 1550 1549 1629">
     <span class='ocr_line' id='line_1_13' title="bbox 363 1550 1549 1629; baseline -0.011 -13"><span class='ocrx_word' id='word_1_46' title='bbox 363 1561 552 1616; x_wconf 82' lang='lat' dir='ltr'><strong>Hostis</strong></span> <span class='ocrx_word' id='word_1_47' title='bbox 575 1557 716 1629; x_wconf 86' lang='lat' dir='ltr'><strong>pelle</strong></span> <span class='ocrx_word' id='word_1_48' title='bbox 738 1556 935 1619; x_wconf 90' lang='lat' dir='ltr'><strong>minas,</strong></span> <span class='ocrx_word' id='word_1_49' title='bbox 960 1561 1016 1608; x_wconf 91' lang='lat' dir='ltr'><strong>et</strong></span> <span class='ocrx_word' id='word_1_50' title='bbox 1035 1551 1148 1607; x_wconf 91' lang='lat' dir='ltr'><strong>fera</strong></span> <span class='ocrx_word' id='word_1_51' title='bbox 1175 1550 1313 1606; x_wconf 90' lang='lat' dir='ltr'><strong>bella</strong></span> <span class='ocrx_word' id='word_1_52' title='bbox 1341 1563 1549 1620; x_wconf 90' lang='lat' dir='ltr'><strong>preme.</strong></span> 
     </span>
    </p>
   </div>
   <div class='ocr_carea' id='block_1_14' title="bbox 292 1634 1784 1720">
    <p class='ocr_par' dir='ltr' id='par_1_14' title="bbox 292 1634 1784 1720">
     <span class='ocr_line' id='line_1_14' title="bbox 292 1634 1784 1720; baseline -0.011 -13"><span class='ocrx_word' id='word_1_53' title='bbox 292 1652 423 1708; x_wconf 73' lang='lat' dir='ltr'><strong>llazc</strong></span> <span class='ocrx_word' id='word_1_54' title='bbox 451 1662 687 1720; x_wconf 91' lang='lat' dir='ltr'><strong>quoque,</strong></span> <span class='ocrx_word' id='word_1_55' title='bbox 713 1661 833 1717; x_wconf 73' lang='lat' dir='ltr'><strong>qua:</strong></span> <span class='ocrx_word' id='word_1_56' title='bbox 861 1643 1024 1699; x_wconf 85' lang='lat' dir='ltr'><strong>statui</strong></span> <span class='ocrx_word' id='word_1_57' title='bbox 1047 1641 1302 1714; x_wconf 75' lang='lat' dir='ltr'><strong>fulgentia</strong></span> <span class='ocrx_word' id='word_1_58' title='bbox 1327 1639 1567 1695; x_wconf 88' lang='lat' dir='ltr'><strong>culmina</strong></span> <span class='ocrx_word' id='word_1_59' title='bbox 1597 1634 1784 1707; x_wconf 82' lang='lat' dir='ltr'><strong>templi</strong></span> 
     </span>
    </p>
   </div>
   <div class='ocr_carea' id='block_1_15' title="bbox 361 1731 1465 1807">
    <p class='ocr_par' dir='ltr' id='par_1_15' title="bbox 361 1731 1465 1807">
     <span class='ocr_line' id='line_1_15' title="bbox 361 1731 1465 1807; baseline -0.012 -11"><span class='ocrx_word' id='word_1_60' title='bbox 361 1739 721 1796; x_wconf 83' lang='lat' dir='ltr'><strong>Bernowinus</strong></span> <span class='ocrx_word' id='word_1_61' title='bbox 749 1751 870 1807; x_wconf 91' lang='lat' dir='ltr'><strong>ego,</strong></span> <span class='ocrx_word' id='word_1_62' title='bbox 903 1734 1011 1789; x_wconf 91' lang='lat' dir='ltr'><strong>sint</strong></span> <span class='ocrx_word' id='word_1_63' title='bbox 1039 1731 1132 1786; x_wconf 89' lang='lat' dir='ltr'><strong>tibi</strong></span> <span class='ocrx_word' id='word_1_64' title='bbox 1156 1737 1309 1802; x_wconf 89' lang='lat' dir='ltr'><strong>grata</strong></span> <span class='ocrx_word' id='word_1_65' title='bbox 1335 1731 1465 1786; x_wconf 91' lang='lat' dir='ltr'><strong>Deo.</strong></span> 
     </span>
    </p>
   </div>
   <div class='ocr_carea' id='block_1_16' title="bbox 294 1823 1475 1903">
    <p class='ocr_par' dir='ltr' id='par_1_16' title="bbox 294 1823 1475 1903">
     <span class='ocr_line' id='line_1_16' title="bbox 294 1823 1475 1903; baseline -0.01 -16"><span class='ocrx_word' id='word_1_66' title='bbox 294 1834 541 1903; x_wconf 78' lang='lat' dir='ltr'><strong>Augusto</strong></span> <span class='ocrx_word' id='word_1_67' title='bbox 562 1837 617 1886; x_wconf 90' lang='lat' dir='ltr'><strong>et</strong></span> <span class='ocrx_word' id='word_1_68' title='bbox 637 1827 852 1891; x_wconf 87' lang='lat' dir='ltr'><strong>Carolo,</strong></span> <span class='ocrx_word' id='word_1_69' title='bbox 875 1824 1027 1894; x_wconf 86' lang='lat' dir='ltr'><strong>cujus</strong></span> <span class='ocrx_word' id='word_1_70' title='bbox 1049 1825 1246 1877; x_wconf 89' lang='lat' dir='ltr'><strong>virtute</strong></span> <span class='ocrx_word' id='word_1_71' title='bbox 1269 1823 1475 1893; x_wconf 90' lang='lat' dir='ltr'><strong>peregi,</strong></span> 
     </span>
    </p>
   </div>
   <div class='ocr_carea' id='block_1_17' title="bbox 363 1913 1418 1989">
    <p class='ocr_par' dir='ltr' id='par_1_17' title="bbox 363 1913 1418 1989">
     <span class='ocr_line' id='line_1_17' title="bbox 363 1913 1418 1989; baseline -0.01 -13"><span class='ocrx_word' id='word_1_72' title='bbox 363 1921 614 1976; x_wconf 87' lang='lat' dir='ltr'><strong>Concede</strong></span> <span class='ocrx_word' id='word_1_73' title='bbox 644 1917 856 1989; x_wconf 88' lang='lat' dir='ltr'><strong>imperii</strong></span> <span class='ocrx_word' id='word_1_74' title='bbox 882 1916 1073 1987; x_wconf 87' lang='lat' dir='ltr'><strong>gaudia</strong></span> <span class='ocrx_word' id='word_1_75' title='bbox 1097 1929 1292 1983; x_wconf 89' lang='lat' dir='ltr'><strong>magna</strong></span> <span class='ocrx_word' id='word_1_76' title='bbox 1314 1913 1418 1968; x_wconf 91' lang='lat' dir='ltr'><strong>sui.</strong></span> 
     </span>
    </p>
   </div>
   <div class='ocr_carea' id='block_1_18' title="bbox 297 2007 1872 2084">
    <p class='ocr_par' dir='ltr' id='par_1_18' title="bbox 297 2007 1872 2084">
     <span class='ocr_line' id='line_1_18' title="bbox 297 2007 1872 2084; baseline -0.004 -15"><span class='ocrx_word' id='word_1_77' title='bbox 297 2013 552 2083; x_wconf 85' lang='lat' dir='ltr'><strong>Quisquis</strong></span> <span class='ocrx_word' id='word_1_78' title='bbox 577 2022 633 2068; x_wconf 92' lang='lat' dir='ltr'><strong>et</strong></span> <span class='ocrx_word' id='word_1_79' title='bbox 659 2013 787 2068; x_wconf 91' lang='lat' dir='ltr'><strong>hinc</strong></span> <span class='ocrx_word' id='word_1_80' title='bbox 807 2024 1048 2066; x_wconf 90' lang='lat' dir='ltr'><strong>summas</strong></span> <span class='ocrx_word' id='word_1_81' title='bbox 1071 2007 1327 2079; x_wconf 90' lang='lat' dir='ltr'><strong>precibus</strong></span> <span class='ocrx_word' id='word_1_82' title='bbox 1350 2007 1650 2084; x_wconf 76' lang='lat' dir='ltr'><strong>pulsaverit</strong></span> <span class='ocrx_word' id='word_1_83' title='bbox 1677 2021 1838 2063; x_wconf 84' lang='lat' dir='ltr'><strong>aures</strong></span> <span class='ocrx_word' id='word_1_84' title='bbox 1854 2047 1872 2074; x_wconf 93' lang='lat'><strong>,</strong></span> 
     </span>
    </p>
   </div>
   <div class='ocr_carea' id='block_1_19' title="bbox 366 2097 1522 2169">
    <p class='ocr_par' dir='ltr' id='par_1_19' title="bbox 366 2097 1522 2169">
     <span class='ocr_line' id='line_1_19' title="bbox 366 2097 1522 2169; baseline -0.008 -9"><span class='ocrx_word' id='word_1_85' title='bbox 366 2105 627 2160; x_wconf 72' lang='lat' dir='ltr'><strong>Effectum</strong></span> <span class='ocrx_word' id='word_1_86' title='bbox 659 2103 862 2158; x_wconf 84' lang='lat' dir='ltr'><strong>tribuat</strong></span> <span class='ocrx_word' id='word_1_87' title='bbox 886 2115 1101 2169; x_wconf 88' lang='lat' dir='ltr'><strong>semper</strong></span> <span class='ocrx_word' id='word_1_88' title='bbox 1131 2100 1331 2153; x_wconf 88' lang='lat' dir='ltr'><strong>habere</strong></span> <span class='ocrx_word' id='word_1_89' title='bbox 1363 2097 1522 2152; x_wconf 88' lang='lat' dir='ltr'><strong>Deus.</strong></span> 
     </span>
    </p>
   </div>
   <div class='ocr_carea' id='block_1_20' title="bbox 301 2187 1938 2261">
    <p class='ocr_par' dir='ltr' id='par_1_20' title="bbox 301 2187 1938 2261">
     <span class='ocr_line' id='line_1_20' title="bbox 301 2187 1938 2261; baseline -0.005 -11"><span class='ocrx_word' id='word_1_90' title='bbox 301 2196 410 2252; x_wconf 77' lang='lat' dir='ltr'><strong>Hoc</strong></span> <span class='ocrx_word' id='word_1_91' title='bbox 439 2193 744 2250; x_wconf 76' lang='lat' dir='ltr'><strong>construxit</strong></span> <span class='ocrx_word' id='word_1_92' title='bbox 762 2191 1130 2261; x_wconf 38' lang='lat' dir='ltr'><strong>opushlector,</strong></span> <span class='ocrx_word' id='word_1_93' title='bbox 1155 2189 1296 2258; x_wconf 91' lang='lat' dir='ltr'><strong>quod</strong></span> <span class='ocrx_word' id='word_1_94' title='bbox 1326 2187 1507 2242; x_wconf 88' lang='lat' dir='ltr'><strong>cernis</strong></span> <span class='ocrx_word' id='word_1_95' title='bbox 1535 2187 1846 2244; x_wconf 85' lang='lat' dir='ltr'><strong>honestum.</strong></span> <span class='ocrx_word' id='word_1_96' title='bbox 1933 2245 1938 2248; x_wconf 65' lang='grc'><em>,</em></span> 
     </span>
    </p>
   </div>
   <div class='ocr_carea' id='block_1_21' title="bbox 1899 2269 3320 2346">
    <p class='ocr_par' dir='ltr' id='par_1_21' title="bbox 1899 2269 3320 2346">
     <span class='ocr_line' id='line_1_21' title="bbox 1899 2269 3320 2346; baseline 0.001 -17"><span class='ocrx_word' id='word_1_97' title='bbox 1899 2269 1946 2329; x_wconf 89' lang='grc' dir='ltr'><strong>Β</strong></span> <span class='ocrx_word' id='word_1_98' title='bbox 1973 2275 2108 2330; x_wconf 80' lang='lat' dir='ltr'><strong>Nam</strong></span> <span class='ocrx_word' id='word_1_99' title='bbox 2137 2274 2298 2330; x_wconf 90' lang='lat' dir='ltr'><strong>datur</strong></span> <span class='ocrx_word' id='word_1_100' title='bbox 2323 2274 2508 2329; x_wconf 82' lang='lat' dir='ltr'><strong>infelix</strong></span> <span class='ocrx_word' id='word_1_101' title='bbox 2532 2291 2746 2345; x_wconf 89' lang='lat' dir='ltr'><strong>corpus,</strong></span> <span class='ocrx_word' id='word_1_102' title='bbox 2775 2277 2861 2330; x_wconf 89' lang='lat' dir='ltr'><strong>cui</strong></span> <span class='ocrx_word' id='word_1_103' title='bbox 2886 2285 3033 2330; x_wconf 90' lang='lat' dir='ltr'><strong>tanta</strong></span> <span class='ocrx_word' id='word_1_104' title='bbox 3058 2286 3320 2346; x_wconf 87' lang='lat' dir='ltr'><strong>parantur</strong></span> 
     </span>
    </p>
   </div>
   <div class='ocr_carea' id='block_1_22' title="bbox 366 2277 1530 2346">
    <p class='ocr_par' dir='ltr' id='par_1_22' title="bbox 366 2277 1530 2346">
     <span class='ocr_line' id='line_1_22' title="bbox 366 2277 1530 2346; baseline -0.008 -5"><span class='ocrx_word' id='word_1_105' title='bbox 366 2285 719 2341; x_wconf 82' lang='lat' dir='ltr'><strong>Bernowinus</strong></span> <span class='ocrx_word' id='word_1_106' title='bbox 741 2299 929 2346; x_wconf 89' lang='lat' dir='ltr'><strong>ovans,</strong></span> <span class='ocrx_word' id='word_1_107' title='bbox 958 2283 1150 2336; x_wconf 88' lang='lat' dir='ltr'><strong>ductus</strong></span> <span class='ocrx_word' id='word_1_108' title='bbox 1181 2295 1366 2335; x_wconf 89' lang='lat' dir='ltr'><strong>amore</strong></span> <span class='ocrx_word' id='word_1_109' title='bbox 1388 2277 1484 2334; x_wconf 88' lang='lat' dir='ltr'><strong>Dei</strong></span> <span class='ocrx_word' id='word_1_110' title='bbox 1518 2297 1530 2332; x_wconf 89' lang='lat'><strong>:</strong></span> 
     </span>
    </p>
   </div>
   <div class='ocr_carea' id='block_1_23' title="bbox 306 2371 1418 2445">
    <p class='ocr_par' dir='ltr' id='par_1_23' title="bbox 306 2371 1418 2445">
     <span class='ocr_line' id='line_1_23' title="bbox 306 2371 1418 2445; baseline -0.008 -14"><span class='ocrx_word' id='word_1_111' title='bbox 306 2377 444 2431; x_wconf 86' lang='lat' dir='ltr'><strong>Illius</strong></span> <span class='ocrx_word' id='word_1_112' title='bbox 465 2391 674 2431; x_wconf 83' lang='lat' dir='ltr'><strong>necnon</strong></span> <span class='ocrx_word' id='word_1_113' title='bbox 702 2373 878 2445; x_wconf 81' lang='lat' dir='ltr'><strong>magni</strong></span> <span class='ocrx_word' id='word_1_114' title='bbox 902 2388 1000 2443; x_wconf 91' lang='lat' dir='ltr'><strong>pro</strong></span> <span class='ocrx_word' id='word_1_115' title='bbox 1021 2371 1191 2442; x_wconf 87' lang='lat' dir='ltr'><strong>patris</strong></span> <span class='ocrx_word' id='word_1_116' title='bbox 1213 2382 1418 2432; x_wconf 90' lang='lat' dir='ltr'><strong>amore,</strong></span> 
     </span>
    </p>
   </div>
   <div class='ocr_carea' id='block_1_24' title="bbox 368 2458 1641 2534">
    <p class='ocr_par' dir='ltr' id='par_1_24' title="bbox 368 2458 1641 2534">
     <span class='ocr_line' id='line_1_24' title="bbox 368 2458 1641 2534; baseline -0.008 -14"><span class='ocrx_word' id='word_1_117' title='bbox 368 2465 604 2534; x_wconf 86' lang='lat' dir='ltr'><strong>Corpore</strong></span> <span class='ocrx_word' id='word_1_118' title='bbox 629 2465 720 2534; x_wconf 89' lang='lat' dir='ltr'><strong>qui</strong></span> <span class='ocrx_word' id='word_1_119' title='bbox 747 2471 946 2518; x_wconf 73' lang='lat' dir='ltr'><strong>sancta:</strong></span> <span class='ocrx_word' id='word_1_120' title='bbox 969 2469 1160 2530; x_wconf 83' lang='lat' dir='ltr'><strong>pausat</strong></span> <span class='ocrx_word' id='word_1_121' title='bbox 1190 2459 1243 2512; x_wconf 91' lang='lat' dir='ltr'><strong>in</strong></span> <span class='ocrx_word' id='word_1_122' title='bbox 1273 2472 1399 2512; x_wconf 87' lang='lat' dir='ltr'><strong>arce</strong></span> <span class='ocrx_word' id='word_1_123' title='bbox 1428 2458 1641 2512; x_wconf 90' lang='lat' dir='ltr'><strong>domus.</strong></span> 
     </span>
    </p>
   </div>
   <div class='ocr_carea' id='block_1_25' title="bbox 306 2546 1568 2629">
    <p class='ocr_par' dir='ltr' id='par_1_25' title="bbox 306 2546 1568 2629">
     <span class='ocr_line' id='line_1_25' title="bbox 306 2546 1568 2629; baseline -0.005 -21"><span class='ocrx_word' id='word_1_124' title='bbox 306 2553 357 2608; x_wconf 91' lang='lat' dir='ltr'><strong>ln</strong></span> <span class='ocrx_word' id='word_1_125' title='bbox 387 2571 488 2624; x_wconf 91' lang='lat' dir='ltr'><strong>qua</strong></span> <span class='ocrx_word' id='word_1_126' title='bbox 515 2554 679 2608; x_wconf 88' lang='lat' dir='ltr'><strong>multa</strong></span> <span class='ocrx_word' id='word_1_127' title='bbox 707 2553 970 2622; x_wconf 89' lang='lat' dir='ltr'><strong>Deusjam</strong></span> <span class='ocrx_word' id='word_1_128' title='bbox 993 2551 1104 2621; x_wconf 89' lang='lat' dir='ltr'><strong>jam</strong></span> <span class='ocrx_word' id='word_1_129' title='bbox 1129 2547 1389 2602; x_wconf 87' lang='lat' dir='ltr'><strong>miracula</strong></span> <span class='ocrx_word' id='word_1_130' title='bbox 1419 2546 1568 2629; x_wconf 79' lang='lat' dir='ltr'><strong>mitis</strong></span> 
     </span>
    </p>
   </div>
   <div class='ocr_carea' id='block_1_26' title="bbox 370 2641 1420 2716">
    <p class='ocr_par' dir='ltr' id='par_1_26' title="bbox 370 2641 1420 2716">
     <span class='ocr_line' id='line_1_26' title="bbox 370 2641 1420 2716; baseline -0.005 -17"><span class='ocrx_word' id='word_1_131' title='bbox 370 2645 576 2716; x_wconf 70' lang='lat' dir='ltr'><strong>Smpius</strong></span> <span class='ocrx_word' id='word_1_132' title='bbox 595 2643 850 2707; x_wconf 80' lang='lat' dir='ltr'><strong>ostendit,</strong></span> <span class='ocrx_word' id='word_1_133' title='bbox 892 2641 1034 2696; x_wconf 91' lang='lat' dir='ltr'><strong>illius</strong></span> <span class='ocrx_word' id='word_1_134' title='bbox 1057 2643 1126 2696; x_wconf 90' lang='lat' dir='ltr'><strong>ob</strong></span> <span class='ocrx_word' id='word_1_135' title='bbox 1147 2642 1420 2700; x_wconf 83' lang='lat' dir='ltr'><strong>meritum.</strong></span> 
     </span>
    </p>
   </div>
   <div class='ocr_carea' id='block_1_27' title="bbox 308 2731 1518 2804">
    <p class='ocr_par' dir='ltr' id='par_1_27' title="bbox 308 2731 1518 2804">
     <span class='ocr_line' id='line_1_27' title="bbox 308 2731 1518 2804; baseline -0.002 -15"><span class='ocrx_word' id='word_1_136' title='bbox 308 2733 364 2790; x_wconf 88' lang='lat' dir='ltr'><strong>Si</strong></span> <span class='ocrx_word' id='word_1_137' title='bbox 385 2736 567 2789; x_wconf 89' lang='lat' dir='ltr'><strong>veniet</strong></span> <span class='ocrx_word' id='word_1_138' title='bbox 597 2733 843 2804; x_wconf 85' lang='lat' dir='ltr'><strong>quisquis</strong></span> <span class='ocrx_word' id='word_1_139' title='bbox 869 2732 991 2786; x_wconf 85' lang='lat' dir='ltr'><strong>ﬁdei</strong></span> <span class='ocrx_word' id='word_1_140' title='bbox 1018 2732 1085 2785; x_wconf 93' lang='lat' dir='ltr'><strong>de</strong></span> <span class='ocrx_word' id='word_1_141' title='bbox 1108 2746 1327 2785; x_wconf 84' lang='lat' dir='ltr'><strong>munere</strong></span> <span class='ocrx_word' id='word_1_142' title='bbox 1351 2731 1518 2794; x_wconf 84' lang='lat' dir='ltr'><strong>dives,</strong></span> 
     </span>
    </p>
   </div>
   <div class='ocr_carea' id='block_1_28' title="bbox 375 2820 1621 2893">
    <p class='ocr_par' dir='ltr' id='par_1_28' title="bbox 375 2820 1621 2893">
     <span class='ocr_line' id='line_1_28' title="bbox 375 2820 1621 2893; baseline -0.005 -14"><span class='ocrx_word' id='word_1_143' title='bbox 375 2823 524 2889; x_wconf 85' lang='lat' dir='ltr'><strong>Quod</strong></span> <span class='ocrx_word' id='word_1_144' title='bbox 553 2825 685 2893; x_wconf 86' lang='lat' dir='ltr'><strong>petit</strong></span> <span class='ocrx_word' id='word_1_145' title='bbox 708 2822 935 2886; x_wconf 85' lang='lat' dir='ltr'><strong>invenit,</strong></span> <span class='ocrx_word' id='word_1_146' title='bbox 965 2821 1107 2891; x_wconf 88' lang='lat' dir='ltr'><strong>quod</strong></span> <span class='ocrx_word' id='word_1_147' title='bbox 1135 2820 1280 2888; x_wconf 90' lang='lat' dir='ltr'><strong>cupit</strong></span> <span class='ocrx_word' id='word_1_148' title='bbox 1309 2834 1434 2874; x_wconf 91' lang='lat' dir='ltr'><strong>ecce</strong></span> <span class='ocrx_word' id='word_1_149' title='bbox 1459 2827 1621 2875; x_wconf 87' lang='lat' dir='ltr'><strong>tenet.</strong></span> 
     </span>
    </p>
   </div>
   <div class='ocr_carea' id='block_1_29' title="bbox 308 2907 1592 2979">
    <p class='ocr_par' dir='ltr' id='par_1_29' title="bbox 308 2907 1592 2979">
     <span class='ocr_line' id='line_1_29' title="bbox 308 2907 1592 2979; baseline -0.005 -11"><span class='ocrx_word' id='word_1_150' title='bbox 308 2915 408 2970; x_wconf 71' lang='lat' dir='ltr'><strong>Vos</strong></span> <span class='ocrx_word' id='word_1_151' title='bbox 438 2914 660 2978; x_wconf 80' lang='lat' dir='ltr'><strong>fratres,</strong></span> <span class='ocrx_word' id='word_1_152' title='bbox 689 2911 858 2968; x_wconf 82' lang='lat' dir='ltr'><strong>veniae</strong></span> <span class='ocrx_word' id='word_1_153' title='bbox 879 2911 1157 2979; x_wconf 88' lang='lat' dir='ltr'><strong>petitores,</strong></span> <span class='ocrx_word' id='word_1_154' title='bbox 1183 2911 1410 2962; x_wconf 85' lang='lat' dir='ltr'><strong>obsecro</strong></span> <span class='ocrx_word' id='word_1_155' title='bbox 1439 2907 1592 2962; x_wconf 88' lang='lat' dir='ltr'><strong>vobis</strong></span> 
     </span>
    </p>
   </div>
   <div class='ocr_carea' id='block_1_30' title="bbox 373 2997 1472 3067">
    <p class='ocr_par' dir='ltr' id='par_1_30' title="bbox 373 2997 1472 3067">
     <span class='ocr_line' id='line_1_30' title="bbox 373 2997 1472 3067; baseline -0.008 -8"><span class='ocrx_word' id='word_1_156' title='bbox 373 3005 582 3059; x_wconf 80' lang='lat' dir='ltr'><strong>Pascite</strong></span> <span class='ocrx_word' id='word_1_157' title='bbox 613 3002 804 3057; x_wconf 86' lang='lat' dir='ltr'><strong>factori</strong></span> <span class='ocrx_word' id='word_1_158' title='bbox 831 3001 971 3055; x_wconf 88' lang='lat' dir='ltr'><strong>dona</strong></span> <span class='ocrx_word' id='word_1_159' title='bbox 1011 3013 1241 3067; x_wconf 89' lang='lat' dir='ltr'><strong>superna</strong></span> <span class='ocrx_word' id='word_1_160' title='bbox 1266 2997 1472 3051; x_wconf 91' lang='lat' dir='ltr'><strong>domus.</strong></span> 
     </span>
    </p>
   </div>
   <div class='ocr_carea' id='block_1_31' title="bbox 307 3087 1545 3160">
    <p class='ocr_par' dir='ltr' id='par_1_31' title="bbox 307 3087 1545 3160">
     <span class='ocr_line' id='line_1_31' title="bbox 307 3087 1545 3160; baseline -0.008 -10"><span class='ocrx_word' id='word_1_161' title='bbox 307 3095 423 3151; x_wconf 60' lang='lat' dir='ltr'><strong>llaec</strong></span> <span class='ocrx_word' id='word_1_162' title='bbox 453 3095 547 3149; x_wconf 84' lang='lat' dir='ltr'><strong>tibi</strong></span> <span class='ocrx_word' id='word_1_163' title='bbox 571 3092 851 3155; x_wconf 87' lang='lat' dir='ltr'><strong>constitui,</strong></span> <span class='ocrx_word' id='word_1_164' title='bbox 882 3089 1018 3145; x_wconf 87' lang='lat' dir='ltr'><strong>lllidi</strong></span> <span class='ocrx_word' id='word_1_165' title='bbox 1049 3103 1240 3160; x_wconf 80' lang='lat' dir='ltr'><strong>magne</strong></span> <span class='ocrx_word' id='word_1_166' title='bbox 1273 3087 1545 3152; x_wconf 89' lang='lat' dir='ltr'><strong>sacerdos,</strong></span> 
     </span>
    </p>
   </div>
   <div class='ocr_carea' id='block_1_32' title="bbox 371 3178 1484 3252">
    <p class='ocr_par' dir='ltr' id='par_1_32' title="bbox 371 3178 1484 3252">
     <span class='ocr_line' id='line_1_32' title="bbox 371 3178 1484 3252; baseline -0.009 -12"><span class='ocrx_word' id='word_1_167' title='bbox 371 3185 496 3252; x_wconf 64' lang='lat' dir='ltr'><strong>Quae</strong></span> <span class='ocrx_word' id='word_1_168' title='bbox 520 3185 655 3239; x_wconf 87' lang='lat' dir='ltr'><strong>nitet</strong></span> <span class='ocrx_word' id='word_1_169' title='bbox 683 3184 774 3238; x_wconf 91' lang='lat' dir='ltr'><strong>hic</strong></span> <span class='ocrx_word' id='word_1_170' title='bbox 798 3180 1074 3236; x_wconf 90' lang='lat' dir='ltr'><strong>Domini...</strong></span> <span class='ocrx_word' id='word_1_171' title='bbox 1107 3179 1254 3234; x_wconf 91' lang='lat' dir='ltr'><strong>clara</strong></span> <span class='ocrx_word' id='word_1_172' title='bbox 1276 3178 1484 3233; x_wconf 90' lang='lat' dir='ltr'><strong>domus.</strong></span> 
     </span>
    </p>
   </div>
   <div class='ocr_carea' id='block_1_33' title="bbox 307 3275 1608 3342">
    <p class='ocr_par' dir='ltr' id='par_1_33' title="bbox 307 3275 1608 3342">
     <span class='ocr_line' id='line_1_33' title="bbox 307 3275 1608 3342; baseline -0.007 -12"><span class='ocrx_word' id='word_1_173' title='bbox 307 3275 651 3330; x_wconf 78' lang='lat' dir='ltr'><strong>Bernowinus</strong></span> <span class='ocrx_word' id='word_1_174' title='bbox 675 3288 796 3342; x_wconf 89' lang='lat' dir='ltr'><strong>ego,</strong></span> <span class='ocrx_word' id='word_1_175' title='bbox 823 3279 1134 3326; x_wconf 78' lang='lat' dir='ltr'><strong>sanctarum</strong></span> <span class='ocrx_word' id='word_1_176' title='bbox 1156 3283 1356 3340; x_wconf 89' lang='lat' dir='ltr'><strong>parvus</strong></span> <span class='ocrx_word' id='word_1_177' title='bbox 1378 3275 1608 3334; x_wconf 87' lang='lat' dir='ltr'><strong>amator,</strong></span> 
     </span>
    </p>
   </div>
   <div class='ocr_carea' id='block_1_34' title="bbox 372 3356 1535 3434">
    <p class='ocr_par' dir='ltr' id='par_1_34' title="bbox 372 3356 1535 3434">
     <span class='ocr_line' id='line_1_34' title="bbox 372 3356 1535 3434; baseline -0.009 -14"><span class='ocrx_word' id='word_1_178' title='bbox 372 3366 469 3432; x_wconf 87' lang='lat' dir='ltr'><strong>Qui</strong></span> <span class='ocrx_word' id='word_1_179' title='bbox 495 3365 591 3420; x_wconf 82' lang='lat' dir='ltr'><strong>tibi</strong></span> <span class='ocrx_word' id='word_1_180' title='bbox 616 3362 884 3434; x_wconf 54' lang='lat' dir='ltr'><strong>praecipue</strong></span> <span class='ocrx_word' id='word_1_181' title='bbox 907 3369 1032 3415; x_wconf 88' lang='lat' dir='ltr'><strong>vota</strong></span> <span class='ocrx_word' id='word_1_182' title='bbox 1064 3373 1360 3429; x_wconf 78' lang='lat' dir='ltr'><strong>precesque</strong></span> <span class='ocrx_word' id='word_1_183' title='bbox 1379 3356 1496 3412; x_wconf 92' lang='lat' dir='ltr'><strong>fero</strong></span> <span class='ocrx_word' id='word_1_184' title='bbox 1521 3374 1535 3410; x_wconf 89' lang='lat'><strong>:</strong></span> 
     </span>
    </p>
   </div>
   <div class='ocr_carea' id='block_1_35' title="bbox 309 3448 1803 3527">
    <p class='ocr_par' dir='ltr' id='par_1_35' title="bbox 309 3448 1803 3527">
     <span class='ocr_line' id='line_1_35' title="bbox 309 3448 1803 3527; baseline -0.007 -16"><span class='ocrx_word' id='word_1_185' title='bbox 309 3457 378 3511; x_wconf 83' lang='lat' dir='ltr'><strong>Te</strong></span> <span class='ocrx_word' id='word_1_186' title='bbox 400 3472 526 3527; x_wconf 90' lang='lat' dir='ltr'><strong>rogo</strong></span> <span class='ocrx_word' id='word_1_187' title='bbox 553 3454 868 3525; x_wconf 85' lang='lat' dir='ltr'><strong>suppliciter</strong></span> <span class='ocrx_word' id='word_1_188' title='bbox 887 3466 986 3522; x_wconf 92' lang='lat' dir='ltr'><strong>pro</strong></span> <span class='ocrx_word' id='word_1_189' title='bbox 1013 3467 1097 3506; x_wconf 92' lang='lat' dir='ltr'><strong>me</strong></span> <span class='ocrx_word' id='word_1_190' title='bbox 1118 3465 1278 3521; x_wconf 89' lang='lat' dir='ltr'><strong>prece</strong></span> <span class='ocrx_word' id='word_1_191' title='bbox 1295 3463 1459 3520; x_wconf 90' lang='lat' dir='ltr'><strong>posce</strong></span> <span class='ocrx_word' id='word_1_192' title='bbox 1482 3448 1803 3504; x_wconf 76' lang='lat' dir='ltr'><strong>Tonantem.</strong></span> 
     </span>
    </p>
   </div>
   <div class='ocr_carea' id='block_1_36' title="bbox 375 3545 1464 3618">
    <p class='ocr_par' dir='ltr' id='par_1_36' title="bbox 375 3545 1464 3618">
     <span class='ocr_line' id='line_1_36' title="bbox 375 3545 1464 3618; baseline -0.007 -14"><span class='ocrx_word' id='word_1_193' title='bbox 375 3549 438 3606; x_wconf 81' lang='lat' dir='ltr'><strong>Ut</strong></span> <span class='ocrx_word' id='word_1_194' title='bbox 460 3557 654 3618; x_wconf 85' lang='lat' dir='ltr'><strong>purget</strong></span> <span class='ocrx_word' id='word_1_195' title='bbox 675 3547 829 3601; x_wconf 91' lang='lat' dir='ltr'><strong>venia</strong></span> <span class='ocrx_word' id='word_1_196' title='bbox 855 3545 1082 3600; x_wconf 89' lang='lat' dir='ltr'><strong>crimina</strong></span> <span class='ocrx_word' id='word_1_197' title='bbox 1105 3552 1298 3597; x_wconf 84' lang='lat' dir='ltr'><strong>cuneta</strong></span> <span class='ocrx_word' id='word_1_198' title='bbox 1323 3557 1464 3597; x_wconf 91' lang='lat' dir='ltr'><strong>mea.</strong></span> 
     </span>
    </p>
   </div>
   <div class='ocr_carea' id='block_1_37' title="bbox 309 3630 1544 3706">
    <p class='ocr_par' dir='ltr' id='par_1_37' title="bbox 309 3630 1544 3706">
     <span class='ocr_line' id='line_1_37' title="bbox 309 3630 1544 3706; baseline -0.008 -9"><span class='ocrx_word' id='word_1_199' title='bbox 309 3641 370 3696; x_wconf 83' lang='lat' dir='ltr'><strong>Et</strong></span> <span class='ocrx_word' id='word_1_200' title='bbox 391 3640 580 3697; x_wconf 88' lang='lat' dir='ltr'><strong>Carolo</strong></span> <span class='ocrx_word' id='word_1_201' title='bbox 599 3638 859 3706; x_wconf 84' lang='lat' dir='ltr'><strong>Augusto,</strong></span> <span class='ocrx_word' id='word_1_202' title='bbox 883 3632 1034 3702; x_wconf 90' lang='lat' dir='ltr'><strong>cujus</strong></span> <span class='ocrx_word' id='word_1_203' title='bbox 1055 3633 1254 3703; x_wconf 89' lang='lat' dir='ltr'><strong>pietate</strong></span> <span class='ocrx_word' id='word_1_204' title='bbox 1277 3630 1544 3699; x_wconf 82' lang='lat' dir='ltr'><strong>fovemur,</strong></span> 
     </span>
    </p>
   </div>
   <div class='ocr_carea' id='block_1_38' title="bbox 369 3723 1440 3796">
    <p class='ocr_par' dir='ltr' id='par_1_38' title="bbox 369 3723 1440 3796">
     <span class='ocr_line' id='line_1_38' title="bbox 369 3723 1440 3796; baseline -0.013 -6"><span class='ocrx_word' id='word_1_205' title='bbox 369 3732 612 3790; x_wconf 66' lang='lat' dir='ltr'><strong>Praebeat</strong></span> <span class='ocrx_word' id='word_1_206' title='bbox 633 3727 854 3785; x_wconf 72' lang='lat' dir='ltr'><strong>aetherei</strong></span> <span class='ocrx_word' id='word_1_207' title='bbox 882 3725 1104 3796; x_wconf 66' lang='lat' dir='ltr'><strong>prmmia</strong></span> <span class='ocrx_word' id='word_1_208' title='bbox 1142 3723 1290 3795; x_wconf 88' lang='lat' dir='ltr'><strong>larga</strong></span> <span class='ocrx_word' id='word_1_209' title='bbox 1319 3723 1440 3780; x_wconf 89' lang='lat' dir='ltr'><strong>soli.</strong></span> 
     </span>
    </p>
   </div>
   <div class='ocr_carea' id='block_1_39' title="bbox 886 3834 1270 3891">
    <p class='ocr_par' dir='ltr' id='par_1_39' title="bbox 886 3834 1270 3891">
     <span class='ocr_line' id='line_1_39' title="bbox 886 3834 1270 3891; baseline -0.01 0"><span class='ocrx_word' id='word_1_210' title='bbox 886 3834 1169 3891; x_wconf 74' lang='lat' dir='ltr'><strong>CARMEN</strong></span> <span class='ocrx_word' id='word_1_211' title='bbox 1206 3834 1270 3888; x_wconf 88' lang='lat' dir='ltr'><strong>ll.</strong></span> 
     </span>
    </p>
   </div>
   <div class='ocr_carea' id='block_1_40' title="bbox 880 3904 1284 3976">
    <p class='ocr_par' dir='ltr' id='par_1_40' title="bbox 880 3904 1284 3976">
     <span class='ocr_line' id='line_1_40' title="bbox 880 3904 1284 3976; baseline -0.005 -16"><span class='ocrx_word' id='word_1_212' title='bbox 880 3907 1103 3976; x_wconf 80' lang='lat' dir='ltr'><strong>(Mabill.</strong></span> <span class='ocrx_word' id='word_1_213' title='bbox 1130 3904 1284 3975; x_wconf 81' lang='lat' dir='ltr'><strong>ibid.)</strong></span> 
     </span>
    </p>
   </div>
   <div class='ocr_carea' id='block_1_41' title="bbox 307 3991 1483 4072">
    <p class='ocr_par' dir='ltr' id='par_1_41' title="bbox 307 3991 1483 4072">
     <span class='ocr_line' id='line_1_41' title="bbox 307 3991 1483 4072; baseline -0.008 -15"><span class='ocrx_word' id='word_1_214' title='bbox 307 4001 401 4070; x_wconf 88' lang='lat' dir='ltr'><strong>Qui</strong></span> <span class='ocrx_word' id='word_1_215' title='bbox 425 4002 603 4072; x_wconf 87' lang='lat' dir='ltr'><strong>cupiat</strong></span> <span class='ocrx_word' id='word_1_216' title='bbox 632 4012 814 4052; x_wconf 89' lang='lat' dir='ltr'><strong>rerum</strong></span> <span class='ocrx_word' id='word_1_217' title='bbox 837 3995 1112 4050; x_wconf 90' lang='lat' dir='ltr'><strong>studiosus</strong></span> <span class='ocrx_word' id='word_1_218' title='bbox 1138 3993 1277 4048; x_wconf 88' lang='lat' dir='ltr'><strong>forte</strong></span> <span class='ocrx_word' id='word_1_219' title='bbox 1304 3991 1483 4048; x_wconf 90' lang='lat' dir='ltr'><strong>viator</strong></span> 
     </span>
    </p>
   </div>
   <div class='ocr_carea' id='block_1_42' title="bbox 370 4084 1476 4154">
    <p class='ocr_par' dir='ltr' id='par_1_42' title="bbox 370 4084 1476 4154">
     <span class='ocr_line' id='line_1_42' title="bbox 370 4084 1476 4154; baseline -0.01 -6"><span class='ocrx_word' id='word_1_220' title='bbox 370 4094 651 4148; x_wconf 75' lang='lat' dir='ltr'><strong>Auctorem</strong></span> <span class='ocrx_word' id='word_1_221' title='bbox 681 4089 820 4144; x_wconf 87' lang='lat' dir='ltr'><strong>scire</strong></span> <span class='ocrx_word' id='word_1_222' title='bbox 848 4086 1124 4151; x_wconf 88' lang='lat' dir='ltr'><strong>carminis,</strong></span> <span class='ocrx_word' id='word_1_223' title='bbox 1152 4094 1242 4138; x_wconf 91' lang='lat' dir='ltr'><strong>aut</strong></span> <span class='ocrx_word' id='word_1_224' title='bbox 1263 4084 1476 4154; x_wconf 87' lang='lat' dir='ltr'><strong>operis;</strong></span> 
     </span>
    </p>
   </div>
   <div class='ocr_carea' id='block_1_43' title="bbox 307 4176 1658 4251">
    <p class='ocr_par' dir='ltr' id='par_1_43' title="bbox 307 4176 1658 4251">
     <span class='ocr_line' id='line_1_43' title="bbox 307 4176 1658 4251; baseline -0.007 -11"><span class='ocrx_word' id='word_1_225' title='bbox 307 4185 432 4240; x_wconf 87' lang='lat' dir='ltr'><strong>Cum</strong></span> <span class='ocrx_word' id='word_1_226' title='bbox 463 4184 642 4247; x_wconf 88' lang='lat' dir='ltr'><strong>rediit,</strong></span> <span class='ocrx_word' id='word_1_227' title='bbox 668 4195 874 4251; x_wconf 78' lang='lat' dir='ltr'><strong>quaeso,</strong></span> <span class='ocrx_word' id='word_1_228' title='bbox 898 4179 1168 4233; x_wconf 90' lang='lat' dir='ltr'><strong>modicum</strong></span> <span class='ocrx_word' id='word_1_229' title='bbox 1185 4178 1442 4232; x_wconf 88' lang='lat' dir='ltr'><strong>subsistat</strong></span> <span class='ocrx_word' id='word_1_230' title='bbox 1463 4176 1658 4243; x_wconf 88' lang='lat' dir='ltr'><strong>eundo,</strong></span> 
     </span>
    </p>
   </div>
   <div class='ocr_carea' id='block_1_44' title="bbox 373 4269 1728 4346">
    <p class='ocr_par' dir='ltr' id='par_1_44' title="bbox 373 4269 1728 4346">
     <span class='ocr_line' id='line_1_44' title="bbox 373 4269 1728 4346; baseline -0.004 -15"><span class='ocrx_word' id='word_1_231' title='bbox 373 4277 436 4332; x_wconf 82' lang='lat' dir='ltr'><strong>Et</strong></span> <span class='ocrx_word' id='word_1_232' title='bbox 469 4276 612 4346; x_wconf 87' lang='lat' dir='ltr'><strong>legat</strong></span> <span class='ocrx_word' id='word_1_233' title='bbox 633 4275 778 4329; x_wconf 90' lang='lat' dir='ltr'><strong>hunc</strong></span> <span class='ocrx_word' id='word_1_234' title='bbox 813 4271 1049 4337; x_wconf 88' lang='lat' dir='ltr'><strong>titulum,</strong></span> <span class='ocrx_word' id='word_1_235' title='bbox 1071 4270 1161 4340; x_wconf 91' lang='lat' dir='ltr'><strong>qui</strong></span> <span class='ocrx_word' id='word_1_236' title='bbox 1189 4270 1292 4326; x_wconf 88' lang='lat' dir='ltr'><strong>sibi</strong></span> <span class='ocrx_word' id='word_1_237' title='bbox 1323 4277 1515 4326; x_wconf 90' lang='lat' dir='ltr'><strong>cuncta</strong></span> <span class='ocrx_word' id='word_1_238' title='bbox 1543 4269 1728 4326; x_wconf 88' lang='lat' dir='ltr'><strong>refert.</strong></span> 
     </span>
    </p>
   </div>
   <div class='ocr_carea' id='block_1_45' title="bbox 306 4361 1626 4436">
    <p class='ocr_par' dir='ltr' id='par_1_45' title="bbox 306 4361 1626 4436">
     <span class='ocr_line' id='line_1_45' title="bbox 306 4361 1626 4436; baseline -0.004 -12"><span class='ocrx_word' id='word_1_239' title='bbox 306 4369 652 4424; x_wconf 82' lang='lat' dir='ltr'><strong>Bernowinus</strong></span> <span class='ocrx_word' id='word_1_240' title='bbox 675 4381 776 4436; x_wconf 83' lang='lat' dir='ltr'><strong>ego</strong></span> <span class='ocrx_word' id='word_1_241' title='bbox 802 4379 927 4419; x_wconf 90' lang='lat' dir='ltr'><strong>nam</strong></span> <span class='ocrx_word' id='word_1_242' title='bbox 951 4363 1101 4418; x_wconf 92' lang='lat' dir='ltr'><strong>dicor</strong></span> <span class='ocrx_word' id='word_1_243' title='bbox 1133 4361 1467 4417; x_wconf 90' lang='lat' dir='ltr'><strong>humillimus</strong></span> <span class='ocrx_word' id='word_1_244' title='bbox 1491 4363 1626 4433; x_wconf 62' lang='lat' dir='ltr'><strong>eius</strong></span> 
     </span>
    </p>
   </div>
   <div class='ocr_carea' id='block_1_46' title="bbox 370 4451 1532 4525">
    <p class='ocr_par' dir='ltr' id='par_1_46' title="bbox 370 4451 1532 4525">
     <span class='ocr_line' id='line_1_46' title="bbox 370 4451 1532 4525; baseline -0.009 -12"><span class='ocrx_word' id='word_1_245' title='bbox 370 4458 616 4514; x_wconf 86' lang='lat' dir='ltr'><strong>Culmina</strong></span> <span class='ocrx_word' id='word_1_246' title='bbox 637 4471 757 4525; x_wconf 65' lang='lat' dir='ltr'><strong>qum</strong></span> <span class='ocrx_word' id='word_1_247' title='bbox 780 4454 904 4517; x_wconf 91' lang='lat' dir='ltr'><strong>feci,</strong></span> <span class='ocrx_word' id='word_1_248' title='bbox 930 4453 1170 4508; x_wconf 89' lang='lat' dir='ltr'><strong>carmina</strong></span> <span class='ocrx_word' id='word_1_249' title='bbox 1193 4467 1313 4521; x_wconf 73' lang='lat' dir='ltr'><strong>qua:</strong></span> <span class='ocrx_word' id='word_1_250' title='bbox 1337 4451 1532 4506; x_wconf 78' lang='lat' dir='ltr'><strong>cecini.</strong></span> 
     </span>
    </p>
   </div>
   <div class='ocr_carea' id='block_1_47' title="bbox 261 4541 1631 4619">
    <p class='ocr_par' dir='ltr' id='par_1_47' title="bbox 261 4541 1631 4619">
     <span class='ocr_line' id='line_1_47' title="bbox 261 4541 1631 4619; baseline -0.007 -15"><span class='ocrx_word' id='word_1_251' title='bbox 261 4553 269 4559; x_wconf 88' lang='lat'>&#39;</span> <span class='ocrx_word' id='word_1_252' title='bbox 307 4551 402 4619; x_wconf 88' lang='lat' dir='ltr'><strong>Qui</strong></span> <span class='ocrx_word' id='word_1_253' title='bbox 424 4551 605 4605; x_wconf 88' lang='lat' dir='ltr'><strong>veniet</strong></span> <span class='ocrx_word' id='word_1_254' title='bbox 627 4547 840 4602; x_wconf 88' lang='lat' dir='ltr'><strong>veniam</strong></span> <span class='ocrx_word' id='word_1_255' title='bbox 867 4545 1132 4600; x_wconf 91' lang='lat' dir='ltr'><strong>scelerum</strong></span> <span class='ocrx_word' id='word_1_256' title='bbox 1162 4543 1452 4612; x_wconf 90' lang='lat' dir='ltr'><strong>deposcere</strong></span> <span class='ocrx_word' id='word_1_257' title='bbox 1478 4541 1631 4607; x_wconf 83' lang='lat' dir='ltr'><strong>fletu,</strong></span> 
     </span>
    </p>
   </div>
   <div class='ocr_carea' id='block_1_48' title="bbox 369 4633 1643 4708">
    <p class='ocr_par' dir='ltr' id='par_1_48' title="bbox 369 4633 1643 4708">
     <span class='ocr_line' id='line_1_48' title="bbox 369 4633 1643 4708; baseline -0.007 -12"><span class='ocrx_word' id='word_1_258' title='bbox 369 4641 634 4696; x_wconf 84' lang='lat' dir='ltr'><strong>Transeat</strong></span> <span class='ocrx_word' id='word_1_259' title='bbox 657 4640 757 4693; x_wconf 90' lang='lat' dir='ltr'><strong>has</strong></span> <span class='ocrx_word' id='word_1_260' title='bbox 783 4645 987 4708; x_wconf 90' lang='lat' dir='ltr'><strong>portas,</strong></span> <span class='ocrx_word' id='word_1_261' title='bbox 1018 4633 1084 4689; x_wconf 91' lang='lat' dir='ltr'><strong>ad</strong></span> <span class='ocrx_word' id='word_1_262' title='bbox 1113 4635 1230 4690; x_wconf 91' lang='lat' dir='ltr'><strong>loca</strong></span> <span class='ocrx_word' id='word_1_263' title='bbox 1265 4643 1456 4689; x_wconf 89' lang='lat' dir='ltr'><strong>sancta</strong></span> <span class='ocrx_word' id='word_1_264' title='bbox 1481 4633 1643 4700; x_wconf 90' lang='lat' dir='ltr'><strong>situs,</strong></span> 
     </span>
    </p>
   </div>
   <div class='ocr_carea' id='block_1_49' title="bbox 305 4727 1511 4805">
    <p class='ocr_par' dir='ltr' id='par_1_49' title="bbox 305 4727 1511 4805">
     <span class='ocr_line' id='line_1_49' title="bbox 305 4727 1511 4805; baseline -0.007 -16"><span class='ocrx_word' id='word_1_265' title='bbox 305 4733 535 4805; x_wconf 85' lang='lat' dir='ltr'><strong>Corpore</strong></span> <span class='ocrx_word' id='word_1_266' title='bbox 563 4733 768 4788; x_wconf 86' lang='lat' dir='ltr'><strong>lllidius</strong></span> <span class='ocrx_word' id='word_1_267' title='bbox 791 4730 934 4785; x_wconf 90' lang='lat' dir='ltr'><strong>celsa</strong></span> <span class='ocrx_word' id='word_1_268' title='bbox 961 4729 1051 4799; x_wconf 88' lang='lat' dir='ltr'><strong>qui</strong></span> <span class='ocrx_word' id='word_1_269' title='bbox 1079 4737 1277 4798; x_wconf 89' lang='lat' dir='ltr'><strong>pausat</strong></span> <span class='ocrx_word' id='word_1_270' title='bbox 1301 4727 1353 4782; x_wconf 92' lang='lat' dir='ltr'><strong>in</strong></span> <span class='ocrx_word' id='word_1_271' title='bbox 1387 4727 1511 4781; x_wconf 92' lang='lat' dir='ltr'><strong>aula</strong></span> 
     </span>
    </p>
   </div>
   <div class='ocr_carea' id='block_1_50' title="bbox 372 4820 1398 4889">
    <p class='ocr_par' dir='ltr' id='par_1_50' title="bbox 372 4820 1398 4889">
     <span class='ocr_line' id='line_1_50' title="bbox 372 4820 1398 4889; baseline -0.006 -11"><span class='ocrx_word' id='word_1_272' title='bbox 372 4824 612 4878; x_wconf 80' lang='lat' dir='ltr'><strong>Eximius</strong></span> <span class='ocrx_word' id='word_1_273' title='bbox 649 4821 858 4876; x_wconf 89' lang='lat' dir='ltr'><strong>meritis</strong></span> <span class='ocrx_word' id='word_1_274' title='bbox 886 4829 941 4875; x_wconf 88' lang='lat' dir='ltr'><strong>et</strong></span> <span class='ocrx_word' id='word_1_275' title='bbox 965 4820 1166 4889; x_wconf 91' lang='lat' dir='ltr'><strong>pietate</strong></span> <span class='ocrx_word' id='word_1_276' title='bbox 1187 4828 1398 4889; x_wconf 90' lang='lat' dir='ltr'><strong>potens.</strong></span> 
     </span>
    </p>
   </div>
   <div class='ocr_carea' id='block_1_51' title="bbox 304 4909 1306 4973">
    <p class='ocr_par' dir='ltr' id='par_1_51' title="bbox 304 4909 1306 4973">
     <span class='ocr_line' id='line_1_51' title="bbox 304 4909 1306 4973; baseline -0.006 -3"><span class='ocrx_word' id='word_1_277' title='bbox 304 4913 412 4970; x_wconf 86' lang='lat' dir='ltr'><strong>Illic</strong></span> <span class='ocrx_word' id='word_1_278' title='bbox 441 4913 681 4969; x_wconf 81' lang='lat' dir='ltr'><strong>inveniet</strong></span> <span class='ocrx_word' id='word_1_279' title='bbox 705 4911 896 4966; x_wconf 89' lang='lat' dir='ltr'><strong>solatia</strong></span> <span class='ocrx_word' id='word_1_280' title='bbox 919 4919 1064 4965; x_wconf 91' lang='lat' dir='ltr'><strong>certa</strong></span> <span class='ocrx_word' id='word_1_281' title='bbox 1094 4909 1306 4973; x_wconf 88' lang='lat' dir='ltr'><strong>salutis,</strong></span> 
     </span>
    </p>
   </div>
   <div class='ocr_carea' id='block_1_52' title="bbox 371 4999 1732 5071">
    <p class='ocr_par' dir='ltr' id='par_1_52' title="bbox 371 4999 1732 5071">
     <span class='ocr_line' id='line_1_52' title="bbox 371 4999 1732 5071; baseline -0.001 -15"><span class='ocrx_word' id='word_1_282' title='bbox 371 5001 436 5056; x_wconf 84' lang='lat' dir='ltr'><strong>Et</strong></span> <span class='ocrx_word' id='word_1_283' title='bbox 463 5016 625 5071; x_wconf 88' lang='lat' dir='ltr'><strong>quam</strong></span> <span class='ocrx_word' id='word_1_284' title='bbox 649 5016 771 5056; x_wconf 87' lang='lat' dir='ltr'><strong>cum</strong></span> <span class='ocrx_word' id='word_1_285' title='bbox 795 4999 1051 5069; x_wconf 86' lang='lat' dir='ltr'><strong>lacrymis</strong></span> <span class='ocrx_word' id='word_1_286' title='bbox 1078 5008 1284 5068; x_wconf 88' lang='lat' dir='ltr'><strong>poscet,</strong></span> <span class='ocrx_word' id='word_1_287' title='bbox 1313 4999 1476 5055; x_wconf 88' lang='lat' dir='ltr'><strong>habet</strong></span> <span class='ocrx_word' id='word_1_288' title='bbox 1501 5000 1732 5056; x_wconf 89' lang='lat' dir='ltr'><strong>veniam.</strong></span> 
     </span>
    </p>
   </div>
   <div class='ocr_carea' id='block_1_53' title="bbox 890 5106 1290 5165">
    <p class='ocr_par' dir='ltr' id='par_1_53' title="bbox 890 5106 1290 5165">
     <span class='ocr_line' id='line_1_53' title="bbox 890 5106 1290 5165; baseline -0.008 0"><span class='ocrx_word' id='word_1_289' title='bbox 890 5108 1169 5165; x_wconf 78' lang='lat' dir='ltr'><strong>CARMEN</strong></span> <span class='ocrx_word' id='word_1_290' title='bbox 1206 5106 1290 5164; x_wconf 87' lang='lat' dir='ltr'><strong>lll.</strong></span> 
     </span>
    </p>
   </div>
   <div class='ocr_carea' id='block_1_54' title="bbox 754 5179 1416 5248">
    <p class='ocr_par' dir='ltr' id='par_1_54' title="bbox 754 5179 1416 5248">
     <span class='ocr_line' id='line_1_54' title="bbox 754 5179 1416 5248; baseline -0.005 -13"><span class='ocrx_word' id='word_1_291' title='bbox 754 5179 1046 5235; x_wconf 84' lang='lat' dir='ltr'><strong>Bemowini</strong></span> <span class='ocrx_word' id='word_1_292' title='bbox 1076 5180 1416 5248; x_wconf 79' lang='lat' dir='ltr'><strong>epitaphium.</strong></span> 
     </span>
    </p>
   </div>
   <div class='ocr_carea' id='block_1_55' title="bbox 887 5269 1287 5340">
    <p class='ocr_par' dir='ltr' id='par_1_55' title="bbox 887 5269 1287 5340">
     <span class='ocr_line' id='line_1_55' title="bbox 887 5269 1287 5340; baseline -0.005 -18"><span class='ocrx_word' id='word_1_293' title='bbox 887 5269 1108 5340; x_wconf 75' lang='lat' dir='ltr'><strong>(Mabill.</strong></span> <span class='ocrx_word' id='word_1_294' title='bbox 1133 5269 1287 5339; x_wconf 84' lang='lat' dir='ltr'><strong>ibid.)</strong></span> 
     </span>
    </p>
   </div>
   <div class='ocr_carea' id='block_1_56' title="bbox 306 5359 1727 5432">
    <p class='ocr_par' dir='ltr' id='par_1_56' title="bbox 306 5359 1727 5432">
     <span class='ocr_line' id='line_1_56' title="bbox 306 5359 1727 5432; baseline -0.002 -15"><span class='ocrx_word' id='word_1_295' title='bbox 306 5362 428 5418; x_wconf 70' lang='lat' dir='ltr'><strong>lla-c</strong></span> <span class='ocrx_word' id='word_1_296' title='bbox 457 5363 549 5432; x_wconf 91' lang='lat' dir='ltr'><strong>qui</strong></span> <span class='ocrx_word' id='word_1_297' title='bbox 579 5376 733 5417; x_wconf 86' lang='lat' dir='ltr'><strong>sacra</strong></span> <span class='ocrx_word' id='word_1_298' title='bbox 765 5362 903 5431; x_wconf 88' lang='lat' dir='ltr'><strong>petis</strong></span> <span class='ocrx_word' id='word_1_299' title='bbox 927 5361 1222 5415; x_wconf 88' lang='lat' dir='ltr'><strong>venerandi</strong></span> <span class='ocrx_word' id='word_1_300' title='bbox 1252 5359 1486 5416; x_wconf 89' lang='lat' dir='ltr'><strong>culmina</strong></span> <span class='ocrx_word' id='word_1_301' title='bbox 1517 5359 1727 5431; x_wconf 89' lang='lat' dir='ltr'><strong>templi,</strong></span> 
     </span>
    </p>
   </div>
   <div class='ocr_carea' id='block_1_57' title="bbox 374 5451 1451 5520">
    <p class='ocr_par' dir='ltr' id='par_1_57' title="bbox 374 5451 1451 5520">
     <span class='ocr_line' id='line_1_57' title="bbox 374 5451 1451 5520; baseline -0.001 -15"><span class='ocrx_word' id='word_1_302' title='bbox 374 5452 612 5506; x_wconf 75' lang='lat' dir='ltr'><strong>Eximios</strong></span> <span class='ocrx_word' id='word_1_303' title='bbox 634 5451 806 5506; x_wconf 84' lang='lat' dir='ltr'><strong>cultos</strong></span> <span class='ocrx_word' id='word_1_304' title='bbox 830 5467 949 5520; x_wconf 62' lang='lat' dir='ltr'><strong>quae</strong></span> <span class='ocrx_word' id='word_1_305' title='bbox 976 5451 1194 5520; x_wconf 89' lang='lat' dir='ltr'><strong>pietatis</strong></span> <span class='ocrx_word' id='word_1_306' title='bbox 1219 5451 1451 5517; x_wconf 88' lang='lat' dir='ltr'><strong>habent;</strong></span> 
     </span>
    </p>
   </div>
   <div class='ocr_carea' id='block_1_58' title="bbox 306 5534 1648 5610">
    <p class='ocr_par' dir='ltr' id='par_1_58' title="bbox 306 5534 1648 5610">
     <span class='ocr_line' id='line_1_58' title="bbox 306 5534 1648 5610; baseline 0.002 -17"><span class='ocrx_word' id='word_1_307' title='bbox 306 5534 416 5594; x_wconf 72' lang='lat' dir='ltr'><strong>Hoc</strong></span> <span class='ocrx_word' id='word_1_308' title='bbox 448 5539 653 5610; x_wconf 81' lang='lat' dir='ltr'><strong>relegas</strong></span> <span class='ocrx_word' id='word_1_309' title='bbox 675 5555 895 5594; x_wconf 90' lang='lat' dir='ltr'><strong>carmen</strong></span> <span class='ocrx_word' id='word_1_310' title='bbox 925 5540 1095 5596; x_wconf 88' lang='lat' dir='ltr'><strong>nostri</strong></span> <span class='ocrx_word' id='word_1_311' title='bbox 1131 5540 1442 5596; x_wconf 89' lang='lat' dir='ltr'><strong>miserabile</strong></span> <span class='ocrx_word' id='word_1_312' title='bbox 1467 5557 1648 5607; x_wconf 89' lang='lat' dir='ltr'><strong>casus,</strong></span> 
     </span>
    </p>
   </div>
   <div class='ocr_carea' id='block_1_59' title="bbox 381 5629 1502 5701">
    <p class='ocr_par' dir='ltr' id='par_1_59' title="bbox 381 5629 1502 5701">
     <span class='ocr_line' id='line_1_59' title="bbox 381 5629 1502 5701; baseline 0 -16"><span class='ocrx_word' id='word_1_313' title='bbox 381 5629 579 5685; x_wconf 82' lang='lat' dir='ltr'><strong>Ultima</strong></span> <span class='ocrx_word' id='word_1_314' title='bbox 609 5646 770 5701; x_wconf 88' lang='lat' dir='ltr'><strong>quem</strong></span> <span class='ocrx_word' id='word_1_315' title='bbox 797 5631 920 5685; x_wconf 66' lang='lat' dir='ltr'><strong>vitm</strong></span> <span class='ocrx_word' id='word_1_316' title='bbox 945 5631 1173 5686; x_wconf 88' lang='lat' dir='ltr'><strong>contulit</strong></span> <span class='ocrx_word' id='word_1_317' title='bbox 1195 5631 1328 5686; x_wconf 90' lang='lat' dir='ltr'><strong>hora</strong></span> <span class='ocrx_word' id='word_1_318' title='bbox 1352 5631 1502 5686; x_wconf 91' lang='lat' dir='ltr'><strong>mihi.</strong></span> 
     </span>
    </p>
   </div>
   <div class='ocr_carea' id='block_1_60' title="bbox 317 5721 1635 5793">
    <p class='ocr_par' dir='ltr' id='par_1_60' title="bbox 317 5721 1635 5793">
     <span class='ocr_line' id='line_1_60' title="bbox 317 5721 1635 5793; baseline 0.005 -18"><span class='ocrx_word' id='word_1_319' title='bbox 317 5721 472 5777; x_wconf 81' lang='lat' dir='ltr'><strong>Dives</strong></span> <span class='ocrx_word' id='word_1_320' title='bbox 503 5737 650 5777; x_wconf 86' lang='lat' dir='ltr'><strong>eram</strong></span> <span class='ocrx_word' id='word_1_321' title='bbox 675 5723 964 5793; x_wconf 83' lang='lat' dir='ltr'><strong>quondam,</strong></span> <span class='ocrx_word' id='word_1_322' title='bbox 995 5723 1102 5779; x_wconf 89' lang='lat' dir='ltr'><strong>lato</strong></span> <span class='ocrx_word' id='word_1_323' title='bbox 1133 5723 1369 5781; x_wconf 87' lang='lat' dir='ltr'><strong>famosus</strong></span> <span class='ocrx_word' id='word_1_324' title='bbox 1395 5724 1446 5780; x_wconf 90' lang='lat' dir='ltr'><strong>iu</strong></span> <span class='ocrx_word' id='word_1_325' title='bbox 1481 5725 1635 5791; x_wconf 85' lang='lat' dir='ltr'><strong>orbe,</strong></span> 
     </span>
    </p>
   </div>
   <div class='ocr_carea' id='block_1_61' title="bbox 1845 4935 1959 5018">
    <p class='ocr_par' dir='ltr' id='par_1_61' title="bbox 1845 4935 1959 5018">
     <span class='ocr_line' id='line_1_61' title="bbox 1845 4935 1959 5018; baseline 0 0"><span class='ocrx_word' id='word_1_326' title='bbox 1845 4935 1848 4940; x_wconf 81' lang='grc'><em>’</em></span> <span class='ocrx_word' id='word_1_327' title='bbox 1904 4959 1959 5018; x_wconf 87' lang='grc'><strong>1)</strong></span> 
     </span>
    </p>
   </div>
   <div class='ocr_carea' id='block_1_62' title="bbox 1907 905 3181 979">
    <p class='ocr_par' dir='ltr' id='par_1_62' title="bbox 1907 905 3181 979">
     <span class='ocr_line' id='line_1_62' title="bbox 1907 905 3181 979; baseline 0 -16"><span class='ocrx_word' id='word_1_328' title='bbox 1907 916 1962 978; x_wconf 77' lang='grc' dir='ltr'><strong>Α</strong></span> <span class='ocrx_word' id='word_1_329' title='bbox 2055 906 2396 976; x_wconf 90' lang='lat' dir='ltr'><strong>Principibus</strong></span> <span class='ocrx_word' id='word_1_330' title='bbox 2422 907 2592 962; x_wconf 88' lang='lat' dir='ltr'><strong>multo</strong></span> <span class='ocrx_word' id='word_1_331' title='bbox 2615 905 2815 962; x_wconf 80' lang='lat' dir='ltr'><strong>charus</strong></span> <span class='ocrx_word' id='word_1_332' title='bbox 2845 922 3031 963; x_wconf 87' lang='lat' dir='ltr'><strong>amore</strong></span> <span class='ocrx_word' id='word_1_333' title='bbox 3054 906 3181 979; x_wconf 87' lang='lat' dir='ltr'><strong>piis.</strong></span> 
     </span>
    </p>
   </div>
   <div class='ocr_carea' id='block_1_63' title="bbox 1977 998 3182 1070">
    <p class='ocr_par' dir='ltr' id='par_1_63' title="bbox 1977 998 3182 1070">
     <span class='ocr_line' id='line_1_63' title="bbox 1977 998 3182 1070; baseline 0.002 -16"><span class='ocrx_word' id='word_1_334' title='bbox 1977 998 2159 1055; x_wconf 86' lang='lat' dir='ltr'><strong>Gloria</strong></span> <span class='ocrx_word' id='word_1_335' title='bbox 2188 1014 2276 1054; x_wconf 92' lang='lat' dir='ltr'><strong>me</strong></span> <span class='ocrx_word' id='word_1_336' title='bbox 2305 1015 2485 1054; x_wconf 89' lang='lat' dir='ltr'><strong>rerum</strong></span> <span class='ocrx_word' id='word_1_337' title='bbox 2508 1013 2662 1070; x_wconf 89' lang='lat' dir='ltr'><strong>mage</strong></span> <span class='ocrx_word' id='word_1_338' title='bbox 2685 998 2957 1055; x_wconf 89' lang='lat' dir='ltr'><strong>referebat</strong></span> <span class='ocrx_word' id='word_1_339' title='bbox 2979 1001 3182 1070; x_wconf 81' lang='lat' dir='ltr'><strong>Opima,</strong></span> 
     </span>
    </p>
   </div>
   <div class='ocr_carea' id='block_1_64' title="bbox 2049 1089 3030 1160">
    <p class='ocr_par' dir='ltr' id='par_1_64' title="bbox 2049 1089 3030 1160">
     <span class='ocr_line' id='line_1_64' title="bbox 2049 1089 3030 1160; baseline -0.002 -14"><span class='ocrx_word' id='word_1_340' title='bbox 2049 1089 2154 1146; x_wconf 90' lang='lat' dir='ltr'><strong>Sed</strong></span> <span class='ocrx_word' id='word_1_341' title='bbox 2178 1105 2361 1160; x_wconf 82' lang='lat' dir='ltr'><strong>regum</strong></span> <span class='ocrx_word' id='word_1_342' title='bbox 2383 1089 2541 1145; x_wconf 91' lang='lat' dir='ltr'><strong>solita</strong></span> <span class='ocrx_word' id='word_1_343' title='bbox 2573 1089 2748 1158; x_wconf 92' lang='lat' dir='ltr'><strong>pluris</strong></span> <span class='ocrx_word' id='word_1_344' title='bbox 2770 1091 3030 1145; x_wconf 90' lang='lat' dir='ltr'><strong>amicitia.</strong></span> 
     </span>
    </p>
   </div>
   <div class='ocr_carea' id='block_1_65' title="bbox 1976 1182 3240 1253">
    <p class='ocr_par' dir='ltr' id='par_1_65' title="bbox 1976 1182 3240 1253">
     <span class='ocr_line' id='line_1_65' title="bbox 1976 1182 3240 1253; baseline 0.002 -15"><span class='ocrx_word' id='word_1_345' title='bbox 1976 1183 2270 1253; x_wconf 83' lang='lat' dir='ltr'><strong>Propterea</strong></span> <span class='ocrx_word' id='word_1_346' title='bbox 2301 1182 2481 1252; x_wconf 91' lang='lat' dir='ltr'><strong>populi</strong></span> <span class='ocrx_word' id='word_1_347' title='bbox 2507 1183 2657 1253; x_wconf 83' lang='lat' dir='ltr'><strong>largo</strong></span> <span class='ocrx_word' id='word_1_348' title='bbox 2690 1185 2990 1238; x_wconf 87' lang='lat' dir='ltr'><strong>venerabar</strong></span> <span class='ocrx_word' id='word_1_349' title='bbox 3012 1186 3240 1251; x_wconf 86' lang='lat' dir='ltr'><strong>honore,</strong></span> 
     </span>
    </p>
   </div>
   <div class='ocr_carea' id='block_1_66' title="bbox 2047 1272 3200 1344">
    <p class='ocr_par' dir='ltr' id='par_1_66' title="bbox 2047 1272 3200 1344">
     <span class='ocr_line' id='line_1_66' title="bbox 2047 1272 3200 1344; baseline 0.002 -16"><span class='ocrx_word' id='word_1_350' title='bbox 2047 1273 2358 1328; x_wconf 80' lang='lat' dir='ltr'><strong>Muneribus</strong></span> <span class='ocrx_word' id='word_1_351' title='bbox 2379 1273 2562 1327; x_wconf 90' lang='lat' dir='ltr'><strong>nimiis</strong></span> <span class='ocrx_word' id='word_1_352' title='bbox 2591 1281 2751 1343; x_wconf 88' lang='lat' dir='ltr'><strong>atque</strong></span> <span class='ocrx_word' id='word_1_353' title='bbox 2785 1272 2968 1327; x_wconf 86' lang='lat' dir='ltr'><strong>favore</strong></span> <span class='ocrx_word' id='word_1_354' title='bbox 2997 1278 3200 1344; x_wconf 88' lang='lat' dir='ltr'><strong>precis.</strong></span> 
     </span>
    </p>
   </div>
   <div class='ocr_carea' id='block_1_67' title="bbox 1978 1365 3252 1437">
    <p class='ocr_par' dir='ltr' id='par_1_67' title="bbox 1978 1365 3252 1437">
     <span class='ocr_line' id='line_1_67' title="bbox 1978 1365 3252 1437; baseline 0.002 -14"><span class='ocrx_word' id='word_1_355' title='bbox 1978 1365 2082 1423; x_wconf 84' lang='lat' dir='ltr'><strong>Sed</strong></span> <span class='ocrx_word' id='word_1_356' title='bbox 2105 1368 2282 1422; x_wconf 89' lang='lat' dir='ltr'><strong>subita</strong></span> <span class='ocrx_word' id='word_1_357' title='bbox 2301 1376 2521 1437; x_wconf 90' lang='lat' dir='ltr'><strong>ereptus</strong></span> <span class='ocrx_word' id='word_1_358' title='bbox 2542 1375 2693 1422; x_wconf 89' lang='lat' dir='ltr'><strong>tanto</strong></span> <span class='ocrx_word' id='word_1_359' title='bbox 2718 1367 2784 1421; x_wconf 88' lang='lat' dir='ltr'><strong>de</strong></span> <span class='ocrx_word' id='word_1_360' title='bbox 2817 1367 3052 1422; x_wconf 90' lang='lat' dir='ltr'><strong>culmine</strong></span> <span class='ocrx_word' id='word_1_361' title='bbox 3075 1379 3252 1437; x_wconf 89' lang='lat' dir='ltr'><strong>sorte,</strong></span> 
     </span>
    </p>
   </div>
   <div class='ocr_carea' id='block_1_68' title="bbox 2046 1457 3114 1529">
    <p class='ocr_par' dir='ltr' id='par_1_68' title="bbox 2046 1457 3114 1529">
     <span class='ocr_line' id='line_1_68' title="bbox 2046 1457 3114 1529; baseline 0.002 -17"><span class='ocrx_word' id='word_1_362' title='bbox 2046 1458 2273 1529; x_wconf 80' lang='lat' dir='ltr'><strong>Augusti</strong></span> <span class='ocrx_word' id='word_1_363' title='bbox 2305 1457 2521 1527; x_wconf 89' lang='lat' dir='ltr'><strong>requies</strong></span> <span class='ocrx_word' id='word_1_364' title='bbox 2559 1472 2644 1512; x_wconf 91' lang='lat' dir='ltr'><strong>me</strong></span> <span class='ocrx_word' id='word_1_365' title='bbox 2678 1465 2825 1513; x_wconf 86' lang='lat' dir='ltr'><strong>tenet</strong></span> <span class='ocrx_word' id='word_1_366' title='bbox 2851 1458 2954 1514; x_wconf 89' lang='lat' dir='ltr'><strong>ista</strong></span> <span class='ocrx_word' id='word_1_367' title='bbox 2989 1459 3114 1514; x_wconf 91' lang='lat' dir='ltr'><strong>loci.</strong></span> 
     </span>
    </p>
   </div>
   <div class='ocr_carea' id='block_1_69' title="bbox 1976 1545 3352 1626">
    <p class='ocr_par' dir='ltr' id='par_1_69' title="bbox 1976 1545 3352 1626">
     <span class='ocr_line' id='line_1_69' title="bbox 1976 1545 3352 1626; baseline 0.005 -23"><span class='ocrx_word' id='word_1_368' title='bbox 1976 1545 2106 1604; x_wconf 68' lang='lat' dir='ltr'><strong>Rrec</strong></span> <span class='ocrx_word' id='word_1_369' title='bbox 2135 1548 2232 1604; x_wconf 90' lang='lat' dir='ltr'><strong>tibi</strong></span> <span class='ocrx_word' id='word_1_370' title='bbox 2264 1548 2397 1603; x_wconf 86' lang='lat' dir='ltr'><strong>dant</strong></span> <span class='ocrx_word' id='word_1_371' title='bbox 2416 1554 2639 1612; x_wconf 68' lang='lat' dir='ltr'><strong>nostrae,</strong></span> <span class='ocrx_word' id='word_1_372' title='bbox 2671 1546 2863 1614; x_wconf 89' lang='lat' dir='ltr'><strong>lector,</strong></span> <span class='ocrx_word' id='word_1_373' title='bbox 2889 1551 3135 1620; x_wconf 84' lang='lat' dir='ltr'><strong>exempla</strong></span> <span class='ocrx_word' id='word_1_374' title='bbox 3164 1551 3352 1626; x_wconf 75' lang='lat' dir='ltr'><strong>figam</strong></span> 
     </span>
    </p>
   </div>
   <div class='ocr_carea' id='block_1_70' title="bbox 2047 1636 3115 1709">
    <p class='ocr_par' dir='ltr' id='par_1_70' title="bbox 2047 1636 3115 1709">
     <span class='ocr_line' id='line_1_70' title="bbox 2047 1636 3115 1709; baseline 0.003 -17"><span class='ocrx_word' id='word_1_375' title='bbox 2047 1637 2238 1694; x_wconf 89' lang='lat' dir='ltr'><strong>Totius</strong></span> <span class='ocrx_word' id='word_1_376' title='bbox 2262 1636 2367 1693; x_wconf 90' lang='lat' dir='ltr'><strong>hoc</strong></span> <span class='ocrx_word' id='word_1_377' title='bbox 2386 1638 2514 1692; x_wconf 64' lang='lat' dir='ltr'><strong>vitae</strong></span> <span class='ocrx_word' id='word_1_378' title='bbox 2538 1652 2646 1708; x_wconf 90' lang='lat' dir='ltr'><strong>quo</strong></span> <span class='ocrx_word' id='word_1_379' title='bbox 2674 1637 2941 1709; x_wconf 89' lang='lat' dir='ltr'><strong>gradiaris</strong></span> <span class='ocrx_word' id='word_1_380' title='bbox 2964 1641 3070 1695; x_wconf 93' lang='lat' dir='ltr'><strong>iter</strong></span> <span class='ocrx_word' id='word_1_381' title='bbox 3101 1660 3115 1695; x_wconf 90' lang='lat'>:</span> 
     </span>
    </p>
   </div>
   <div class='ocr_carea' id='block_1_71' title="bbox 1978 1726 3306 1802">
    <p class='ocr_par' dir='ltr' id='par_1_71' title="bbox 1978 1726 3306 1802">
     <span class='ocr_line' id='line_1_71' title="bbox 1978 1726 3306 1802; baseline 0.005 -20"><span class='ocrx_word' id='word_1_382' title='bbox 1978 1726 2096 1796; x_wconf 90' lang='lat' dir='ltr'><strong>Quo</strong></span> <span class='ocrx_word' id='word_1_383' title='bbox 2121 1743 2224 1784; x_wconf 91' lang='lat' dir='ltr'><strong>nec</strong></span> <span class='ocrx_word' id='word_1_384' title='bbox 2250 1728 2484 1794; x_wconf 87' lang='lat' dir='ltr'><strong>divitias,</strong></span> <span class='ocrx_word' id='word_1_385' title='bbox 2517 1743 2616 1784; x_wconf 90' lang='lat' dir='ltr'><strong>nec</strong></span> <span class='ocrx_word' id='word_1_386' title='bbox 2645 1729 2822 1799; x_wconf 88' lang='lat' dir='ltr'><strong>turpia</strong></span> <span class='ocrx_word' id='word_1_387' title='bbox 2863 1729 3013 1786; x_wconf 90' lang='lat' dir='ltr'><strong>lucra</strong></span> <span class='ocrx_word' id='word_1_388' title='bbox 3036 1733 3306 1802; x_wconf 86' lang='lat' dir='ltr'><strong>sequaris,</strong></span> 
     </span>
    </p>
   </div>
   <div class='ocr_carea' id='block_1_72' title="bbox 2049 1819 3212 1892">
    <p class='ocr_par' dir='ltr' id='par_1_72' title="bbox 2049 1819 3212 1892">
     <span class='ocr_line' id='line_1_72' title="bbox 2049 1819 3212 1892; baseline 0.003 -17"><span class='ocrx_word' id='word_1_389' title='bbox 2049 1820 2162 1875; x_wconf 83' lang='lat' dir='ltr'><strong>Nec</strong></span> <span class='ocrx_word' id='word_1_390' title='bbox 2187 1819 2458 1890; x_wconf 89' lang='lat' dir='ltr'><strong>periturus</strong></span> <span class='ocrx_word' id='word_1_391' title='bbox 2481 1836 2576 1876; x_wconf 89' lang='lat' dir='ltr'><strong>eas</strong></span> <span class='ocrx_word' id='word_1_392' title='bbox 2609 1837 2753 1876; x_wconf 62' lang='lat' dir='ltr'><strong>caeca</strong></span> <span class='ocrx_word' id='word_1_393' title='bbox 2783 1821 2981 1876; x_wconf 90' lang='lat' dir='ltr'><strong>talenta</strong></span> <span class='ocrx_word' id='word_1_394' title='bbox 3004 1832 3212 1892; x_wconf 88' lang='lat' dir='ltr'><strong>petens.</strong></span> 
     </span>
    </p>
   </div>
   <div class='ocr_carea' id='block_1_73' title="bbox 1977 1911 3458 1983">
    <p class='ocr_par' dir='ltr' id='par_1_73' title="bbox 1977 1911 3458 1983">
     <span class='ocr_line' id='line_1_73' title="bbox 1977 1911 3458 1983; baseline 0.004 -18"><span class='ocrx_word' id='word_1_395' title='bbox 1977 1911 2111 1979; x_wconf 63' lang='lat' dir='ltr'><strong>Quae</strong></span> <span class='ocrx_word' id='word_1_396' title='bbox 2139 1911 2264 1965; x_wconf 90' lang='lat' dir='ltr'><strong>dum</strong></span> <span class='ocrx_word' id='word_1_397' title='bbox 2296 1917 2584 1964; x_wconf 84' lang='lat' dir='ltr'><strong>servantur</strong></span> <span class='ocrx_word' id='word_1_398' title='bbox 2604 1911 2844 1965; x_wconf 88' lang='lat' dir='ltr'><strong>tenebris</strong></span> <span class='ocrx_word' id='word_1_399' title='bbox 2870 1911 3124 1967; x_wconf 87' lang='lat' dir='ltr'><strong>immersa</strong></span> <span class='ocrx_word' id='word_1_400' title='bbox 3149 1914 3458 1983; x_wconf 84' lang='lat' dir='ltr'><strong>profundis,</strong></span> 
     </span>
    </p>
   </div>
   <div class='ocr_carea' id='block_1_74' title="bbox 2046 1999 3266 2057">
    <p class='ocr_par' dir='ltr' id='par_1_74' title="bbox 2046 1999 3266 2057">
     <span class='ocr_line' id='line_1_74' title="bbox 2046 1999 3266 2057; baseline 0.001 -1"><span class='ocrx_word' id='word_1_401' title='bbox 2046 2001 2105 2056; x_wconf 84' lang='lat' dir='ltr'><strong>In</strong></span> <span class='ocrx_word' id='word_1_402' title='bbox 2132 2002 2415 2056; x_wconf 83' lang='lat' dir='ltr'><strong>baratrum</strong></span> <span class='ocrx_word' id='word_1_403' title='bbox 2442 1999 2840 2055; x_wconf 84' lang='lat' dir='ltr'><strong>mittuntantra</strong></span> <span class='ocrx_word' id='word_1_404' title='bbox 2872 2011 3082 2056; x_wconf 87' lang='lat' dir='ltr'><strong>sacrata</strong></span> <span class='ocrx_word' id='word_1_405' title='bbox 3120 2019 3266 2057; x_wconf 87' lang='lat' dir='ltr'><strong>suos.</strong></span> 
     </span>
    </p>
   </div>
   <div class='ocr_carea' id='block_1_75' title="bbox 1976 2091 3235 2161">
    <p class='ocr_par' dir='ltr' id='par_1_75' title="bbox 1976 2091 3235 2161">
     <span class='ocr_line' id='line_1_75' title="bbox 1976 2091 3235 2161; baseline 0 -14"><span class='ocrx_word' id='word_1_406' title='bbox 1976 2092 2115 2161; x_wconf 91' lang='lat' dir='ltr'><strong>Quid</strong></span> <span class='ocrx_word' id='word_1_407' title='bbox 2143 2091 2389 2146; x_wconf 89' lang='lat' dir='ltr'><strong>delicatis</strong></span> <span class='ocrx_word' id='word_1_408' title='bbox 2416 2092 2638 2159; x_wconf 90' lang='lat' dir='ltr'><strong>prodest</strong></span> <span class='ocrx_word' id='word_1_409' title='bbox 2659 2107 2976 2147; x_wconf 90' lang='lat' dir='ltr'><strong>assuescere</strong></span> <span class='ocrx_word' id='word_1_410' title='bbox 3001 2094 3235 2148; x_wconf 87' lang='lat' dir='ltr'><strong>mensis?</strong></span> 
     </span>
    </p>
   </div>
   <div class='ocr_carea' id='block_1_76' title="bbox 2046 2181 3191 2252">
    <p class='ocr_par' dir='ltr' id='par_1_76' title="bbox 2046 2181 3191 2252">
     <span class='ocr_line' id='line_1_76' title="bbox 2046 2181 3191 2252; baseline 0.002 -16"><span class='ocrx_word' id='word_1_411' title='bbox 2046 2181 2253 2250; x_wconf 87' lang='lat' dir='ltr'><strong>Quidve</strong></span> <span class='ocrx_word' id='word_1_412' title='bbox 2279 2182 2526 2237; x_wconf 87' lang='lat' dir='ltr'><strong>laborata</strong></span> <span class='ocrx_word' id='word_1_413' title='bbox 2553 2198 2789 2252; x_wconf 90' lang='lat' dir='ltr'><strong>purpura</strong></span> <span class='ocrx_word' id='word_1_414' title='bbox 2820 2184 2888 2236; x_wconf 90' lang='lat' dir='ltr'><strong>ah</strong></span> <span class='ocrx_word' id='word_1_415' title='bbox 2917 2193 3033 2238; x_wconf 88' lang='lat' dir='ltr'><strong>arte</strong></span> <span class='ocrx_word' id='word_1_416' title='bbox 3059 2185 3191 2238; x_wconf 86' lang='lat' dir='ltr'><strong>tibi?</strong></span> 
     </span>
    </p>
   </div>
   <div class='ocr_carea' id='block_1_77' title="bbox 2045 2365 3246 2435">
    <p class='ocr_par' dir='ltr' id='par_1_77' title="bbox 2045 2365 3246 2435">
     <span class='ocr_line' id='line_1_77' title="bbox 2045 2365 3246 2435; baseline 0.002 -16"><span class='ocrx_word' id='word_1_417' title='bbox 2045 2365 2248 2421; x_wconf 76' lang='lat' dir='ltr'><strong>Adfore</strong></span> <span class='ocrx_word' id='word_1_418' title='bbox 2269 2380 2390 2422; x_wconf 83' lang='lat' dir='ltr'><strong>mox</strong></span> <span class='ocrx_word' id='word_1_419' title='bbox 2415 2365 2591 2435; x_wconf 87' lang='lat' dir='ltr'><strong>pulvis</strong></span> <span class='ocrx_word' id='word_1_420' title='bbox 2610 2367 2890 2421; x_wconf 88' lang='lat' dir='ltr'><strong>vermibus</strong></span> <span class='ocrx_word' id='word_1_421' title='bbox 2913 2383 3036 2422; x_wconf 87' lang='lat' dir='ltr'><strong>esca</strong></span> <span class='ocrx_word' id='word_1_422' title='bbox 3065 2368 3246 2422; x_wconf 90' lang='lat' dir='ltr'><strong>simul.</strong></span> 
     </span>
    </p>
   </div>
   <div class='ocr_carea' id='block_1_78' title="bbox 1977 2455 3464 2532">
    <p class='ocr_par' dir='ltr' id='par_1_78' title="bbox 1977 2455 3464 2532">
     <span class='ocr_line' id='line_1_78' title="bbox 1977 2455 3464 2532; baseline 0.002 -19"><span class='ocrx_word' id='word_1_423' title='bbox 1977 2455 2081 2513; x_wconf 86' lang='lat' dir='ltr'><strong>Sed</strong></span> <span class='ocrx_word' id='word_1_424' title='bbox 2100 2457 2212 2527; x_wconf 92' lang='lat' dir='ltr'><strong>jam</strong></span> <span class='ocrx_word' id='word_1_425' title='bbox 2236 2472 2401 2526; x_wconf 90' lang='lat' dir='ltr'><strong>posco</strong></span> <span class='ocrx_word' id='word_1_426' title='bbox 2424 2458 2598 2513; x_wconf 90' lang='lat' dir='ltr'><strong>vicem</strong></span> <span class='ocrx_word' id='word_1_427' title='bbox 2628 2458 2821 2513; x_wconf 87' lang='lat' dir='ltr'><strong>reddas</strong></span> <span class='ocrx_word' id='word_1_428' title='bbox 2842 2459 2973 2512; x_wconf 90' lang='lat' dir='ltr'><strong>mihi</strong></span> <span class='ocrx_word' id='word_1_429' title='bbox 2998 2461 3261 2515; x_wconf 89' lang='lat' dir='ltr'><strong>carminis</strong></span> <span class='ocrx_word' id='word_1_430' title='bbox 3280 2458 3464 2532; x_wconf 81' lang='lat' dir='ltr'><strong>hujus,</strong></span> 
     </span>
    </p>
   </div>
   <div class='ocr_carea' id='block_1_79' title="bbox 2045 2546 3070 2618">
    <p class='ocr_par' dir='ltr' id='par_1_79' title="bbox 2045 2546 3070 2618">
     <span class='ocr_line' id='line_1_79' title="bbox 2045 2546 3070 2618; baseline 0.001 -16"><span class='ocrx_word' id='word_1_431' title='bbox 2045 2546 2222 2618; x_wconf 82' lang='lat' dir='ltr'><strong>Atque</strong></span> <span class='ocrx_word' id='word_1_432' title='bbox 2250 2548 2392 2603; x_wconf 90' lang='lat' dir='ltr'><strong>illius</strong></span> <span class='ocrx_word' id='word_1_433' title='bbox 2413 2548 2500 2602; x_wconf 91' lang='lat' dir='ltr'><strong>dic</strong></span> <span class='ocrx_word' id='word_1_434' title='bbox 2532 2557 2587 2602; x_wconf 89' lang='lat' dir='ltr'><strong>tu</strong></span> <span class='ocrx_word' id='word_1_435' title='bbox 2614 2549 2876 2604; x_wconf 89' lang='lat' dir='ltr'><strong>miserere</strong></span> <span class='ocrx_word' id='word_1_436' title='bbox 2908 2550 3070 2605; x_wconf 86' lang='lat' dir='ltr'><strong>Deus.</strong></span> 
     </span>
    </p>
   </div>
   <div class='ocr_carea' id='block_1_80' title="bbox 1975 2636 3421 2708">
    <p class='ocr_par' dir='ltr' id='par_1_80' title="bbox 1975 2636 3421 2708">
     <span class='ocr_line' id='line_1_80' title="bbox 1975 2636 3421 2708; baseline 0.003 -16"><span class='ocrx_word' id='word_1_437' title='bbox 1975 2636 2130 2693; x_wconf 85' lang='lat' dir='ltr'><strong>Hunc</strong></span> <span class='ocrx_word' id='word_1_438' title='bbox 2161 2638 2396 2693; x_wconf 91' lang='lat' dir='ltr'><strong>concede</strong></span> <span class='ocrx_word' id='word_1_439' title='bbox 2416 2639 2549 2693; x_wconf 90' lang='lat' dir='ltr'><strong>mihi</strong></span> <span class='ocrx_word' id='word_1_440' title='bbox 2583 2641 2828 2708; x_wconf 90' lang='lat' dir='ltr'><strong>quisquis</strong></span> <span class='ocrx_word' id='word_1_441' title='bbox 2859 2640 3105 2695; x_wconf 87' lang='lat' dir='ltr'><strong>succedis</strong></span> <span class='ocrx_word' id='word_1_442' title='bbox 3133 2641 3421 2708; x_wconf 88' lang='lat' dir='ltr'><strong>honorem,</strong></span> 
     </span>
    </p>
   </div>
   <div class='ocr_carea' id='block_1_81' title="bbox 2047 2725 3200 2797">
    <p class='ocr_par' dir='ltr' id='par_1_81' title="bbox 2047 2725 3200 2797">
     <span class='ocr_line' id='line_1_81' title="bbox 2047 2725 3200 2797; baseline 0.005 -18"><span class='ocrx_word' id='word_1_443' title='bbox 2047 2725 2246 2781; x_wconf 84' lang='lat' dir='ltr'><strong>Nostro</strong></span> <span class='ocrx_word' id='word_1_444' title='bbox 2268 2726 2490 2795; x_wconf 91' lang='lat' dir='ltr'><strong>deposui</strong></span> <span class='ocrx_word' id='word_1_445' title='bbox 2525 2727 2616 2797; x_wconf 90' lang='lat' dir='ltr'><strong>qui</strong></span> <span class='ocrx_word' id='word_1_446' title='bbox 2640 2743 2758 2782; x_wconf 91' lang='lat' dir='ltr'><strong>mea</strong></span> <span class='ocrx_word' id='word_1_447' title='bbox 2787 2730 3027 2783; x_wconf 82' lang='lat' dir='ltr'><strong>membra</strong></span> <span class='ocrx_word' id='word_1_448' title='bbox 3060 2730 3200 2785; x_wconf 92' lang='lat' dir='ltr'><strong>loco.</strong></span> 
     </span>
    </p>
   </div>
   <div class='ocr_carea' id='block_1_82' title="bbox 1975 2815 3458 2888">
    <p class='ocr_par' dir='ltr' id='par_1_82' title="bbox 1975 2815 3458 2888">
     <span class='ocr_line' id='line_1_82' title="bbox 1975 2815 3458 2888; baseline 0.005 -16"><span class='ocrx_word' id='word_1_449' title='bbox 1975 2815 2145 2884; x_wconf 86' lang='lat' dir='ltr'><strong>Quem</strong></span> <span class='ocrx_word' id='word_1_450' title='bbox 2168 2827 2291 2888; x_wconf 90' lang='lat' dir='ltr'><strong>peto</strong></span> <span class='ocrx_word' id='word_1_451' title='bbox 2317 2817 2459 2872; x_wconf 92' lang='lat' dir='ltr'><strong>nulla</strong></span> <span class='ocrx_word' id='word_1_452' title='bbox 2497 2834 2692 2874; x_wconf 89' lang='lat' dir='ltr'><strong>manus</strong></span> <span class='ocrx_word' id='word_1_453' title='bbox 2720 2820 2908 2884; x_wconf 83' lang='lat' dir='ltr'><strong>violet,</strong></span> <span class='ocrx_word' id='word_1_454' title='bbox 2935 2822 3062 2874; x_wconf 90' lang='lat' dir='ltr'><strong>dum</strong></span> <span class='ocrx_word' id='word_1_455' title='bbox 3087 2822 3229 2876; x_wconf 90' lang='lat' dir='ltr'><strong>dicat</strong></span> <span class='ocrx_word' id='word_1_456' title='bbox 3251 2822 3320 2877; x_wconf 89' lang='lat' dir='ltr'><strong>ab</strong></span> <span class='ocrx_word' id='word_1_457' title='bbox 3347 2822 3458 2880; x_wconf 90' lang='lat' dir='ltr'><strong>alto</strong></span> 
     </span>
    </p>
   </div>
   <div class='ocr_carea' id='block_1_83' title="bbox 2049 2907 3379 2983">
    <p class='ocr_par' dir='ltr' id='par_1_83' title="bbox 2049 2907 3379 2983">
     <span class='ocr_line' id='line_1_83' title="bbox 2049 2907 3379 2983; baseline 0.002 -20"><span class='ocrx_word' id='word_1_458' title='bbox 2049 2907 2404 2978; x_wconf 89' lang='lat' dir='ltr'><strong>Omnipotens</strong></span> <span class='ocrx_word' id='word_1_459' title='bbox 2431 2924 2446 2962; x_wconf 87' lang='lat'><strong>:</strong></span> <span class='ocrx_word' id='word_1_460' title='bbox 2481 2907 2677 2980; x_wconf 89' lang='lat' dir='ltr'><strong>Surge,</strong></span> <span class='ocrx_word' id='word_1_461' title='bbox 2703 2907 2816 2977; x_wconf 88' lang='lat' dir='ltr'><strong>jam</strong></span> <span class='ocrx_word' id='word_1_462' title='bbox 2846 2913 2970 2966; x_wconf 90' lang='lat' dir='ltr'><strong>tuba</strong></span> <span class='ocrx_word' id='word_1_463' title='bbox 3004 2913 3379 2983; x_wconf 90' lang='lat' dir='ltr'><strong>nostrajubet.</strong></span> 
     </span>
    </p>
   </div>
   <div class='ocr_carea' id='block_1_84' title="bbox 1979 2998 3414 3074">
    <p class='ocr_par' dir='ltr' id='par_1_84' title="bbox 1979 2998 3414 3074">
     <span class='ocr_line' id='line_1_84' title="bbox 1979 2998 3414 3074; baseline 0.003 -20"><span class='ocrx_word' id='word_1_464' title='bbox 1979 2998 2124 3064; x_wconf 77' lang='lat' dir='ltr'><strong>Vita,</strong></span> <span class='ocrx_word' id='word_1_465' title='bbox 2148 2998 2315 3065; x_wconf 87' lang='lat' dir='ltr'><strong>salus,</strong></span> <span class='ocrx_word' id='word_1_466' title='bbox 2343 3001 2576 3069; x_wconf 88' lang='lat' dir='ltr'><strong>requies,</strong></span> <span class='ocrx_word' id='word_1_467' title='bbox 2603 3016 2746 3070; x_wconf 89' lang='lat' dir='ltr'><strong>spes,</strong></span> <span class='ocrx_word' id='word_1_468' title='bbox 2777 3002 2966 3073; x_wconf 86' lang='lat' dir='ltr'><strong>gloria,</strong></span> <span class='ocrx_word' id='word_1_469' title='bbox 2993 3005 3190 3074; x_wconf 88' lang='lat' dir='ltr'><strong>gratia,</strong></span> <span class='ocrx_word' id='word_1_470' title='bbox 3218 3005 3414 3070; x_wconf 90' lang='lat' dir='ltr'><strong>virtus,</strong></span> 
     </span>
    </p>
   </div>
   <div class='ocr_carea' id='block_1_85' title="bbox 2048 3089 3378 3159">
    <p class='ocr_par' dir='ltr' id='par_1_85' title="bbox 2048 3089 3378 3159">
     <span class='ocr_line' id='line_1_85' title="bbox 2048 3089 3378 3159; baseline 0.007 -17"><span class='ocrx_word' id='word_1_471' title='bbox 2048 3089 2126 3143; x_wconf 90' lang='lat' dir='ltr'><strong>Da</strong></span> <span class='ocrx_word' id='word_1_472' title='bbox 2150 3091 2360 3147; x_wconf 82' lang='lat' dir='ltr'><strong>veniam</strong></span> <span class='ocrx_word' id='word_1_473' title='bbox 2385 3090 2585 3146; x_wconf 90' lang='lat' dir='ltr'><strong>famulo</strong></span> <span class='ocrx_word' id='word_1_474' title='bbox 2609 3100 2664 3144; x_wconf 92' lang='lat' dir='ltr'><strong>tu</strong></span> <span class='ocrx_word' id='word_1_475' title='bbox 2693 3092 2847 3157; x_wconf 88' lang='lat' dir='ltr'><strong>mihi,</strong></span> <span class='ocrx_word' id='word_1_476' title='bbox 2871 3093 3103 3159; x_wconf 85' lang='lat' dir='ltr'><strong>Christe,</strong></span> <span class='ocrx_word' id='word_1_477' title='bbox 3132 3103 3246 3159; x_wconf 88' lang='lat' dir='ltr'><strong>tuo,</strong></span> <span class='ocrx_word' id='word_1_478' title='bbox 3271 3106 3378 3151; x_wconf 89' lang='lat' dir='ltr'><strong>etc.</strong></span> 
     </span>
    </p>
   </div>
   <div class='ocr_carea' id='block_1_86' title="bbox 1978 3179 3254 3255">
    <p class='ocr_par' dir='ltr' id='par_1_86' title="bbox 1978 3179 3254 3255">
     <span class='ocr_line' id='line_1_86' title="bbox 1978 3179 3254 3255; baseline 0.005 -21"><span class='ocrx_word' id='word_1_479' title='bbox 1978 3179 2302 3235; x_wconf 81' lang='lat' dir='ltr'><strong>Bernowino</strong></span> <span class='ocrx_word' id='word_1_480' title='bbox 2338 3181 2433 3235; x_wconf 90' lang='lat' dir='ltr'><strong>des</strong></span> <span class='ocrx_word' id='word_1_481' title='bbox 2457 3183 2577 3248; x_wconf 87' lang='lat' dir='ltr'><strong>pius</strong></span> <span class='ocrx_word' id='word_1_482' title='bbox 2600 3181 2740 3236; x_wconf 89' lang='lat' dir='ltr'><strong>alme</strong></span> <span class='ocrx_word' id='word_1_483' title='bbox 2770 3183 3029 3238; x_wconf 84' lang='lat' dir='ltr'><strong>micantia</strong></span> <span class='ocrx_word' id='word_1_484' title='bbox 3065 3201 3254 3255; x_wconf 89' lang='lat' dir='ltr'><strong>regna,</strong></span> 
     </span>
    </p>
   </div>
   <div class='ocr_carea' id='block_1_87' title="bbox 1979 3269 3325 3342">
    <p class='ocr_par' dir='ltr' id='par_1_87' title="bbox 1979 3269 3325 3342">
     <span class='ocr_line' id='line_1_87' title="bbox 1979 3269 3325 3342; baseline 0.005 -18"><span class='ocrx_word' id='word_1_485' title='bbox 1979 3269 2132 3324; x_wconf 86' lang='lat' dir='ltr'><strong>Natis</strong></span> <span class='ocrx_word' id='word_1_486' title='bbox 2152 3271 2243 3340; x_wconf 90' lang='lat' dir='ltr'><strong>qui</strong></span> <span class='ocrx_word' id='word_1_487' title='bbox 2271 3271 2442 3326; x_wconf 88' lang='lat' dir='ltr'><strong>mittis</strong></span> <span class='ocrx_word' id='word_1_488' title='bbox 2466 3271 2744 3326; x_wconf 87' lang='lat' dir='ltr'><strong>hominum</strong></span> <span class='ocrx_word' id='word_1_489' title='bbox 2771 3287 2868 3342; x_wconf 89' lang='lat' dir='ltr'><strong>per</strong></span> <span class='ocrx_word' id='word_1_490' title='bbox 2891 3275 3092 3328; x_wconf 90' lang='lat' dir='ltr'><strong>lumina</strong></span> <span class='ocrx_word' id='word_1_491' title='bbox 3115 3275 3325 3340; x_wconf 87' lang='lat' dir='ltr'><strong>lumen.</strong></span> 
     </span>
    </p>
   </div>
   <div class='ocr_carea' id='block_1_88' title="bbox 1976 3366 3351 3436">
    <p class='ocr_par' dir='ltr' id='par_1_88' title="bbox 1976 3366 3351 3436">
     <span class='ocr_line' id='line_1_88' title="bbox 1976 3366 3351 3436; baseline 0.004 -15"><span class='ocrx_word' id='word_1_492' title='bbox 1976 3366 2160 3421; x_wconf 87' lang='lat' dir='ltr'><strong>Gratis</strong></span> <span class='ocrx_word' id='word_1_493' title='bbox 2189 3367 2442 3420; x_wconf 88' lang='lat' dir='ltr'><strong>concedis</strong></span> <span class='ocrx_word' id='word_1_494' title='bbox 2475 3367 2561 3419; x_wconf 91' lang='lat' dir='ltr'><strong>cui</strong></span> <span class='ocrx_word' id='word_1_495' title='bbox 2589 3367 2776 3436; x_wconf 90' lang='lat' dir='ltr'><strong>grandi</strong></span> <span class='ocrx_word' id='word_1_496' title='bbox 2802 3368 2943 3421; x_wconf 91' lang='lat' dir='ltr'><strong>mole</strong></span> <span class='ocrx_word' id='word_1_497' title='bbox 2965 3369 3212 3433; x_wconf 89' lang='lat' dir='ltr'><strong>subacto,</strong></span> <span class='ocrx_word' id='word_1_498' title='bbox 3240 3378 3351 3428; x_wconf 79' lang='lat' dir='ltr'><strong>etc.</strong></span> 
     </span>
    </p>
   </div>
   <div class='ocr_carea' id='block_1_89' title="bbox 1979 3455 3366 3526">
    <p class='ocr_par' dir='ltr' id='par_1_89' title="bbox 1979 3455 3366 3526">
     <span class='ocr_line' id='line_1_89' title="bbox 1979 3455 3366 3526; baseline 0.004 -17"><span class='ocrx_word' id='word_1_499' title='bbox 1979 3455 2070 3510; x_wconf 85' lang='lat' dir='ltr'><strong>Sic</strong></span> <span class='ocrx_word' id='word_1_500' title='bbox 2092 3469 2191 3523; x_wconf 92' lang='lat' dir='ltr'><strong>pro</strong></span> <span class='ocrx_word' id='word_1_501' title='bbox 2221 3463 2273 3509; x_wconf 91' lang='lat' dir='ltr'><strong>te</strong></span> <span class='ocrx_word' id='word_1_502' title='bbox 2299 3455 2516 3523; x_wconf 90' lang='lat' dir='ltr'><strong>tuisque</strong></span> <span class='ocrx_word' id='word_1_503' title='bbox 2538 3456 2752 3509; x_wconf 90' lang='lat' dir='ltr'><strong>cunctis</strong></span> <span class='ocrx_word' id='word_1_504' title='bbox 2775 3457 2939 3511; x_wconf 89' lang='lat' dir='ltr'><strong>redde</strong></span> <span class='ocrx_word' id='word_1_505' title='bbox 2961 3467 3085 3512; x_wconf 83' lang='lat' dir='ltr'><strong>vota</strong></span> <span class='ocrx_word' id='word_1_506' title='bbox 3112 3457 3366 3526; x_wconf 90' lang='lat' dir='ltr'><strong>Domino,</strong></span> 
     </span>
    </p>
   </div>
   <div class='ocr_carea' id='block_1_90' title="bbox 1977 3542 2910 3612">
    <p class='ocr_par' dir='ltr' id='par_1_90' title="bbox 1977 3542 2910 3612">
     <span class='ocr_line' id='line_1_90' title="bbox 1977 3542 2910 3612; baseline 0 -14"><span class='ocrx_word' id='word_1_507' title='bbox 1977 3543 2046 3599; x_wconf 86' lang='lat' dir='ltr'><strong>Et</strong></span> <span class='ocrx_word' id='word_1_508' title='bbox 2069 3558 2288 3598; x_wconf 89' lang='lat' dir='ltr'><strong>suorum</strong></span> <span class='ocrx_word' id='word_1_509' title='bbox 2320 3557 2624 3596; x_wconf 90' lang='lat' dir='ltr'><strong>memorare</strong></span> <span class='ocrx_word' id='word_1_510' title='bbox 2645 3542 2910 3612; x_wconf 88' lang='lat' dir='ltr'><strong>supplico,</strong></span> 
     </span>
    </p>
   </div>
   <div class='ocr_carea' id='block_1_91' title="bbox 1895 3614 3459 3703">
    <p class='ocr_par' dir='ltr' id='par_1_91' title="bbox 1895 3614 3459 3703">
     <span class='ocr_line' id='line_1_91' title="bbox 1895 3614 3459 3703; baseline 0.004 -16"><span class='ocrx_word' id='word_1_511' title='bbox 1895 3614 1942 3676; x_wconf 64' lang='grc' dir='ltr'><strong>δ</strong></span> <span class='ocrx_word' id='word_1_512' title='bbox 1971 3633 2163 3688; x_wconf 84' lang='lat' dir='ltr'><strong>Aulam</strong></span> <span class='ocrx_word' id='word_1_513' title='bbox 2196 3634 2352 3688; x_wconf 84' lang='lat' dir='ltr'><strong>istam</strong></span> <span class='ocrx_word' id='word_1_514' title='bbox 2383 3645 2544 3702; x_wconf 87' lang='lat' dir='ltr'><strong>quam</strong></span> <span class='ocrx_word' id='word_1_515' title='bbox 2572 3629 2818 3686; x_wconf 87' lang='lat' dir='ltr'><strong>fundavit</strong></span> <span class='ocrx_word' id='word_1_516' title='bbox 2845 3634 3216 3703; x_wconf 87' lang='lat' dir='ltr'><strong>triumphante</strong></span> <span class='ocrx_word' id='word_1_517' title='bbox 3241 3636 3459 3693; x_wconf 86' lang='lat' dir='ltr'><strong>Carolo.</strong></span> 
     </span>
    </p>
   </div>
   <div class='ocr_carea' id='block_1_92' title="bbox 1971 3724 3464 3798">
    <p class='ocr_par' dir='ltr' id='par_1_92' title="bbox 1971 3724 3464 3798">
     <span class='ocr_line' id='line_1_92' title="bbox 1971 3724 3464 3798; baseline 0.003 -18"><span class='ocrx_word' id='word_1_518' title='bbox 1971 3724 2073 3793; x_wconf 89' lang='lat' dir='ltr'><strong>Qui</strong></span> <span class='ocrx_word' id='word_1_519' title='bbox 2094 3725 2244 3795; x_wconf 89' lang='lat' dir='ltr'><strong>cupit</strong></span> <span class='ocrx_word' id='word_1_520' title='bbox 2271 3725 2488 3780; x_wconf 91' lang='lat' dir='ltr'><strong>domum</strong></span> <span class='ocrx_word' id='word_1_521' title='bbox 2514 3724 2745 3796; x_wconf 87' lang='lat' dir='ltr'><strong>ingredi,</strong></span> <span class='ocrx_word' id='word_1_522' title='bbox 2782 3725 3045 3795; x_wconf 89' lang='lat' dir='ltr'><strong>bonisque</strong></span> <span class='ocrx_word' id='word_1_523' title='bbox 3075 3727 3189 3782; x_wconf 86' lang='lat' dir='ltr'><strong>vult</strong></span> <span class='ocrx_word' id='word_1_524' title='bbox 3216 3728 3423 3798; x_wconf 89' lang='lat' dir='ltr'><strong>perfrui</strong></span> <span class='ocrx_word' id='word_1_525' title='bbox 3447 3767 3464 3795; x_wconf 92' lang='lat'><strong>,</strong></span> 
     </span>
    </p>
   </div>
   <div class='ocr_carea' id='block_1_93' title="bbox 1969 3817 3382 3887">
    <p class='ocr_par' dir='ltr' id='par_1_93' title="bbox 1969 3817 3382 3887">
     <span class='ocr_line' id='line_1_93' title="bbox 1969 3817 3382 3887; baseline 0.004 -16"><span class='ocrx_word' id='word_1_526' title='bbox 1969 3817 2128 3872; x_wconf 89' lang='lat' dir='ltr'><strong>Dicat</strong></span> <span class='ocrx_word' id='word_1_527' title='bbox 2154 3817 2356 3872; x_wconf 89' lang='lat' dir='ltr'><strong>vadens</strong></span> <span class='ocrx_word' id='word_1_528' title='bbox 2385 3831 2482 3871; x_wconf 89' lang='lat' dir='ltr'><strong>oro</strong></span> <span class='ocrx_word' id='word_1_529' title='bbox 2507 3817 2755 3886; x_wconf 83' lang='lat' dir='ltr'><strong>supplex,</strong></span> <span class='ocrx_word' id='word_1_530' title='bbox 2784 3817 2898 3872; x_wconf 83' lang='lat' dir='ltr'><strong>Pax</strong></span> <span class='ocrx_word' id='word_1_531' title='bbox 2923 3818 3047 3873; x_wconf 89' lang='lat' dir='ltr'><strong>huic</strong></span> <span class='ocrx_word' id='word_1_532' title='bbox 3081 3819 3154 3874; x_wconf 92' lang='lat' dir='ltr'><strong>sit</strong></span> <span class='ocrx_word' id='word_1_533' title='bbox 3175 3819 3382 3887; x_wconf 89' lang='lat' dir='ltr'><strong>domui,</strong></span> 
     </span>
    </p>
   </div>
   <div class='ocr_carea' id='block_1_94' title="bbox 1969 3904 3420 3981">
    <p class='ocr_par' dir='ltr' id='par_1_94' title="bbox 1969 3904 3420 3981">
     <span class='ocr_line' id='line_1_94' title="bbox 1969 3904 3420 3981; baseline 0.005 -21"><span class='ocrx_word' id='word_1_534' title='bbox 1969 3905 2141 3972; x_wconf 90' lang='lat' dir='ltr'><strong>Quam</strong></span> <span class='ocrx_word' id='word_1_535' title='bbox 2155 3904 2319 3974; x_wconf 79' lang='lat' dir='ltr'><strong>jussit</strong></span> <span class='ocrx_word' id='word_1_536' title='bbox 2348 3919 2570 3961; x_wconf 88' lang='lat' dir='ltr'><strong>servare</strong></span> <span class='ocrx_word' id='word_1_537' title='bbox 2598 3905 2872 3972; x_wconf 88' lang='lat' dir='ltr'><strong>Christus,</strong></span> <span class='ocrx_word' id='word_1_538' title='bbox 2895 3907 3121 3978; x_wconf 90' lang='lat' dir='ltr'><strong>ejusque</strong></span> <span class='ocrx_word' id='word_1_539' title='bbox 3149 3909 3420 3981; x_wconf 89' lang='lat' dir='ltr'><strong>discipuli.</strong></span> 
     </span>
    </p>
   </div>
   <div class='ocr_carea' id='block_1_95' title="bbox 1970 3994 3305 4070">
    <p class='ocr_par' dir='ltr' id='par_1_95' title="bbox 1970 3994 3305 4070">
     <span class='ocr_line' id='line_1_95' title="bbox 1970 3994 3305 4070; baseline 0.006 -20"><span class='ocrx_word' id='word_1_540' title='bbox 1970 3994 2068 4052; x_wconf 84' lang='lat' dir='ltr'><strong>His</strong></span> <span class='ocrx_word' id='word_1_541' title='bbox 2092 3997 2327 4068; x_wconf 87' lang='lat' dir='ltr'><strong>peractis</strong></span> <span class='ocrx_word' id='word_1_542' title='bbox 2354 4006 2618 4052; x_wconf 80' lang='lat' dir='ltr'><strong>exeuntes</strong></span> <span class='ocrx_word' id='word_1_543' title='bbox 2645 3998 2869 4069; x_wconf 79' lang='lat' dir='ltr'><strong>supplex</strong></span> <span class='ocrx_word' id='word_1_544' title='bbox 2894 4015 3080 4070; x_wconf 90' lang='lat' dir='ltr'><strong>posco,</strong></span> <span class='ocrx_word' id='word_1_545' title='bbox 3108 4001 3305 4059; x_wconf 87' lang='lat' dir='ltr'><strong>dicite:</strong></span> 
     </span>
    </p>
   </div>
   <div class='ocr_carea' id='block_1_96' title="bbox 1971 4087 3241 4155">
    <p class='ocr_par' dir='ltr' id='par_1_96' title="bbox 1971 4087 3241 4155">
     <span class='ocr_line' id='line_1_96' title="bbox 1971 4087 3241 4155; baseline 0.003 -14"><span class='ocrx_word' id='word_1_546' title='bbox 1971 4087 2230 4143; x_wconf 82' lang='lat' dir='ltr'><strong>Miserere</strong></span> <span class='ocrx_word' id='word_1_547' title='bbox 2263 4087 2610 4153; x_wconf 88' lang='lat' dir='ltr'><strong>Bernowino,</strong></span> <span class='ocrx_word' id='word_1_548' title='bbox 2642 4103 2759 4155; x_wconf 83' lang='lat' dir='ltr'><strong>rex,</strong></span> <span class='ocrx_word' id='word_1_549' title='bbox 2785 4091 2924 4145; x_wconf 88' lang='lat' dir='ltr'><strong>Deus</strong></span> <span class='ocrx_word' id='word_1_550' title='bbox 2950 4091 3241 4155; x_wconf 89' lang='lat' dir='ltr'><strong>altissime,</strong></span> 
     </span>
    </p>
   </div>
   <div class='ocr_carea' id='block_1_97' title="bbox 1972 4178 3560 4249">
    <p class='ocr_par' dir='ltr' id='par_1_97' title="bbox 1972 4178 3560 4249">
     <span class='ocr_line' id='line_1_97' title="bbox 1972 4178 3560 4249; baseline 0.001 -15"><span class='ocrx_word' id='word_1_551' title='bbox 1972 4178 2289 4234; x_wconf 73' lang='lat' dir='ltr'><strong>Constrinxit</strong></span> <span class='ocrx_word' id='word_1_552' title='bbox 2341 4179 2434 4248; x_wconf 93' lang='lat' dir='ltr'><strong>qui</strong></span> <span class='ocrx_word' id='word_1_553' title='bbox 2481 4179 2702 4234; x_wconf 90' lang='lat' dir='ltr'><strong>domum</strong></span> <span class='ocrx_word' id='word_1_554' title='bbox 2753 4181 2913 4233; x_wconf 89' lang='lat' dir='ltr'><strong>istam</strong></span> <span class='ocrx_word' id='word_1_555' title='bbox 2943 4182 3266 4249; x_wconf 88' lang='lat' dir='ltr'><strong>ornavitque</strong></span> <span class='ocrx_word' id='word_1_556' title='bbox 3292 4182 3560 4238; x_wconf 85' lang='lat' dir='ltr'><strong>carmine.</strong></span> 
     </span>
    </p>
   </div>
   <div class='ocr_carea' id='block_1_98' title="bbox 1973 4267 3428 4336">
    <p class='ocr_par' dir='ltr' id='par_1_98' title="bbox 1973 4267 3428 4336">
     <span class='ocr_line' id='line_1_98' title="bbox 1973 4267 3428 4336; baseline -0.001 -12"><span class='ocrx_word' id='word_1_557' title='bbox 1973 4269 2088 4324; x_wconf 85' lang='lat' dir='ltr'><strong>Hac</strong></span> <span class='ocrx_word' id='word_1_558' title='bbox 2113 4270 2167 4323; x_wconf 91' lang='lat' dir='ltr'><strong>in</strong></span> <span class='ocrx_word' id='word_1_559' title='bbox 2201 4270 2359 4324; x_wconf 82' lang='lat' dir='ltr'><strong>domo</strong></span> <span class='ocrx_word' id='word_1_560' title='bbox 2393 4267 2560 4336; x_wconf 89' lang='lat' dir='ltr'><strong>fulget</strong></span> <span class='ocrx_word' id='word_1_561' title='bbox 2586 4268 2725 4322; x_wconf 89' lang='lat' dir='ltr'><strong>alma</strong></span> <span class='ocrx_word' id='word_1_562' title='bbox 2748 4268 2950 4322; x_wconf 88' lang='lat' dir='ltr'><strong>Christi</strong></span> <span class='ocrx_word' id='word_1_563' title='bbox 2977 4285 3112 4323; x_wconf 82' lang='lat' dir='ltr'><strong>crux</strong></span> <span class='ocrx_word' id='word_1_564' title='bbox 3143 4269 3428 4336; x_wconf 88' lang='lat' dir='ltr'><strong>mirabilis,</strong></span> 
     </span>
    </p>
   </div>
   <div class='ocr_carea' id='block_1_99' title="bbox 1973 4345 3258 4430">
    <p class='ocr_par' dir='ltr' id='par_1_99' title="bbox 1973 4345 3258 4430">
     <span class='ocr_line' id='line_1_99' title="bbox 1973 4345 3258 4430; baseline 0 -16"><span class='ocrx_word' id='word_1_565' title='bbox 1973 4359 2031 4414; x_wconf 89' lang='lat' dir='ltr'><strong>In</strong></span> <span class='ocrx_word' id='word_1_566' title='bbox 2057 4375 2163 4430; x_wconf 89' lang='lat' dir='ltr'><strong>qua</strong></span> <span class='ocrx_word' id='word_1_567' title='bbox 2180 4359 2346 4423; x_wconf 87' lang='lat' dir='ltr'><strong>salus,</strong></span> <span class='ocrx_word' id='word_1_568' title='bbox 2376 4359 2488 4424; x_wconf 79' lang='lat' dir='ltr'><strong>lux,</strong></span> <span class='ocrx_word' id='word_1_569' title='bbox 2519 4367 2574 4412; x_wconf 91' lang='lat' dir='ltr'><strong>et</strong></span> <span class='ocrx_word' id='word_1_570' title='bbox 2596 4358 2730 4421; x_wconf 89' lang='lat' dir='ltr'><strong>vita,</strong></span> <span class='ocrx_word' id='word_1_571' title='bbox 2761 4358 2939 4412; x_wconf 85' lang='lat' dir='ltr'><strong>victor</strong></span> <span class='ocrx_word' id='word_1_572' title='bbox 2969 4345 3258 4414; x_wconf 72' lang='lat' dir='ltr'><strong>ineli’abifis</strong></span> 
     </span>
    </p>
   </div>
   <div class='ocr_carea' id='block_1_100' title="bbox 1974 4447 3314 4518">
    <p class='ocr_par' dir='ltr' id='par_1_100' title="bbox 1974 4447 3314 4518">
     <span class='ocr_line' id='line_1_100' title="bbox 1974 4447 3314 4518; baseline -0.001 -14"><span class='ocrx_word' id='word_1_573' title='bbox 1974 4448 2225 4504; x_wconf 90' lang='lat' dir='ltr'><strong>Pendens</strong></span> <span class='ocrx_word' id='word_1_574' title='bbox 2253 4449 2466 4518; x_wconf 92' lang='lat' dir='ltr'><strong>plebem</strong></span> <span class='ocrx_word' id='word_1_575' title='bbox 2489 4447 2742 4504; x_wconf 90' lang='lat' dir='ltr'><strong>liberavit</strong></span> <span class='ocrx_word' id='word_1_576' title='bbox 2768 4447 2939 4503; x_wconf 90' lang='lat' dir='ltr'><strong>hostis</strong></span> <span class='ocrx_word' id='word_1_577' title='bbox 2981 4449 3050 4503; x_wconf 87' lang='lat' dir='ltr'><strong>ab</strong></span> <span class='ocrx_word' id='word_1_578' title='bbox 3080 4449 3314 4504; x_wconf 90' lang='lat' dir='ltr'><strong>insidiis.</strong></span> 
     </span>
    </p>
   </div>
   <div class='ocr_carea' id='block_1_101' title="bbox 1975 4539 3566 4614">
    <p class='ocr_par' dir='ltr' id='par_1_101' title="bbox 1975 4539 3566 4614">
     <span class='ocr_line' id='line_1_101' title="bbox 1975 4539 3566 4614; baseline -0.003 -20"><span class='ocrx_word' id='word_1_579' title='bbox 1975 4539 2280 4614; x_wconf 65' lang='lat' dir='ltr'><strong>(Habentur</strong></span> <span class='ocrx_word' id='word_1_580' title='bbox 2307 4539 2860 4614; x_wconf 71' lang='lat' dir='ltr'><strong>ejusdem_Bern_owini</strong></span> <span class='ocrx_word' id='word_1_581' title='bbox 2881 4539 3105 4610; x_wconf 73' lang='lat' dir='ltr'><strong>episcopi</strong></span> <span class='ocrx_word' id='word_1_582' title='bbox 3128 4539 3406 4614; x_wconf 68' lang='lat' dir='ltr'><strong>versusad</strong></span> <span class='ocrx_word' id='word_1_583' title='bbox 3442 4555 3566 4614; x_wconf 47' lang='lat' dir='ltr'><strong>cru-3</strong></span> 
     </span>
    </p>
   </div>
   <div class='ocr_carea' id='block_1_102' title="bbox 2037 4607 3564 4682">
    <p class='ocr_par' dir='ltr' id='par_1_102' title="bbox 2037 4607 3564 4682">
     <span class='ocr_line' id='line_1_102' title="bbox 2037 4607 3564 4682; baseline 0 -18"><span class='ocrx_word' id='word_1_584' title='bbox 2037 4627 2166 4665; x_wconf 88' lang='lat' dir='ltr'><strong>cem.</strong></span> <span class='ocrx_word' id='word_1_585' title='bbox 2192 4607 2521 4664; x_wconf 26' lang='lat' dir='ltr'><strong>Item’versus</strong></span> <span class='ocrx_word' id='word_1_586' title='bbox 2541 4610 2595 4663; x_wconf 83' lang='lat' dir='ltr'><strong>in</strong></span> <span class='ocrx_word' id='word_1_587' title='bbox 2611 4607 2772 4663; x_wconf 85' lang='lat' dir='ltr'><strong>calice</strong></span> <span class='ocrx_word' id='word_1_588' title='bbox 2785 4618 2832 4662; x_wconf 86' lang='lat' dir='ltr'><strong>et</strong></span> <span class='ocrx_word' id='word_1_589' title='bbox 2851 4607 3061 4678; x_wconf 79' lang='lat' dir='ltr'><strong>patena,</strong></span> <span class='ocrx_word' id='word_1_590' title='bbox 3090 4610 3178 4680; x_wconf 87' lang='lat' dir='ltr'><strong>qui</strong></span> <span class='ocrx_word' id='word_1_591' title='bbox 3203 4611 3278 4663; x_wconf 85' lang='lat' dir='ltr'><strong>sic</strong></span> <span class='ocrx_word' id='word_1_592' title='bbox 3308 4609 3496 4665; x_wconf 83' lang='lat' dir='ltr'><strong>habent</strong></span> <span class='ocrx_word' id='word_1_593' title='bbox 3519 4609 3564 4682; x_wconf 89' lang='lat'><strong>:)</strong></span> 
     </span>
    </p>
   </div>
   <div class='ocr_carea' id='block_1_103' title="bbox 1976 4701 3340 4760">
    <p class='ocr_par' dir='ltr' id='par_1_103' title="bbox 1976 4701 3340 4760">
     <span class='ocr_line' id='line_1_103' title="bbox 1976 4701 3340 4760; baseline -0.001 0"><span class='ocrx_word' id='word_1_594' title='bbox 1976 4702 2329 4760; x_wconf 82' lang='lat' dir='ltr'><strong>Bernowinus</strong></span> <span class='ocrx_word' id='word_1_595' title='bbox 2352 4702 2574 4757; x_wconf 89' lang='lat' dir='ltr'><strong>humilis</strong></span> <span class='ocrx_word' id='word_1_596' title='bbox 2601 4716 2698 4756; x_wconf 89' lang='lat' dir='ltr'><strong>sua</strong></span> <span class='ocrx_word' id='word_1_597' title='bbox 2725 4701 2901 4756; x_wconf 87' lang='lat' dir='ltr'><strong>reddit</strong></span> <span class='ocrx_word' id='word_1_598' title='bbox 2928 4709 3053 4756; x_wconf 88' lang='lat' dir='ltr'><strong>vota</strong></span> <span class='ocrx_word' id='word_1_599' title='bbox 3085 4701 3340 4758; x_wconf 88' lang='lat' dir='ltr'><strong>Tonanti.</strong></span> 
     </span>
    </p>
   </div>
   <div class='ocr_carea' id='block_1_104' title="bbox 1980 4792 3261 4864">
    <p class='ocr_par' dir='ltr' id='par_1_104' title="bbox 1980 4792 3261 4864">
     <span class='ocr_line' id='line_1_104' title="bbox 1980 4792 3261 4864; baseline 0.001 -17"><span class='ocrx_word' id='word_1_600' title='bbox 1980 4792 2096 4850; x_wconf 82' lang='lat' dir='ltr'><strong>Hoc</strong></span> <span class='ocrx_word' id='word_1_601' title='bbox 2129 4809 2330 4864; x_wconf 88' lang='lat' dir='ltr'><strong>corpus</strong></span> <span class='ocrx_word' id='word_1_602' title='bbox 2353 4793 2666 4848; x_wconf 87' lang='lat' dir='ltr'><strong>humilis....</strong></span> <span class='ocrx_word' id='word_1_603' title='bbox 2695 4800 2917 4862; x_wconf 73' lang='lat' dir='ltr'><strong>praestat</strong></span> <span class='ocrx_word' id='word_1_604' title='bbox 2942 4793 3052 4847; x_wconf 82' lang='lat' dir='ltr'><strong>vita</strong></span> <span class='ocrx_word' id='word_1_605' title='bbox 3078 4793 3261 4848; x_wconf 81' lang='lat' dir='ltr'><strong>beata.</strong></span> 
     </span>
    </p>
   </div>
   <div class='ocr_carea' id='block_1_105' title="bbox 2563 4902 2979 4960">
    <p class='ocr_par' dir='ltr' id='par_1_105' title="bbox 2563 4902 2979 4960">
     <span class='ocr_line' id='line_1_105' title="bbox 2563 4902 2979 4960; baseline -0.002 0"><span class='ocrx_word' id='word_1_606' title='bbox 2563 4902 2848 4960; x_wconf 78' lang='lat' dir='ltr'><strong>CARMEN</strong></span> <span class='ocrx_word' id='word_1_607' title='bbox 2891 4903 2979 4959; x_wconf 77' lang='grc' dir='ltr'><strong>Π.</strong></span> 
     </span>
    </p>
   </div>
   <div class='ocr_carea' id='block_1_106' title="bbox 2503 4995 3045 5052">
    <p class='ocr_par' dir='ltr' id='par_1_106' title="bbox 2503 4995 3045 5052">
     <span class='ocr_line' id='line_1_106' title="bbox 2503 4995 3045 5052; baseline 0.004 -4"><span class='ocrx_word' id='word_1_608' title='bbox 2503 4995 2692 5052; x_wconf 83' lang='lat' dir='ltr'><strong>Versus</strong></span> <span class='ocrx_word' id='word_1_609' title='bbox 2723 4997 2792 5050; x_wconf 86' lang='lat' dir='ltr'><strong>ad</strong></span> <span class='ocrx_word' id='word_1_610' title='bbox 2820 5012 3045 5051; x_wconf 84' lang='lat' dir='ltr'><strong>crucem.</strong></span> 
     </span>
    </p>
   </div>
   <div class='ocr_carea' id='block_1_107' title="bbox 2074 5086 3470 5161">
    <p class='ocr_par' dir='ltr' id='par_1_107' title="bbox 2074 5086 3470 5161">
     <span class='ocr_line' id='line_1_107' title="bbox 2074 5086 3470 5161; baseline 0.001 -21"><span class='ocrx_word' id='word_1_611' title='bbox 2074 5086 2348 5159; x_wconf 72' lang='lat' dir='ltr'><strong>(Martem,</strong></span> <span class='ocrx_word' id='word_1_612' title='bbox 2377 5086 2613 5158; x_wconf 85' lang='lat' dir='ltr'><strong>ampliss.</strong></span> <span class='ocrx_word' id='word_1_613' title='bbox 2640 5086 2856 5142; x_wconf 83' lang='lat' dir='ltr'><strong>Collect.</strong></span> <span class='ocrx_word' id='word_1_614' title='bbox 2891 5097 3022 5142; x_wconf 88' lang='lat' dir='ltr'><strong>tom.</strong></span> <span class='ocrx_word' id='word_1_615' title='bbox 3051 5088 3137 5154; x_wconf 77' lang='lat' dir='ltr'><strong>Vl,</strong></span> <span class='ocrx_word' id='word_1_616' title='bbox 3163 5103 3286 5160; x_wconf 88' lang='lat' dir='ltr'><strong>pag.</strong></span> <span class='ocrx_word' id='word_1_617' title='bbox 3320 5089 3470 5161; x_wconf 71' lang='lat'><strong>820.)</strong></span> 
     </span>
    </p>
   </div>
   <div class='ocr_carea' id='block_1_108' title="bbox 1986 5181 3290 5250">
    <p class='ocr_par' dir='ltr' id='par_1_108' title="bbox 1986 5181 3290 5250">
     <span class='ocr_line' id='line_1_108' title="bbox 1986 5181 3290 5250; baseline 0.001 -14"><span class='ocrx_word' id='word_1_618' title='bbox 1986 5181 2244 5237; x_wconf 92' lang='lat' dir='ltr'><strong>Conditor</strong></span> <span class='ocrx_word' id='word_1_619' title='bbox 2271 5190 2494 5247; x_wconf 68' lang='lat' dir='ltr'><strong>aaterne,</strong></span> <span class='ocrx_word' id='word_1_620' title='bbox 2535 5197 2696 5250; x_wconf 91' lang='lat' dir='ltr'><strong>quem</strong></span> <span class='ocrx_word' id='word_1_621' title='bbox 2721 5182 2882 5237; x_wconf 90' lang='lat' dir='ltr'><strong>laudo</strong></span> <span class='ocrx_word' id='word_1_622' title='bbox 2902 5183 3150 5238; x_wconf 87' lang='lat' dir='ltr'><strong>versibus</strong></span> <span class='ocrx_word' id='word_1_623' title='bbox 3172 5183 3290 5237; x_wconf 88' lang='lat' dir='ltr'><strong>istis</strong></span> 
     </span>
    </p>
   </div>
   <div class='ocr_carea' id='block_1_109' title="bbox 1987 5271 3563 5342">
    <p class='ocr_par' dir='ltr' id='par_1_109' title="bbox 1987 5271 3563 5342">
     <span class='ocr_line' id='line_1_109' title="bbox 1987 5271 3563 5342; baseline 0.003 -17"><span class='ocrx_word' id='word_1_624' title='bbox 1987 5271 2103 5326; x_wconf 80' lang='lat' dir='ltr'><strong>Rex</strong></span> <span class='ocrx_word' id='word_1_625' title='bbox 2130 5272 2373 5341; x_wconf 91' lang='lat' dir='ltr'><strong>requiem</strong></span> <span class='ocrx_word' id='word_1_626' title='bbox 2403 5271 2694 5328; x_wconf 80' lang='lat' dir='ltr'><strong>Bernwino</strong></span> <span class='ocrx_word' id='word_1_627' title='bbox 2717 5273 2783 5328; x_wconf 91' lang='lat' dir='ltr'><strong>da</strong></span> <span class='ocrx_word' id='word_1_628' title='bbox 2811 5281 2970 5342; x_wconf 89' lang='lat' dir='ltr'><strong>pater</strong></span> <span class='ocrx_word' id='word_1_629' title='bbox 2996 5273 3224 5342; x_wconf 90' lang='lat' dir='ltr'><strong>piusque</strong></span> <span class='ocrx_word' id='word_1_630' title='bbox 3256 5273 3563 5341; x_wconf 84' lang='lat' dir='ltr'><strong>redemptor</strong></span> 
     </span>
    </p>
   </div>
   <div class='ocr_carea' id='block_1_110' title="bbox 1988 5361 3113 5429">
    <p class='ocr_par' dir='ltr' id='par_1_110' title="bbox 1988 5361 3113 5429">
     <span class='ocr_line' id='line_1_110' title="bbox 1988 5361 3113 5429; baseline -0.002 -13"><span class='ocrx_word' id='word_1_631' title='bbox 1988 5361 2174 5417; x_wconf 84' lang='lat' dir='ltr'><strong>Virtus</strong></span> <span class='ocrx_word' id='word_1_632' title='bbox 2197 5362 2485 5428; x_wconf 88' lang='lat' dir='ltr'><strong>virtutum,</strong></span> <span class='ocrx_word' id='word_1_633' title='bbox 2515 5363 2708 5429; x_wconf 88' lang='lat' dir='ltr'><strong>victor,</strong></span> <span class='ocrx_word' id='word_1_634' title='bbox 2735 5363 2963 5418; x_wconf 87' lang='lat' dir='ltr'><strong>victoria</strong></span> <span class='ocrx_word' id='word_1_635' title='bbox 2985 5361 3113 5417; x_wconf 84' lang='lat' dir='ltr'><strong>Jesu</strong></span> 
     </span>
    </p>
   </div>
   <div class='ocr_carea' id='block_1_111' title="bbox 1987 5447 3430 5520">
    <p class='ocr_par' dir='ltr' id='par_1_111' title="bbox 1987 5447 3430 5520">
     <span class='ocr_line' id='line_1_111' title="bbox 1987 5447 3430 5520; baseline -0.005 -14"><span class='ocrx_word' id='word_1_636' title='bbox 1987 5451 2224 5514; x_wconf 91' lang='lat' dir='ltr'><strong>Christe,</strong></span> <span class='ocrx_word' id='word_1_637' title='bbox 2262 5459 2318 5506; x_wconf 91' lang='lat' dir='ltr'><strong>tu</strong></span> <span class='ocrx_word' id='word_1_638' title='bbox 2340 5450 2519 5520; x_wconf 91' lang='lat' dir='ltr'><strong>justus</strong></span> <span class='ocrx_word' id='word_1_639' title='bbox 2541 5449 2732 5520; x_wconf 81' lang='lat' dir='ltr'><strong>judex,</strong></span> <span class='ocrx_word' id='word_1_640' title='bbox 2756 5451 3016 5506; x_wconf 90' lang='lat' dir='ltr'><strong>miserere</strong></span> <span class='ocrx_word' id='word_1_641' title='bbox 3041 5447 3146 5503; x_wconf 91' lang='lat' dir='ltr'><strong>mei</strong></span> <span class='ocrx_word' id='word_1_642' title='bbox 3169 5447 3273 5500; x_wconf 91' lang='lat' dir='ltr'><strong>iam</strong></span> <span class='ocrx_word' id='word_1_643' title='bbox 3303 5461 3430 5513; x_wconf 63' lang='lat' dir='ltr'><strong>rex;</strong></span> 
     </span>
    </p>
   </div>
   <div class='ocr_carea' id='block_1_112' title="bbox 1989 5543 3499 5615">
    <p class='ocr_par' dir='ltr' id='par_1_112' title="bbox 1989 5543 3499 5615">
     <span class='ocr_line' id='line_1_112' title="bbox 1989 5543 3499 5615; baseline -0.003 -14"><span class='ocrx_word' id='word_1_644' title='bbox 1989 5543 2341 5615; x_wconf 90' lang='lat' dir='ltr'><strong>Omnipotens</strong></span> <span class='ocrx_word' id='word_1_645' title='bbox 2367 5545 2625 5600; x_wconf 90' lang='lat' dir='ltr'><strong>Dominus</strong></span> <span class='ocrx_word' id='word_1_646' title='bbox 2648 5544 2835 5600; x_wconf 90' lang='lat' dir='ltr'><strong>mundi</strong></span> <span class='ocrx_word' id='word_1_647' title='bbox 2860 5543 3124 5598; x_wconf 91' lang='lat' dir='ltr'><strong>formator</strong></span> <span class='ocrx_word' id='word_1_648' title='bbox 3149 5548 3204 5595; x_wconf 84' lang='lat' dir='ltr'><strong>ct</strong></span> <span class='ocrx_word' id='word_1_649' title='bbox 3223 5549 3433 5610; x_wconf 90' lang='lat' dir='ltr'><strong>auctor,</strong></span> <span class='ocrx_word' id='word_1_650' title='bbox 3497 5611 3499 5613; x_wconf 18' lang='grc' dir='ltr'><strong><em>ι</em></strong></span> 
     </span>
    </p>
   </div>
   <div class='ocr_carea' id='block_1_113' title="bbox 1990 5632 3379 5708">
    <p class='ocr_par' dir='ltr' id='par_1_113' title="bbox 1990 5632 3379 5708">
     <span class='ocr_line' id='line_1_113' title="bbox 1990 5632 3379 5708; baseline -0.001 -16"><span class='ocrx_word' id='word_1_651' title='bbox 1990 5637 2078 5692; x_wconf 92' lang='lat' dir='ltr'><strong>Sis</strong></span> <span class='ocrx_word' id='word_1_652' title='bbox 2103 5637 2225 5708; x_wconf 91' lang='lat' dir='ltr'><strong>pius</strong></span> <span class='ocrx_word' id='word_1_653' title='bbox 2247 5645 2297 5693; x_wconf 86' lang='lat' dir='ltr'><strong>et</strong></span> <span class='ocrx_word' id='word_1_654' title='bbox 2323 5636 2581 5704; x_wconf 90' lang='lat' dir='ltr'><strong>clemens,</strong></span> <span class='ocrx_word' id='word_1_655' title='bbox 2612 5637 2744 5694; x_wconf 84' lang='lat' dir='ltr'><strong>mihi</strong></span> <span class='ocrx_word' id='word_1_656' title='bbox 2770 5637 2845 5692; x_wconf 89' lang='lat' dir='ltr'><strong>sis</strong></span> <span class='ocrx_word' id='word_1_657' title='bbox 2869 5649 2993 5706; x_wconf 88' lang='lat' dir='ltr'><strong>spes</strong></span> <span class='ocrx_word' id='word_1_658' title='bbox 3021 5632 3182 5688; x_wconf 90' lang='lat' dir='ltr'><strong>unica</strong></span> <span class='ocrx_word' id='word_1_659' title='bbox 3234 5633 3379 5691; x_wconf 64' lang='lat' dir='ltr'><strong>vitae.</strong></span> 
     </span>
    </p>
   </div>
   <div class='ocr_carea' id='block_1_114' title="bbox 1993 5725 3335 5802">
    <p class='ocr_par' dir='ltr' id='par_1_114' title="bbox 1993 5725 3335 5802">
     <span class='ocr_line' id='line_1_114' title="bbox 1993 5725 3335 5802; baseline -0.002 -16"><span class='ocrx_word' id='word_1_660' title='bbox 1993 5725 2218 5802; x_wconf 89' lang='lat' dir='ltr'><strong>Suspice</strong></span> <span class='ocrx_word' id='word_1_661' title='bbox 2243 5729 2348 5785; x_wconf 88' lang='lat' dir='ltr'><strong>hoc</strong></span> <span class='ocrx_word' id='word_1_662' title='bbox 2375 5744 2592 5796; x_wconf 80' lang='lat' dir='ltr'><strong>munus,</strong></span> <span class='ocrx_word' id='word_1_663' title='bbox 2619 5737 2675 5785; x_wconf 89' lang='lat' dir='ltr'><strong>te</strong></span> <span class='ocrx_word' id='word_1_664' title='bbox 2711 5728 2934 5799; x_wconf 78' lang='lat' dir='ltr'><strong>supplex</strong></span> <span class='ocrx_word' id='word_1_665' title='bbox 2971 5728 3154 5799; x_wconf 86' lang='lat' dir='ltr'><strong>accipe</strong></span> <span class='ocrx_word' id='word_1_666' title='bbox 3182 5741 3335 5799; x_wconf 77' lang='lat' dir='ltr'><strong>mgo.</strong></span> 
     </span>
    </p>
   </div>
  </div>
