3838 6144
282 255 383 315 με

1088 218 1307 312 Episr'.
1349 257 1436 313 ne
1475 254 1745 315 nurum
1786 255 1982 315 sous
2018 256 2282 315 ECLlPSl
2315 258 2474 315 ANN.
2513 223 2757 318 ncccxl

3439 269 3547 324 450

186 352 189 355 ’
282 370 586 441 episcopus,
618 366 773 441 quasi
800 369 1105 425 naturalem
1147 370 1519 426 concursionis
1563 370 1859 425 elemento—
1887 369 1935 430 Α
1963 386 2068 424 non
2102 378 2349 440 possunt,
2384 372 2494 427 sed
2546 389 2646 443 pro
2692 373 3008 431 diversitate
3059 378 3545 449 circumspicientia

284 476 397 517 rum
426 461 681 517 eﬂ‘ectum
727 462 945 516 usitatae
970 471 1025 516 et
1059 470 1221 516 certae
1250 459 1638 530 explorationis
1666 458 1858 531 peritia

283 552 552 622 cognitum
579 551 731 620 prius
755 550 966 616 dixere,
991 566 1152 620 quam
1191 551 1365 607 fleret.

348 640 478 696 Inde
515 649 715 696 vestrae
760 639 1087 696 beatissima:
1123 650 1179 696 et
1218 642 1534 697 clarissimae
1576 642 1857 701 serenitati

279 729 452 784 visum
504 736 591 784 est
637 730 896 784 mandare
948 737 1008 784 ut
1053 730 1120 785 de
1174 730 1318 785 dicta
1356 745 1520 786 causa
1562 746 1661 802 ego
1704 733 1859 801 quasi

280 829 520 876 sectator
540 821 816 889 sapientiae
830 821 1196 893 interrogarer
1207 822 1334 890 quid
1354 823 1630 887 sentirem,
1656 832 1710 877 et
1730 822 1859 893 quid

278 911 494 974 scirem,
511 918 566 964 et
576 910 706 980 quid
721 911 980 965 sentirem
992 911 1315 982 proferendo
1327 910 1770 982 etarespondendo
1787 913 1860 968 fa-

279 1009 438 1061 εει-ετ,
456 1008 741 1069 exceptum
756 1001 1105 1067 scriberetur,
1125 1003 1496 1073 scriptumque
1509 1004 1661 1059 vobis
1681 1004 1857 1059 defer-

274 1097 442 1144 retur.
473 1091 592 1145 Non
610 1089 856 1145 diﬂ'eram
882 1091 1067 1162 igitur,
1094 1105 1269 1162 neque
1299 1091 1651 1148 dissimulabo
1675 1102 1857 1149 vestro

274 1181 572 1237 secundum
625 1182 770 1238 vires
814 1182 1157 1238 sanctissimo
1209 1191 1264 1238 et
1312 1185 1603 1241 utilissimo
1662 1201 1858 1255 parere

272 1281 574 1341 praecepto;
619 1281 674 1327 et
698 1272 915 1327 utinam
955 1280 1063 1326 tam
1105 1271 1295 1328 ellieax
1336 1289 1498 1343 quam
1520 1275 1858 1331 voluntarius

272 1364 585 1429 existerem,
631 1373 692 1418 ut
729 1379 835 1419 non
871 1364 1044 1419 solum
1074 1365 1229 1429 velle,
1260 1354 1354 1421 sed
1376 1375 1431 1421 et
1459 1375 1707 1436 compote
1732 1375 1858 1422 voto

272 1453 487 1523 assequi
518 1454 700 1523 cupita
728 1453 964 1508 valerem
986 1494 1000 1519 ,
1033 1454 1160 1509 licet
1193 1456 1334 1524 apud
1360 1471 1628 1511 summum
1656 1457 1856 1512 Recto-

276 1558 383 1597 rem
445 1556 653 1612 pronus
677 1550 734 1598 et
786 1543 985 1599 alacris
1035 1544 1262 1601 ail‘ectus
1305 1561 1404 1616 pro
1455 1562 1514 1602 re
1566 1547 1756 1603 eﬂ‘ecta
1802 1556 1859 1603 et

276 1633 569 1704 adimpleta
593 1643 892 1705 reputatur.

1964 460 2322 516 habitantisve
2352 462 2665 517 variantur:
2696 480 2815 532 quae
2838 466 3018 519 omnia
3049 469 3329 522 transitive
3368 471 3545 526 nomi-

1962 561 2089 606 nata
2127 562 2182 607 et
2218 562 2499 607 numerata
2547 554 2600 607 in
2644 553 2745 608 hoc
2778 555 2896 610 loco
2941 572 3046 611 non
3089 567 3172 612 est
3208 575 3343 629 Opus
3380 577 3545 632 expo-

1961 657 2113 697 nere.
2162 642 2277 697 Duo
2320 659 2449 713 ergo
2488 645 2743 713 praedicta
2796 646 3025 712 lumina,
3078 650 3181 703 hoc
3224 660 3310 705 est
3356 653 3435 706 sol
3490 665 3547 709 et

1961 729 2108 794 luna,
2155 740 2211 785 et
2237 732 2474 801 quinque
2503 732 2667 787 stellae
2693 749 2813 802 quae
2841 736 3179 804 appellantur
3209 756 3387 810 vagae,
3417 756 3543 811 sep-

1960 828 2069 873 tem
2095 827 2424 874 memoratas
2451 821 2690 889 Sphaeras
2719 823 2967 876 maximae
2993 826 3218 893 sphaerae
3258 827 3541 882 duodecim

1960 908 2113 977 signa
2160 909 2490 974 continenti,
2542 927 2662 980 quae
2713 912 2934 981 aplanes
2976 923 3220 979 vocatur,
3269 918 3544 986 subiectas

1960 998 2402 1068 dispertiverunt,
2446 1008 2502 1054 et
2533 1003 2810 1071 occupatis
2852 1004 3162 1073 regionibus
3212 1009 3365 1076 quasi
3409 1024 3539 1079 pro-

1958 1090 2106 1159 prias
2131 1098 2186 1144 et
2224 1089 2488 1159 speciales
2528 1091 2873 1148 haereditates
2908 1095 3130 1166 singulae
3166 1098 3405 1169 singulas
3433 1101 3536 1155 ob—

1955 1182 2253 1236 tinuerunt.
2358 1248 2367 1263 ο

2025 1270 2084 1324 In
2111 1272 2284 1340 prima
2331 1280 2513 1327 autem
2550 1273 2762 1343 sphaera
2790 1275 2854 1329 de
2892 1283 3096 1346 septem
3142 1277 3231 1332 ilia
3259 1288 3343 1335 est
3384 1281 3541 1335 stella

1957 1374 2080 1429 quae
2122 1361 2320 1415 dicitur
2366 1361 2607 1426 Saturni,
2658 1363 2713 1416 in
2767 1367 3003 1419 secunda
3054 1364 3218 1429 lovis,
3271 1369 3324 1421 in
3382 1372 3541 1425 tertia

1958 1451 2169 1516 Martis,
2233 1452 2289 1506 in
2337 1462 2531 1521 quarta
2575 1453 2677 1509 hoc
2718 1464 2801 1509 est
2847 1457 3044 1521 media,
3093 1458 3195 1523 sol,
3246 1460 3300 1513 in
3351 1461 3541 1528 quinta

1957 1542 2111 1598 stella
2144 1544 2389 1606 Veneris,
2445 1544 2499 1597 in
2547 1554 2700 1599 sexta
2751 1544 3032 1611 Mercurii;
3086 1549 3371 1617 septimam
3420 1565 3541 1619 qua:

1955 1639 2038 1688 est
2068 1632 2309 1687 omnium
2332 1633 2534 1687 extima
2571 1642 2625 1689 et
2655 1634 2859 1700 inﬁma,
2896 1636 3020 1690 luna
3047 1646 3212 1693 tenet.
3243 1640 3319 1694 Ita
3349 1638 3543 1696 Cicero

337 1686 478 1793 Quia
505 1686 904 1797 ergofdomine
928 1729 1026 1795 mi,
1052 1729 1211 1798 hujus
1243 1731 1469 1787 rationis
1511 1686 1856 1801 ias-estigatzo
1883 1726 1931 1785 B
1958 1718 2239 1788 describit;
2264 1723 2351 1779 cui
2380 1724 2733 1780 Archimedes
2758 1734 2812 1780 et
2843 1725 3216 1783 Chaldaeorum
3248 1731 3386 1809 ratio
3415 1746 3543 1785 con-

280 1825 330 1873 et
350 1818 546 1887 peritia
580 1819 648 1873 ad
686 1819 1060 1891 philosophos,
1097 1822 1201 1879 hoc
1220 1832 1324 1890 est,
1352 1826 1605 1897 physicos
1640 1828 1856 1896 proprie

284 1917 331 1964 et
358 1909 669 1980 specialiter
686 1911 945 1980 pertinet,
976 1912 1117 1968 sicut
1135 1915 1305 1969 vestri
1334 1917 1618 1971 continent
1647 1918 1853 1987 apices,

287 2011 501 2067 quorum
528 1997 654 2053 libri
685 2000 1097 2069 compositiores
1135 2011 1191 2057 et
1216 2003 1586 2075 diligentiores
1610 2007 1857 2075 quamvis

291 2088 409 2142 mihi
447 2104 552 2143 non
579 2097 890 2160 suppetant,
919 2091 1116 2161 quibus
1147 2093 1215 2149 de
1244 2094 1330 2149 his
1359 2096 1522 2150 rebus
1552 2103 1606 2151 et
1633 2095 1700 2151 de
1734 2096 1856 2152 tali-

294 2180 382 2235 bus
431 2181 798 2237 exercitatiori
846 2198 1098 2240 sermone
1127 2193 1183 2241 et
1225 2187 1578 2244 enucleatiori
1631 2204 1856 2261 expres-

295 2267 431 2323 sione
470 2277 873 2337 tractaverunt,
924 2279 979 2327 et
1016 2285 1116 2343 per
1158 2290 1297 2345 quos
1342 2277 1493 2331 vobis
1544 2277 1755 2347 plenius
1801 2286 1857 2335 et

297 2358 536 2414 eruditius
574 2360 643 2416 de
671 2360 947 2432 inquisitis
984 2365 1311 2435 respondere
1342 2381 1430 2421 me
1472 2383 1634 2438 posse
1672 2370 1854 2426 credi-

296 2449 466 2505 derim.
497 2450 806 2508 Secundum
835 2453 1110 2525 simplices
1134 2464 1315 2512 tamen
1344 2465 1399 2512 et
1418 2456 1564 2515 leves
1591 2475 1852 2530 compen-

296 2539 559 2612 diososque
600 2543 812 2600 libellos
848 2545 941 2616 qui
980 2546 1122 2601 inter
1163 2562 1357 2603 manus
1395 2557 1546 2613 sunt,
1589 2550 1642 2604 in
1682 2565 1855 2621 quan-

293 2638 394 2685 tum
421 2632 484 2686 de
514 2632 648 2703 ipsis
680 2642 864 2706 torpor
897 2637 1116 2693 obtunsi
1147 2638 1327 2694 cordis
1362 2648 1418 2694 et
1445 2642 1635 2696 tardus
1662 2657 1854 2699 sensus

291 2724 371 2778 vix
403 2724 546 2780 lento
589 2725 875 2780 conamine
913 2724 1176 2797 pigroque
1214 2726 1334 2782 nisu
1380 2737 1600 2797 reptans
1641 2738 1697 2786 et
1744 2746 1855 2786 mo-

290 2829 429 2882 vens,
455 2816 740 2887 praelibare
765 2818 1022 2888 quiverit,
1053 2834 1120 2875 ne
1142 2820 1349 2892 vulgari
1381 2822 1666 2891 proverbio
1694 2822 1853 2892 lupus

292 2905 342 2960 in
364 2906 555 2976 fabula,
576 2910 773 2980 pavido
795 2910 1117 2982 stupidoque
1136 2912 1355 2967 silentio
1389 2913 1611 2983 reprimi
1642 2914 1849 2983 videar,

288 3008 541 3072 utcunque
558 3003 925 3073 respondebo;
947 3004 1123 3059 sciens
1139 3004 1590 3063 indubitatissime
1612 3014 1847 3061 vestram

288 3092 632 3147 serenissima:
657 3100 714 3147 et
736 3092 997 3163 piissimae
1024 3092 1454 3164 longanimitatis
1483 3095 1853 3166 indulgibilem

286 3177 639 3246 clementiam,
670 3180 715 3236 si
754 3182 884 3252 quid
923 3182 1104 3237 minus
1140 3191 1234 3238 aut
1275 3182 1435 3238 aliter
1462 3183 1671 3248 dixem,
1720 3183 1855 3239 faci-

287 3267 389 3323 lem
413 3273 536 3327 mihi
560 3272 775 3327 veniam
802 3272 1148 3339 donaturam,
1177 3284 1233 3329 et
1257 3282 1484 3344 paterna
1512 3276 1855 3332 correctione

286 3374 376 3416 me
394 3363 548 3419 veluti
577 3374 778 3434 praeter
819 3364 1139 3419 industriam
1177 3365 1483 3421 studiumve
1521 3382 1622 3436 per
1650 3365 1855 3437 fragili-

287 3459 447 3509 tatem
472 3456 950 3526 intirmitatemque
976 3454 1377 3528 delinquentem
1416 3456 1657 3512 modeste
1686 3456 1853 3513 casti-

286 3555 540 3616 ﬂaturam.

361 3635 516 3705 Hujus
560 3648 741 3694 autem
773 3639 1085 3710 quaestionis
1127 3639 1281 3712 origo
1326 3638 1615 3711 repetenda
1653 3645 1755 3705 est,
1794 3645 1856 3694 ut

289 3725 361 3779 ab
396 3727 538 3785 initio
574 3731 716 3786 sicut
741 3731 793 3785 in
824 3730 1037 3786 caeteris
1076 3731 1214 3787 solet
1249 3731 1724 3801 disputationibus,
1754 3745 1854 3801 per

287 3819 518 3887 ordinem
558 3822 697 3878 ratio
739 3821 1053 3891 explicanda
1098 3823 1419 3894 procedens,
1463 3837 1699 3893 congrua
1730 3824 1853 3879 red-

290 3906 442 3964 datur
478 3913 542 3967 de
581 3912 931 3984 interrogatis
980 3912 1280 3982 responsio.
1333 3911 1639 3967 Macrobius
1689 3912 1855 3983 igitur

289 3996 593 4057 Ambrosius
643 4003 695 4057 in
750 4002 1089 4073 expositione
1137 4001 1415 4058 Ciceronis
1462 4003 1607 4057 inter
1657 4011 1851 4058 caetera

289 4093 759 4149 commemoratde
803 4108 991 4149 novem
1022 4092 1264 4159 circulis,
1308 4093 1399 4163 qui
1442 4093 1672 4164 aplanen
1704 4092 1850 4148 illam

290 4183 541 4251 ambiunt,
593 4184 697 4241 hoc
723 4192 809 4239 est
848 4183 1141 4239 maximam
1177 4185 1443 4254 sphaeram
1478 4185 1531 4238 in
1572 4199 1678 4255 qua
1718 4184 1852 4240 duo-

290 4269 455 4328 decim
482 4274 632 4346 signa
668 4274 918 4331 videntur
945 4274 1128 4338 infixa,
1166 4282 1222 4330 et
1244 4275 1330 4330 cui
1361 4273 1617 4343 subjectae
1647 4285 1855 4346 septem

291 4360 405 4415 alia:
423 4365 645 4433 sphaera:
660 4380 760 4435 per
779 4379 916 4435 quas
945 4364 1053 4420 duo
1079 4364 1276 4425 lumina
1308 4364 1389 4420 sol
1411 4374 1466 4420 et
1492 4365 1616 4421 luna
1641 4374 1697 4423 et
1714 4382 1849 4439 vaga

289 4456 516 4529 quinque
538 4460 867 4515 discurrunt.
910 4456 1134 4514 Orbium
1179 4467 1381 4523 autem,
1419 4458 1524 4515 hoc
1562 4470 1645 4515 est
1674 4460 1851 4515 circu-

290 4541 454 4600 iurum
495 4548 898 4619 praedictorum,
939 4548 1145 4618 primus
1170 4557 1253 4604 est
1283 4549 1540 4621 galactias
1561 4591 1575 4615 ,
1606 4551 1749 4620 quod
1778 4550 1853 4605 la-

292 4634 399 4691 tine
424 4637 625 4694 lacteus
657 4638 1065 4709 interpretatur,
1093 4639 1184 4709 qui
1213 4640 1359 4695 solus
1388 4641 1629 4711 subjaeet
1656 4640 1851 4707 oculis,

292 4729 491 4783 caeteris
523 4729 741 4784 circulis
779 4730 952 4801 magis
995 4731 1318 4801 cogitatione
1360 4744 1523 4801 quam
1551 4732 1667 4786 visu
1707 4746 1855 4786 com-

291 4817 696 4884 prehendendis.
737 4819 1020 4876 Secundus
1059 4822 1311 4877 zodiacus
1342 4821 1599 4887 circulus,
1637 4822 1742 4878 hoc
1769 4830 1853 4878 est

291 4905 520 4983 signifer,
570 4909 745 4980 signa,
783 4910 836 4964 id
872 4918 975 4974 εει,
1019 4910 1202 4965 stellas
1242 4917 1296 4965 et
1329 4910 1505 4966 sidera
1548 4909 1771 4966 ferendo
1800 4920 1856 4967 et

294 4998 604 5053 continendo
634 4998 828 5054 dictus.
869 4998 1116 5069 Quinque
1142 4998 1231 5053 alii
1264 4998 1451 5055 circuli
1491 4999 1733 5070 parelleli
1765 5015 1857 5053 vo-

294 5100 493 5159 cantur,
536 5093 665 5148 dieti
712 5093 815 5148 hoc
842 5092 1079 5158 nomine,
1124 5092 1267 5162 quod
1298 5106 1471 5160 neque
1514 5092 1568 5146 in
1607 5091 1858 5147 omnibus

294 5183 517 5253 aequales
565 5193 709 5249 sunt,
758 5198 936 5254 neque
972 5182 1295 5254 inaequales;
1343 5183 1409 5239 de
1445 5181 1638 5253 quibus
1675 5182 1856 5254 Virgi-

295 5274 393 5332 lius
421 5288 681 5335 memorat
710 5279 765 5334 in
791 5274 1089 5349 Georgicis.

359 5365 555 5425 Pneter
597 5372 697 5425 hos
743 5368 832 5424 alii
884 5370 989 5424 duo
1023 5376 1151 5423 sunt
1192 5366 1373 5423 Coluri
1420 5367 1615 5437 quibus
1658 5382 1856 5422 nomen

296 5455 433 5513 dedit
466 5459 781 5531 imperfecta
810 5460 1091 5515 convcrs’o
1124 5477 1137 5513 :
1176 5459 1303 5523 duo,
1350 5463 1441 5529 qui
1473 5472 1697 5513 numero
1726 5473 1858 5528 prae-

294 5546 430 5604 dicto
477 5551 929 5622 superadduntur,
982 5550 1311 5605 Meridianus
1358 5561 1413 5606 et
1471 5548 1704 5605 Horizon
1748 5564 1854 5603 non

293 5636 595 5694 scribuntur
644 5640 696 5695 in
728 5640 967 5711 sphaera,
1010 5642 1133 5712 quia
1176 5650 1385 5697 certum
1431 5641 1607 5695 locum
1653 5639 1855 5695 habere

1957 1816 2142 1869 sentit.
2173 1815 2328 1870 Plato
2355 1831 2485 1871 vero
2505 1830 2535 1869 a
2563 1816 2689 1870 luna
2720 1831 2935 1872 sursum
2956 1822 3273 1885 secundum,
3301 1822 3403 1878 hoc
3432 1832 3537 1888 est,

1955 1907 2101 1961 inter
2125 1914 2335 1976 septem
2373 1922 2404 1960 a
2437 1921 2650 1961 summo
2680 1907 2856 1962 locum
2889 1920 3100 1963 sextum
3142 1910 3311 1966 solem
3358 1920 3543 1969 tenere

1955 1994 2271 2062 confirmat,
2321 2005 2540 2051 secutus
2575 1996 2859 2069 Egyptios
2901 2001 3142 2055 omnium
3183 2002 3543 2072 philosophiae

1955 2085 2363 2156 disciplinarum
2407 2096 2684 2157 parentes,
2733 2088 2825 2158 qui
2854 2088 2927 2143 ita
2961 2089 3131 2145 solem
3170 2091 3314 2147 inter
3356 2092 3541 2148 lunam

1954 2185 2012 2232 et
2042 2175 2368 2232 Mercurium
2404 2177 2642 2233 locatum
2677 2179 2884 2235 volunt.
2929 2178 3187 2247 Quamvis
3222 2190 3403 2239 autem
3434 2184 3539 2241 ista

1952 2268 2233 2338 persuasio
2259 2267 2422 2323 Tullii
2452 2277 2508 2325 et
2531 2278 2817 2327 auctorum
2859 2271 2976 2342 ejus
2999 2273 3322 2343 quibusdam
3350 2276 3544 2333 edictis

1953 2368 2010 2415 et
2034 2360 2387 2441 credibilibus
2422 2362 2725 2419 rationibus
2753 2363 2887 2419 fulta
2913 2365 3209 2432 convaluit,
3247 2376 3303 2423 et
3327 2369 3396 2424 ab
3424 2384 3544 2424 om—

1951 2451 2113 2506 nibus
2135 2465 2275 2521 pene
2305 2452 2361 2506 in
2390 2462 2548 2508 usum
2577 2461 2792 2524 recepta
2823 2462 2927 2519 est,
2966 2455 3333 2526 perspicacior
3360 2465 3543 2512 tamen

1951 2543 2193 2600 Platonis
2213 2544 2521 2601 observatio
2547 2546 2815 2601 veriorem
2843 2547 3090 2603 ordinem
3117 2547 3537 2617 deprehendisse

1950 2634 2193 2701 videtur,
2223 2651 2388 2705 quam
2417 2644 2616 2704 praeter
2642 2636 2950 2707 indaginem
2981 2637 3132 2691 visus
3169 2638 3285 2692 haec
3318 2651 3537 2714 quoque

1952 2724 2091 2780 ratio
2118 2725 2480 2791 commendat,
2508 2727 2653 2797 quod
2687 2727 2870 2781 lunam
2899 2743 3018 2797 quae
3046 2727 3171 2784 luce
3196 2730 3417 2799 propria
3446 2744 3541 2784 ca-

1951 2821 2060 2880 ret,
2093 2815 2241 2871 etde
2267 2815 2382 2871 sole
2426 2824 2722 2881 mutuatur,
2768 2832 2992 2873 necesse
3027 2826 3111 2875 est
3146 2817 3279 2874 fonti
3316 2818 3538 2873 luminis

1949 2905 2033 2961 sui
2061 2920 2181 2962 esse
2211 2905 2538 2975 subiectam;
2572 2907 2689 2963 haec
2716 2908 2860 2963 enim
2890 2909 3030 2964 ratio
3053 2909 3233 2964 lunam
3264 2908 3391 2964 facit
3431 2924 3541 2965 non

1956 2996 2159 3053 habere
2206 2997 2387 3053 lumen
2414 2998 2716 3069 proprium,
2756 3010 2989 3054 caeteras
3021 3014 3211 3055 omnes
3237 2999 3421 3056 stellas
3461 2999 3545 3055 lu-

1879 3073 1924 3137 C
1955 3103 2082 3144 cere
2108 3104 2228 3155 suo,
2270 3090 2415 3160 quod
2445 3089 2549 3145 illae
2580 3104 2744 3161 supra
2782 3089 2951 3145 solem
2981 3090 3167 3146 locatae
3201 3092 3255 3146 in
3294 3091 3411 3163 ipso
3444 3107 3545 3161 pu-

1955 3179 2175 3234 rissimo
2215 3180 2423 3236 aethere
2446 3189 2593 3245 sunt,
2640 3180 2693 3235 in
2723 3196 2832 3251 quo
2865 3196 3027 3237 omne
3054 3182 3318 3252 quidquid
3345 3192 3448 3245 est,
3482 3191 3544 3237 ut

1956 3268 2144 3324 verbis
2169 3269 2483 3341 Philosophi
2522 3270 2732 3340 loquar,
2782 3272 2871 3326 lux
2918 3272 3181 3327 naturalis
3224 3282 3279 3326 et
3312 3289 3408 3328 sua
3436 3279 3541 3337 est,

1953 3372 2075 3429 qum
2108 3366 2220 3413 tota
2241 3374 2365 3414 cum
2394 3361 2516 3430 igne
2539 3376 2638 3415 suo
2660 3362 2735 3415 ita
2763 3364 2988 3431 sphaerae
3017 3361 3147 3417 solis
3171 3363 3453 3427 incumbit,
3482 3371 3542 3418 ut

1955 3447 2080 3504 caeli
2111 3463 2262 3503 zonae
2292 3463 2413 3517 quae
2438 3448 2627 3518 procul
2662 3463 2694 3502 a
2725 3449 2837 3504 sole
2880 3457 3006 3504 sunt
3043 3458 3301 3519 perpetuo
3341 3451 3544 3520 frigore

1954 3553 2228 3611 Oppressae
2273 3539 2413 3604 sint;
2464 3538 2589 3593 luna
2615 3554 2767 3603 vero,
2814 3541 2940 3610 quia
2982 3541 3096 3610 ipsa
3133 3541 3246 3596 sola
3291 3543 3393 3597 sub
3427 3543 3541 3599 sole

1953 3637 2074 3695 est,
2125 3638 2180 3685 et
2223 3631 2552 3685 caducorum
2590 3630 2703 3701 jam
2751 3630 2958 3700 regioni
3007 3630 3128 3686 luce
3182 3647 3279 3686 sua
3330 3634 3538 3688 carenti

1951 3720 2221 3791 proxima,
2271 3718 2453 3775 lucere
2510 3735 2618 3775 non
2674 3721 2868 3790 potuit.
2913 3721 3154 3793 Denique
3202 3723 3328 3793 quia
3377 3724 3544 3780 totius

1952 3811 2142 3867 mundi
2188 3812 2292 3866 ima
2334 3827 2459 3882 pars
2486 3820 2630 3866 terra
2669 3820 2775 3878 est,
2805 3812 3022 3867 aetheris
3056 3820 3236 3867 autem
3281 3814 3387 3868 ima
3414 3829 3543 3883 pars

1951 3901 2076 3955 luna
2106 3908 2208 3967 est,
2242 3901 2423 3955 lunam
2460 3911 2641 3958 autem
2681 3911 2885 3957 terram
2930 3902 3026 3958 sed
3060 3903 3351 3960 aetheream
3387 3920 3545 3960 voca-

1950 4001 2169 4059 verunt,
2219 3993 2513 4049 immobilis
2544 4003 2725 4050 autem
2766 4004 2824 4049 ut
2856 4004 3000 4051 terra
3038 4011 3159 4053 esse
3199 4013 3306 4052 non
3342 3997 3540 4067 potuit,

1952 4078 2077 4155 quia
2105 4085 2160 4139 in
2190 4085 2401 4155 sphaera
2443 4100 2564 4154 quae
2600 4086 2836 4141 volvitur
2864 4086 3001 4141 nihil
3036 4096 3221 4142 manet
3264 4088 3542 4143 immobile

1950 4182 2149 4244 praeter
2199 4182 2479 4239 centrum;
2536 4176 2825 4229 mundanae
2879 4185 3060 4230 autem
3112 4177 3337 4244 sphaerae
3394 4186 3541 4233 terra

1952 4276 2201 4323 centrum
2228 4276 2337 4332 est,
2370 4267 2491 4321 ideo
2515 4267 2627 4320 sola
2655 4267 2946 4322 immobilis
2970 4277 3276 4337 perseverat
3306 4286 3319 4320 :
3352 4285 3542 4326 rursus

1954 4352 2104 4413 terra
2143 4364 2369 4425 accepto
2414 4356 2545 4410 solis
2598 4356 2801 4410 lumine
2851 4356 3104 4411 clarescit
3146 4358 3538 4426 tantummodo,

1953 4462 2059 4502 non
2088 4446 2262 4512 lucet;
2301 4445 2427 4500 luna
2457 4445 2661 4514 speculi
2694 4446 2865 4500 instar
2892 4446 3073 4502 lumen
3104 4462 3211 4516 quo
3239 4447 3543 4506 illustratur

1951 4537 2171 4602 emittit,
2217 4551 2338 4605 quae
2380 4535 2627 4610 quamvis
2652 4533 2876 4591 densius
2901 4550 3100 4606 corpus
3128 4538 3200 4593 sit
3243 4552 3406 4608 quam
3434 4553 3543 4594 cae-

1950 4638 2066 4686 tera
2093 4629 2351 4691 caelestia,
2385 4638 2446 4683 ut
2483 4627 2711 4682 multum
2750 4635 2933 4684 tamen
2969 4636 3186 4685 terreno
3221 4630 3429 4700 purius,
3471 4629 3542 4687 ﬁt

1954 4733 2191 4796 acceptae
2220 4724 2325 4779 luci
2357 4722 2717 4795 penetrabile,
2769 4723 2904 4779 adeo
2932 4730 2991 4777 ut
3022 4739 3140 4778 eam
3169 4724 3234 4779 de
3262 4740 3320 4779 se
3349 4740 3540 4782 rursus

1955 4816 2190 4879 emittat,
2225 4814 2431 4869 nullum
2462 4822 2644 4868 tamen
2680 4813 2749 4866 ad
2779 4829 2877 4869 nos
2912 4811 3289 4885 praeferentem
3319 4830 3538 4871 sensum

1959 4906 2179 4971 caloris,
2231 4905 2358 4975 quia
2396 4903 2534 4959 lucis
2577 4903 2762 4959 radius
2804 4920 2927 4958 cum
2975 4904 3044 4959 ad
3072 4921 3173 4961 nos
3221 4907 3286 4961 de
3332 4907 3541 4978 origine

1962 5011 2085 5062 sua,
2122 4997 2176 5051 id
2205 5003 2310 5061 est,
2338 4995 2403 5050 de
2431 4994 2542 5050 sole
2592 4995 2858 5065 pervenit,
2900 5005 3148 5051 naturam
3191 5011 3372 5053 secum
3401 4998 3543 5069 ignis

1960 5088 2026 5143 de
2050 5102 2158 5156 quo
2181 5087 2433 5141 nascitur
2448 5086 2666 5140 devehit
2691 5102 2704 5151 ;
2746 5101 2873 5140 cum
2900 5101 3030 5141 vero
3060 5087 3115 5141 in
3156 5087 3299 5143 lunae
3342 5104 3541 5158 corpus

1958 5177 2276 5242 infunditur,
2309 5185 2365 5231 et
2405 5176 2530 5231 inde
2574 5177 2899 5246 resplendet,
2928 5178 3098 5234 solam
3122 5179 3359 5235 refundit
3378 5178 3541 5234 clari-

1958 5266 2202 5321 tudinem
2235 5307 2250 5334 ,
2304 5281 2412 5322 non
2469 5267 2705 5322 calorem
2748 5286 2760 5321 :
2798 5283 2924 5322 nam
2974 5278 3030 5324 et
3081 5270 3353 5339 speculum
3415 5282 3540 5323 eum

1957 5362 2299 5436 Splendorem
2322 5364 2387 5419 de
2427 5377 2485 5418 se
2512 5362 2565 5416 vi
2597 5361 2829 5433 oppositi
2856 5364 3067 5417 eminus
3106 5362 3246 5431 ignis
3274 5358 3536 5424 immittit,

1958 5453 2131 5509 solam
2180 5451 2319 5523 ignis
2362 5452 2775 5519 similitudinem
2814 5458 3091 5507 carentem
3141 5462 3301 5504 sensu
3344 5445 3542 5505 caloris

1956 5546 2215 5603 ostendit.

2027 5636 2123 5693 llis
2150 5637 2279 5694 illud
2314 5637 2674 5709 adjiciendum
2701 5645 2805 5703 est,
2830 5643 3027 5706 praeter
3056 5632 3228 5690 solem
3250 5642 3305 5691 et
3332 5634 3541 5705 lunam,
