  <div class='ocr_page' id='page_1' title='image "/cluster/home/n/w/nwhite01/storage/ocr_20150623/105/hvd.32044054759709/231.png"; bbox 0 0 3838 6144; ppageno 0'>
   <div class='ocr_carea' id='block_1_1' title="bbox 338 192 440 251">
    <p class='ocr_par' dir='ltr' id='par_1_1' title="bbox 338 192 440 251">
     <span class='ocr_line' id='line_1_1' title="bbox 338 192 440 251; baseline 0.01 -1"><span class='ocrx_word' id='word_1_1' title='bbox 338 192 440 251; x_wconf 66' lang='grc'><strong>451</strong></span> 
     </span>
    </p>
   </div>
   <div class='ocr_carea' id='block_1_2' title="bbox 1628 177 2272 239">
    <p class='ocr_par' dir='ltr' id='par_1_2' title="bbox 1628 177 2272 239">
     <span class='ocr_line' id='line_1_2' title="bbox 1628 177 2272 239; baseline -0.003 -1"><span class='ocrx_word' id='word_1_2' title='bbox 1628 178 1934 239; x_wconf 75' lang='lat' dir='ltr'><strong>DUNGALI</strong></span> <span class='ocrx_word' id='word_1_3' title='bbox 1971 177 2272 237; x_wconf 74' lang='lat' dir='ltr'><strong>RECLUSI</strong></span> 
     </span>
    </p>
   </div>
   <div class='ocr_carea' id='block_1_3' title="bbox 3483 193 3573 252">
    <p class='ocr_par' dir='ltr' id='par_1_3' title="bbox 3483 193 3573 252">
     <span class='ocr_line' id='line_1_3' title="bbox 3483 193 3573 252; baseline 0 0"><span class='ocrx_word' id='word_1_4' title='bbox 3483 193 3573 252; x_wconf 68' lang='lat'><strong>453</strong></span> 
     </span>
    </p>
   </div>
   <div class='ocr_carea' id='block_1_4' title="bbox 338 248 3574 373">
    <p class='ocr_par' dir='ltr' id='par_1_4' title="bbox 338 248 3574 373">
     <span class='ocr_line' id='line_1_4' title="bbox 338 248 3574 373; baseline -0.003 -10"><span class='ocrx_word' id='word_1_5' title='bbox 338 248 398 366; x_wconf 80' lang='lat' dir='ltr'><strong>et</strong></span> <span class='ocrx_word' id='word_1_6' title='bbox 418 248 624 363; x_wconf 67' lang='lat' dir='ltr'><strong>stellas</strong></span> <span class='ocrx_word' id='word_1_7' title='bbox 650 301 891 373; x_wconf 89' lang='lat' dir='ltr'><strong>quinque</strong></span> <span class='ocrx_word' id='word_1_8' title='bbox 936 312 1057 362; x_wconf 74' lang='lat' dir='ltr'><strong>una:</strong></span> <span class='ocrx_word' id='word_1_9' title='bbox 1092 248 1434 366; x_wconf 65' lang='lat' dir='ltr'><strong>appellantur</strong></span> <span class='ocrx_word' id='word_1_10' title='bbox 1470 302 1644 362; x_wconf 60' lang='lat' dir='ltr'><strong>vaga,</strong></span> <span class='ocrx_word' id='word_1_11' title='bbox 1686 288 1925 359; x_wconf 88' lang='lat' dir='ltr'><strong>reliquas</strong></span> <span class='ocrx_word' id='word_1_12' title='bbox 1952 289 2005 350; x_wconf 84' lang='grc' dir='ltr'>Α</span> <span class='ocrx_word' id='word_1_13' title='bbox 2029 301 2245 363; x_wconf 85' lang='lat' dir='ltr'><strong>quoque</strong></span> <span class='ocrx_word' id='word_1_14' title='bbox 2273 287 2389 359; x_wconf 90' lang='lat' dir='ltr'><strong>ipse</strong></span> <span class='ocrx_word' id='word_1_15' title='bbox 2416 302 2525 343; x_wconf 92' lang='lat' dir='ltr'><strong>non</strong></span> <span class='ocrx_word' id='word_1_16' title='bbox 2568 288 2730 345; x_wconf 89' lang='lat' dir='ltr'><strong>aliter</strong></span> <span class='ocrx_word' id='word_1_17' title='bbox 2754 304 2916 359; x_wconf 89' lang='lat' dir='ltr'><strong>qnam</strong></span> <span class='ocrx_word' id='word_1_18' title='bbox 2945 290 3016 345; x_wconf 90' lang='lat' dir='ltr'><strong>ab</strong></span> <span class='ocrx_word' id='word_1_19' title='bbox 3042 304 3242 350; x_wconf 81' lang='lat' dir='ltr'><strong>occasu</strong></span> <span class='ocrx_word' id='word_1_20' title='bbox 3264 296 3315 352; x_wconf 91' lang='lat' dir='ltr'><strong>in</strong></span> <span class='ocrx_word' id='word_1_21' title='bbox 3343 248 3574 362; x_wconf 49' lang='lat' dir='ltr'><strong>orientem</strong></span> 
     </span>
    </p>
   </div>
   <div class='ocr_carea' id='block_1_5' title="bbox 340 377 1927 453">
    <p class='ocr_par' dir='ltr' id='par_1_5' title="bbox 340 377 1927 453">
     <span class='ocr_line' id='line_1_5' title="bbox 340 377 1927 453; baseline -0.013 0"><span class='ocrx_word' id='word_1_22' title='bbox 340 410 534 453; x_wconf 90' lang='lat' dir='ltr'><strong>omnes</strong></span> <span class='ocrx_word' id='word_1_23' title='bbox 558 393 694 448; x_wconf 91' lang='lat' dir='ltr'><strong>alias</strong></span> <span class='ocrx_word' id='word_1_24' title='bbox 719 391 913 446; x_wconf 85' lang='lat' dir='ltr'><strong>inﬁxas</strong></span> <span class='ocrx_word' id='word_1_25' title='bbox 940 387 1101 451; x_wconf 74' lang='lat' dir='ltr'><strong>cmlo,</strong></span> <span class='ocrx_word' id='word_1_26' title='bbox 1131 400 1232 439; x_wconf 66' lang='lat' dir='ltr'><strong>nec</strong></span> <span class='ocrx_word' id='word_1_27' title='bbox 1252 383 1359 438; x_wconf 83' lang='lat' dir='ltr'><strong>nisi</strong></span> <span class='ocrx_word' id='word_1_28' title='bbox 1387 396 1510 437; x_wconf 91' lang='lat' dir='ltr'><strong>cum</strong></span> <span class='ocrx_word' id='word_1_29' title='bbox 1537 378 1676 435; x_wconf 65' lang='lat' dir='ltr'><strong>caelo</strong></span> <span class='ocrx_word' id='word_1_30' title='bbox 1701 377 1927 434; x_wconf 87' lang='lat' dir='ltr'><strong>moveri.</strong></span> 
     </span>
    </p>
   </div>
   <div class='ocr_carea' id='block_1_6' title="bbox 341 472 1933 559">
    <p class='ocr_par' dir='ltr' id='par_1_6' title="bbox 341 472 1933 559">
     <span class='ocr_line' id='line_1_6' title="bbox 341 472 1933 559; baseline -0.013 -12"><span class='ocrx_word' id='word_1_31' title='bbox 341 491 470 557; x_wconf 81' lang='lat' dir='ltr'><strong>Alii,</strong></span> <span class='ocrx_word' id='word_1_32' title='bbox 498 502 727 559; x_wconf 90' lang='lat' dir='ltr'><strong>quorum</strong></span> <span class='ocrx_word' id='word_1_33' title='bbox 766 483 998 539; x_wconf 77' lang='lat' dir='ltr'><strong>assertio</strong></span> <span class='ocrx_word' id='word_1_34' title='bbox 1024 494 1153 535; x_wconf 90' lang='lat' dir='ltr'><strong>vero</strong></span> <span class='ocrx_word' id='word_1_35' title='bbox 1196 476 1420 548; x_wconf 82' lang='lat' dir='ltr'><strong>propior</strong></span> <span class='ocrx_word' id='word_1_36' title='bbox 1439 481 1542 540; x_wconf 90' lang='lat' dir='ltr'><strong>est,</strong></span> <span class='ocrx_word' id='word_1_37' title='bbox 1589 472 1690 528; x_wconf 89' lang='lat' dir='ltr'><strong>has</strong></span> <span class='ocrx_word' id='word_1_38' title='bbox 1716 484 1933 542; x_wconf 88' lang='lat' dir='ltr'><strong>quoque</strong></span> 
     </span>
    </p>
   </div>
   <div class='ocr_carea' id='block_1_7' title="bbox 344 565 1932 643">
    <p class='ocr_par' dir='ltr' id='par_1_7' title="bbox 344 565 1932 643">
     <span class='ocr_line' id='line_1_7' title="bbox 344 565 1932 643; baseline -0.016 -3"><span class='ocrx_word' id='word_1_39' title='bbox 344 585 599 640; x_wconf 83' lang='lat' dir='ltr'><strong>dixerunt</strong></span> <span class='ocrx_word' id='word_1_40' title='bbox 628 592 726 635; x_wconf 89' lang='lat' dir='ltr'><strong>suo</strong></span> <span class='ocrx_word' id='word_1_41' title='bbox 752 583 900 631; x_wconf 92' lang='lat' dir='ltr'><strong>motu</strong></span> <span class='ocrx_word' id='word_1_42' title='bbox 920 614 936 639; x_wconf 95' lang='lat'><strong>,</strong></span> <span class='ocrx_word' id='word_1_43' title='bbox 985 580 1184 643; x_wconf 83' lang='lat' dir='ltr'><strong>praeter</strong></span> <span class='ocrx_word' id='word_1_44' title='bbox 1215 568 1360 640; x_wconf 89' lang='lat' dir='ltr'><strong>quod</strong></span> <span class='ocrx_word' id='word_1_45' title='bbox 1389 582 1511 623; x_wconf 90' lang='lat' dir='ltr'><strong>cum</strong></span> <span class='ocrx_word' id='word_1_46' title='bbox 1550 565 1673 620; x_wconf 64' lang='lat' dir='ltr'><strong>coeli</strong></span> <span class='ocrx_word' id='word_1_47' title='bbox 1700 578 1932 620; x_wconf 88' lang='lat' dir='ltr'><strong>conver-</strong></span> 
     </span>
    </p>
   </div>
   <div class='ocr_carea' id='block_1_8' title="bbox 346 654 1933 731">
    <p class='ocr_par' dir='ltr' id='par_1_8' title="bbox 346 654 1933 731">
     <span class='ocr_line' id='line_1_8' title="bbox 346 654 1933 731; baseline -0.014 -2"><span class='ocrx_word' id='word_1_48' title='bbox 346 673 499 729; x_wconf 88' lang='lat' dir='ltr'><strong>sione</strong></span> <span class='ocrx_word' id='word_1_49' title='bbox 527 666 794 731; x_wconf 82' lang='lat' dir='ltr'><strong>feruntur,</strong></span> <span class='ocrx_word' id='word_1_50' title='bbox 826 662 1105 726; x_wconf 84' lang='lat' dir='ltr'><strong>accedere,</strong></span> <span class='ocrx_word' id='word_1_51' title='bbox 1136 659 1231 715; x_wconf 90' lang='lat' dir='ltr'><strong>sed</strong></span> <span class='ocrx_word' id='word_1_52' title='bbox 1260 664 1484 729; x_wconf 77' lang='lat' dir='ltr'><strong>propter</strong></span> <span class='ocrx_word' id='word_1_53' title='bbox 1511 654 1933 711; x_wconf 89' lang='lat' dir='ltr'><strong>immensitatem</strong></span> 
     </span>
    </p>
   </div>
   <div class='ocr_carea' id='block_1_9' title="bbox 346 740 1934 828">
    <p class='ocr_par' dir='ltr' id='par_1_9' title="bbox 346 740 1934 828">
     <span class='ocr_line' id='line_1_9' title="bbox 346 740 1934 828; baseline -0.013 -12"><span class='ocrx_word' id='word_1_54' title='bbox 346 759 533 816; x_wconf 81' lang='lat' dir='ltr'><strong>extimi</strong></span> <span class='ocrx_word' id='word_1_55' title='bbox 560 755 701 828; x_wconf 93' lang='lat' dir='ltr'><strong>globi</strong></span> <span class='ocrx_word' id='word_1_56' title='bbox 730 750 1047 809; x_wconf 75' lang='lat' dir='ltr'><strong>excedentia</strong></span> <span class='ocrx_word' id='word_1_57' title='bbox 1076 746 1395 804; x_wconf 86' lang='lat' dir='ltr'><strong>credibilem</strong></span> <span class='ocrx_word' id='word_1_58' title='bbox 1425 759 1710 801; x_wconf 87' lang='lat' dir='ltr'><strong>numerum</strong></span> <span class='ocrx_word' id='word_1_59' title='bbox 1737 740 1934 798; x_wconf 75' lang='lat' dir='ltr'><strong>saecula</strong></span> 
     </span>
    </p>
   </div>
   <div class='ocr_carea' id='block_1_10' title="bbox 346 835 1935 905">
    <p class='ocr_par' dir='ltr' id='par_1_10' title="bbox 346 835 1935 905">
     <span class='ocr_line' id='line_1_10' title="bbox 346 835 1935 905; baseline -0.011 0"><span class='ocrx_word' id='word_1_60' title='bbox 346 848 515 905; x_wconf 91' lang='lat' dir='ltr'><strong>multa</strong></span> <span class='ocrx_word' id='word_1_61' title='bbox 540 862 647 902; x_wconf 90' lang='lat' dir='ltr'><strong>una</strong></span> <span class='ocrx_word' id='word_1_62' title='bbox 677 859 872 900; x_wconf 87' lang='lat' dir='ltr'><strong>cursus</strong></span> <span class='ocrx_word' id='word_1_63' title='bbox 893 842 977 898; x_wconf 90' lang='lat' dir='ltr'><strong>sui</strong></span> <span class='ocrx_word' id='word_1_64' title='bbox 1019 839 1315 897; x_wconf 77' lang='lat' dir='ltr'><strong>ambitione</strong></span> <span class='ocrx_word' id='word_1_65' title='bbox 1349 851 1690 904; x_wconf 89' lang='lat' dir='ltr'><strong>consumere,</strong></span> <span class='ocrx_word' id='word_1_66' title='bbox 1721 844 1776 890; x_wconf 89' lang='lat' dir='ltr'><strong>et</strong></span> <span class='ocrx_word' id='word_1_67' title='bbox 1813 835 1935 890; x_wconf 91' lang='lat' dir='ltr'><strong>ideo</strong></span> 
     </span>
    </p>
   </div>
   <div class='ocr_carea' id='block_1_11' title="bbox 347 930 1935 996">
    <p class='ocr_par' dir='ltr' id='par_1_11' title="bbox 347 930 1935 996">
     <span class='ocr_line' id='line_1_11' title="bbox 347 930 1935 996; baseline -0.009 -1"><span class='ocrx_word' id='word_1_68' title='bbox 347 940 549 996; x_wconf 90' lang='lat' dir='ltr'><strong>nullum</strong></span> <span class='ocrx_word' id='word_1_69' title='bbox 578 953 768 994; x_wconf 89' lang='lat' dir='ltr'><strong>earum</strong></span> <span class='ocrx_word' id='word_1_70' title='bbox 796 943 1003 992; x_wconf 92' lang='lat' dir='ltr'><strong>motum</strong></span> <span class='ocrx_word' id='word_1_71' title='bbox 1039 935 1110 989; x_wconf 90' lang='lat' dir='ltr'><strong>ab</strong></span> <span class='ocrx_word' id='word_1_72' title='bbox 1147 932 1369 987; x_wconf 87' lang='lat' dir='ltr'><strong>homine</strong></span> <span class='ocrx_word' id='word_1_73' title='bbox 1400 930 1624 994; x_wconf 90' lang='lat' dir='ltr'><strong>sentiri;</strong></span> <span class='ocrx_word' id='word_1_74' title='bbox 1672 943 1797 983; x_wconf 91' lang='lat' dir='ltr'><strong>cum</strong></span> <span class='ocrx_word' id='word_1_75' title='bbox 1826 942 1935 982; x_wconf 92' lang='lat' dir='ltr'><strong>non</strong></span> 
     </span>
    </p>
   </div>
   <div class='ocr_carea' id='block_1_12' title="bbox 346 1018 1937 1095">
    <p class='ocr_par' dir='ltr' id='par_1_12' title="bbox 346 1018 1937 1095">
     <span class='ocr_line' id='line_1_12' title="bbox 346 1018 1937 1095; baseline -0.01 -8"><span class='ocrx_word' id='word_1_76' title='bbox 346 1029 579 1087; x_wconf 78' lang='lat' dir='ltr'><strong>suiliciat</strong></span> <span class='ocrx_word' id='word_1_77' title='bbox 608 1029 856 1084; x_wconf 70' lang='lat' dir='ltr'><strong>humana:</strong></span> <span class='ocrx_word' id='word_1_78' title='bbox 889 1027 1015 1080; x_wconf 71' lang='lat' dir='ltr'><strong>vitae</strong></span> <span class='ocrx_word' id='word_1_79' title='bbox 1038 1024 1272 1095; x_wconf 86' lang='lat' dir='ltr'><strong>spatium</strong></span> <span class='ocrx_word' id='word_1_80' title='bbox 1298 1022 1365 1077; x_wconf 89' lang='lat' dir='ltr'><strong>ad</strong></span> <span class='ocrx_word' id='word_1_81' title='bbox 1394 1022 1561 1076; x_wconf 87' lang='lat' dir='ltr'><strong>breve</strong></span> <span class='ocrx_word' id='word_1_82' title='bbox 1582 1018 1774 1074; x_wconf 89' lang='lat' dir='ltr'><strong>saltem</strong></span> <span class='ocrx_word' id='word_1_83' title='bbox 1801 1034 1937 1088; x_wconf 91' lang='lat' dir='ltr'><strong>pun-</strong></span> 
     </span>
    </p>
   </div>
   <div class='ocr_carea' id='block_1_13' title="bbox 346 1107 1935 1181">
    <p class='ocr_par' dir='ltr' id='par_1_13' title="bbox 346 1107 1935 1181">
     <span class='ocr_line' id='line_1_13' title="bbox 346 1107 1935 1181; baseline -0.009 -5"><span class='ocrx_word' id='word_1_84' title='bbox 346 1130 495 1177; x_wconf 90' lang='lat' dir='ltr'><strong>ctum</strong></span> <span class='ocrx_word' id='word_1_85' title='bbox 523 1128 633 1174; x_wconf 85' lang='lat' dir='ltr'><strong>tam</strong></span> <span class='ocrx_word' id='word_1_86' title='bbox 665 1117 831 1173; x_wconf 66' lang='lat' dir='ltr'><strong>tardae</strong></span> <span class='ocrx_word' id='word_1_87' title='bbox 856 1113 1184 1171; x_wconf 86' lang='lat' dir='ltr'><strong>accessionis</strong></span> <span class='ocrx_word' id='word_1_88' title='bbox 1203 1109 1728 1181; x_wconf 83' lang='lat' dir='ltr'><strong>deprehendendum.</strong></span> <span class='ocrx_word' id='word_1_89' title='bbox 1755 1107 1935 1164; x_wconf 88' lang='lat' dir='ltr'><strong>Solem</strong></span> 
     </span>
    </p>
   </div>
   <div class='ocr_carea' id='block_1_14' title="bbox 348 1200 1937 1274">
    <p class='ocr_par' dir='ltr' id='par_1_14' title="bbox 348 1200 1937 1274">
     <span class='ocr_line' id='line_1_14' title="bbox 348 1200 1937 1274; baseline -0.008 -8"><span class='ocrx_word' id='word_1_90' title='bbox 348 1220 534 1267; x_wconf 88' lang='lat' dir='ltr'><strong>autem</strong></span> <span class='ocrx_word' id='word_1_91' title='bbox 560 1224 626 1265; x_wconf 89' lang='lat' dir='ltr'><strong>ac</strong></span> <span class='ocrx_word' id='word_1_92' title='bbox 645 1208 828 1263; x_wconf 88' lang='lat' dir='ltr'><strong>lunam</strong></span> <span class='ocrx_word' id='word_1_93' title='bbox 858 1215 912 1264; x_wconf 93' lang='lat' dir='ltr'><strong>et</strong></span> <span class='ocrx_word' id='word_1_94' title='bbox 937 1204 1126 1261; x_wconf 87' lang='lat' dir='ltr'><strong>stellas</strong></span> <span class='ocrx_word' id='word_1_95' title='bbox 1151 1202 1413 1274; x_wconf 91' lang='lat' dir='ltr'><strong>quinque,</strong></span> <span class='ocrx_word' id='word_1_96' title='bbox 1438 1200 1634 1273; x_wconf 84' lang='lat' dir='ltr'><strong>quibus</strong></span> <span class='ocrx_word' id='word_1_97' title='bbox 1656 1200 1725 1253; x_wconf 91' lang='lat' dir='ltr'><strong>ab</strong></span> <span class='ocrx_word' id='word_1_98' title='bbox 1750 1212 1937 1254; x_wconf 91' lang='lat' dir='ltr'><strong>errore</strong></span> 
     </span>
    </p>
   </div>
   <div class='ocr_carea' id='block_1_15' title="bbox 347 1289 1938 1370">
    <p class='ocr_par' dir='ltr' id='par_1_15' title="bbox 347 1289 1938 1370">
     <span class='ocr_line' id='line_1_15' title="bbox 347 1289 1938 1370; baseline -0.009 -13"><span class='ocrx_word' id='word_1_99' title='bbox 347 1317 572 1366; x_wconf 86' lang='lat' dir='ltr'><strong>nomen,</strong></span> <span class='ocrx_word' id='word_1_100' title='bbox 615 1307 819 1370; x_wconf 63' lang='lat' dir='ltr'><strong>praeter</strong></span> <span class='ocrx_word' id='word_1_101' title='bbox 843 1296 987 1367; x_wconf 87' lang='lat' dir='ltr'><strong>quod</strong></span> <span class='ocrx_word' id='word_1_102' title='bbox 1016 1308 1203 1350; x_wconf 86' lang='lat' dir='ltr'><strong>secum</strong></span> <span class='ocrx_word' id='word_1_103' title='bbox 1232 1291 1399 1346; x_wconf 88' lang='lat' dir='ltr'><strong>trahit</strong></span> <span class='ocrx_word' id='word_1_104' title='bbox 1427 1290 1496 1346; x_wconf 88' lang='lat' dir='ltr'><strong>ab</strong></span> <span class='ocrx_word' id='word_1_105' title='bbox 1535 1298 1658 1344; x_wconf 91' lang='lat' dir='ltr'><strong>ortu</strong></span> <span class='ocrx_word' id='word_1_106' title='bbox 1688 1289 1742 1344; x_wconf 88' lang='lat' dir='ltr'><strong>in</strong></span> <span class='ocrx_word' id='word_1_107' title='bbox 1778 1303 1938 1344; x_wconf 84' lang='lat' dir='ltr'><strong>occa-</strong></span> 
     </span>
    </p>
   </div>
   <div class='ocr_carea' id='block_1_16' title="bbox 350 1379 1937 1452">
    <p class='ocr_par' dir='ltr' id='par_1_16' title="bbox 350 1379 1937 1452">
     <span class='ocr_line' id='line_1_16' title="bbox 350 1379 1937 1452; baseline -0.009 -4"><span class='ocrx_word' id='word_1_108' title='bbox 350 1409 472 1449; x_wconf 89' lang='lat' dir='ltr'><strong>sum</strong></span> <span class='ocrx_word' id='word_1_109' title='bbox 499 1391 621 1447; x_wconf 67' lang='lat' dir='ltr'><strong>coeli</strong></span> <span class='ocrx_word' id='word_1_110' title='bbox 656 1390 848 1444; x_wconf 89' lang='lat' dir='ltr'><strong>diurna</strong></span> <span class='ocrx_word' id='word_1_111' title='bbox 879 1385 1186 1449; x_wconf 84' lang='lat' dir='ltr'><strong>conversio,</strong></span> <span class='ocrx_word' id='word_1_112' title='bbox 1227 1384 1343 1452; x_wconf 88' lang='lat' dir='ltr'><strong>ipsa</strong></span> <span class='ocrx_word' id='word_1_113' title='bbox 1372 1396 1472 1437; x_wconf 92' lang='lat' dir='ltr'><strong>suo</strong></span> <span class='ocrx_word' id='word_1_114' title='bbox 1496 1389 1646 1436; x_wconf 90' lang='lat' dir='ltr'><strong>motu</strong></span> <span class='ocrx_word' id='word_1_115' title='bbox 1674 1380 1726 1434; x_wconf 89' lang='lat' dir='ltr'><strong>in</strong></span> <span class='ocrx_word' id='word_1_116' title='bbox 1757 1379 1937 1434; x_wconf 90' lang='lat' dir='ltr'><strong>orien-</strong></span> 
     </span>
    </p>
   </div>
   <div class='ocr_carea' id='block_1_17' title="bbox 350 1471 1937 1551">
    <p class='ocr_par' dir='ltr' id='par_1_17' title="bbox 350 1471 1937 1551">
     <span class='ocr_line' id='line_1_17' title="bbox 350 1471 1937 1551; baseline -0.008 -12"><span class='ocrx_word' id='word_1_117' title='bbox 350 1493 459 1539; x_wconf 88' lang='lat' dir='ltr'><strong>tem</strong></span> <span class='ocrx_word' id='word_1_118' title='bbox 487 1483 554 1537; x_wconf 92' lang='lat' dir='ltr'><strong>ab</strong></span> <span class='ocrx_word' id='word_1_119' title='bbox 581 1481 862 1537; x_wconf 86' lang='lat' dir='ltr'><strong>occidente</strong></span> <span class='ocrx_word' id='word_1_120' title='bbox 907 1477 1220 1551; x_wconf 88' lang='lat' dir='ltr'><strong>procedere,</strong></span> <span class='ocrx_word' id='word_1_121' title='bbox 1259 1473 1597 1545; x_wconf 76' lang='lat' dir='ltr'><strong>argumentis</strong></span> <span class='ocrx_word' id='word_1_122' title='bbox 1635 1471 1704 1526; x_wconf 91' lang='lat' dir='ltr'><strong>ad</strong></span> <span class='ocrx_word' id='word_1_123' title='bbox 1748 1485 1937 1526; x_wconf 89' lang='lat' dir='ltr'><strong>verum</strong></span> 
     </span>
    </p>
   </div>
   <div class='ocr_carea' id='block_1_18' title="bbox 352 1564 1935 1643">
    <p class='ocr_par' dir='ltr' id='par_1_18' title="bbox 352 1564 1935 1643">
     <span class='ocr_line' id='line_1_18' title="bbox 352 1564 1935 1643; baseline -0.008 -12"><span class='ocrx_word' id='word_1_124' title='bbox 352 1576 676 1632; x_wconf 88' lang='lat' dir='ltr'><strong>ducentibus</strong></span> <span class='ocrx_word' id='word_1_125' title='bbox 700 1572 1085 1643; x_wconf 86' lang='lat' dir='ltr'><strong>comprobatur</strong></span> <span class='ocrx_word' id='word_1_126' title='bbox 1111 1609 1128 1634; x_wconf 89' lang='lat'><strong>,</strong></span> <span class='ocrx_word' id='word_1_127' title='bbox 1151 1566 1358 1623; x_wconf 86' lang='lat' dir='ltr'><strong>moveri</strong></span> <span class='ocrx_word' id='word_1_128' title='bbox 1383 1566 1527 1621; x_wconf 90' lang='lat' dir='ltr'><strong>enim</strong></span> <span class='ocrx_word' id='word_1_129' title='bbox 1556 1564 1802 1636; x_wconf 71' lang='lat' dir='ltr'><strong>coeloque</strong></span> <span class='ocrx_word' id='word_1_130' title='bbox 1827 1577 1935 1619; x_wconf 91' lang='lat' dir='ltr'><strong>non</strong></span> 
     </span>
    </p>
   </div>
   <div class='ocr_carea' id='block_1_19' title="bbox 350 1654 1938 1722">
    <p class='ocr_par' dir='ltr' id='par_1_19' title="bbox 350 1654 1938 1722">
     <span class='ocr_line' id='line_1_19' title="bbox 350 1654 1938 1722; baseline -0.007 -2"><span class='ocrx_word' id='word_1_131' title='bbox 350 1680 471 1722; x_wconf 89' lang='lat' dir='ltr'><strong>esse</strong></span> <span class='ocrx_word' id='word_1_132' title='bbox 500 1664 696 1720; x_wconf 85' lang='lat' dir='ltr'><strong>inﬁxas</strong></span> <span class='ocrx_word' id='word_1_133' title='bbox 726 1671 781 1718; x_wconf 90' lang='lat' dir='ltr'><strong>et</strong></span> <span class='ocrx_word' id='word_1_134' title='bbox 802 1663 953 1717; x_wconf 90' lang='lat' dir='ltr'><strong>visus</strong></span> <span class='ocrx_word' id='word_1_135' title='bbox 982 1668 1038 1716; x_wconf 94' lang='lat' dir='ltr'><strong>et</strong></span> <span class='ocrx_word' id='word_1_136' title='bbox 1063 1659 1202 1714; x_wconf 90' lang='lat' dir='ltr'><strong>ratio</strong></span> <span class='ocrx_word' id='word_1_137' title='bbox 1228 1656 1496 1722; x_wconf 80' lang='lat' dir='ltr'><strong>afﬁrmat,</strong></span> <span class='ocrx_word' id='word_1_138' title='bbox 1525 1655 1653 1710; x_wconf 91' lang='lat' dir='ltr'><strong>dum</strong></span> <span class='ocrx_word' id='word_1_139' title='bbox 1683 1654 1844 1711; x_wconf 91' lang='lat' dir='ltr'><strong>modo</strong></span> <span class='ocrx_word' id='word_1_140' title='bbox 1881 1655 1938 1709; x_wconf 91' lang='lat' dir='ltr'><strong>in</strong></span> 
     </span>
    </p>
   </div>
   <div class='ocr_carea' id='block_1_20' title="bbox 352 1747 1939 1821">
    <p class='ocr_par' dir='ltr' id='par_1_20' title="bbox 352 1747 1939 1821">
     <span class='ocr_line' id='line_1_20' title="bbox 352 1747 1939 1821; baseline -0.007 -11"><span class='ocrx_word' id='word_1_141' title='bbox 352 1754 474 1818; x_wconf 89' lang='lat' dir='ltr'><strong>hac,</strong></span> <span class='ocrx_word' id='word_1_142' title='bbox 501 1754 662 1810; x_wconf 85' lang='lat' dir='ltr'><strong>modo</strong></span> <span class='ocrx_word' id='word_1_143' title='bbox 683 1754 737 1807; x_wconf 90' lang='lat' dir='ltr'><strong>in</strong></span> <span class='ocrx_word' id='word_1_144' title='bbox 767 1752 855 1808; x_wconf 89' lang='lat' dir='ltr'><strong>illa</strong></span> <span class='ocrx_word' id='word_1_145' title='bbox 882 1751 1004 1813; x_wconf 76' lang='lat' dir='ltr'><strong>cteli</strong></span> <span class='ocrx_word' id='word_1_146' title='bbox 1032 1750 1251 1821; x_wconf 78' lang='lat' dir='ltr'><strong>regione</strong></span> <span class='ocrx_word' id='word_1_147' title='bbox 1275 1747 1544 1811; x_wconf 89' lang='lat' dir='ltr'><strong>visuntur,</strong></span> <span class='ocrx_word' id='word_1_148' title='bbox 1567 1752 1622 1801; x_wconf 90' lang='lat' dir='ltr'><strong>et</strong></span> <span class='ocrx_word' id='word_1_149' title='bbox 1651 1759 1795 1816; x_wconf 64' lang='lat' dir='ltr'><strong>saepe</strong></span> <span class='ocrx_word' id='word_1_150' title='bbox 1815 1759 1939 1801; x_wconf 91' lang='lat' dir='ltr'><strong>cum</strong></span> 
     </span>
    </p>
   </div>
   <div class='ocr_carea' id='block_1_21' title="bbox 353 1834 1939 1912">
    <p class='ocr_par' dir='ltr' id='par_1_21' title="bbox 353 1834 1939 1912">
     <span class='ocr_line' id='line_1_21' title="bbox 353 1834 1939 1912; baseline -0.006 -13"><span class='ocrx_word' id='word_1_151' title='bbox 353 1843 409 1899; x_wconf 96' lang='lat' dir='ltr'><strong>in</strong></span> <span class='ocrx_word' id='word_1_152' title='bbox 455 1860 617 1899; x_wconf 87' lang='lat' dir='ltr'><strong>unum</strong></span> <span class='ocrx_word' id='word_1_153' title='bbox 668 1845 787 1898; x_wconf 72' lang='lat' dir='ltr'><strong>dua:</strong></span> <span class='ocrx_word' id='word_1_154' title='bbox 822 1840 1072 1912; x_wconf 87' lang='lat' dir='ltr'><strong>pluresve</strong></span> <span class='ocrx_word' id='word_1_155' title='bbox 1117 1837 1501 1902; x_wconf 88' lang='lat' dir='ltr'><strong>convenerint,</strong></span> <span class='ocrx_word' id='word_1_156' title='bbox 1547 1843 1603 1892; x_wconf 87' lang='lat' dir='ltr'><strong>et</strong></span> <span class='ocrx_word' id='word_1_157' title='bbox 1648 1851 1680 1891; x_wconf 93' lang='lat' dir='ltr'><strong>a</strong></span> <span class='ocrx_word' id='word_1_158' title='bbox 1718 1835 1837 1891; x_wconf 90' lang='lat' dir='ltr'><strong>loco</strong></span> <span class='ocrx_word' id='word_1_159' title='bbox 1882 1834 1939 1890; x_wconf 89' lang='lat' dir='ltr'><strong>in</strong></span> 
     </span>
    </p>
   </div>
   <div class='ocr_carea' id='block_1_22' title="bbox 353 1932 1937 2005">
    <p class='ocr_par' dir='ltr' id='par_1_22' title="bbox 353 1932 1937 2005">
     <span class='ocr_line' id='line_1_22' title="bbox 353 1932 1937 2005; baseline -0.005 -17"><span class='ocrx_word' id='word_1_160' title='bbox 353 1949 462 2005; x_wconf 91' lang='lat' dir='ltr'><strong>quo</strong></span> <span class='ocrx_word' id='word_1_161' title='bbox 501 1932 661 1990; x_wconf 90' lang='lat' dir='ltr'><strong>simul</strong></span> <span class='ocrx_word' id='word_1_162' title='bbox 698 1934 827 1988; x_wconf 73' lang='lat' dir='ltr'><strong>visze</strong></span> <span class='ocrx_word' id='word_1_163' title='bbox 870 1940 1026 1997; x_wconf 91' lang='lat' dir='ltr'><strong>sunt,</strong></span> <span class='ocrx_word' id='word_1_164' title='bbox 1082 1939 1195 1986; x_wconf 91' lang='lat' dir='ltr'><strong>eta</strong></span> <span class='ocrx_word' id='word_1_165' title='bbox 1236 1944 1296 1985; x_wconf 92' lang='lat' dir='ltr'><strong>se</strong></span> <span class='ocrx_word' id='word_1_166' title='bbox 1340 1937 1531 2001; x_wconf 87' lang='lat' dir='ltr'><strong>postea</strong></span> <span class='ocrx_word' id='word_1_167' title='bbox 1577 1934 1937 1997; x_wconf 87' lang='lat' dir='ltr'><strong>separantur,</strong></span> 
     </span>
    </p>
   </div>
   <div class='ocr_carea' id='block_1_23' title="bbox 350 2016 1940 2096">
    <p class='ocr_par' dir='ltr' id='par_1_23' title="bbox 350 2016 1940 2096">
     <span class='ocr_line' id='line_1_23' title="bbox 350 2016 1940 2096; baseline -0.003 -17"><span class='ocrx_word' id='word_1_168' title='bbox 350 2024 496 2096; x_wconf 91' lang='lat' dir='ltr'><strong>quod</strong></span> <span class='ocrx_word' id='word_1_169' title='bbox 530 2022 711 2078; x_wconf 82' lang='lat' dir='ltr'><strong>inﬁxae</strong></span> <span class='ocrx_word' id='word_1_170' title='bbox 736 2022 907 2077; x_wconf 73' lang='lat' dir='ltr'><strong>stellm</strong></span> <span class='ocrx_word' id='word_1_171' title='bbox 936 2037 1043 2077; x_wconf 93' lang='lat' dir='ltr'><strong>non</strong></span> <span class='ocrx_word' id='word_1_172' title='bbox 1082 2019 1304 2085; x_wconf 79' lang='lat' dir='ltr'><strong>faciunt,</strong></span> <span class='ocrx_word' id='word_1_173' title='bbox 1345 2018 1440 2075; x_wconf 91' lang='lat' dir='ltr'><strong>sed</strong></span> <span class='ocrx_word' id='word_1_174' title='bbox 1484 2018 1538 2075; x_wconf 92' lang='lat' dir='ltr'><strong>in</strong></span> <span class='ocrx_word' id='word_1_175' title='bbox 1574 2017 1765 2074; x_wconf 87' lang='lat' dir='ltr'><strong>iisdem</strong></span> <span class='ocrx_word' id='word_1_176' title='bbox 1804 2016 1940 2074; x_wconf 89' lang='lat' dir='ltr'><strong>locis</strong></span> 
     </span>
    </p>
   </div>
   <div class='ocr_carea' id='block_1_24' title="bbox 349 2106 1940 2183">
    <p class='ocr_par' dir='ltr' id='par_1_24' title="bbox 349 2106 1940 2183">
     <span class='ocr_line' id='line_1_24' title="bbox 349 2106 1940 2183; baseline -0.003 -14"><span class='ocrx_word' id='word_1_177' title='bbox 349 2129 566 2183; x_wconf 86' lang='lat' dir='ltr'><strong>semper</strong></span> <span class='ocrx_word' id='word_1_178' title='bbox 586 2113 860 2178; x_wconf 88' lang='lat' dir='ltr'><strong>videntur,</strong></span> <span class='ocrx_word' id='word_1_179' title='bbox 901 2127 1002 2167; x_wconf 91' lang='lat' dir='ltr'><strong>nec</strong></span> <span class='ocrx_word' id='word_1_180' title='bbox 1040 2126 1070 2165; x_wconf 90' lang='lat' dir='ltr'><strong>a</strong></span> <span class='ocrx_word' id='word_1_181' title='bbox 1116 2108 1198 2166; x_wconf 90' lang='lat' dir='ltr'><strong>sui</strong></span> <span class='ocrx_word' id='word_1_182' title='bbox 1238 2123 1481 2179; x_wconf 87' lang='lat' dir='ltr'><strong>unquam</strong></span> <span class='ocrx_word' id='word_1_183' title='bbox 1513 2122 1572 2163; x_wconf 90' lang='lat' dir='ltr'><strong>se</strong></span> <span class='ocrx_word' id='word_1_184' title='bbox 1598 2106 1940 2176; x_wconf 88' lang='lat' dir='ltr'><strong>copulatione</strong></span> 
     </span>
    </p>
   </div>
   <div class='ocr_carea' id='block_1_25' title="bbox 353 2198 1939 2276">
    <p class='ocr_par' dir='ltr' id='par_1_25' title="bbox 353 2198 1939 2276">
     <span class='ocr_line' id='line_1_25' title="bbox 353 2198 1939 2276; baseline -0.003 -16"><span class='ocrx_word' id='word_1_185' title='bbox 353 2205 689 2276; x_wconf 84' lang='lat' dir='ltr'><strong>dispergunt,</strong></span> <span class='ocrx_word' id='word_1_186' title='bbox 727 2204 796 2259; x_wconf 85' lang='lat' dir='ltr'><strong>ab</strong></span> <span class='ocrx_word' id='word_1_187' title='bbox 822 2212 945 2259; x_wconf 88' lang='lat' dir='ltr'><strong>ortu</strong></span> <span class='ocrx_word' id='word_1_188' title='bbox 985 2217 1116 2259; x_wconf 87' lang='lat' dir='ltr'><strong>vero</strong></span> <span class='ocrx_word' id='word_1_189' title='bbox 1145 2201 1213 2257; x_wconf 88' lang='lat' dir='ltr'><strong>ad</strong></span> <span class='ocrx_word' id='word_1_190' title='bbox 1241 2213 1494 2257; x_wconf 86' lang='lat' dir='ltr'><strong>occasum</strong></span> <span class='ocrx_word' id='word_1_191' title='bbox 1524 2199 1580 2253; x_wconf 90' lang='lat' dir='ltr'><strong>in</strong></span> <span class='ocrx_word' id='word_1_192' title='bbox 1604 2198 1939 2255; x_wconf 88' lang='lat' dir='ltr'><strong>contrarium</strong></span> 
     </span>
    </p>
   </div>
   <div class='ocr_carea' id='block_1_26' title="bbox 352 2288 1939 2365">
    <p class='ocr_par' dir='ltr' id='par_1_26' title="bbox 352 2288 1939 2365">
     <span class='ocr_line' id='line_1_26' title="bbox 352 2288 1939 2365; baseline -0.003 -16"><span class='ocrx_word' id='word_1_193' title='bbox 352 2304 505 2349; x_wconf 91' lang='lat' dir='ltr'><strong>motu</strong></span> <span class='ocrx_word' id='word_1_194' title='bbox 550 2295 805 2365; x_wconf 83' lang='lat' dir='ltr'><strong>pmpiore</strong></span> <span class='ocrx_word' id='word_1_195' title='bbox 836 2293 976 2351; x_wconf 92' lang='lat' dir='ltr'><strong>volvi</strong></span> <span class='ocrx_word' id='word_1_196' title='bbox 1007 2308 1117 2348; x_wconf 92' lang='lat' dir='ltr'><strong>non</strong></span> <span class='ocrx_word' id='word_1_197' title='bbox 1151 2292 1325 2348; x_wconf 92' lang='lat' dir='ltr'><strong>solum</strong></span> <span class='ocrx_word' id='word_1_198' title='bbox 1366 2288 1811 2346; x_wconf 85' lang='lat' dir='ltr'><strong>manifestissima</strong></span> <span class='ocrx_word' id='word_1_199' title='bbox 1851 2303 1939 2344; x_wconf 89' lang='lat' dir='ltr'><strong>ra-</strong></span> 
     </span>
    </p>
   </div>
   <div class='ocr_carea' id='block_1_27' title="bbox 354 2380 1938 2457">
    <p class='ocr_par' dir='ltr' id='par_1_27' title="bbox 354 2380 1938 2457">
     <span class='ocr_line' id='line_1_27' title="bbox 354 2380 1938 2457; baseline -0.003 -16"><span class='ocrx_word' id='word_1_200' title='bbox 354 2386 500 2441; x_wconf 90' lang='lat' dir='ltr'><strong>tione</strong></span> <span class='ocrx_word' id='word_1_201' title='bbox 522 2426 539 2452; x_wconf 91' lang='lat'><strong>,</strong></span> <span class='ocrx_word' id='word_1_202' title='bbox 597 2387 694 2442; x_wconf 88' lang='lat' dir='ltr'><strong>sed</strong></span> <span class='ocrx_word' id='word_1_203' title='bbox 746 2384 920 2443; x_wconf 91' lang='lat' dir='ltr'><strong>oculis</strong></span> <span class='ocrx_word' id='word_1_204' title='bbox 971 2399 1189 2457; x_wconf 91' lang='lat' dir='ltr'><strong>quoque</strong></span> <span class='ocrx_word' id='word_1_205' title='bbox 1236 2380 1660 2457; x_wconf 87' lang='lat' dir='ltr'><strong>approbantibus</strong></span> <span class='ocrx_word' id='word_1_206' title='bbox 1709 2381 1938 2437; x_wconf 86' lang='lat' dir='ltr'><strong>demon-</strong></span> 
     </span>
    </p>
   </div>
   <div class='ocr_carea' id='block_1_28' title="bbox 350 2485 580 2532">
    <p class='ocr_par' dir='ltr' id='par_1_28' title="bbox 350 2485 580 2532">
     <span class='ocr_line' id='line_1_28' title="bbox 350 2485 580 2532; baseline -0.009 0"><span class='ocrx_word' id='word_1_207' title='bbox 350 2485 580 2532; x_wconf 87' lang='lat' dir='ltr'><strong>stratur.</strong></span> 
     </span>
    </p>
   </div>
   <div class='ocr_carea' id='block_1_29' title="bbox 421 2561 1940 2638">
    <p class='ocr_par' dir='ltr' id='par_1_29' title="bbox 421 2561 1940 2638">
     <span class='ocr_line' id='line_1_29' title="bbox 421 2561 1940 2638; baseline -0.003 -17"><span class='ocrx_word' id='word_1_208' title='bbox 421 2566 778 2623; x_wconf 84' lang='lat' dir='ltr'><strong>Considerato</strong></span> <span class='ocrx_word' id='word_1_209' title='bbox 805 2567 953 2623; x_wconf 90' lang='lat' dir='ltr'><strong>enim</strong></span> <span class='ocrx_word' id='word_1_210' title='bbox 977 2566 1256 2638; x_wconf 84' lang='lat' dir='ltr'><strong>signorum</strong></span> <span class='ocrx_word' id='word_1_211' title='bbox 1288 2562 1498 2630; x_wconf 84' lang='lat' dir='ltr'><strong>ordine,</strong></span> <span class='ocrx_word' id='word_1_212' title='bbox 1533 2561 1730 2632; x_wconf 90' lang='lat' dir='ltr'><strong>quibus</strong></span> <span class='ocrx_word' id='word_1_213' title='bbox 1755 2561 1940 2617; x_wconf 86' lang='lat' dir='ltr'><strong>zodia-</strong></span> 
     </span>
    </p>
   </div>
   <div class='ocr_carea' id='block_1_30' title="bbox 350 2651 1940 2724">
    <p class='ocr_par' dir='ltr' id='par_1_30' title="bbox 350 2651 1940 2724">
     <span class='ocr_line' id='line_1_30' title="bbox 350 2651 1940 2724; baseline -0.004 -13"><span class='ocrx_word' id='word_1_214' title='bbox 350 2672 473 2711; x_wconf 90' lang='lat' dir='ltr'><strong>cum</strong></span> <span class='ocrx_word' id='word_1_215' title='bbox 505 2658 735 2713; x_wconf 86' lang='lat' dir='ltr'><strong>divisum</strong></span> <span class='ocrx_word' id='word_1_216' title='bbox 761 2657 846 2713; x_wconf 88' lang='lat' dir='ltr'><strong>vel</strong></span> <span class='ocrx_word' id='word_1_217' title='bbox 876 2657 1191 2714; x_wconf 89' lang='lat' dir='ltr'><strong>distinctum</strong></span> <span class='ocrx_word' id='word_1_218' title='bbox 1224 2655 1492 2719; x_wconf 85' lang='lat' dir='ltr'><strong>videmus,</strong></span> <span class='ocrx_word' id='word_1_219' title='bbox 1530 2654 1600 2709; x_wconf 91' lang='lat' dir='ltr'><strong>ab</strong></span> <span class='ocrx_word' id='word_1_220' title='bbox 1628 2666 1738 2707; x_wconf 86' lang='lat' dir='ltr'><strong>uno</strong></span> <span class='ocrx_word' id='word_1_221' title='bbox 1781 2651 1940 2724; x_wconf 78' lang='lat' dir='ltr'><strong>signo</strong></span> 
     </span>
    </p>
   </div>
   <div class='ocr_carea' id='block_1_31' title="bbox 351 2742 1940 2819">
    <p class='ocr_par' dir='ltr' id='par_1_31' title="bbox 351 2742 1940 2819">
     <span class='ocr_line' id='line_1_31' title="bbox 351 2742 1940 2819; baseline -0.001 -18"><span class='ocrx_word' id='word_1_222' title='bbox 351 2750 591 2819; x_wconf 90' lang='lat' dir='ltr'><strong>quolibet</strong></span> <span class='ocrx_word' id='word_1_223' title='bbox 625 2750 834 2806; x_wconf 89' lang='lat' dir='ltr'><strong>ordinis</strong></span> <span class='ocrx_word' id='word_1_224' title='bbox 866 2749 984 2818; x_wconf 88' lang='lat' dir='ltr'><strong>ejus</strong></span> <span class='ocrx_word' id='word_1_225' title='bbox 1026 2764 1236 2804; x_wconf 90' lang='lat' dir='ltr'><strong>sumam</strong></span> <span class='ocrx_word' id='word_1_226' title='bbox 1267 2746 1585 2803; x_wconf 80' lang='lat' dir='ltr'><strong>exordium:</strong></span> <span class='ocrx_word' id='word_1_227' title='bbox 1613 2760 1738 2801; x_wconf 92' lang='lat' dir='ltr'><strong>cum</strong></span> <span class='ocrx_word' id='word_1_228' title='bbox 1780 2742 1940 2799; x_wconf 81' lang='lat' dir='ltr'><strong>Aries</strong></span> 
     </span>
    </p>
   </div>
   <div class='ocr_carea' id='block_1_32' title="bbox 353 2834 1939 2912">
    <p class='ocr_par' dir='ltr' id='par_1_32' title="bbox 353 2834 1939 2912">
     <span class='ocr_line' id='line_1_32' title="bbox 353 2834 1939 2912; baseline -0.004 -15"><span class='ocrx_word' id='word_1_229' title='bbox 353 2841 624 2906; x_wconf 79' lang='lat' dir='ltr'><strong>exoritur,</strong></span> <span class='ocrx_word' id='word_1_230' title='bbox 656 2850 780 2911; x_wconf 85' lang='lat' dir='ltr'><strong>post</strong></span> <span class='ocrx_word' id='word_1_231' title='bbox 806 2842 980 2912; x_wconf 89' lang='lat' dir='ltr'><strong>ipsum</strong></span> <span class='ocrx_word' id='word_1_232' title='bbox 1006 2840 1218 2896; x_wconf 88' lang='lat' dir='ltr'><strong>Taurus</strong></span> <span class='ocrx_word' id='word_1_233' title='bbox 1245 2838 1506 2909; x_wconf 83' lang='lat' dir='ltr'><strong>emergit;</strong></span> <span class='ocrx_word' id='word_1_234' title='bbox 1556 2838 1702 2893; x_wconf 89' lang='lat' dir='ltr'><strong>hunc</strong></span> <span class='ocrx_word' id='word_1_235' title='bbox 1725 2834 1939 2891; x_wconf 85' lang='lat' dir='ltr'><strong>Gemini</strong></span> 
     </span>
    </p>
   </div>
   <div class='ocr_carea' id='block_1_33' title="bbox 352 2924 1937 3002">
    <p class='ocr_par' dir='ltr' id='par_1_33' title="bbox 352 2924 1937 3002">
     <span class='ocr_line' id='line_1_33' title="bbox 352 2924 1937 3002; baseline -0.005 -13"><span class='ocrx_word' id='word_1_236' title='bbox 352 2942 673 3002; x_wconf 86' lang='lat' dir='ltr'><strong>sequuntur,</strong></span> <span class='ocrx_word' id='word_1_237' title='bbox 714 2934 813 2989; x_wconf 89' lang='lat' dir='ltr'><strong>hos</strong></span> <span class='ocrx_word' id='word_1_238' title='bbox 841 2932 1070 2997; x_wconf 87' lang='lat' dir='ltr'><strong>Cancer,</strong></span> <span class='ocrx_word' id='word_1_239' title='bbox 1119 2940 1175 2986; x_wconf 90' lang='lat' dir='ltr'><strong>et</strong></span> <span class='ocrx_word' id='word_1_240' title='bbox 1211 2944 1309 3001; x_wconf 91' lang='lat' dir='ltr'><strong>per</strong></span> <span class='ocrx_word' id='word_1_241' title='bbox 1339 2929 1589 2985; x_wconf 90' lang='lat' dir='ltr'><strong>ordinem</strong></span> <span class='ocrx_word' id='word_1_242' title='bbox 1617 2927 1845 2998; x_wconf 89' lang='lat' dir='ltr'><strong>reliqua.</strong></span> <span class='ocrx_word' id='word_1_243' title='bbox 1877 2924 1937 2981; x_wconf 88' lang='lat' dir='ltr'><strong>Si</strong></span> 
     </span>
    </p>
   </div>
   <div class='ocr_carea' id='block_1_34' title="bbox 2032 380 3570 461">
    <p class='ocr_par' dir='ltr' id='par_1_34' title="bbox 2032 380 3570 461">
     <span class='ocr_line' id='line_1_34' title="bbox 2032 380 3570 461; baseline 0.013 -31"><span class='ocrx_word' id='word_1_244' title='bbox 2032 384 2305 442; x_wconf 87' lang='lat' dir='ltr'><strong>movetur,</strong></span> <span class='ocrx_word' id='word_1_245' title='bbox 2357 384 2413 431; x_wconf 89' lang='lat' dir='ltr'><strong>et</strong></span> <span class='ocrx_word' id='word_1_246' title='bbox 2451 392 2639 433; x_wconf 86' lang='lat' dir='ltr'><strong>rursus</strong></span> <span class='ocrx_word' id='word_1_247' title='bbox 2686 380 2946 435; x_wconf 88' lang='lat' dir='ltr'><strong>recedens</strong></span> <span class='ocrx_word' id='word_1_248' title='bbox 2997 380 3256 452; x_wconf 81' lang='lat' dir='ltr'><strong>paulatim</strong></span> <span class='ocrx_word' id='word_1_249' title='bbox 3295 402 3485 461; x_wconf 88' lang='lat' dir='ltr'><strong>semper</strong></span> <span class='ocrx_word' id='word_1_250' title='bbox 3522 396 3570 450; x_wconf 89' lang='lat' dir='ltr'><strong>in</strong></span> 
     </span>
    </p>
   </div>
   <div class='ocr_carea' id='block_1_35' title="bbox 2031 467 3568 553">
    <p class='ocr_par' dir='ltr' id='par_1_35' title="bbox 2031 467 3568 553">
     <span class='ocr_line' id='line_1_35' title="bbox 2031 467 3568 553; baseline 0.01 -30"><span class='ocrx_word' id='word_1_251' title='bbox 2031 467 2302 523; x_wconf 86' lang='lat' dir='ltr'><strong>orientem</strong></span> <span class='ocrx_word' id='word_1_252' title='bbox 2327 469 2682 539; x_wconf 86' lang='lat' dir='ltr'><strong>regrediendo</strong></span> <span class='ocrx_word' id='word_1_253' title='bbox 2703 470 2962 541; x_wconf 88' lang='lat' dir='ltr'><strong>relinquit</strong></span> <span class='ocrx_word' id='word_1_254' title='bbox 2986 487 3262 542; x_wconf 84' lang='lat' dir='ltr'><strong>occasum;</strong></span> <span class='ocrx_word' id='word_1_255' title='bbox 3293 479 3366 533; x_wconf 90' lang='lat' dir='ltr'><strong>sol</strong></span> <span class='ocrx_word' id='word_1_256' title='bbox 3384 495 3568 553; x_wconf 88' lang='lat' dir='ltr'><strong>quoque</strong></span> 
     </span>
    </p>
   </div>
   <div class='ocr_carea' id='block_1_36' title="bbox 2032 558 3571 632">
    <p class='ocr_par' dir='ltr' id='par_1_36' title="bbox 2032 558 3571 632">
     <span class='ocr_line' id='line_1_36' title="bbox 2032 558 3571 632; baseline 0.012 -19"><span class='ocrx_word' id='word_1_257' title='bbox 2032 558 2150 629; x_wconf 89' lang='lat' dir='ltr'><strong>ipse</strong></span> <span class='ocrx_word' id='word_1_258' title='bbox 2190 560 2515 616; x_wconf 88' lang='lat' dir='ltr'><strong>naturaliter</strong></span> <span class='ocrx_word' id='word_1_259' title='bbox 2543 577 2705 631; x_wconf 91' lang='lat' dir='ltr'><strong>quam</strong></span> <span class='ocrx_word' id='word_1_260' title='bbox 2742 564 2810 619; x_wconf 88' lang='lat' dir='ltr'><strong>ab</strong></span> <span class='ocrx_word' id='word_1_261' title='bbox 2854 579 3052 620; x_wconf 85' lang='lat' dir='ltr'><strong>occasu</strong></span> <span class='ocrx_word' id='word_1_262' title='bbox 3098 566 3152 620; x_wconf 89' lang='lat' dir='ltr'><strong>in</strong></span> <span class='ocrx_word' id='word_1_263' title='bbox 3187 569 3434 627; x_wconf 85' lang='lat' dir='ltr'><strong>orientem</strong></span> <span class='ocrx_word' id='word_1_264' title='bbox 3471 591 3571 632; x_wconf 87' lang='lat' dir='ltr'><strong>mo-</strong></span> 
     </span>
    </p>
   </div>
   <div class='ocr_carea' id='block_1_37' title="bbox 2031 650 3574 730">
    <p class='ocr_par' dir='ltr' id='par_1_37' title="bbox 2031 650 3574 730">
     <span class='ocr_line' id='line_1_37' title="bbox 2031 650 3574 730; baseline 0.012 -27"><span class='ocrx_word' id='word_1_265' title='bbox 2031 658 2209 707; x_wconf 90' lang='lat' dir='ltr'><strong>vetur.</strong></span> <span class='ocrx_word' id='word_1_266' title='bbox 2256 650 2324 707; x_wconf 89' lang='lat' dir='ltr'><strong>Et</strong></span> <span class='ocrx_word' id='word_1_267' title='bbox 2349 651 2475 709; x_wconf 90' lang='lat' dir='ltr'><strong>licet</strong></span> <span class='ocrx_word' id='word_1_268' title='bbox 2518 653 2726 708; x_wconf 89' lang='lat' dir='ltr'><strong>tardius</strong></span> <span class='ocrx_word' id='word_1_269' title='bbox 2775 669 3049 711; x_wconf 89' lang='lat' dir='ltr'><strong>recessum</strong></span> <span class='ocrx_word' id='word_1_270' title='bbox 3085 671 3235 715; x_wconf 90' lang='lat' dir='ltr'><strong>suum</strong></span> <span class='ocrx_word' id='word_1_271' title='bbox 3275 676 3426 730; x_wconf 87' lang='lat' dir='ltr'><strong>quam</strong></span> <span class='ocrx_word' id='word_1_272' title='bbox 3463 664 3574 722; x_wconf 89' lang='lat' dir='ltr'><strong>luna</strong></span> 
     </span>
    </p>
   </div>
   <div class='ocr_carea' id='block_1_38' title="bbox 2032 738 3576 820">
    <p class='ocr_par' dir='ltr' id='par_1_38' title="bbox 2032 738 3576 820">
     <span class='ocr_line' id='line_1_38' title="bbox 2032 738 3576 820; baseline 0.01 -26"><span class='ocrx_word' id='word_1_273' title='bbox 2032 738 2307 807; x_wconf 88' lang='lat' dir='ltr'><strong>conﬁciat,</strong></span> <span class='ocrx_word' id='word_1_274' title='bbox 2350 741 2549 812; x_wconf 87' lang='lat' dir='ltr'><strong>quippe</strong></span> <span class='ocrx_word' id='word_1_275' title='bbox 2576 743 2721 812; x_wconf 90' lang='lat' dir='ltr'><strong>quod</strong></span> <span class='ocrx_word' id='word_1_276' title='bbox 2754 751 2905 799; x_wconf 90' lang='lat' dir='ltr'><strong>tanto</strong></span> <span class='ocrx_word' id='word_1_277' title='bbox 2943 753 3182 814; x_wconf 89' lang='lat' dir='ltr'><strong>tempore</strong></span> <span class='ocrx_word' id='word_1_278' title='bbox 3214 749 3415 820; x_wconf 87' lang='lat' dir='ltr'><strong>signum</strong></span> <span class='ocrx_word' id='word_1_279' title='bbox 3430 769 3576 809; x_wconf 90' lang='lat' dir='ltr'><strong>unum</strong></span> 
     </span>
    </p>
   </div>
   <div class='ocr_carea' id='block_1_39' title="bbox 1988 833 3574 913">
    <p class='ocr_par' dir='ltr' id='par_1_39' title="bbox 1988 833 3574 913">
     <span class='ocr_line' id='line_1_39' title="bbox 1988 833 3574 913; baseline 0.009 -27"><span class='ocrx_word' id='word_1_280' title='bbox 1988 833 2328 913; x_wconf 40' lang='lat' dir='ltr'><strong>-emetiatur</strong></span> <span class='ocrx_word' id='word_1_281' title='bbox 2374 843 2579 904; x_wconf 89' lang='lat' dir='ltr'><strong>quanto</strong></span> <span class='ocrx_word' id='word_1_282' title='bbox 2620 843 2794 893; x_wconf 91' lang='lat' dir='ltr'><strong>totum</strong></span> <span class='ocrx_word' id='word_1_283' title='bbox 2833 837 3115 892; x_wconf 88' lang='lat' dir='ltr'><strong>zodiacum</strong></span> <span class='ocrx_word' id='word_1_284' title='bbox 3164 838 3286 895; x_wconf 87' lang='lat' dir='ltr'><strong>luna</strong></span> <span class='ocrx_word' id='word_1_285' title='bbox 3329 842 3574 913; x_wconf 86' lang='lat' dir='ltr'><strong>discurrit,</strong></span> 
     </span>
    </p>
   </div>
   <div class='ocr_carea' id='block_1_40' title="bbox 2034 923 3580 1006">
    <p class='ocr_par' dir='ltr' id='par_1_40' title="bbox 2034 923 3580 1006">
     <span class='ocr_line' id='line_1_40' title="bbox 2034 923 3580 1006; baseline 0.008 -27"><span class='ocrx_word' id='word_1_286' title='bbox 2034 923 2321 980; x_wconf 78' lang='lat' dir='ltr'><strong>manifesta</strong></span> <span class='ocrx_word' id='word_1_287' title='bbox 2352 934 2537 982; x_wconf 89' lang='lat' dir='ltr'><strong>tamen</strong></span> <span class='ocrx_word' id='word_1_288' title='bbox 2561 934 2616 982; x_wconf 91' lang='lat' dir='ltr'><strong>et</strong></span> <span class='ocrx_word' id='word_1_289' title='bbox 2658 926 2898 997; x_wconf 84' lang='lat' dir='ltr'><strong>subjecta</strong></span> <span class='ocrx_word' id='word_1_290' title='bbox 2931 929 3104 985; x_wconf 90' lang='lat' dir='ltr'><strong>oculis</strong></span> <span class='ocrx_word' id='word_1_291' title='bbox 3144 940 3316 987; x_wconf 86' lang='lat' dir='ltr'><strong>motus</strong></span> <span class='ocrx_word' id='word_1_292' title='bbox 3348 934 3425 989; x_wconf 90' lang='lat' dir='ltr'><strong>sui</strong></span> <span class='ocrx_word' id='word_1_293' title='bbox 3460 951 3580 1006; x_wconf 69' lang='lat' dir='ltr'><strong>pne-</strong></span> 
     </span>
    </p>
   </div>
   <div class='ocr_carea' id='block_1_41' title="bbox 2034 1016 3578 1095">
    <p class='ocr_par' dir='ltr' id='par_1_41' title="bbox 2034 1016 3578 1095">
     <span class='ocr_line' id='line_1_41' title="bbox 2034 1016 3578 1095; baseline 0.006 -24"><span class='ocrx_word' id='word_1_294' title='bbox 2034 1022 2142 1071; x_wconf 87' lang='lat' dir='ltr'><strong>stat</strong></span> <span class='ocrx_word' id='word_1_295' title='bbox 2168 1016 2368 1073; x_wconf 88' lang='lat' dir='ltr'><strong>indicia</strong></span> <span class='ocrx_word' id='word_1_296' title='bbox 2389 1031 2407 1072; x_wconf 90' lang='lat'><strong>:</strong></span> <span class='ocrx_word' id='word_1_297' title='bbox 2428 1017 2573 1073; x_wconf 88' lang='lat' dir='ltr'><strong>hunc</strong></span> <span class='ocrx_word' id='word_1_298' title='bbox 2600 1020 2746 1074; x_wconf 86' lang='lat' dir='ltr'><strong>enim</strong></span> <span class='ocrx_word' id='word_1_299' title='bbox 2770 1019 2825 1074; x_wconf 92' lang='lat' dir='ltr'><strong>in</strong></span> <span class='ocrx_word' id='word_1_300' title='bbox 2852 1019 3040 1075; x_wconf 85' lang='lat' dir='ltr'><strong>Ariete</strong></span> <span class='ocrx_word' id='word_1_301' title='bbox 3063 1035 3183 1076; x_wconf 91' lang='lat' dir='ltr'><strong>esse</strong></span> <span class='ocrx_word' id='word_1_302' title='bbox 3220 1037 3426 1091; x_wconf 88' lang='lat' dir='ltr'><strong>ponam,</strong></span> <span class='ocrx_word' id='word_1_303' title='bbox 3454 1027 3578 1095; x_wconf 88' lang='lat' dir='ltr'><strong>quod</strong></span> 
     </span>
    </p>
   </div>
   <div class='ocr_carea' id='block_1_42' title="bbox 2033 1109 3585 1189">
    <p class='ocr_par' dir='ltr' id='par_1_42' title="bbox 2033 1109 3585 1189">
     <span class='ocr_line' id='line_1_42' title="bbox 2033 1109 3585 1189; baseline 0.006 -27"><span class='ocrx_word' id='word_1_304' title='bbox 2033 1109 2161 1179; x_wconf 86' lang='lat' dir='ltr'><strong>quia</strong></span> <span class='ocrx_word' id='word_1_305' title='bbox 2201 1110 2577 1179; x_wconf 68' lang='lat' dir='ltr'><strong>aequinoctiale</strong></span> <span class='ocrx_word' id='word_1_306' title='bbox 2611 1111 2825 1182; x_wconf 85' lang='lat' dir='ltr'><strong>signum</strong></span> <span class='ocrx_word' id='word_1_307' title='bbox 2862 1119 2963 1177; x_wconf 87' lang='lat' dir='ltr'><strong>est,</strong></span> <span class='ocrx_word' id='word_1_308' title='bbox 2987 1126 3146 1182; x_wconf 78' lang='lat' dir='ltr'><strong>pares</strong></span> <span class='ocrx_word' id='word_1_309' title='bbox 3182 1112 3585 1189; x_wconf 71' lang='lat' dir='ltr'><strong>horas-somniet</strong></span> 
     </span>
    </p>
   </div>
   <div class='ocr_carea' id='block_1_43' title="bbox 2034 1197 3581 1271">
    <p class='ocr_par' dir='ltr' id='par_1_43' title="bbox 2034 1197 3581 1271">
     <span class='ocr_line' id='line_1_43' title="bbox 2034 1197 3581 1271; baseline 0.004 -17"><span class='ocrx_word' id='word_1_310' title='bbox 2034 1197 2142 1254; x_wconf 91' lang='lat' dir='ltr'><strong>diei</strong></span> <span class='ocrx_word' id='word_1_311' title='bbox 2173 1198 2323 1255; x_wconf 79' lang='lat' dir='ltr'><strong>facit.</strong></span> <span class='ocrx_word' id='word_1_312' title='bbox 2352 1198 2410 1253; x_wconf 88' lang='lat' dir='ltr'><strong>In</strong></span> <span class='ocrx_word' id='word_1_313' title='bbox 2437 1200 2543 1255; x_wconf 89' lang='lat' dir='ltr'><strong>hoc</strong></span> <span class='ocrx_word' id='word_1_314' title='bbox 2572 1199 2726 1271; x_wconf 89' lang='lat' dir='ltr'><strong>signo</strong></span> <span class='ocrx_word' id='word_1_315' title='bbox 2753 1215 2875 1256; x_wconf 89' lang='lat' dir='ltr'><strong>cum</strong></span> <span class='ocrx_word' id='word_1_316' title='bbox 2902 1201 3123 1267; x_wconf 91' lang='lat' dir='ltr'><strong>occidit,</strong></span> <span class='ocrx_word' id='word_1_317' title='bbox 3163 1201 3400 1270; x_wconf 88' lang='lat' dir='ltr'><strong>Libram,</strong></span> <span class='ocrx_word' id='word_1_318' title='bbox 3421 1205 3470 1259; x_wconf 91' lang='lat' dir='ltr'><strong>id</strong></span> <span class='ocrx_word' id='word_1_319' title='bbox 3493 1213 3581 1268; x_wconf 88' lang='lat' dir='ltr'><strong>est,</strong></span> 
     </span>
    </p>
   </div>
   <div class='ocr_carea' id='block_1_44' title="bbox 2036 1287 3586 1366">
    <p class='ocr_par' dir='ltr' id='par_1_44' title="bbox 2036 1287 3586 1366">
     <span class='ocr_line' id='line_1_44' title="bbox 2036 1287 3586 1366; baseline 0.005 -22"><span class='ocrx_word' id='word_1_320' title='bbox 2036 1287 2248 1361; x_wconf 91' lang='lat' dir='ltr'><strong>Scorpii</strong></span> <span class='ocrx_word' id='word_1_321' title='bbox 2281 1291 2467 1347; x_wconf 86' lang='lat' dir='ltr'><strong>chelas</strong></span> <span class='ocrx_word' id='word_1_322' title='bbox 2492 1307 2618 1348; x_wconf 85' lang='lat' dir='ltr'><strong>mox</strong></span> <span class='ocrx_word' id='word_1_323' title='bbox 2642 1292 2777 1347; x_wconf 89' lang='lat' dir='ltr'><strong>oriri</strong></span> <span class='ocrx_word' id='word_1_324' title='bbox 2799 1293 3066 1359; x_wconf 86' lang='lat' dir='ltr'><strong>videmus,</strong></span> <span class='ocrx_word' id='word_1_325' title='bbox 3090 1300 3147 1348; x_wconf 88' lang='lat' dir='ltr'><strong>et</strong></span> <span class='ocrx_word' id='word_1_326' title='bbox 3166 1305 3384 1366; x_wconf 89' lang='lat' dir='ltr'><strong>apparet</strong></span> <span class='ocrx_word' id='word_1_327' title='bbox 3400 1295 3586 1353; x_wconf 86' lang='lat' dir='ltr'><strong>Taurus</strong></span> 
     </span>
    </p>
   </div>
   <div class='ocr_carea' id='block_1_45' title="bbox 2034 1380 3587 1456">
    <p class='ocr_par' dir='ltr' id='par_1_45' title="bbox 2034 1380 3587 1456">
     <span class='ocr_line' id='line_1_45' title="bbox 2034 1380 3587 1456; baseline 0.005 -22"><span class='ocrx_word' id='word_1_328' title='bbox 2034 1380 2247 1436; x_wconf 91' lang='lat' dir='ltr'><strong>vicinus</strong></span> <span class='ocrx_word' id='word_1_329' title='bbox 2296 1383 2557 1438; x_wconf 85' lang='lat' dir='ltr'><strong>occasui:</strong></span> <span class='ocrx_word' id='word_1_330' title='bbox 2587 1398 2713 1438; x_wconf 87' lang='lat' dir='ltr'><strong>nam</strong></span> <span class='ocrx_word' id='word_1_331' title='bbox 2751 1381 3019 1455; x_wconf 85' lang='lat' dir='ltr'><strong>Vergilias</strong></span> <span class='ocrx_word' id='word_1_332' title='bbox 3065 1393 3124 1440; x_wconf 91' lang='lat' dir='ltr'><strong>et</strong></span> <span class='ocrx_word' id='word_1_333' title='bbox 3170 1385 3379 1456; x_wconf 83' lang='lat' dir='ltr'><strong>Hyadas</strong></span> <span class='ocrx_word' id='word_1_334' title='bbox 3424 1396 3587 1456; x_wconf 86' lang='lat' dir='ltr'><strong>partes</strong></span> 
     </span>
    </p>
   </div>
   <div class='ocr_carea' id='block_1_46' title="bbox 2036 1471 3591 1547">
    <p class='ocr_par' dir='ltr' id='par_1_46' title="bbox 2036 1471 3591 1547">
     <span class='ocr_line' id='line_1_46' title="bbox 2036 1471 3591 1547; baseline 0.001 -18"><span class='ocrx_word' id='word_1_335' title='bbox 2036 1471 2201 1529; x_wconf 89' lang='lat' dir='ltr'><strong>Tauri</strong></span> <span class='ocrx_word' id='word_1_336' title='bbox 2237 1471 2499 1529; x_wconf 89' lang='lat' dir='ltr'><strong>clariores</strong></span> <span class='ocrx_word' id='word_1_337' title='bbox 2534 1489 2645 1529; x_wconf 91' lang='lat' dir='ltr'><strong>non</strong></span> <span class='ocrx_word' id='word_1_338' title='bbox 2670 1474 2842 1529; x_wconf 90' lang='lat' dir='ltr'><strong>multo</strong></span> <span class='ocrx_word' id='word_1_339' title='bbox 2867 1482 2991 1545; x_wconf 91' lang='lat' dir='ltr'><strong>post</strong></span> <span class='ocrx_word' id='word_1_340' title='bbox 3019 1474 3189 1530; x_wconf 88' lang='lat' dir='ltr'><strong>solem</strong></span> <span class='ocrx_word' id='word_1_341' title='bbox 3218 1484 3504 1547; x_wconf 85' lang='lat' dir='ltr'><strong>mergentes</strong></span> <span class='ocrx_word' id='word_1_342' title='bbox 3524 1476 3591 1530; x_wconf 88' lang='lat' dir='ltr'><strong>vi-</strong></span> 
     </span>
    </p>
   </div>
   <div class='ocr_carea' id='block_1_47' title="bbox 2036 1560 3589 1636">
    <p class='ocr_par' dir='ltr' id='par_1_47' title="bbox 2036 1560 3589 1636">
     <span class='ocr_line' id='line_1_47' title="bbox 2036 1560 3589 1636; baseline 0.003 -20"><span class='ocrx_word' id='word_1_343' title='bbox 2036 1560 2248 1617; x_wconf 88' lang='lat' dir='ltr'><strong>demus.</strong></span> <span class='ocrx_word' id='word_1_344' title='bbox 2297 1562 2560 1633; x_wconf 88' lang='lat' dir='ltr'><strong>Sequenti</strong></span> <span class='ocrx_word' id='word_1_345' title='bbox 2590 1579 2777 1620; x_wconf 90' lang='lat' dir='ltr'><strong>mense</strong></span> <span class='ocrx_word' id='word_1_346' title='bbox 2800 1565 2881 1620; x_wconf 93' lang='lat' dir='ltr'><strong>sol</strong></span> <span class='ocrx_word' id='word_1_347' title='bbox 2917 1566 2970 1619; x_wconf 92' lang='lat' dir='ltr'><strong>in</strong></span> <span class='ocrx_word' id='word_1_348' title='bbox 2997 1565 3211 1636; x_wconf 86' lang='lat' dir='ltr'><strong>signum</strong></span> <span class='ocrx_word' id='word_1_349' title='bbox 3250 1567 3517 1636; x_wconf 84' lang='lat' dir='ltr'><strong>posterius.</strong></span> <span class='ocrx_word' id='word_1_350' title='bbox 3545 1567 3589 1621; x_wconf 87' lang='lat' dir='ltr'><strong>id</strong></span> 
     </span>
    </p>
   </div>
   <div class='ocr_carea' id='block_1_48' title="bbox 1965 1640 3589 1728">
    <p class='ocr_par' dir='ltr' id='par_1_48' title="bbox 1965 1640 3589 1728">
     <span class='ocr_line' id='line_1_48' title="bbox 1965 1640 3589 1728; baseline 0.001 -19"><span class='ocrx_word' id='word_1_351' title='bbox 1965 1640 2014 1702; x_wconf 84' lang='grc' dir='ltr'><strong>Β</strong></span> <span class='ocrx_word' id='word_1_352' title='bbox 2041 1663 2128 1710; x_wconf 91' lang='lat' dir='ltr'><strong>est</strong></span> <span class='ocrx_word' id='word_1_353' title='bbox 2147 1655 2203 1709; x_wconf 92' lang='lat' dir='ltr'><strong>in</strong></span> <span class='ocrx_word' id='word_1_354' title='bbox 2236 1655 2475 1710; x_wconf 87' lang='lat' dir='ltr'><strong>Taurum</strong></span> <span class='ocrx_word' id='word_1_355' title='bbox 2502 1657 2727 1722; x_wconf 84' lang='lat' dir='ltr'><strong>recedit,</strong></span> <span class='ocrx_word' id='word_1_356' title='bbox 2767 1663 2823 1711; x_wconf 90' lang='lat' dir='ltr'><strong>et</strong></span> <span class='ocrx_word' id='word_1_357' title='bbox 2849 1656 2923 1711; x_wconf 90' lang='lat' dir='ltr'><strong>ita</strong></span> <span class='ocrx_word' id='word_1_358' title='bbox 2949 1655 3010 1711; x_wconf 87' lang='lat' dir='ltr'><strong>ﬁt</strong></span> <span class='ocrx_word' id='word_1_359' title='bbox 3048 1665 3111 1711; x_wconf 91' lang='lat' dir='ltr'><strong>ut</strong></span> <span class='ocrx_word' id='word_1_360' title='bbox 3149 1672 3322 1727; x_wconf 92' lang='lat' dir='ltr'><strong>neque</strong></span> <span class='ocrx_word' id='word_1_361' title='bbox 3347 1656 3589 1728; x_wconf 68' lang='lat' dir='ltr'><strong>Vergiliaz,</strong></span> 
     </span>
    </p>
   </div>
   <div class='ocr_carea' id='block_1_49' title="bbox 2042 1745 3593 1819">
    <p class='ocr_par' dir='ltr' id='par_1_49' title="bbox 2042 1745 3593 1819">
     <span class='ocr_line' id='line_1_49' title="bbox 2042 1745 3593 1819; baseline 0.001 -19"><span class='ocrx_word' id='word_1_362' title='bbox 2042 1760 2218 1816; x_wconf 90' lang='lat' dir='ltr'><strong>neque</strong></span> <span class='ocrx_word' id='word_1_363' title='bbox 2250 1745 2356 1801; x_wconf 90' lang='lat' dir='ltr'><strong>alia</strong></span> <span class='ocrx_word' id='word_1_364' title='bbox 2383 1760 2514 1815; x_wconf 90' lang='lat' dir='ltr'><strong>pars</strong></span> <span class='ocrx_word' id='word_1_365' title='bbox 2537 1745 2705 1802; x_wconf 87' lang='lat' dir='ltr'><strong>Tauri</strong></span> <span class='ocrx_word' id='word_1_366' title='bbox 2742 1746 2834 1802; x_wconf 79' lang='lat' dir='ltr'><strong>illo</strong></span> <span class='ocrx_word' id='word_1_367' title='bbox 2869 1762 3057 1804; x_wconf 89' lang='lat' dir='ltr'><strong>mense</strong></span> <span class='ocrx_word' id='word_1_368' title='bbox 3081 1746 3329 1804; x_wconf 88' lang='lat' dir='ltr'><strong>videatur</strong></span> <span class='ocrx_word' id='word_1_369' title='bbox 3366 1766 3379 1802; x_wconf 90' lang='lat'><strong>:</strong></span> <span class='ocrx_word' id='word_1_370' title='bbox 3408 1747 3593 1819; x_wconf 82' lang='lat' dir='ltr'><strong>signum</strong></span> 
     </span>
    </p>
   </div>
   <div class='ocr_carea' id='block_1_50' title="bbox 2042 1832 3596 1909">
    <p class='ocr_par' dir='ltr' id='par_1_50' title="bbox 2042 1832 3596 1909">
     <span class='ocr_line' id='line_1_50' title="bbox 2042 1832 3596 1909; baseline 0 -18"><span class='ocrx_word' id='word_1_371' title='bbox 2042 1836 2190 1891; x_wconf 92' lang='lat' dir='ltr'><strong>enim</strong></span> <span class='ocrx_word' id='word_1_372' title='bbox 2230 1837 2374 1906; x_wconf 89' lang='lat' dir='ltr'><strong>quod</strong></span> <span class='ocrx_word' id='word_1_373' title='bbox 2414 1845 2621 1892; x_wconf 91' lang='lat' dir='ltr'><strong>etcum</strong></span> <span class='ocrx_word' id='word_1_374' title='bbox 2662 1837 2776 1894; x_wconf 90' lang='lat' dir='ltr'><strong>sole</strong></span> <span class='ocrx_word' id='word_1_375' title='bbox 2815 1838 3039 1905; x_wconf 91' lang='lat' dir='ltr'><strong>occidit,</strong></span> <span class='ocrx_word' id='word_1_376' title='bbox 3082 1853 3298 1909; x_wconf 87' lang='lat' dir='ltr'><strong>semper</strong></span> <span class='ocrx_word' id='word_1_377' title='bbox 3339 1832 3596 1903; x_wconf 84' lang='lat' dir='ltr'><strong>occulitur,</strong></span> 
     </span>
    </p>
   </div>
   <div class='ocr_carea' id='block_1_51' title="bbox 2042 1927 3592 2000">
    <p class='ocr_par' dir='ltr' id='par_1_51' title="bbox 2042 1927 3592 2000">
     <span class='ocr_line' id='line_1_51' title="bbox 2042 1927 3592 2000; baseline 0.001 -19"><span class='ocrx_word' id='word_1_378' title='bbox 2042 1927 2178 1982; x_wconf 89' lang='lat' dir='ltr'><strong>adeo</strong></span> <span class='ocrx_word' id='word_1_379' title='bbox 2198 1935 2258 1982; x_wconf 91' lang='lat' dir='ltr'><strong>ut</strong></span> <span class='ocrx_word' id='word_1_380' title='bbox 2287 1936 2343 1983; x_wconf 92' lang='lat' dir='ltr'><strong>et</strong></span> <span class='ocrx_word' id='word_1_381' title='bbox 2368 1928 2546 1983; x_wconf 84' lang='lat' dir='ltr'><strong>vicina</strong></span> <span class='ocrx_word' id='word_1_382' title='bbox 2579 1936 2729 1983; x_wconf 88' lang='lat' dir='ltr'><strong>astra</strong></span> <span class='ocrx_word' id='word_1_383' title='bbox 2763 1928 2893 1985; x_wconf 90' lang='lat' dir='ltr'><strong>solis</strong></span> <span class='ocrx_word' id='word_1_384' title='bbox 2916 1930 3322 2000; x_wconf 76' lang='lat' dir='ltr'><strong>propinquitate</strong></span> <span class='ocrx_word' id='word_1_385' title='bbox 3343 1929 3592 1987; x_wconf 84' lang='lat' dir='ltr'><strong>celentur:</strong></span> 
     </span>
    </p>
   </div>
   <div class='ocr_carea' id='block_1_52' title="bbox 2038 2017 3598 2094">
    <p class='ocr_par' dir='ltr' id='par_1_52' title="bbox 2038 2017 3598 2094">
     <span class='ocr_line' id='line_1_52' title="bbox 2038 2017 3598 2094; baseline 0.002 -23"><span class='ocrx_word' id='word_1_386' title='bbox 2038 2032 2172 2087; x_wconf 86' lang='lat' dir='ltr'><strong>nam</strong></span> <span class='ocrx_word' id='word_1_387' title='bbox 2198 2024 2255 2073; x_wconf 90' lang='lat' dir='ltr'><strong>et</strong></span> <span class='ocrx_word' id='word_1_388' title='bbox 2281 2017 2444 2074; x_wconf 90' lang='lat' dir='ltr'><strong>Canis</strong></span> <span class='ocrx_word' id='word_1_389' title='bbox 2475 2028 2624 2083; x_wconf 89' lang='lat' dir='ltr'><strong>tunc,</strong></span> <span class='ocrx_word' id='word_1_390' title='bbox 2650 2019 2777 2089; x_wconf 87' lang='lat' dir='ltr'><strong>quia</strong></span> <span class='ocrx_word' id='word_1_391' title='bbox 2820 2020 3033 2077; x_wconf 86' lang='lat' dir='ltr'><strong>vicinus</strong></span> <span class='ocrx_word' id='word_1_392' title='bbox 3075 2020 3258 2077; x_wconf 86' lang='lat' dir='ltr'><strong>Tauro</strong></span> <span class='ocrx_word' id='word_1_393' title='bbox 3282 2028 3383 2086; x_wconf 84' lang='lat' dir='ltr'><strong>est,</strong></span> <span class='ocrx_word' id='word_1_394' title='bbox 3400 2035 3514 2094; x_wconf 38' lang='lat' dir='ltr'><strong>.non</strong></span> <span class='ocrx_word' id='word_1_395' title='bbox 3532 2020 3598 2074; x_wconf 86' lang='lat' dir='ltr'><strong>vi-</strong></span> 
     </span>
    </p>
   </div>
   <div class='ocr_carea' id='block_1_53' title="bbox 2043 2106 3601 2182">
    <p class='ocr_par' dir='ltr' id='par_1_53' title="bbox 2043 2106 3601 2182">
     <span class='ocr_line' id='line_1_53' title="bbox 2043 2106 3601 2182; baseline 0.003 -20"><span class='ocrx_word' id='word_1_396' title='bbox 2043 2106 2221 2172; x_wconf 92' lang='lat' dir='ltr'><strong>detur,</strong></span> <span class='ocrx_word' id='word_1_397' title='bbox 2273 2115 2449 2165; x_wconf 87' lang='lat' dir='ltr'><strong>tectus</strong></span> <span class='ocrx_word' id='word_1_398' title='bbox 2488 2108 2627 2166; x_wconf 91' lang='lat' dir='ltr'><strong>lucis</strong></span> <span class='ocrx_word' id='word_1_399' title='bbox 2671 2109 3103 2181; x_wconf 83' lang='lat' dir='ltr'><strong>propinquitate.</strong></span> <span class='ocrx_word' id='word_1_400' title='bbox 3135 2110 3204 2168; x_wconf 90' lang='lat' dir='ltr'><strong>Et</strong></span> <span class='ocrx_word' id='word_1_401' title='bbox 3237 2111 3339 2168; x_wconf 87' lang='lat' dir='ltr'><strong>hoc</strong></span> <span class='ocrx_word' id='word_1_402' title='bbox 3378 2108 3601 2182; x_wconf 84' lang='lat' dir='ltr'><strong>estquod</strong></span> 
     </span>
    </p>
   </div>
   <div class='ocr_carea' id='block_1_54' title="bbox 2043 2199 2455 2272">
    <p class='ocr_par' dir='ltr' id='par_1_54' title="bbox 2043 2199 2455 2272">
     <span class='ocr_line' id='line_1_54' title="bbox 2043 2199 2455 2272; baseline -0.005 -15"><span class='ocrx_word' id='word_1_403' title='bbox 2043 2199 2302 2272; x_wconf 78' lang='lat' dir='ltr'><strong>Virgilius</strong></span> <span class='ocrx_word' id='word_1_404' title='bbox 2330 2199 2409 2255; x_wconf 92' lang='lat' dir='ltr'><strong>ait</strong></span> <span class='ocrx_word' id='word_1_405' title='bbox 2439 2218 2455 2255; x_wconf 85' lang='lat'><strong>:</strong></span> 
     </span>
    </p>
   </div>
   <div class='ocr_carea' id='block_1_55' title="bbox 2196 2338 3401 2422">
    <p class='ocr_par' dir='ltr' id='par_1_55' title="bbox 2196 2338 3401 2422">
     <span class='ocr_line' id='line_1_55' title="bbox 2196 2338 3401 2422; baseline 0.003 -16"><span class='ocrx_word' id='word_1_406' title='bbox 2196 2356 2436 2422; x_wconf 63' lang='lat' dir='ltr'><strong>Candidus</strong></span> <span class='ocrx_word' id='word_1_407' title='bbox 2459 2360 2638 2409; x_wconf 76' lang='lat' dir='ltr'><strong>auratis</strong></span> <span class='ocrx_word' id='word_1_408' title='bbox 2660 2361 2819 2422; x_wconf 84' lang='lat' dir='ltr'><strong>aperit</strong></span> <span class='ocrx_word' id='word_1_409' title='bbox 2829 2338 2948 2409; x_wconf 75' lang='lat' dir='ltr'><strong>cum</strong></span> <span class='ocrx_word' id='word_1_410' title='bbox 2969 2362 3206 2410; x_wconf 81' lang='lat' dir='ltr'><strong>cornibus</strong></span> <span class='ocrx_word' id='word_1_411' title='bbox 3229 2374 3401 2411; x_wconf 87' lang='lat' dir='ltr'><strong>annum</strong></span> 
     </span>
    </p>
   </div>
   <div class='ocr_carea' id='block_1_56' title="bbox 2196 2418 3446 2483">
    <p class='ocr_par' dir='ltr' id='par_1_56' title="bbox 2196 2418 3446 2483">
     <span class='ocr_line' id='line_1_56' title="bbox 2196 2418 3446 2483; baseline 0.002 -13"><span class='ocrx_word' id='word_1_412' title='bbox 2196 2418 2406 2483; x_wconf 82' lang='lat' dir='ltr'><strong>Taurus,</strong></span> <span class='ocrx_word' id='word_1_413' title='bbox 2430 2428 2483 2471; x_wconf 90' lang='lat' dir='ltr'><strong>et</strong></span> <span class='ocrx_word' id='word_1_414' title='bbox 2503 2418 2709 2472; x_wconf 75' lang='lat' dir='ltr'><strong>adverso</strong></span> <span class='ocrx_word' id='word_1_415' title='bbox 2732 2422 2917 2472; x_wconf 81' lang='lat' dir='ltr'><strong>cedens</strong></span> <span class='ocrx_word' id='word_1_416' title='bbox 2939 2422 3089 2473; x_wconf 78' lang='lat' dir='ltr'><strong>Canis</strong></span> <span class='ocrx_word' id='word_1_417' title='bbox 3110 2425 3285 2474; x_wconf 86' lang='lat' dir='ltr'><strong>occidit</strong></span> <span class='ocrx_word' id='word_1_418' title='bbox 3306 2430 3446 2474; x_wconf 80' lang='lat' dir='ltr'><strong>astro.</strong></span> 
     </span>
    </p>
   </div>
   <div class='ocr_carea' id='block_1_57' title="bbox 2042 2563 3603 2638">
    <p class='ocr_par' dir='ltr' id='par_1_57' title="bbox 2042 2563 3603 2638">
     <span class='ocr_line' id='line_1_57' title="bbox 2042 2563 3603 2638; baseline -0.002 -18"><span class='ocrx_word' id='word_1_419' title='bbox 2042 2563 2162 2620; x_wconf 85' lang='lat' dir='ltr'><strong>Non</strong></span> <span class='ocrx_word' id='word_1_420' title='bbox 2188 2563 2334 2620; x_wconf 91' lang='lat' dir='ltr'><strong>enim</strong></span> <span class='ocrx_word' id='word_1_421' title='bbox 2362 2564 2479 2619; x_wconf 84' lang='lat' dir='ltr'><strong>vult</strong></span> <span class='ocrx_word' id='word_1_422' title='bbox 2503 2564 2730 2638; x_wconf 83' lang='lat' dir='ltr'><strong>intelligi</strong></span> <span class='ocrx_word' id='word_1_423' title='bbox 2757 2564 2936 2623; x_wconf 87' lang='lat' dir='ltr'><strong>Tauro</strong></span> <span class='ocrx_word' id='word_1_424' title='bbox 2960 2568 3183 2625; x_wconf 88' lang='lat' dir='ltr'><strong>oriente</strong></span> <span class='ocrx_word' id='word_1_425' title='bbox 3209 2584 3330 2625; x_wconf 86' lang='lat' dir='ltr'><strong>cum</strong></span> <span class='ocrx_word' id='word_1_426' title='bbox 3373 2565 3476 2623; x_wconf 89' lang='lat' dir='ltr'><strong>sole</strong></span> <span class='ocrx_word' id='word_1_427' title='bbox 3498 2578 3603 2620; x_wconf 85' lang='lat' dir='ltr'><strong>mox</strong></span> 
     </span>
    </p>
   </div>
   <div class='ocr_carea' id='block_1_58' title="bbox 2042 2654 3604 2728">
    <p class='ocr_par' dir='ltr' id='par_1_58' title="bbox 2042 2654 3604 2728">
     <span class='ocr_line' id='line_1_58' title="bbox 2042 2654 3604 2728; baseline -0.003 -17"><span class='ocrx_word' id='word_1_428' title='bbox 2042 2656 2100 2719; x_wconf 85' lang='lat' dir='ltr'><strong>in</strong></span> <span class='ocrx_word' id='word_1_429' title='bbox 2124 2670 2325 2715; x_wconf 90' lang='lat' dir='ltr'><strong>occasu</strong></span> <span class='ocrx_word' id='word_1_430' title='bbox 2358 2654 2477 2711; x_wconf 87' lang='lat' dir='ltr'><strong>ﬁeri</strong></span> <span class='ocrx_word' id='word_1_431' title='bbox 2507 2654 2733 2723; x_wconf 89' lang='lat' dir='ltr'><strong>Canem,</strong></span> <span class='ocrx_word' id='word_1_432' title='bbox 2776 2658 2869 2727; x_wconf 92' lang='lat' dir='ltr'><strong>qui</strong></span> <span class='ocrx_word' id='word_1_433' title='bbox 2897 2660 3188 2728; x_wconf 84' lang='lat' dir='ltr'><strong>proximus</strong></span> <span class='ocrx_word' id='word_1_434' title='bbox 3212 2660 3389 2715; x_wconf 86' lang='lat' dir='ltr'><strong>Tauro</strong></span> <span class='ocrx_word' id='word_1_435' title='bbox 3415 2663 3506 2718; x_wconf 79' lang='lat' dir='ltr'><strong>est.</strong></span> <span class='ocrx_word' id='word_1_436' title='bbox 3527 2654 3604 2709; x_wconf 86' lang='lat' dir='ltr'><strong>sed</strong></span> 
     </span>
    </p>
   </div>
   <div class='ocr_carea' id='block_1_59' title="bbox 2042 2744 3605 2819">
    <p class='ocr_par' dir='ltr' id='par_1_59' title="bbox 2042 2744 3605 2819">
     <span class='ocr_line' id='line_1_59' title="bbox 2042 2744 3605 2819; baseline -0.003 -17"><span class='ocrx_word' id='word_1_437' title='bbox 2042 2744 2293 2802; x_wconf 91' lang='lat' dir='ltr'><strong>occidere</strong></span> <span class='ocrx_word' id='word_1_438' title='bbox 2325 2759 2450 2801; x_wconf 90' lang='lat' dir='ltr'><strong>eum</strong></span> <span class='ocrx_word' id='word_1_439' title='bbox 2477 2745 2618 2802; x_wconf 85' lang='lat' dir='ltr'><strong>dixit</strong></span> <span class='ocrx_word' id='word_1_440' title='bbox 2637 2746 2819 2804; x_wconf 90' lang='lat' dir='ltr'><strong>Tauro</strong></span> <span class='ocrx_word' id='word_1_441' title='bbox 2839 2756 3095 2819; x_wconf 88' lang='lat' dir='ltr'><strong>gestante</strong></span> <span class='ocrx_word' id='word_1_442' title='bbox 3134 2749 3327 2815; x_wconf 89' lang='lat' dir='ltr'><strong>solem,</strong></span> <span class='ocrx_word' id='word_1_443' title='bbox 3355 2747 3472 2818; x_wconf 91' lang='lat' dir='ltr'><strong>quia</strong></span> <span class='ocrx_word' id='word_1_444' title='bbox 3500 2753 3605 2799; x_wconf 86' lang='lat' dir='ltr'><strong>tunc</strong></span> 
     </span>
    </p>
   </div>
   <div class='ocr_carea' id='block_1_60' title="bbox 2044 2834 3607 2909">
    <p class='ocr_par' dir='ltr' id='par_1_60' title="bbox 2044 2834 3607 2909">
     <span class='ocr_line' id='line_1_60' title="bbox 2044 2834 3607 2909; baseline 0 -17"><span class='ocrx_word' id='word_1_445' title='bbox 2044 2837 2237 2909; x_wconf 90' lang='lat' dir='ltr'><strong>incipit</strong></span> <span class='ocrx_word' id='word_1_446' title='bbox 2277 2854 2385 2894; x_wconf 82' lang='lat' dir='ltr'><strong>non</strong></span> <span class='ocrx_word' id='word_1_447' title='bbox 2426 2838 2625 2906; x_wconf 87' lang='lat' dir='ltr'><strong>videri,</strong></span> <span class='ocrx_word' id='word_1_448' title='bbox 2665 2839 2780 2897; x_wconf 90' lang='lat' dir='ltr'><strong>sole</strong></span> <span class='ocrx_word' id='word_1_449' title='bbox 2813 2840 3017 2896; x_wconf 89' lang='lat' dir='ltr'><strong>vicino.</strong></span> <span class='ocrx_word' id='word_1_450' title='bbox 3072 2842 3231 2898; x_wconf 91' lang='lat' dir='ltr'><strong>Tunc</strong></span> <span class='ocrx_word' id='word_1_451' title='bbox 3275 2851 3447 2897; x_wconf 90' lang='lat' dir='ltr'><strong>tamen</strong></span> <span class='ocrx_word' id='word_1_452' title='bbox 3486 2834 3607 2892; x_wconf 80' lang='lat' dir='ltr'><strong>occi-</strong></span> 
     </span>
    </p>
   </div>
   <div class='ocr_carea' id='block_1_61' title="bbox 2043 2926 3607 3009">
    <p class='ocr_par' dir='ltr' id='par_1_61' title="bbox 2043 2926 3607 3009">
     <span class='ocr_line' id='line_1_61' title="bbox 2043 2926 3607 3009; baseline -0.002 -26"><span class='ocrx_word' id='word_1_453' title='bbox 2043 2926 2206 2984; x_wconf 89' lang='lat' dir='ltr'><strong>dente</strong></span> <span class='ocrx_word' id='word_1_454' title='bbox 2242 2928 2356 2985; x_wconf 90' lang='lat' dir='ltr'><strong>sole</strong></span> <span class='ocrx_word' id='word_1_455' title='bbox 2393 2928 2556 2985; x_wconf 86' lang='lat' dir='ltr'><strong>Libra</strong></span> <span class='ocrx_word' id='word_1_456' title='bbox 2599 2929 2736 3009; x_wconf 82' lang='lat' dir='ltr'><strong>adeo</strong></span> <span class='ocrx_word' id='word_1_457' title='bbox 2776 2932 3030 3002; x_wconf 87' lang='lat' dir='ltr'><strong>superior</strong></span> <span class='ocrx_word' id='word_1_458' title='bbox 3062 2933 3357 2996; x_wconf 88' lang='lat' dir='ltr'><strong>invenitur,</strong></span> <span class='ocrx_word' id='word_1_459' title='bbox 3388 2939 3448 2987; x_wconf 89' lang='lat' dir='ltr'><strong>ut</strong></span> <span class='ocrx_word' id='word_1_460' title='bbox 3486 2935 3607 2984; x_wconf 82' lang='lat' dir='ltr'><strong>totus</strong></span> 
     </span>
    </p>
   </div>
   <div class='ocr_carea' id='block_1_62' title="bbox 352 3000 3609 3094">
    <p class='ocr_par' dir='ltr' id='par_1_62' title="bbox 352 3000 3609 3094">
     <span class='ocr_line' id='line_1_62' title="bbox 352 3000 3609 3094; baseline -0.001 -17"><span class='ocrx_word' id='word_1_461' title='bbox 352 3000 473 3079; x_wconf 53' lang='lat' dir='ltr'><strong>istic</strong></span> <span class='ocrx_word' id='word_1_462' title='bbox 519 3039 649 3094; x_wconf 90' lang='lat' dir='ltr'><strong>ergo</strong></span> <span class='ocrx_word' id='word_1_463' title='bbox 705 3024 760 3078; x_wconf 93' lang='lat' dir='ltr'><strong>in</strong></span> <span class='ocrx_word' id='word_1_464' title='bbox 804 3023 1143 3078; x_wconf 88' lang='lat' dir='ltr'><strong>occidentem</strong></span> <span class='ocrx_word' id='word_1_465' title='bbox 1185 3000 1254 3077; x_wconf 89' lang='lat' dir='ltr'><strong>ab</strong></span> <span class='ocrx_word' id='word_1_466' title='bbox 1300 3020 1512 3077; x_wconf 88' lang='lat' dir='ltr'><strong>oriente</strong></span> <span class='ocrx_word' id='word_1_467' title='bbox 1558 3018 1936 3090; x_wconf 88' lang='lat' dir='ltr'><strong>procederent,</strong></span> <span class='ocrx_word' id='word_1_468' title='bbox 1964 3000 2010 3065; x_wconf 68' lang='grc' dir='ltr'><strong>(ἶ</strong></span> <span class='ocrx_word' id='word_1_469' title='bbox 2043 3017 2301 3089; x_wconf 90' lang='lat' dir='ltr'><strong>Scorpius</strong></span> <span class='ocrx_word' id='word_1_470' title='bbox 2339 3029 2492 3077; x_wconf 92' lang='lat' dir='ltr'><strong>ortus</strong></span> <span class='ocrx_word' id='word_1_471' title='bbox 2537 3000 3083 3092; x_wconf 38' lang='lat' dir='ltr'><strong>appaream—Gemini</strong></span> <span class='ocrx_word' id='word_1_472' title='bbox 3120 3039 3254 3079; x_wconf 88' lang='lat' dir='ltr'><strong>vero</strong></span> <span class='ocrx_word' id='word_1_473' title='bbox 3295 3020 3452 3078; x_wconf 87' lang='lat' dir='ltr'><strong>vicini</strong></span> <span class='ocrx_word' id='word_1_474' title='bbox 3501 3025 3609 3073; x_wconf 82' lang='lat' dir='ltr'><strong>tunc</strong></span> 
     </span>
    </p>
   </div>
   <div class='ocr_carea' id='block_1_63' title="bbox 354 3107 1938 3181">
    <p class='ocr_par' dir='ltr' id='par_1_63' title="bbox 354 3107 1938 3181">
     <span class='ocr_line' id='line_1_63' title="bbox 354 3107 1938 3181; baseline -0.004 -14"><span class='ocrx_word' id='word_1_475' title='bbox 354 3129 461 3167; x_wconf 92' lang='lat' dir='ltr'><strong>non</strong></span> <span class='ocrx_word' id='word_1_476' title='bbox 503 3114 571 3168; x_wconf 89' lang='lat' dir='ltr'><strong>ab</strong></span> <span class='ocrx_word' id='word_1_477' title='bbox 608 3112 793 3169; x_wconf 87' lang='lat' dir='ltr'><strong>Aricte</strong></span> <span class='ocrx_word' id='word_1_478' title='bbox 838 3112 893 3167; x_wconf 91' lang='lat' dir='ltr'><strong>in</strong></span> <span class='ocrx_word' id='word_1_479' title='bbox 946 3112 1209 3176; x_wconf 89' lang='lat' dir='ltr'><strong>Taurum,</strong></span> <span class='ocrx_word' id='word_1_480' title='bbox 1257 3111 1350 3181; x_wconf 90' lang='lat' dir='ltr'><strong>qui</strong></span> <span class='ocrx_word' id='word_1_481' title='bbox 1390 3116 1538 3164; x_wconf 89' lang='lat' dir='ltr'><strong>retro</strong></span> <span class='ocrx_word' id='word_1_482' title='bbox 1578 3107 1786 3164; x_wconf 87' lang='lat' dir='ltr'><strong>locatus</strong></span> <span class='ocrx_word' id='word_1_483' title='bbox 1820 3115 1938 3174; x_wconf 92' lang='lat' dir='ltr'><strong>est,</strong></span> 
     </span>
    </p>
   </div>
   <div class='ocr_carea' id='block_1_64' title="bbox 353 3196 1943 3273">
    <p class='ocr_par' dir='ltr' id='par_1_64' title="bbox 353 3196 1943 3273">
     <span class='ocr_line' id='line_1_64' title="bbox 353 3196 1943 3273; baseline -0.004 -17"><span class='ocrx_word' id='word_1_484' title='bbox 353 3218 454 3258; x_wconf 90' lang='lat' dir='ltr'><strong>nec</strong></span> <span class='ocrx_word' id='word_1_485' title='bbox 482 3218 512 3256; x_wconf 89' lang='lat' dir='ltr'><strong>a</strong></span> <span class='ocrx_word' id='word_1_486' title='bbox 541 3202 721 3257; x_wconf 87' lang='lat' dir='ltr'><strong>Tauro</strong></span> <span class='ocrx_word' id='word_1_487' title='bbox 748 3203 801 3256; x_wconf 91' lang='lat' dir='ltr'><strong>in</strong></span> <span class='ocrx_word' id='word_1_488' title='bbox 831 3202 1087 3258; x_wconf 88' lang='lat' dir='ltr'><strong>Geminos</strong></span> <span class='ocrx_word' id='word_1_489' title='bbox 1126 3200 1338 3273; x_wconf 88' lang='lat' dir='ltr'><strong>signum</strong></span> <span class='ocrx_word' id='word_1_490' title='bbox 1363 3199 1634 3269; x_wconf 88' lang='lat' dir='ltr'><strong>posterius</strong></span> <span class='ocrx_word' id='word_1_491' title='bbox 1661 3196 1943 3252; x_wconf 89' lang='lat' dir='ltr'><strong>volveren-</strong></span> 
     </span>
    </p>
   </div>
   <div class='ocr_carea' id='block_1_65' title="bbox 352 3287 1940 3357">
    <p class='ocr_par' dir='ltr' id='par_1_65' title="bbox 352 3287 1940 3357">
     <span class='ocr_line' id='line_1_65' title="bbox 352 3287 1940 3357; baseline -0.002 -11"><span class='ocrx_word' id='word_1_492' title='bbox 352 3301 443 3346; x_wconf 90' lang='lat' dir='ltr'><strong>tur</strong></span> <span class='ocrx_word' id='word_1_493' title='bbox 476 3311 488 3345; x_wconf 90' lang='lat'><strong>:</strong></span> <span class='ocrx_word' id='word_1_494' title='bbox 518 3292 613 3346; x_wconf 86' lang='lat' dir='ltr'><strong>sed</strong></span> <span class='ocrx_word' id='word_1_495' title='bbox 645 3307 675 3346; x_wconf 91' lang='lat' dir='ltr'><strong>a</strong></span> <span class='ocrx_word' id='word_1_496' title='bbox 700 3290 945 3348; x_wconf 87' lang='lat' dir='ltr'><strong>Geminis</strong></span> <span class='ocrx_word' id='word_1_497' title='bbox 979 3292 1034 3347; x_wconf 93' lang='lat' dir='ltr'><strong>in</strong></span> <span class='ocrx_word' id='word_1_498' title='bbox 1061 3291 1299 3346; x_wconf 89' lang='lat' dir='ltr'><strong>Taurum</strong></span> <span class='ocrx_word' id='word_1_499' title='bbox 1318 3331 1335 3357; x_wconf 93' lang='lat'><strong>,</strong></span> <span class='ocrx_word' id='word_1_500' title='bbox 1364 3299 1420 3345; x_wconf 92' lang='lat' dir='ltr'><strong>et</strong></span> <span class='ocrx_word' id='word_1_501' title='bbox 1446 3305 1476 3345; x_wconf 91' lang='lat' dir='ltr'><strong>a</strong></span> <span class='ocrx_word' id='word_1_502' title='bbox 1499 3289 1678 3346; x_wconf 89' lang='lat' dir='ltr'><strong>Tauro</strong></span> <span class='ocrx_word' id='word_1_503' title='bbox 1702 3288 1758 3343; x_wconf 88' lang='lat' dir='ltr'><strong>in</strong></span> <span class='ocrx_word' id='word_1_504' title='bbox 1783 3287 1940 3343; x_wconf 84' lang='lat' dir='ltr'><strong>Arie-</strong></span> 
     </span>
    </p>
   </div>
   <div class='ocr_carea' id='block_1_66' title="bbox 351 3380 1940 3439">
    <p class='ocr_par' dir='ltr' id='par_1_66' title="bbox 351 3380 1940 3439">
     <span class='ocr_line' id='line_1_66' title="bbox 351 3380 1940 3439; baseline -0.002 -3"><span class='ocrx_word' id='word_1_505' title='bbox 351 3390 459 3436; x_wconf 83' lang='lat' dir='ltr'><strong>tem</strong></span> <span class='ocrx_word' id='word_1_506' title='bbox 487 3389 649 3437; x_wconf 78' lang='lat' dir='ltr'><strong>rectm</strong></span> <span class='ocrx_word' id='word_1_507' title='bbox 688 3390 744 3437; x_wconf 92' lang='lat' dir='ltr'><strong>et</strong></span> <span class='ocrx_word' id='word_1_508' title='bbox 770 3382 1057 3439; x_wconf 77' lang='lat' dir='ltr'><strong>mundana:</strong></span> <span class='ocrx_word' id='word_1_509' title='bbox 1086 3380 1437 3438; x_wconf 88' lang='lat' dir='ltr'><strong>volubilitatis</strong></span> <span class='ocrx_word' id='word_1_510' title='bbox 1481 3394 1720 3436; x_wconf 89' lang='lat' dir='ltr'><strong>consona</strong></span> <span class='ocrx_word' id='word_1_511' title='bbox 1754 3393 1940 3434; x_wconf 91' lang='lat' dir='ltr'><strong>acces-</strong></span> 
     </span>
    </p>
   </div>
   <div class='ocr_carea' id='block_1_67' title="bbox 349 3466 1940 3544">
    <p class='ocr_par' dir='ltr' id='par_1_67' title="bbox 349 3466 1940 3544">
     <span class='ocr_line' id='line_1_67' title="bbox 349 3466 1940 3544; baseline -0.003 -17"><span class='ocrx_word' id='word_1_512' title='bbox 349 3472 503 3527; x_wconf 88' lang='lat' dir='ltr'><strong>sione</strong></span> <span class='ocrx_word' id='word_1_513' title='bbox 545 3475 918 3544; x_wconf 88' lang='lat' dir='ltr'><strong>procederent.</strong></span> <span class='ocrx_word' id='word_1_514' title='bbox 953 3472 1090 3530; x_wconf 92' lang='lat' dir='ltr'><strong>Cum</strong></span> <span class='ocrx_word' id='word_1_515' title='bbox 1134 3487 1264 3528; x_wconf 89' lang='lat' dir='ltr'><strong>vero</strong></span> <span class='ocrx_word' id='word_1_516' title='bbox 1297 3487 1329 3527; x_wconf 91' lang='lat' dir='ltr'><strong>a</strong></span> <span class='ocrx_word' id='word_1_517' title='bbox 1359 3470 1537 3543; x_wconf 90' lang='lat' dir='ltr'><strong>primo</strong></span> <span class='ocrx_word' id='word_1_518' title='bbox 1567 3471 1722 3541; x_wconf 90' lang='lat' dir='ltr'><strong>signo</strong></span> <span class='ocrx_word' id='word_1_519' title='bbox 1759 3468 1818 3523; x_wconf 90' lang='lat' dir='ltr'><strong>in</strong></span> <span class='ocrx_word' id='word_1_520' title='bbox 1850 3466 1940 3524; x_wconf 86' lang='lat' dir='ltr'><strong>se-</strong></span> 
     </span>
    </p>
   </div>
   <div class='ocr_carea' id='block_1_68' title="bbox 350 3559 1938 3630">
    <p class='ocr_par' dir='ltr' id='par_1_68' title="bbox 350 3559 1938 3630">
     <span class='ocr_line' id='line_1_68' title="bbox 350 3559 1938 3630; baseline -0.003 -12"><span class='ocrx_word' id='word_1_521' title='bbox 350 3565 609 3630; x_wconf 88' lang='lat' dir='ltr'><strong>cundum,</strong></span> <span class='ocrx_word' id='word_1_522' title='bbox 648 3579 681 3619; x_wconf 87' lang='lat' dir='ltr'><strong>a</strong></span> <span class='ocrx_word' id='word_1_523' title='bbox 719 3564 958 3621; x_wconf 91' lang='lat' dir='ltr'><strong>secundo</strong></span> <span class='ocrx_word' id='word_1_524' title='bbox 994 3564 1062 3620; x_wconf 88' lang='lat' dir='ltr'><strong>ad</strong></span> <span class='ocrx_word' id='word_1_525' title='bbox 1086 3564 1333 3628; x_wconf 90' lang='lat' dir='ltr'><strong>tertium,</strong></span> <span class='ocrx_word' id='word_1_526' title='bbox 1375 3569 1429 3618; x_wconf 90' lang='lat' dir='ltr'><strong>et</strong></span> <span class='ocrx_word' id='word_1_527' title='bbox 1456 3561 1583 3616; x_wconf 90' lang='lat' dir='ltr'><strong>inde</strong></span> <span class='ocrx_word' id='word_1_528' title='bbox 1622 3562 1689 3615; x_wconf 91' lang='lat' dir='ltr'><strong>ad</strong></span> <span class='ocrx_word' id='word_1_529' title='bbox 1727 3559 1938 3630; x_wconf 84' lang='lat' dir='ltr'><strong>reliqua</strong></span> 
     </span>
    </p>
   </div>
   <div class='ocr_carea' id='block_1_69' title="bbox 350 3648 1938 3724">
    <p class='ocr_par' dir='ltr' id='par_1_69' title="bbox 350 3648 1938 3724">
     <span class='ocr_line' id='line_1_69' title="bbox 350 3648 1938 3724; baseline -0.003 -17"><span class='ocrx_word' id='word_1_530' title='bbox 350 3667 472 3722; x_wconf 66' lang='lat' dir='ltr'><strong>quae</strong></span> <span class='ocrx_word' id='word_1_531' title='bbox 493 3654 794 3724; x_wconf 89' lang='lat' dir='ltr'><strong>posteriora</strong></span> <span class='ocrx_word' id='word_1_532' title='bbox 825 3661 953 3708; x_wconf 90' lang='lat' dir='ltr'><strong>sunt</strong></span> <span class='ocrx_word' id='word_1_533' title='bbox 980 3653 1350 3717; x_wconf 84' lang='lat' dir='ltr'><strong>revolvuntur,</strong></span> <span class='ocrx_word' id='word_1_534' title='bbox 1378 3651 1535 3721; x_wconf 92' lang='lat' dir='ltr'><strong>signa</strong></span> <span class='ocrx_word' id='word_1_535' title='bbox 1562 3657 1745 3704; x_wconf 90' lang='lat' dir='ltr'><strong>autem</strong></span> <span class='ocrx_word' id='word_1_536' title='bbox 1770 3648 1938 3704; x_wconf 84' lang='lat' dir='ltr'><strong>inﬁxa</strong></span> 
     </span>
    </p>
   </div>
   <div class='ocr_carea' id='block_1_70' title="bbox 350 3738 1937 3806">
    <p class='ocr_par' dir='ltr' id='par_1_70' title="bbox 350 3738 1937 3806">
     <span class='ocr_line' id='line_1_70' title="bbox 350 3738 1937 3806; baseline -0.001 -11"><span class='ocrx_word' id='word_1_537' title='bbox 350 3741 492 3795; x_wconf 82' lang='lat' dir='ltr'><strong>coelo</strong></span> <span class='ocrx_word' id='word_1_538' title='bbox 537 3741 811 3806; x_wconf 86' lang='lat' dir='ltr'><strong>feruntur,</strong></span> <span class='ocrx_word' id='word_1_539' title='bbox 857 3741 975 3795; x_wconf 92' lang='lat' dir='ltr'><strong>sine</strong></span> <span class='ocrx_word' id='word_1_540' title='bbox 1015 3742 1179 3796; x_wconf 90' lang='lat' dir='ltr'><strong>dubio</strong></span> <span class='ocrx_word' id='word_1_541' title='bbox 1221 3748 1438 3795; x_wconf 90' lang='lat' dir='ltr'><strong>constat</strong></span> <span class='ocrx_word' id='word_1_542' title='bbox 1473 3739 1572 3794; x_wconf 91' lang='lat' dir='ltr'><strong>has</strong></span> <span class='ocrx_word' id='word_1_543' title='bbox 1610 3738 1795 3795; x_wconf 86' lang='lat' dir='ltr'><strong>stellas</strong></span> <span class='ocrx_word' id='word_1_544' title='bbox 1830 3754 1937 3794; x_wconf 90' lang='lat' dir='ltr'><strong>non</strong></span> 
     </span>
    </p>
   </div>
   <div class='ocr_carea' id='block_1_71' title="bbox 351 3828 1938 3900">
    <p class='ocr_par' dir='ltr' id='par_1_71' title="bbox 351 3828 1938 3900">
     <span class='ocr_line' id='line_1_71' title="bbox 351 3828 1938 3900; baseline 0 -16"><span class='ocrx_word' id='word_1_545' title='bbox 351 3844 476 3884; x_wconf 90' lang='lat' dir='ltr'><strong>cum</strong></span> <span class='ocrx_word' id='word_1_546' title='bbox 502 3828 659 3894; x_wconf 83' lang='lat' dir='ltr'><strong>coelo,</strong></span> <span class='ocrx_word' id='word_1_547' title='bbox 692 3829 786 3884; x_wconf 90' lang='lat' dir='ltr'><strong>sed</strong></span> <span class='ocrx_word' id='word_1_548' title='bbox 826 3840 1016 3886; x_wconf 91' lang='lat' dir='ltr'><strong>contra</strong></span> <span class='ocrx_word' id='word_1_549' title='bbox 1059 3829 1254 3885; x_wconf 72' lang='lat' dir='ltr'><strong>coelum</strong></span> <span class='ocrx_word' id='word_1_550' title='bbox 1290 3829 1517 3886; x_wconf 88' lang='lat' dir='ltr'><strong>moveri.</strong></span> <span class='ocrx_word' id='word_1_551' title='bbox 1555 3828 1669 3885; x_wconf 83' lang='lat' dir='ltr'><strong>Hoc</strong></span> <span class='ocrx_word' id='word_1_552' title='bbox 1694 3837 1755 3884; x_wconf 92' lang='lat' dir='ltr'><strong>ut</strong></span> <span class='ocrx_word' id='word_1_553' title='bbox 1781 3829 1938 3900; x_wconf 86' lang='lat' dir='ltr'><strong>plene</strong></span> 
     </span>
    </p>
   </div>
   <div class='ocr_carea' id='block_1_72' title="bbox 350 3919 1938 3989">
    <p class='ocr_par' dir='ltr' id='par_1_72' title="bbox 350 3919 1938 3989">
     <span class='ocr_line' id='line_1_72' title="bbox 350 3919 1938 3989; baseline -0.001 -15"><span class='ocrx_word' id='word_1_554' title='bbox 350 3919 550 3985; x_wconf 90' lang='lat' dir='ltr'><strong>luceat,</strong></span> <span class='ocrx_word' id='word_1_555' title='bbox 584 3927 825 3974; x_wconf 91' lang='lat' dir='ltr'><strong>astruam</strong></span> <span class='ocrx_word' id='word_1_556' title='bbox 872 3919 941 3974; x_wconf 91' lang='lat' dir='ltr'><strong>de</strong></span> <span class='ocrx_word' id='word_1_557' title='bbox 985 3920 1127 3975; x_wconf 70' lang='lat' dir='ltr'><strong>lunae</strong></span> <span class='ocrx_word' id='word_1_558' title='bbox 1171 3935 1365 3986; x_wconf 90' lang='lat' dir='ltr'><strong>cursu,</strong></span> <span class='ocrx_word' id='word_1_559' title='bbox 1413 3934 1533 3989; x_wconf 67' lang='lat' dir='ltr'><strong>quae</strong></span> <span class='ocrx_word' id='word_1_560' title='bbox 1584 3926 1640 3974; x_wconf 89' lang='lat' dir='ltr'><strong>et</strong></span> <span class='ocrx_word' id='word_1_561' title='bbox 1691 3919 1938 3974; x_wconf 88' lang='lat' dir='ltr'><strong>claritate</strong></span> 
     </span>
    </p>
   </div>
   <div class='ocr_carea' id='block_1_73' title="bbox 350 4010 1938 4070">
    <p class='ocr_par' dir='ltr' id='par_1_73' title="bbox 350 4010 1938 4070">
     <span class='ocr_line' id='line_1_73' title="bbox 350 4010 1938 4070; baseline -0.002 -1"><span class='ocrx_word' id='word_1_562' title='bbox 350 4026 452 4069; x_wconf 81' lang='lat' dir='ltr'><strong>sua</strong></span> <span class='ocrx_word' id='word_1_563' title='bbox 493 4020 549 4067; x_wconf 90' lang='lat' dir='ltr'><strong>et</strong></span> <span class='ocrx_word' id='word_1_564' title='bbox 585 4011 873 4069; x_wconf 80' lang='lat' dir='ltr'><strong>velocitate</strong></span> <span class='ocrx_word' id='word_1_565' title='bbox 912 4012 1205 4069; x_wconf 88' lang='lat' dir='ltr'><strong>notabilior</strong></span> <span class='ocrx_word' id='word_1_566' title='bbox 1247 4021 1352 4070; x_wconf 90' lang='lat' dir='ltr'><strong>est.</strong></span> <span class='ocrx_word' id='word_1_567' title='bbox 1398 4010 1650 4068; x_wconf 84' lang='lat' dir='ltr'><strong>Secundo</strong></span> <span class='ocrx_word' id='word_1_568' title='bbox 1694 4010 1808 4068; x_wconf 85' lang='lat' dir='ltr'><strong>fere</strong></span> <span class='ocrx_word' id='word_1_569' title='bbox 1849 4012 1938 4067; x_wconf 91' lang='lat' dir='ltr'><strong>die</strong></span> 
     </span>
    </p>
   </div>
   <div class='ocr_carea' id='block_1_74' title="bbox 349 4103 1934 4175">
    <p class='ocr_par' dir='ltr' id='par_1_74' title="bbox 349 4103 1934 4175">
     <span class='ocr_line' id='line_1_74' title="bbox 349 4103 1934 4175; baseline -0.002 -13"><span class='ocrx_word' id='word_1_570' title='bbox 349 4104 498 4162; x_wconf 89' lang='lat' dir='ltr'><strong>circa</strong></span> <span class='ocrx_word' id='word_1_571' title='bbox 540 4118 797 4160; x_wconf 86' lang='lat' dir='ltr'><strong>occasum</strong></span> <span class='ocrx_word' id='word_1_572' title='bbox 834 4104 1064 4171; x_wconf 88' lang='lat' dir='ltr'><strong>videtur,</strong></span> <span class='ocrx_word' id='word_1_573' title='bbox 1115 4113 1171 4161; x_wconf 91' lang='lat' dir='ltr'><strong>et</strong></span> <span class='ocrx_word' id='word_1_574' title='bbox 1215 4104 1373 4175; x_wconf 87' lang='lat' dir='ltr'><strong>quasi</strong></span> <span class='ocrx_word' id='word_1_575' title='bbox 1410 4103 1589 4160; x_wconf 89' lang='lat' dir='ltr'><strong>vicina</strong></span> <span class='ocrx_word' id='word_1_576' title='bbox 1621 4104 1742 4169; x_wconf 85' lang='lat' dir='ltr'><strong>soli,</strong></span> <span class='ocrx_word' id='word_1_577' title='bbox 1772 4118 1934 4175; x_wconf 85' lang='lat' dir='ltr'><strong>quem</strong></span> 
     </span>
    </p>
   </div>
   <div class='ocr_carea' id='block_1_75' title="bbox 350 4193 1936 4266">
    <p class='ocr_par' dir='ltr' id='par_1_75' title="bbox 350 4193 1936 4266">
     <span class='ocr_line' id='line_1_75' title="bbox 350 4193 1936 4266; baseline 0 -16"><span class='ocrx_word' id='word_1_578' title='bbox 350 4208 523 4265; x_wconf 87' lang='lat' dir='ltr'><strong>nuper</strong></span> <span class='ocrx_word' id='word_1_579' title='bbox 569 4193 817 4264; x_wconf 89' lang='lat' dir='ltr'><strong>reliquit,</strong></span> <span class='ocrx_word' id='word_1_580' title='bbox 866 4204 1154 4266; x_wconf 85' lang='lat' dir='ltr'><strong>postquam</strong></span> <span class='ocrx_word' id='word_1_581' title='bbox 1193 4195 1283 4251; x_wconf 91' lang='lat' dir='ltr'><strong>ille</strong></span> <span class='ocrx_word' id='word_1_582' title='bbox 1333 4194 1617 4252; x_wconf 89' lang='lat' dir='ltr'><strong>demersus</strong></span> <span class='ocrx_word' id='word_1_583' title='bbox 1666 4203 1771 4261; x_wconf 86' lang='lat' dir='ltr'><strong>est,</strong></span> <span class='ocrx_word' id='word_1_584' title='bbox 1818 4195 1936 4266; x_wconf 88' lang='lat' dir='ltr'><strong>ipsa</strong></span> 
     </span>
    </p>
   </div>
   <div class='ocr_carea' id='block_1_76' title="bbox 350 4287 1931 4359">
    <p class='ocr_par' dir='ltr' id='par_1_76' title="bbox 350 4287 1931 4359">
     <span class='ocr_line' id='line_1_76' title="bbox 350 4287 1931 4359; baseline 0.001 -17"><span class='ocrx_word' id='word_1_585' title='bbox 350 4287 474 4342; x_wconf 87' lang='lat' dir='ltr'><strong>coeli</strong></span> <span class='ocrx_word' id='word_1_586' title='bbox 523 4288 822 4359; x_wconf 85' lang='lat' dir='ltr'><strong>marginem</strong></span> <span class='ocrx_word' id='word_1_587' title='bbox 860 4295 1007 4343; x_wconf 88' lang='lat' dir='ltr'><strong>tenet</strong></span> <span class='ocrx_word' id='word_1_588' title='bbox 1047 4287 1390 4343; x_wconf 89' lang='lat' dir='ltr'><strong>antecedenti</strong></span> <span class='ocrx_word' id='word_1_589' title='bbox 1440 4302 1605 4357; x_wconf 88' lang='lat' dir='ltr'><strong>super</strong></span> <span class='ocrx_word' id='word_1_590' title='bbox 1645 4287 1931 4352; x_wconf 87' lang='lat' dir='ltr'><strong>occidens;</strong></span> 
     </span>
    </p>
   </div>
   <div class='ocr_carea' id='block_1_77' title="bbox 353 4376 1933 4449">
    <p class='ocr_par' dir='ltr' id='par_1_77' title="bbox 353 4376 1933 4449">
     <span class='ocr_line' id='line_1_77' title="bbox 353 4376 1933 4449; baseline 0.002 -19"><span class='ocrx_word' id='word_1_591' title='bbox 353 4377 512 4432; x_wconf 87' lang='lat' dir='ltr'><strong>tertio</strong></span> <span class='ocrx_word' id='word_1_592' title='bbox 538 4376 625 4432; x_wconf 91' lang='lat' dir='ltr'><strong>die</strong></span> <span class='ocrx_word' id='word_1_593' title='bbox 662 4378 868 4433; x_wconf 85' lang='lat' dir='ltr'><strong>tardius</strong></span> <span class='ocrx_word' id='word_1_594' title='bbox 897 4378 1096 4434; x_wconf 91' lang='lat' dir='ltr'><strong>occidit</strong></span> <span class='ocrx_word' id='word_1_595' title='bbox 1122 4393 1284 4448; x_wconf 92' lang='lat' dir='ltr'><strong>quam</strong></span> <span class='ocrx_word' id='word_1_596' title='bbox 1312 4377 1576 4445; x_wconf 91' lang='lat' dir='ltr'><strong>secundo;</strong></span> <span class='ocrx_word' id='word_1_597' title='bbox 1603 4386 1659 4434; x_wconf 91' lang='lat' dir='ltr'><strong>et</strong></span> <span class='ocrx_word' id='word_1_598' title='bbox 1691 4379 1764 4433; x_wconf 88' lang='lat' dir='ltr'><strong>ita</strong></span> <span class='ocrx_word' id='word_1_599' title='bbox 1795 4392 1933 4449; x_wconf 90' lang='lat' dir='ltr'><strong>quo-</strong></span> 
     </span>
    </p>
   </div>
   <div class='ocr_carea' id='block_1_78' title="bbox 351 4465 1934 4539">
    <p class='ocr_par' dir='ltr' id='par_1_78' title="bbox 351 4465 1934 4539">
     <span class='ocr_line' id='line_1_78' title="bbox 351 4465 1934 4539; baseline 0.003 -21"><span class='ocrx_word' id='word_1_600' title='bbox 351 4465 483 4520; x_wconf 89' lang='lat' dir='ltr'><strong>tidie</strong></span> <span class='ocrx_word' id='word_1_601' title='bbox 516 4465 726 4537; x_wconf 89' lang='lat' dir='ltr'><strong>longius</strong></span> <span class='ocrx_word' id='word_1_602' title='bbox 751 4466 821 4520; x_wconf 90' lang='lat' dir='ltr'><strong>ab</strong></span> <span class='ocrx_word' id='word_1_603' title='bbox 842 4482 1041 4524; x_wconf 85' lang='lat' dir='ltr'><strong>occasu</strong></span> <span class='ocrx_word' id='word_1_604' title='bbox 1070 4468 1296 4533; x_wconf 89' lang='lat' dir='ltr'><strong>recedit,</strong></span> <span class='ocrx_word' id='word_1_605' title='bbox 1337 4476 1399 4523; x_wconf 88' lang='lat' dir='ltr'><strong>ut</strong></span> <span class='ocrx_word' id='word_1_606' title='bbox 1419 4468 1650 4539; x_wconf 89' lang='lat' dir='ltr'><strong>septimo</strong></span> <span class='ocrx_word' id='word_1_607' title='bbox 1678 4468 1767 4524; x_wconf 89' lang='lat' dir='ltr'><strong>die</strong></span> <span class='ocrx_word' id='word_1_608' title='bbox 1788 4469 1934 4525; x_wconf 90' lang='lat' dir='ltr'><strong>circa</strong></span> 
     </span>
    </p>
   </div>
   <div class='ocr_carea' id='block_1_79' title="bbox 350 4555 1936 4631">
    <p class='ocr_par' dir='ltr' id='par_1_79' title="bbox 350 4555 1936 4631">
     <span class='ocr_line' id='line_1_79' title="bbox 350 4555 1936 4631; baseline 0.003 -20"><span class='ocrx_word' id='word_1_609' title='bbox 350 4555 480 4611; x_wconf 88' lang='lat' dir='ltr'><strong>solis</strong></span> <span class='ocrx_word' id='word_1_610' title='bbox 520 4571 775 4612; x_wconf 87' lang='lat' dir='ltr'><strong>occasum</strong></span> <span class='ocrx_word' id='word_1_611' title='bbox 828 4557 884 4613; x_wconf 91' lang='lat' dir='ltr'><strong>in</strong></span> <span class='ocrx_word' id='word_1_612' title='bbox 928 4559 1107 4615; x_wconf 90' lang='lat' dir='ltr'><strong>medio</strong></span> <span class='ocrx_word' id='word_1_613' title='bbox 1145 4558 1284 4615; x_wconf 65' lang='lat' dir='ltr'><strong>caelo</strong></span> <span class='ocrx_word' id='word_1_614' title='bbox 1331 4558 1446 4631; x_wconf 88' lang='lat' dir='ltr'><strong>ipsa</strong></span> <span class='ocrx_word' id='word_1_615' title='bbox 1491 4560 1740 4615; x_wconf 84' lang='lat' dir='ltr'><strong>videatur</strong></span> <span class='ocrx_word' id='word_1_616' title='bbox 1768 4581 1781 4615; x_wconf 78' lang='grc'>;</span> <span class='ocrx_word' id='word_1_617' title='bbox 1811 4570 1936 4631; x_wconf 85' lang='lat' dir='ltr'><strong>post</strong></span> 
     </span>
    </p>
   </div>
   <div class='ocr_carea' id='block_1_80' title="bbox 350 4646 1933 4720">
    <p class='ocr_par' dir='ltr' id='par_1_80' title="bbox 350 4646 1933 4720">
     <span class='ocr_line' id='line_1_80' title="bbox 350 4646 1933 4720; baseline 0.003 -19"><span class='ocrx_word' id='word_1_618' title='bbox 350 4646 485 4704; x_wconf 91' lang='lat' dir='ltr'><strong>alios</strong></span> <span class='ocrx_word' id='word_1_619' title='bbox 508 4663 636 4703; x_wconf 89' lang='lat' dir='ltr'><strong>vero</strong></span> <span class='ocrx_word' id='word_1_620' title='bbox 664 4658 870 4720; x_wconf 86' lang='lat' dir='ltr'><strong>septem</strong></span> <span class='ocrx_word' id='word_1_621' title='bbox 898 4665 1023 4711; x_wconf 87' lang='lat' dir='ltr'><strong>cum</strong></span> <span class='ocrx_word' id='word_1_622' title='bbox 1047 4649 1137 4708; x_wconf 92' lang='lat' dir='ltr'><strong>ille</strong></span> <span class='ocrx_word' id='word_1_623' title='bbox 1161 4649 1385 4720; x_wconf 87' lang='lat' dir='ltr'><strong>mergit,</strong></span> <span class='ocrx_word' id='word_1_624' title='bbox 1416 4650 1534 4706; x_wconf 67' lang='lat' dir='ltr'><strong>haec</strong></span> <span class='ocrx_word' id='word_1_625' title='bbox 1572 4649 1766 4715; x_wconf 90' lang='lat' dir='ltr'><strong>oritur,</strong></span> <span class='ocrx_word' id='word_1_626' title='bbox 1799 4650 1933 4706; x_wconf 87' lang='lat' dir='ltr'><strong>adeo</strong></span> 
     </span>
    </p>
   </div>
   <div class='ocr_carea' id='block_1_81' title="bbox 351 4737 1931 4808">
    <p class='ocr_par' dir='ltr' id='par_1_81' title="bbox 351 4737 1931 4808">
     <span class='ocr_line' id='line_1_81' title="bbox 351 4737 1931 4808; baseline 0.004 -17"><span class='ocrx_word' id='word_1_627' title='bbox 351 4737 527 4791; x_wconf 90' lang='lat' dir='ltr'><strong>media</strong></span> <span class='ocrx_word' id='word_1_628' title='bbox 556 4747 712 4808; x_wconf 89' lang='lat' dir='ltr'><strong>parte</strong></span> <span class='ocrx_word' id='word_1_629' title='bbox 738 4740 940 4797; x_wconf 87' lang='lat' dir='ltr'><strong>mensis</strong></span> <span class='ocrx_word' id='word_1_630' title='bbox 969 4740 1256 4796; x_wconf 91' lang='lat' dir='ltr'><strong>dimidium</strong></span> <span class='ocrx_word' id='word_1_631' title='bbox 1287 4739 1485 4797; x_wconf 66' lang='lat' dir='ltr'><strong>caelum</strong></span> <span class='ocrx_word' id='word_1_632' title='bbox 1503 4781 1519 4806; x_wconf 95' lang='lat'><strong>,</strong></span> <span class='ocrx_word' id='word_1_633' title='bbox 1549 4740 1604 4795; x_wconf 88' lang='lat' dir='ltr'><strong>id</strong></span> <span class='ocrx_word' id='word_1_634' title='bbox 1631 4748 1735 4806; x_wconf 89' lang='lat' dir='ltr'><strong>est,</strong></span> <span class='ocrx_word' id='word_1_635' title='bbox 1763 4756 1931 4797; x_wconf 90' lang='lat' dir='ltr'><strong>unum</strong></span> 
     </span>
    </p>
   </div>
   <div class='ocr_carea' id='block_1_82' title="bbox 350 4826 1932 4897">
    <p class='ocr_par' dir='ltr' id='par_1_82' title="bbox 350 4826 1932 4897">
     <span class='ocr_line' id='line_1_82' title="bbox 350 4826 1932 4897; baseline 0.005 -16"><span class='ocrx_word' id='word_1_636' title='bbox 350 4826 792 4897; x_wconf 62' lang='lat' dir='ltr'><strong>hemisphaerium</strong></span> <span class='ocrx_word' id='word_1_637' title='bbox 842 4830 911 4886; x_wconf 90' lang='lat' dir='ltr'><strong>ab</strong></span> <span class='ocrx_word' id='word_1_638' title='bbox 960 4845 1161 4887; x_wconf 88' lang='lat' dir='ltr'><strong>occasu</strong></span> <span class='ocrx_word' id='word_1_639' title='bbox 1202 4832 1258 4886; x_wconf 92' lang='lat' dir='ltr'><strong>in</strong></span> <span class='ocrx_word' id='word_1_640' title='bbox 1311 4830 1579 4886; x_wconf 87' lang='lat' dir='ltr'><strong>orientem</strong></span> <span class='ocrx_word' id='word_1_641' title='bbox 1631 4831 1932 4889; x_wconf 88' lang='lat' dir='ltr'><strong>recedendo</strong></span> 
     </span>
    </p>
   </div>
   <div class='ocr_carea' id='block_1_83' title="bbox 350 4917 1934 4993">
    <p class='ocr_par' dir='ltr' id='par_1_83' title="bbox 350 4917 1934 4993">
     <span class='ocr_line' id='line_1_83' title="bbox 350 4917 1934 4993; baseline 0.004 -21"><span class='ocrx_word' id='word_1_642' title='bbox 350 4917 605 4985; x_wconf 83' lang='lat' dir='ltr'><strong>metitur;</strong></span> <span class='ocrx_word' id='word_1_643' title='bbox 634 4934 824 4975; x_wconf 86' lang='lat' dir='ltr'><strong>rursus</strong></span> <span class='ocrx_word' id='word_1_644' title='bbox 857 4929 979 4991; x_wconf 89' lang='lat' dir='ltr'><strong>post</strong></span> <span class='ocrx_word' id='word_1_645' title='bbox 1004 4930 1213 4993; x_wconf 89' lang='lat' dir='ltr'><strong>septem</strong></span> <span class='ocrx_word' id='word_1_646' title='bbox 1243 4922 1379 4978; x_wconf 88' lang='lat' dir='ltr'><strong>alios</strong></span> <span class='ocrx_word' id='word_1_647' title='bbox 1419 4921 1563 4977; x_wconf 91' lang='lat' dir='ltr'><strong>circa</strong></span> <span class='ocrx_word' id='word_1_648' title='bbox 1605 4922 1737 4978; x_wconf 89' lang='lat' dir='ltr'><strong>solis</strong></span> <span class='ocrx_word' id='word_1_649' title='bbox 1772 4938 1934 4980; x_wconf 91' lang='lat' dir='ltr'><strong>occa-</strong></span> 
     </span>
    </p>
   </div>
   <div class='ocr_carea' id='block_1_84' title="bbox 350 5007 1930 5084">
    <p class='ocr_par' dir='ltr' id='par_1_84' title="bbox 350 5007 1930 5084">
     <span class='ocr_line' id='line_1_84' title="bbox 350 5007 1930 5084; baseline 0.005 -22"><span class='ocrx_word' id='word_1_650' title='bbox 350 5022 472 5062; x_wconf 82' lang='lat' dir='ltr'><strong>sum</strong></span> <span class='ocrx_word' id='word_1_651' title='bbox 495 5007 719 5065; x_wconf 90' lang='lat' dir='ltr'><strong>latentis</strong></span> <span class='ocrx_word' id='word_1_652' title='bbox 759 5010 1124 5084; x_wconf 64' lang='lat' dir='ltr'><strong>hemisphaerii</strong></span> <span class='ocrx_word' id='word_1_653' title='bbox 1154 5012 1415 5074; x_wconf 71' lang='lat' dir='ltr'><strong>verticem</strong></span> <span class='ocrx_word' id='word_1_654' title='bbox 1455 5019 1627 5083; x_wconf 78' lang='lat' dir='ltr'><strong>tenet,</strong></span> <span class='ocrx_word' id='word_1_655' title='bbox 1670 5015 1825 5084; x_wconf 83' lang='lat' dir='ltr'><strong>cujus</strong></span> <span class='ocrx_word' id='word_1_656' title='bbox 1850 5016 1930 5070; x_wconf 91' lang='lat' dir='ltr'><strong>rei</strong></span> 
     </span>
    </p>
   </div>
   <div class='ocr_carea' id='block_1_85' title="bbox 2041 3103 3610 3181">
    <p class='ocr_par' dir='ltr' id='par_1_85' title="bbox 2041 3103 3610 3181">
     <span class='ocr_line' id='line_1_85' title="bbox 2041 3103 3610 3181; baseline 0.003 -19"><span class='ocrx_word' id='word_1_657' title='bbox 2041 3107 2297 3165; x_wconf 89' lang='lat' dir='ltr'><strong>videntur</strong></span> <span class='ocrx_word' id='word_1_658' title='bbox 2334 3110 2585 3174; x_wconf 87' lang='lat' dir='ltr'><strong>occasui;</strong></span> <span class='ocrx_word' id='word_1_659' title='bbox 2629 3125 2820 3167; x_wconf 88' lang='lat' dir='ltr'><strong>rursus</strong></span> <span class='ocrx_word' id='word_1_660' title='bbox 2865 3118 2987 3181; x_wconf 84' lang='lat' dir='ltr'><strong>post</strong></span> <span class='ocrx_word' id='word_1_661' title='bbox 3042 3112 3215 3169; x_wconf 90' lang='lat' dir='ltr'><strong>Tauri</strong></span> <span class='ocrx_word' id='word_1_662' title='bbox 3261 3122 3487 3167; x_wconf 86' lang='lat' dir='ltr'><strong>mensem</strong></span> <span class='ocrx_word' id='word_1_663' title='bbox 3526 3103 3610 3160; x_wconf 70' lang='lat'><strong>60°</strong></span> 
     </span>
    </p>
   </div>
   <div class='ocr_carea' id='block_1_86' title="bbox 2042 3193 3607 3272">
    <p class='ocr_par' dir='ltr' id='par_1_86' title="bbox 2042 3193 3607 3272">
     <span class='ocr_line' id='line_1_86' title="bbox 2042 3193 3607 3272; baseline -0.001 -17"><span class='ocrx_word' id='word_1_664' title='bbox 2042 3198 2175 3255; x_wconf 89' lang='lat' dir='ltr'><strong>mini</strong></span> <span class='ocrx_word' id='word_1_665' title='bbox 2218 3215 2327 3255; x_wconf 90' lang='lat' dir='ltr'><strong>non</strong></span> <span class='ocrx_word' id='word_1_666' title='bbox 2359 3200 2633 3266; x_wconf 85' lang='lat' dir='ltr'><strong>videntur,</strong></span> <span class='ocrx_word' id='word_1_667' title='bbox 2673 3202 2818 3271; x_wconf 92' lang='lat' dir='ltr'><strong>quod</strong></span> <span class='ocrx_word' id='word_1_668' title='bbox 2864 3201 2919 3256; x_wconf 93' lang='lat' dir='ltr'><strong>in</strong></span> <span class='ocrx_word' id='word_1_669' title='bbox 2945 3216 3050 3258; x_wconf 90' lang='lat' dir='ltr'><strong>eos</strong></span> <span class='ocrx_word' id='word_1_670' title='bbox 3070 3201 3245 3258; x_wconf 84' lang='lat' dir='ltr'><strong>solem</strong></span> <span class='ocrx_word' id='word_1_671' title='bbox 3279 3199 3526 3272; x_wconf 85' lang='lat' dir='ltr'><strong>migrasse</strong></span> <span class='ocrx_word' id='word_1_672' title='bbox 3547 3193 3607 3250; x_wconf 81' lang='lat' dir='ltr'><strong>si-</strong></span> 
     </span>
    </p>
   </div>
   <div class='ocr_carea' id='block_1_87' title="bbox 2041 3288 3607 3359">
    <p class='ocr_par' dir='ltr' id='par_1_87' title="bbox 2041 3288 3607 3359">
     <span class='ocr_line' id='line_1_87' title="bbox 2041 3288 3607 3359; baseline -0.004 -15"><span class='ocrx_word' id='word_1_673' title='bbox 2041 3288 2282 3359; x_wconf 78' lang='lat' dir='ltr'><strong>gniﬁcat.</strong></span> <span class='ocrx_word' id='word_1_674' title='bbox 2331 3289 2464 3346; x_wconf 84' lang='lat' dir='ltr'><strong>Post</strong></span> <span class='ocrx_word' id='word_1_675' title='bbox 2502 3290 2760 3347; x_wconf 90' lang='lat' dir='ltr'><strong>Geminos</strong></span> <span class='ocrx_word' id='word_1_676' title='bbox 2813 3291 2956 3347; x_wconf 91' lang='lat' dir='ltr'><strong>redit</strong></span> <span class='ocrx_word' id='word_1_677' title='bbox 2992 3292 3053 3348; x_wconf 93' lang='lat' dir='ltr'><strong>in</strong></span> <span class='ocrx_word' id='word_1_678' title='bbox 3094 3292 3384 3355; x_wconf 88' lang='lat' dir='ltr'><strong>Cancrum,</strong></span> <span class='ocrx_word' id='word_1_679' title='bbox 3431 3297 3483 3344; x_wconf 88' lang='lat' dir='ltr'><strong>et</strong></span> <span class='ocrx_word' id='word_1_680' title='bbox 3512 3295 3607 3341; x_wconf 88' lang='lat' dir='ltr'><strong>tum</strong></span> 
     </span>
    </p>
   </div>
   <div class='ocr_carea' id='block_1_88' title="bbox 2041 3374 3609 3439">
    <p class='ocr_par' dir='ltr' id='par_1_88' title="bbox 2041 3374 3609 3439">
     <span class='ocr_line' id='line_1_88' title="bbox 2041 3374 3609 3439; baseline -0.003 -5"><span class='ocrx_word' id='word_1_681' title='bbox 2041 3395 2168 3434; x_wconf 91' lang='lat' dir='ltr'><strong>cum</strong></span> <span class='ocrx_word' id='word_1_682' title='bbox 2191 3381 2395 3436; x_wconf 90' lang='lat' dir='ltr'><strong>occidit</strong></span> <span class='ocrx_word' id='word_1_683' title='bbox 2417 3395 2543 3436; x_wconf 83' lang='lat' dir='ltr'><strong>mox</strong></span> <span class='ocrx_word' id='word_1_684' title='bbox 2569 3380 2734 3436; x_wconf 78' lang='lat' dir='ltr'><strong>Libra</strong></span> <span class='ocrx_word' id='word_1_685' title='bbox 2757 3381 2811 3436; x_wconf 91' lang='lat' dir='ltr'><strong>in</strong></span> <span class='ocrx_word' id='word_1_686' title='bbox 2842 3382 3027 3438; x_wconf 89' lang='lat' dir='ltr'><strong>medio</strong></span> <span class='ocrx_word' id='word_1_687' title='bbox 3050 3383 3196 3439; x_wconf 76' lang='lat' dir='ltr'><strong>etelo</strong></span> <span class='ocrx_word' id='word_1_688' title='bbox 3224 3382 3434 3437; x_wconf 89' lang='lat' dir='ltr'><strong>videtur</strong></span> <span class='ocrx_word' id='word_1_689' title='bbox 3461 3374 3609 3432; x_wconf 78' lang='lat' dir='ltr'><strong>:adeo</strong></span> 
     </span>
    </p>
   </div>
   <div class='ocr_carea' id='block_1_89' title="bbox 2040 3465 3608 3542">
    <p class='ocr_par' dir='ltr' id='par_1_89' title="bbox 2040 3465 3608 3542">
     <span class='ocr_line' id='line_1_89' title="bbox 2040 3465 3608 3542; baseline -0.005 -18"><span class='ocrx_word' id='word_1_690' title='bbox 2040 3478 2258 3524; x_wconf 79' lang='lat' dir='ltr'><strong>constat</strong></span> <span class='ocrx_word' id='word_1_691' title='bbox 2303 3471 2471 3526; x_wconf 92' lang='lat' dir='ltr'><strong>solem</strong></span> <span class='ocrx_word' id='word_1_692' title='bbox 2502 3470 2674 3525; x_wconf 90' lang='lat' dir='ltr'><strong>tribus</strong></span> <span class='ocrx_word' id='word_1_693' title='bbox 2712 3470 2883 3542; x_wconf 88' lang='lat' dir='ltr'><strong>signis</strong></span> <span class='ocrx_word' id='word_1_694' title='bbox 2924 3473 3196 3541; x_wconf 87' lang='lat' dir='ltr'><strong>peractis,</strong></span> <span class='ocrx_word' id='word_1_695' title='bbox 3230 3472 3285 3527; x_wconf 92' lang='lat' dir='ltr'><strong>id</strong></span> <span class='ocrx_word' id='word_1_696' title='bbox 3314 3477 3425 3533; x_wconf 90' lang='lat' dir='ltr'><strong>est,</strong></span> <span class='ocrx_word' id='word_1_697' title='bbox 3452 3465 3608 3521; x_wconf 83' lang='lat' dir='ltr'><strong>Arietc</strong></span> 
     </span>
    </p>
   </div>
   <div class='ocr_carea' id='block_1_90' title="bbox 2041 3551 3605 3628">
    <p class='ocr_par' dir='ltr' id='par_1_90' title="bbox 2041 3551 3605 3628">
     <span class='ocr_line' id='line_1_90' title="bbox 2041 3551 3605 3628; baseline -0.008 -7"><span class='ocrx_word' id='word_1_698' title='bbox 2041 3569 2097 3621; x_wconf 88' lang='lat' dir='ltr'><strong>et</strong></span> <span class='ocrx_word' id='word_1_699' title='bbox 2141 3560 2322 3617; x_wconf 87' lang='lat' dir='ltr'><strong>Tauro</strong></span> <span class='ocrx_word' id='word_1_700' title='bbox 2363 3570 2420 3616; x_wconf 90' lang='lat' dir='ltr'><strong>et</strong></span> <span class='ocrx_word' id='word_1_701' title='bbox 2463 3560 2708 3618; x_wconf 86' lang='lat' dir='ltr'><strong>Geminis</strong></span> <span class='ocrx_word' id='word_1_702' title='bbox 2750 3559 2822 3616; x_wconf 88' lang='lat' dir='ltr'><strong>ad</strong></span> <span class='ocrx_word' id='word_1_703' title='bbox 2864 3562 3230 3619; x_wconf 74' lang='lat' dir='ltr'><strong>medietatem</strong></span> <span class='ocrx_word' id='word_1_704' title='bbox 3277 3551 3605 3628; x_wconf 66' lang='lat' dir='ltr'><strong>hemisphazrii</strong></span> 
     </span>
    </p>
   </div>
   <div class='ocr_carea' id='block_1_91' title="bbox 2039 3651 3153 3705">
    <p class='ocr_par' dir='ltr' id='par_1_91' title="bbox 2039 3651 3153 3705">
     <span class='ocr_line' id='line_1_91' title="bbox 2039 3651 3153 3705; baseline 0.004 -1"><span class='ocrx_word' id='word_1_705' title='bbox 2039 3651 2355 3705; x_wconf 87' lang='lat' dir='ltr'><strong>recessisse.</strong></span> <span class='ocrx_word' id='word_1_706' title='bbox 3139 3692 3153 3701; x_wconf 83' lang='lat'><strong>.</strong></span> 
     </span>
    </p>
   </div>
   <div class='ocr_carea' id='block_1_92' title="bbox 2109 3732 3610 3815">
    <p class='ocr_par' dir='ltr' id='par_1_92' title="bbox 2109 3732 3610 3815">
     <span class='ocr_line' id='line_1_92' title="bbox 2109 3732 3610 3815; baseline -0.001 -19"><span class='ocrx_word' id='word_1_707' title='bbox 2109 3740 2350 3811; x_wconf 84' lang='lat' dir='ltr'><strong>Denique</strong></span> <span class='ocrx_word' id='word_1_708' title='bbox 2381 3751 2503 3812; x_wconf 87' lang='lat' dir='ltr'><strong>post</strong></span> <span class='ocrx_word' id='word_1_709' title='bbox 2533 3750 2646 3798; x_wconf 85' lang='lat' dir='ltr'><strong>tres</strong></span> <span class='ocrx_word' id='word_1_710' title='bbox 2673 3757 2888 3799; x_wconf 90' lang='lat' dir='ltr'><strong>menses</strong></span> <span class='ocrx_word' id='word_1_711' title='bbox 2916 3753 3243 3815; x_wconf 87' lang='lat' dir='ltr'><strong>sequentes,</strong></span> <span class='ocrx_word' id='word_1_712' title='bbox 3277 3739 3446 3797; x_wconf 74' lang='lat' dir='ltr'><strong>tribus</strong></span> <span class='ocrx_word' id='word_1_713' title='bbox 3467 3732 3610 3807; x_wconf 60' lang='lat' dir='ltr'><strong>signi!</strong></span> 
     </span>
    </p>
   </div>
   <div class='ocr_carea' id='block_1_93' title="bbox 2038 3832 3606 3909">
    <p class='ocr_par' dir='ltr' id='par_1_93' title="bbox 2038 3832 3606 3909">
     <span class='ocr_line' id='line_1_93' title="bbox 2038 3832 3606 3909; baseline 0.001 -22"><span class='ocrx_word' id='word_1_714' title='bbox 2038 3848 2160 3903; x_wconf 71' lang='lat' dir='ltr'><strong>qua:</strong></span> <span class='ocrx_word' id='word_1_715' title='bbox 2192 3840 2495 3909; x_wconf 71' lang='lat' dir='ltr'><strong>sequantur</strong></span> <span class='ocrx_word' id='word_1_716' title='bbox 2524 3834 2782 3903; x_wconf 86' lang='lat' dir='ltr'><strong>incensis,</strong></span> <span class='ocrx_word' id='word_1_717' title='bbox 2826 3835 3110 3892; x_wconf 90' lang='lat' dir='ltr'><strong>Cancrum</strong></span> <span class='ocrx_word' id='word_1_718' title='bbox 3142 3837 3289 3902; x_wconf 90' lang='lat' dir='ltr'><strong>dico,</strong></span> <span class='ocrx_word' id='word_1_719' title='bbox 3332 3832 3606 3889; x_wconf 67' lang='lat' dir='ltr'><strong>Leonemd</strong></span> 
     </span>
    </p>
   </div>
   <div class='ocr_carea' id='block_1_94' title="bbox 2043 3919 3609 3999">
    <p class='ocr_par' dir='ltr' id='par_1_94' title="bbox 2043 3919 3609 3999">
     <span class='ocr_line' id='line_1_94' title="bbox 2043 3919 3609 3999; baseline -0.004 -17"><span class='ocrx_word' id='word_1_720' title='bbox 2043 3924 2337 3996; x_wconf 85' lang='lat' dir='ltr'><strong>Virginem,</strong></span> <span class='ocrx_word' id='word_1_721' title='bbox 2387 3919 2662 3981; x_wconf 82' lang='lat' dir='ltr'><strong>invenitur</strong></span> <span class='ocrx_word' id='word_1_722' title='bbox 2704 3927 2758 3981; x_wconf 92' lang='lat' dir='ltr'><strong>in</strong></span> <span class='ocrx_word' id='word_1_723' title='bbox 2808 3925 3007 3993; x_wconf 87' lang='lat' dir='ltr'><strong>Libra;</strong></span> <span class='ocrx_word' id='word_1_724' title='bbox 3062 3942 3190 3999; x_wconf 73' lang='lat' dir='ltr'><strong>qua:</strong></span> <span class='ocrx_word' id='word_1_725' title='bbox 3235 3938 3424 3982; x_wconf 84' lang='lat' dir='ltr'><strong>rursus</strong></span> <span class='ocrx_word' id='word_1_726' title='bbox 3459 3921 3609 3989; x_wconf 67' lang='lat' dir='ltr'><strong>aequat</strong></span> 
     </span>
    </p>
   </div>
   <div class='ocr_carea' id='block_1_95' title="bbox 2037 4008 3612 4091">
    <p class='ocr_par' dir='ltr' id='par_1_95' title="bbox 2037 4008 3612 4091">
     <span class='ocr_line' id='line_1_95' title="bbox 2037 4008 3612 4091; baseline -0.006 -14"><span class='ocrx_word' id='word_1_727' title='bbox 2037 4025 2255 4077; x_wconf 84' lang='lat' dir='ltr'><strong>noctem</strong></span> <span class='ocrx_word' id='word_1_728' title='bbox 2287 4018 2414 4083; x_wconf 90' lang='lat' dir='ltr'><strong>diei,</strong></span> <span class='ocrx_word' id='word_1_729' title='bbox 2442 4026 2499 4072; x_wconf 89' lang='lat' dir='ltr'><strong>et</strong></span> <span class='ocrx_word' id='word_1_730' title='bbox 2525 4017 2654 4073; x_wconf 90' lang='lat' dir='ltr'><strong>dum</strong></span> <span class='ocrx_word' id='word_1_731' title='bbox 2685 4018 2739 4072; x_wconf 90' lang='lat' dir='ltr'><strong>in</strong></span> <span class='ocrx_word' id='word_1_732' title='bbox 2774 4018 2893 4089; x_wconf 89' lang='lat' dir='ltr'><strong>ipso</strong></span> <span class='ocrx_word' id='word_1_733' title='bbox 2921 4018 3090 4091; x_wconf 87' lang='lat' dir='ltr'><strong>signo</strong></span> <span class='ocrx_word' id='word_1_734' title='bbox 3119 4018 3344 4082; x_wconf 86' lang='lat' dir='ltr'><strong>occidit,</strong></span> <span class='ocrx_word' id='word_1_735' title='bbox 3374 4028 3491 4071; x_wconf 87' lang='lat' dir='ltr'><strong>mox</strong></span> <span class='ocrx_word' id='word_1_736' title='bbox 3516 4008 3612 4064; x_wconf 81' lang='lat' dir='ltr'><strong>ori-</strong></span> 
     </span>
    </p>
   </div>
   <div class='ocr_carea' id='block_1_96' title="bbox 2036 4100 3609 4181">
    <p class='ocr_par' dir='ltr' id='par_1_96' title="bbox 2036 4100 3609 4181">
     <span class='ocr_line' id='line_1_96' title="bbox 2036 4100 3609 4181; baseline -0.003 -17"><span class='ocrx_word' id='word_1_737' title='bbox 2036 4117 2129 4164; x_wconf 87' lang='lat' dir='ltr'><strong>tur</strong></span> <span class='ocrx_word' id='word_1_738' title='bbox 2145 4107 2328 4176; x_wconf 82' lang='lat' dir='ltr'><strong>Aries,</strong></span> <span class='ocrx_word' id='word_1_739' title='bbox 2360 4109 2415 4164; x_wconf 90' lang='lat' dir='ltr'><strong>in</strong></span> <span class='ocrx_word' id='word_1_740' title='bbox 2441 4126 2549 4181; x_wconf 88' lang='lat' dir='ltr'><strong>quo</strong></span> <span class='ocrx_word' id='word_1_741' title='bbox 2574 4109 2654 4165; x_wconf 84' lang='lat' dir='ltr'><strong>sol</strong></span> <span class='ocrx_word' id='word_1_742' title='bbox 2691 4118 2819 4167; x_wconf 88' lang='lat' dir='ltr'><strong>ante</strong></span> <span class='ocrx_word' id='word_1_743' title='bbox 2849 4125 2946 4167; x_wconf 88' lang='lat' dir='ltr'><strong>sex</strong></span> <span class='ocrx_word' id='word_1_744' title='bbox 2970 4127 3203 4169; x_wconf 77' lang='lat' dir='ltr'><strong>menses</strong></span> <span class='ocrx_word' id='word_1_745' title='bbox 3223 4109 3468 4167; x_wconf 88' lang='lat' dir='ltr'><strong>occidere</strong></span> <span class='ocrx_word' id='word_1_746' title='bbox 3490 4100 3609 4159; x_wconf 80' lang='lat' dir='ltr'><strong>sole-</strong></span> 
     </span>
    </p>
   </div>
   <div class='ocr_carea' id='block_1_97' title="bbox 2035 4195 3612 4272">
    <p class='ocr_par' dir='ltr' id='par_1_97' title="bbox 2035 4195 3612 4272">
     <span class='ocr_line' id='line_1_97' title="bbox 2035 4195 3612 4272; baseline 0.001 -19"><span class='ocrx_word' id='word_1_747' title='bbox 2035 4196 2151 4254; x_wconf 86' lang='lat' dir='ltr'><strong>bat.</strong></span> <span class='ocrx_word' id='word_1_748' title='bbox 2182 4198 2309 4254; x_wconf 88' lang='lat' dir='ltr'><strong>ldeo</strong></span> <span class='ocrx_word' id='word_1_749' title='bbox 2337 4207 2521 4254; x_wconf 90' lang='lat' dir='ltr'><strong>autem</strong></span> <span class='ocrx_word' id='word_1_750' title='bbox 2546 4213 2801 4256; x_wconf 88' lang='lat' dir='ltr'><strong>occasum</strong></span> <span class='ocrx_word' id='word_1_751' title='bbox 2824 4200 2942 4271; x_wconf 82' lang='lat' dir='ltr'><strong>ejus</strong></span> <span class='ocrx_word' id='word_1_752' title='bbox 2971 4217 3151 4272; x_wconf 88' lang='lat' dir='ltr'><strong>quam</strong></span> <span class='ocrx_word' id='word_1_753' title='bbox 3170 4210 3355 4259; x_wconf 89' lang='lat' dir='ltr'><strong>ortum</strong></span> <span class='ocrx_word' id='word_1_754' title='bbox 3384 4195 3612 4267; x_wconf 67' lang='lat' dir='ltr'><strong>elegiam</strong></span> 
     </span>
    </p>
   </div>
   <div class='ocr_carea' id='block_1_98' title="bbox 2037 4284 3609 4362">
    <p class='ocr_par' dir='ltr' id='par_1_98' title="bbox 2037 4284 3609 4362">
     <span class='ocr_line' id='line_1_98' title="bbox 2037 4284 3609 4362; baseline 0.001 -20"><span class='ocrx_word' id='word_1_755' title='bbox 2037 4288 2480 4357; x_wconf 66' lang='lat' dir='ltr'><strong>prmponendum,</strong></span> <span class='ocrx_word' id='word_1_756' title='bbox 2519 4289 2645 4360; x_wconf 89' lang='lat' dir='ltr'><strong>quia</strong></span> <span class='ocrx_word' id='word_1_757' title='bbox 2680 4289 2834 4360; x_wconf 85' lang='lat' dir='ltr'><strong>signa</strong></span> <span class='ocrx_word' id='word_1_758' title='bbox 2865 4293 3187 4360; x_wconf 88' lang='lat' dir='ltr'><strong>posteriora</strong></span> <span class='ocrx_word' id='word_1_759' title='bbox 3224 4284 3349 4362; x_wconf 82' lang='lat' dir='ltr'><strong>post</strong></span> <span class='ocrx_word' id='word_1_760' title='bbox 3385 4293 3609 4344; x_wconf 62' lang='lat' dir='ltr'><strong>occasu</strong></span> 
     </span>
    </p>
   </div>
   <div class='ocr_carea' id='block_1_99' title="bbox 2037 4370 3721 4454">
    <p class='ocr_par' dir='ltr' id='par_1_99' title="bbox 2037 4370 3721 4454">
     <span class='ocr_line' id='line_1_99' title="bbox 2037 4370 3721 4454; baseline 0.007 -22"><span class='ocrx_word' id='word_1_761' title='bbox 2037 4379 2310 4446; x_wconf 79' lang='lat' dir='ltr'><strong>videntur,</strong></span> <span class='ocrx_word' id='word_1_762' title='bbox 2340 4388 2395 4435; x_wconf 91' lang='lat' dir='ltr'><strong>et</strong></span> <span class='ocrx_word' id='word_1_763' title='bbox 2438 4381 2567 4436; x_wconf 91' lang='lat' dir='ltr'><strong>dum</strong></span> <span class='ocrx_word' id='word_1_764' title='bbox 2595 4382 2663 4437; x_wconf 92' lang='lat' dir='ltr'><strong>ad</strong></span> <span class='ocrx_word' id='word_1_765' title='bbox 2689 4381 2806 4437; x_wconf 64' lang='lat' dir='ltr'><strong>haec</strong></span> <span class='ocrx_word' id='word_1_766' title='bbox 2834 4396 2944 4452; x_wconf 87' lang='lat' dir='ltr'><strong>quo</strong></span> <span class='ocrx_word' id='word_1_767' title='bbox 2973 4382 3095 4439; x_wconf 87' lang='lat' dir='ltr'><strong>sole</strong></span> <span class='ocrx_word' id='word_1_768' title='bbox 3140 4389 3424 4454; x_wconf 84' lang='lat' dir='ltr'><strong>mergente</strong></span> <span class='ocrx_word' id='word_1_769' title='bbox 3464 4370 3611 4432; x_wconf 75' lang='lat' dir='ltr'><strong>videri</strong></span> <span class='ocrx_word' id='word_1_770' title='bbox 3715 4438 3721 4443; x_wconf 86' lang='lat'><strong>.</strong></span> 
     </span>
    </p>
   </div>
   <div class='ocr_carea' id='block_1_100' title="bbox 2034 4467 3609 4538">
    <p class='ocr_par' dir='ltr' id='par_1_100' title="bbox 2034 4467 3609 4538">
     <span class='ocr_line' id='line_1_100' title="bbox 2034 4467 3609 4538; baseline -0.003 -14"><span class='ocrx_word' id='word_1_771' title='bbox 2034 4468 2234 4535; x_wconf 89' lang='lat' dir='ltr'><strong>solent,</strong></span> <span class='ocrx_word' id='word_1_772' title='bbox 2280 4471 2448 4525; x_wconf 85' lang='lat' dir='ltr'><strong>solem</strong></span> <span class='ocrx_word' id='word_1_773' title='bbox 2484 4471 2664 4527; x_wconf 89' lang='lat' dir='ltr'><strong>redire</strong></span> <span class='ocrx_word' id='word_1_774' title='bbox 2709 4482 3108 4538; x_wconf 86' lang='lat' dir='ltr'><strong>monstramus,</strong></span> <span class='ocrx_word' id='word_1_775' title='bbox 3159 4474 3284 4529; x_wconf 89' lang='lat' dir='ltr'><strong>sine</strong></span> <span class='ocrx_word' id='word_1_776' title='bbox 3317 4467 3477 4527; x_wconf 86' lang='lat' dir='ltr'><strong>dubio</strong></span> <span class='ocrx_word' id='word_1_777' title='bbox 3503 4475 3609 4519; x_wconf 78' lang='lat' dir='ltr'><strong>eum</strong></span> 
     </span>
    </p>
   </div>
   <div class='ocr_carea' id='block_1_101' title="bbox 2036 4563 3609 4636">
    <p class='ocr_par' dir='ltr' id='par_1_101' title="bbox 2036 4563 3609 4636">
     <span class='ocr_line' id='line_1_101' title="bbox 2036 4563 3609 4636; baseline -0.001 -20"><span class='ocrx_word' id='word_1_778' title='bbox 2036 4563 2311 4617; x_wconf 73' lang='lat' dir='ltr'><strong>centrario</strong></span> <span class='ocrx_word' id='word_1_779' title='bbox 2370 4571 2519 4619; x_wconf 90' lang='lat' dir='ltr'><strong>motu</strong></span> <span class='ocrx_word' id='word_1_780' title='bbox 2584 4565 2841 4622; x_wconf 89' lang='lat' dir='ltr'><strong>recedere</strong></span> <span class='ocrx_word' id='word_1_781' title='bbox 2882 4581 3056 4636; x_wconf 88' lang='lat' dir='ltr'><strong>quam</strong></span> <span class='ocrx_word' id='word_1_782' title='bbox 3103 4564 3310 4623; x_wconf 71' lang='lat' dir='ltr'><strong>emittm</strong></span> <span class='ocrx_word' id='word_1_783' title='bbox 3359 4564 3609 4617; x_wconf 67' lang='lat' dir='ltr'><strong>movetur.</strong></span> 
     </span>
    </p>
   </div>
   <div class='ocr_carea' id='block_1_102' title="bbox 2033 4641 3608 4727">
    <p class='ocr_par' dir='ltr' id='par_1_102' title="bbox 2033 4641 3608 4727">
     <span class='ocr_line' id='line_1_102' title="bbox 2033 4641 3608 4727; baseline -0.008 -20"><span class='ocrx_word' id='word_1_784' title='bbox 2033 4653 2388 4711; x_wconf 89' lang='lat' dir='ltr'><strong>ostendimus.</strong></span> <span class='ocrx_word' id='word_1_785' title='bbox 2440 4654 2567 4712; x_wconf 74' lang='lat' dir='ltr'><strong>Haec</strong></span> <span class='ocrx_word' id='word_1_786' title='bbox 2610 4663 2795 4712; x_wconf 88' lang='lat' dir='ltr'><strong>autem</strong></span> <span class='ocrx_word' id='word_1_787' title='bbox 2831 4671 2952 4727; x_wconf 66' lang='lat' dir='ltr'><strong>quae</strong></span> <span class='ocrx_word' id='word_1_788' title='bbox 2984 4657 3056 4712; x_wconf 90' lang='lat' dir='ltr'><strong>de</strong></span> <span class='ocrx_word' id='word_1_789' title='bbox 3082 4656 3208 4712; x_wconf 92' lang='lat' dir='ltr'><strong>sole</strong></span> <span class='ocrx_word' id='word_1_790' title='bbox 3248 4670 3315 4711; x_wconf 91' lang='lat' dir='ltr'><strong>ac</strong></span> <span class='ocrx_word' id='word_1_791' title='bbox 3341 4653 3461 4707; x_wconf 88' lang='lat' dir='ltr'><strong>luna</strong></span> <span class='ocrx_word' id='word_1_792' title='bbox 3487 4641 3608 4701; x_wconf 87' lang='lat' dir='ltr'><strong>dixi-</strong></span> 
     </span>
    </p>
   </div>
   <div class='ocr_carea' id='block_1_103' title="bbox 2032 4738 3610 4816">
    <p class='ocr_par' dir='ltr' id='par_1_103' title="bbox 2032 4738 3610 4816">
     <span class='ocr_line' id='line_1_103' title="bbox 2032 4738 3610 4816; baseline -0.005 -16"><span class='ocrx_word' id='word_1_793' title='bbox 2032 4758 2176 4809; x_wconf 89' lang='lat' dir='ltr'><strong>mus,</strong></span> <span class='ocrx_word' id='word_1_794' title='bbox 2215 4745 2381 4799; x_wconf 89' lang='lat' dir='ltr'><strong>etiam</strong></span> <span class='ocrx_word' id='word_1_795' title='bbox 2414 4746 2656 4816; x_wconf 89' lang='lat' dir='ltr'><strong>quinque</strong></span> <span class='ocrx_word' id='word_1_796' title='bbox 2695 4745 2975 4802; x_wconf 89' lang='lat' dir='ltr'><strong>stellarum</strong></span> <span class='ocrx_word' id='word_1_797' title='bbox 3018 4759 3310 4802; x_wconf 88' lang='lat' dir='ltr'><strong>recessum</strong></span> <span class='ocrx_word' id='word_1_798' title='bbox 3357 4738 3610 4808; x_wconf 70' lang='lat' dir='ltr'><strong>assignare</strong></span> 
     </span>
    </p>
   </div>
   <div class='ocr_carea' id='block_1_104' title="bbox 2036 4824 3607 4906">
    <p class='ocr_par' dir='ltr' id='par_1_104' title="bbox 2036 4824 3607 4906">
     <span class='ocr_line' id='line_1_104' title="bbox 2036 4824 3607 4906; baseline 0.003 -18"><span class='ocrx_word' id='word_1_799' title='bbox 2036 4833 2319 4891; x_wconf 80' lang='lat' dir='ltr'><strong>sufﬁcient</strong></span> <span class='ocrx_word' id='word_1_800' title='bbox 2353 4836 2514 4906; x_wconf 88' lang='lat' dir='ltr'><strong>:pari</strong></span> <span class='ocrx_word' id='word_1_801' title='bbox 2567 4835 2713 4891; x_wconf 90' lang='lat' dir='ltr'><strong>enim</strong></span> <span class='ocrx_word' id='word_1_802' title='bbox 2754 4836 2965 4892; x_wconf 88' lang='lat' dir='ltr'><strong>ratione</strong></span> <span class='ocrx_word' id='word_1_803' title='bbox 3020 4836 3078 4889; x_wconf 89' lang='lat' dir='ltr'><strong>in</strong></span> <span class='ocrx_word' id='word_1_804' title='bbox 3123 4833 3427 4906; x_wconf 85' lang='lat' dir='ltr'><strong>posteriora</strong></span> <span class='ocrx_word' id='word_1_805' title='bbox 3476 4824 3607 4892; x_wconf 66' lang='grc' dir='ltr'><em>εἰμι</em></span> 
     </span>
    </p>
   </div>
   <div class='ocr_carea' id='block_1_105' title="bbox 2030 4908 3606 4995">
    <p class='ocr_par' dir='ltr' id='par_1_105' title="bbox 2030 4908 3606 4995">
     <span class='ocr_line' id='line_1_105' title="bbox 2030 4908 3606 4995; baseline -0.005 -17"><span class='ocrx_word' id='word_1_806' title='bbox 2030 4921 2335 4993; x_wconf 85' lang='lat' dir='ltr'><strong>migrando,</strong></span> <span class='ocrx_word' id='word_1_807' title='bbox 2394 4939 2610 4995; x_wconf 90' lang='lat' dir='ltr'><strong>semper</strong></span> <span class='ocrx_word' id='word_1_808' title='bbox 2644 4925 2932 4981; x_wconf 65' lang='lat' dir='ltr'><strong>mundanae</strong></span> <span class='ocrx_word' id='word_1_809' title='bbox 2985 4922 3326 4979; x_wconf 80' lang='lat' dir='ltr'><strong>volubilitati</strong></span> <span class='ocrx_word' id='word_1_810' title='bbox 3363 4908 3606 4975; x_wconf 73' lang='lat' dir='ltr'><strong>contraria</strong></span> 
     </span>
    </p>
   </div>
   <div class='ocr_carea' id='block_1_106' title="bbox 2036 5011 3606 5086">
    <p class='ocr_par' dir='ltr' id='par_1_106' title="bbox 2036 5011 3606 5086">
     <span class='ocr_line' id='line_1_106' title="bbox 2036 5011 3606 5086; baseline 0.002 -20"><span class='ocrx_word' id='word_1_811' title='bbox 2036 5012 2345 5068; x_wconf 88' lang='lat' dir='ltr'><strong>recessione</strong></span> <span class='ocrx_word' id='word_1_812' title='bbox 2387 5022 2693 5082; x_wconf 86' lang='lat' dir='ltr'><strong>versantur,</strong></span> <span class='ocrx_word' id='word_1_813' title='bbox 2735 5028 2964 5086; x_wconf 87' lang='lat' dir='ltr'><strong>quarum</strong></span> <span class='ocrx_word' id='word_1_814' title='bbox 3014 5027 3222 5070; x_wconf 81' lang='lat' dir='ltr'><strong>cursus</strong></span> <span class='ocrx_word' id='word_1_815' title='bbox 3272 5011 3606 5069; x_wconf 55' lang='lat' dir='ltr'><strong>recursumne</strong></span> 
     </span>
    </p>
   </div>
   <div class='ocr_carea' id='block_1_107' title="bbox 350 5087 3605 5176">
    <p class='ocr_par' dir='ltr' id='par_1_107' title="bbox 350 5087 3605 5176">
     <span class='ocr_line' id='line_1_107' title="bbox 350 5087 3605 5176; baseline -0 -23"><span class='ocrx_word' id='word_1_816' title='bbox 350 5095 610 5154; x_wconf 88' lang='lat' dir='ltr'><strong>indicium</strong></span> <span class='ocrx_word' id='word_1_817' title='bbox 630 5108 714 5156; x_wconf 90' lang='lat' dir='ltr'><strong>est</strong></span> <span class='ocrx_word' id='word_1_818' title='bbox 740 5101 885 5173; x_wconf 86' lang='lat' dir='ltr'><strong>quod</strong></span> <span class='ocrx_word' id='word_1_819' title='bbox 925 5103 1104 5160; x_wconf 87' lang='lat' dir='ltr'><strong>medio</strong></span> <span class='ocrx_word' id='word_1_820' title='bbox 1130 5104 1309 5162; x_wconf 89' lang='lat' dir='ltr'><strong>noctis</strong></span> <span class='ocrx_word' id='word_1_821' title='bbox 1349 5104 1595 5160; x_wconf 82' lang='lat' dir='ltr'><strong>exoritur</strong></span> <span class='ocrx_word' id='word_1_822' title='bbox 1620 5122 1633 5158; x_wconf 93' lang='lat'><strong>:</strong></span> <span class='ocrx_word' id='word_1_823' title='bbox 1658 5112 1931 5176; x_wconf 88' lang='lat' dir='ltr'><strong>postremo</strong></span> <span class='ocrx_word' id='word_1_824' title='bbox 2027 5102 2148 5172; x_wconf 88' lang='lat' dir='ltr'><strong>ipso</strong></span> <span class='ocrx_word' id='word_1_825' title='bbox 2198 5102 2312 5159; x_wconf 87' lang='lat' dir='ltr'><strong>sole</strong></span> <span class='ocrx_word' id='word_1_826' title='bbox 2356 5105 2632 5161; x_wconf 85' lang='lat' dir='ltr'><strong>moderari</strong></span> <span class='ocrx_word' id='word_1_827' title='bbox 2680 5104 3052 5176; x_wconf 85' lang='lat' dir='ltr'><strong>perhibetur;</strong></span> <span class='ocrx_word' id='word_1_828' title='bbox 3089 5117 3223 5161; x_wconf 86' lang='lat' dir='ltr'><strong>nam</strong></span> <span class='ocrx_word' id='word_1_829' title='bbox 3273 5108 3421 5159; x_wconf 81' lang='lat' dir='ltr'><strong>certa</strong></span> <span class='ocrx_word' id='word_1_830' title='bbox 3464 5087 3605 5166; x_wconf 67' lang='lat' dir='ltr'><strong>spatii</strong></span> 
     </span>
    </p>
   </div>
   <div class='ocr_carea' id='block_1_108' title="bbox 348 5187 1930 5267">
    <p class='ocr_par' dir='ltr' id='par_1_108' title="bbox 348 5187 1930 5267">
     <span class='ocr_line' id='line_1_108' title="bbox 348 5187 1930 5267; baseline 0.005 -26"><span class='ocrx_word' id='word_1_831' title='bbox 348 5187 572 5244; x_wconf 89' lang='lat' dir='ltr'><strong>totidem</strong></span> <span class='ocrx_word' id='word_1_832' title='bbox 595 5188 783 5247; x_wconf 86' lang='lat' dir='ltr'><strong>diebus</strong></span> <span class='ocrx_word' id='word_1_833' title='bbox 806 5191 1034 5260; x_wconf 83' lang='lat' dir='ltr'><strong>exactis,</strong></span> <span class='ocrx_word' id='word_1_834' title='bbox 1066 5193 1263 5251; x_wconf 86' lang='lat' dir='ltr'><strong>additis</strong></span> <span class='ocrx_word' id='word_1_835' title='bbox 1286 5195 1508 5267; x_wconf 89' lang='lat' dir='ltr'><strong>insuper</strong></span> <span class='ocrx_word' id='word_1_836' title='bbox 1536 5194 1657 5266; x_wconf 88' lang='lat' dir='ltr'><strong>plus</strong></span> <span class='ocrx_word' id='word_1_837' title='bbox 1682 5194 1930 5253; x_wconf 88' lang='lat' dir='ltr'><strong>minusve</strong></span> 
     </span>
    </p>
   </div>
   <div class='ocr_carea' id='block_1_109' title="bbox 350 5280 1927 5365">
    <p class='ocr_par' dir='ltr' id='par_1_109' title="bbox 350 5280 1927 5365">
     <span class='ocr_line' id='line_1_109' title="bbox 350 5280 1927 5365; baseline 0.004 -30"><span class='ocrx_word' id='word_1_838' title='bbox 350 5280 472 5336; x_wconf 88' lang='lat' dir='ltr'><strong>aliis</strong></span> <span class='ocrx_word' id='word_1_839' title='bbox 502 5281 732 5350; x_wconf 86' lang='lat' dir='ltr'><strong>duobus,</strong></span> <span class='ocrx_word' id='word_1_840' title='bbox 767 5284 933 5340; x_wconf 87' lang='lat' dir='ltr'><strong>solem</strong></span> <span class='ocrx_word' id='word_1_841' title='bbox 977 5284 1154 5365; x_wconf 79' lang='lat' dir='ltr'><strong>denuo</strong></span> <span class='ocrx_word' id='word_1_842' title='bbox 1178 5286 1610 5357; x_wconf 83' lang='lat' dir='ltr'><strong>comprehendit,</strong></span> <span class='ocrx_word' id='word_1_843' title='bbox 1638 5294 1693 5341; x_wconf 91' lang='lat' dir='ltr'><strong>et</strong></span> <span class='ocrx_word' id='word_1_844' title='bbox 1717 5286 1927 5342; x_wconf 88' lang='lat' dir='ltr'><strong>vicinus</strong></span> 
     </span>
    </p>
   </div>
   <div class='ocr_carea' id='block_1_110' title="bbox 347 5371 1927 5447">
    <p class='ocr_par' dir='ltr' id='par_1_110' title="bbox 347 5371 1927 5447">
     <span class='ocr_line' id='line_1_110' title="bbox 347 5371 1927 5447; baseline 0.004 -24"><span class='ocrx_word' id='word_1_845' title='bbox 347 5371 562 5427; x_wconf 82' lang='lat' dir='ltr'><strong>videtur</strong></span> <span class='ocrx_word' id='word_1_846' title='bbox 620 5384 774 5431; x_wconf 78' lang='lat' dir='ltr'><strong>ortus</strong></span> <span class='ocrx_word' id='word_1_847' title='bbox 826 5376 1110 5432; x_wconf 90' lang='lat' dir='ltr'><strong>amborum</strong></span> <span class='ocrx_word' id='word_1_848' title='bbox 1141 5417 1156 5443; x_wconf 91' lang='lat'><strong>,</strong></span> <span class='ocrx_word' id='word_1_849' title='bbox 1205 5376 1443 5447; x_wconf 86' lang='lat' dir='ltr'><strong>quandiu</strong></span> <span class='ocrx_word' id='word_1_850' title='bbox 1486 5374 1585 5430; x_wconf 88' lang='lat' dir='ltr'><strong>soli</strong></span> <span class='ocrx_word' id='word_1_851' title='bbox 1632 5374 1927 5429; x_wconf 87' lang='lat' dir='ltr'><strong>succedens</strong></span> 
     </span>
    </p>
   </div>
   <div class='ocr_carea' id='block_1_111' title="bbox 352 5465 1926 5537">
    <p class='ocr_par' dir='ltr' id='par_1_111' title="bbox 352 5465 1926 5537">
     <span class='ocr_line' id='line_1_111' title="bbox 352 5465 1926 5537; baseline 0.005 -23"><span class='ocrx_word' id='word_1_852' title='bbox 352 5476 543 5521; x_wconf 87' lang='lat' dir='ltr'><strong>rursus</strong></span> <span class='ocrx_word' id='word_1_853' title='bbox 586 5478 888 5535; x_wconf 88' lang='lat' dir='ltr'><strong>moveatur,</strong></span> <span class='ocrx_word' id='word_1_854' title='bbox 920 5478 976 5527; x_wconf 88' lang='lat' dir='ltr'><strong>et</strong></span> <span class='ocrx_word' id='word_1_855' title='bbox 998 5484 1187 5525; x_wconf 87' lang='lat' dir='ltr'><strong>rursus</strong></span> <span class='ocrx_word' id='word_1_856' title='bbox 1213 5467 1472 5524; x_wconf 89' lang='lat' dir='ltr'><strong>recedens</strong></span> <span class='ocrx_word' id='word_1_857' title='bbox 1492 5465 1751 5537; x_wconf 89' lang='lat' dir='ltr'><strong>paulatim</strong></span> <span class='ocrx_word' id='word_1_858' title='bbox 1780 5480 1926 5521; x_wconf 88' lang='lat' dir='ltr'><strong>sem-</strong></span> 
     </span>
    </p>
   </div>
   <div class='ocr_carea' id='block_1_112' title="bbox 350 5552 1928 5631">
    <p class='ocr_par' dir='ltr' id='par_1_112' title="bbox 350 5552 1928 5631">
     <span class='ocr_line' id='line_1_112' title="bbox 350 5552 1928 5631; baseline -0.005 -10"><span class='ocrx_word' id='word_1_859' title='bbox 350 5564 448 5620; x_wconf 70' lang='lat' dir='ltr'><strong>Per</strong></span> <span class='ocrx_word' id='word_1_860' title='bbox 465 5552 521 5608; x_wconf 86' lang='lat' dir='ltr'><strong>in</strong></span> <span class='ocrx_word' id='word_1_861' title='bbox 542 5558 805 5616; x_wconf 87' lang='lat' dir='ltr'><strong>orientem</strong></span> <span class='ocrx_word' id='word_1_862' title='bbox 843 5560 1198 5631; x_wconf 83' lang='lat' dir='ltr'><strong>regrediendo</strong></span> <span class='ocrx_word' id='word_1_863' title='bbox 1226 5558 1492 5630; x_wconf 87' lang='lat' dir='ltr'><strong>relinquat</strong></span> <span class='ocrx_word' id='word_1_864' title='bbox 1534 5571 1805 5613; x_wconf 86' lang='lat' dir='ltr'><strong>occasum.</strong></span> <span class='ocrx_word' id='word_1_865' title='bbox 1835 5554 1928 5613; x_wconf 82' lang='lat' dir='ltr'><strong>Sol</strong></span> 
     </span>
    </p>
   </div>
   <div class='ocr_carea' id='block_1_113' title="bbox 2032 5179 3601 5267">
    <p class='ocr_par' dir='ltr' id='par_1_113' title="bbox 2032 5179 3601 5267">
     <span class='ocr_line' id='line_1_113' title="bbox 2032 5179 3601 5267; baseline -0.006 -19"><span class='ocrx_word' id='word_1_866' title='bbox 2032 5190 2277 5250; x_wconf 79' lang='lat' dir='ltr'><strong>deﬁnitio</strong></span> <span class='ocrx_word' id='word_1_867' title='bbox 2304 5200 2407 5259; x_wconf 87' lang='lat' dir='ltr'><strong>est,</strong></span> <span class='ocrx_word' id='word_1_868' title='bbox 2426 5195 2493 5251; x_wconf 88' lang='lat' dir='ltr'><strong>ad</strong></span> <span class='ocrx_word' id='word_1_869' title='bbox 2513 5210 2679 5267; x_wconf 90' lang='lat' dir='ltr'><strong>quam</strong></span> <span class='ocrx_word' id='word_1_870' title='bbox 2708 5209 2833 5251; x_wconf 88' lang='lat' dir='ltr'><strong>cum</strong></span> <span class='ocrx_word' id='word_1_871' title='bbox 2854 5207 3205 5266; x_wconf 66' lang='lat' dir='ltr'><strong>unaquaeque</strong></span> <span class='ocrx_word' id='word_1_872' title='bbox 3225 5190 3453 5250; x_wconf 84' lang='lat' dir='ltr'><strong>erratica</strong></span> <span class='ocrx_word' id='word_1_873' title='bbox 3469 5179 3601 5240; x_wconf 73' lang='lat' dir='ltr'><strong>stella</strong></span> 
     </span>
    </p>
   </div>
   <div class='ocr_carea' id='block_1_114' title="bbox 2032 5270 3600 5359">
    <p class='ocr_par' dir='ltr' id='par_1_114' title="bbox 2032 5270 3600 5359">
     <span class='ocr_line' id='line_1_114' title="bbox 2032 5270 3600 5359; baseline 0.001 -21"><span class='ocrx_word' id='word_1_874' title='bbox 2032 5285 2291 5342; x_wconf 88' lang='lat' dir='ltr'><strong>recedens</strong></span> <span class='ocrx_word' id='word_1_875' title='bbox 2319 5289 2387 5343; x_wconf 89' lang='lat' dir='ltr'><strong>ad</strong></span> <span class='ocrx_word' id='word_1_876' title='bbox 2408 5287 2577 5343; x_wconf 87' lang='lat' dir='ltr'><strong>solem</strong></span> <span class='ocrx_word' id='word_1_877' title='bbox 2619 5287 2949 5359; x_wconf 83' lang='lat' dir='ltr'><strong>pervenerit,</strong></span> <span class='ocrx_word' id='word_1_878' title='bbox 2982 5294 3258 5358; x_wconf 84' lang='lat' dir='ltr'><strong>tanquam</strong></span> <span class='ocrx_word' id='word_1_879' title='bbox 3280 5282 3418 5341; x_wconf 83' lang='lat' dir='ltr'><strong>ultra</strong></span> <span class='ocrx_word' id='word_1_880' title='bbox 3440 5270 3600 5350; x_wconf 60' lang='lat' dir='ltr'><strong>proii-</strong></span> 
     </span>
    </p>
   </div>
   <div class='ocr_carea' id='block_1_115' title="bbox 2033 5375 3599 5453">
    <p class='ocr_par' dir='ltr' id='par_1_115' title="bbox 2033 5375 3599 5453">
     <span class='ocr_line' id='line_1_115' title="bbox 2033 5375 3599 5453; baseline 0.004 -23"><span class='ocrx_word' id='word_1_881' title='bbox 2033 5375 2228 5432; x_wconf 88' lang='lat' dir='ltr'><strong>beatur</strong></span> <span class='ocrx_word' id='word_1_882' title='bbox 2258 5380 2541 5453; x_wconf 86' lang='lat' dir='ltr'><strong>accedere,</strong></span> <span class='ocrx_word' id='word_1_883' title='bbox 2582 5381 2668 5451; x_wconf 81' lang='lat' dir='ltr'><strong>agi</strong></span> <span class='ocrx_word' id='word_1_884' title='bbox 2708 5389 2859 5436; x_wconf 88' lang='lat' dir='ltr'><strong>retro</strong></span> <span class='ocrx_word' id='word_1_885' title='bbox 2887 5377 3110 5436; x_wconf 85' lang='lat' dir='ltr'><strong>videtur</strong></span> <span class='ocrx_word' id='word_1_886' title='bbox 3140 5398 3154 5410; x_wconf 84' lang='grc'><strong>·</strong></span> <span class='ocrx_word' id='word_1_887' title='bbox 3186 5387 3245 5436; x_wconf 88' lang='grc' dir='ltr'><strong>ει</strong></span> <span class='ocrx_word' id='word_1_888' title='bbox 3273 5387 3457 5433; x_wconf 73' lang='lat' dir='ltr'><strong>rursus</strong></span> <span class='ocrx_word' id='word_1_889' title='bbox 3492 5377 3599 5453; x_wconf 54' lang='lat' dir='ltr'><strong>ei“!</strong></span> 
     </span>
    </p>
   </div>
   <div class='ocr_carea' id='block_1_116' title="bbox 2033 5451 3598 5542">
    <p class='ocr_par' dir='ltr' id='par_1_116' title="bbox 2033 5451 3598 5542">
     <span class='ocr_line' id='line_1_116' title="bbox 2033 5451 3598 5542; baseline -0.004 -18"><span class='ocrx_word' id='word_1_890' title='bbox 2033 5477 2236 5526; x_wconf 90' lang='lat' dir='ltr'><strong>certam</strong></span> <span class='ocrx_word' id='word_1_891' title='bbox 2302 5451 2512 5542; x_wconf 85' lang='lat' dir='ltr'><strong>partem</strong></span> <span class='ocrx_word' id='word_1_892' title='bbox 2570 5472 2872 5529; x_wconf 89' lang='lat' dir='ltr'><strong>recedendo</strong></span> <span class='ocrx_word' id='word_1_893' title='bbox 2919 5470 3226 5542; x_wconf 87' lang='lat' dir='ltr'><strong>contigerit</strong></span> <span class='ocrx_word' id='word_1_894' title='bbox 3247 5509 3264 5537; x_wconf 95' lang='lat'><strong>,</strong></span> <span class='ocrx_word' id='word_1_895' title='bbox 3314 5466 3384 5524; x_wconf 85' lang='lat' dir='ltr'><strong>ad</strong></span> <span class='ocrx_word' id='word_1_896' title='bbox 3428 5451 3598 5518; x_wconf 61' lang='lat' dir='ltr'><strong>directi</strong></span> 
     </span>
    </p>
   </div>
   <div class='ocr_carea' id='block_1_117' title="bbox 2034 5555 3597 5628">
    <p class='ocr_par' dir='ltr' id='par_1_117' title="bbox 2034 5555 3597 5628">
     <span class='ocr_line' id='line_1_117' title="bbox 2034 5555 3597 5628; baseline -0.002 -17"><span class='ocrx_word' id='word_1_897' title='bbox 2034 5572 2227 5618; x_wconf 85' lang='lat' dir='ltr'><strong>cursus</strong></span> <span class='ocrx_word' id='word_1_898' title='bbox 2258 5570 2517 5619; x_wconf 89' lang='lat' dir='ltr'><strong>consueta</strong></span> <span class='ocrx_word' id='word_1_899' title='bbox 2558 5568 2878 5628; x_wconf 86' lang='lat' dir='ltr'><strong>revocatur,</strong></span> <span class='ocrx_word' id='word_1_900' title='bbox 2908 5559 2989 5615; x_wconf 90' lang='lat' dir='ltr'><strong>ita</strong></span> <span class='ocrx_word' id='word_1_901' title='bbox 3024 5560 3163 5619; x_wconf 83' lang='lat' dir='ltr'><strong>solis</strong></span> <span class='ocrx_word' id='word_1_902' title='bbox 3192 5560 3278 5616; x_wconf 83' lang='lat' dir='ltr'><strong>vis</strong></span> <span class='ocrx_word' id='word_1_903' title='bbox 3304 5567 3360 5614; x_wconf 79' lang='lat' dir='ltr'><strong>et</strong></span> <span class='ocrx_word' id='word_1_904' title='bbox 3383 5555 3597 5625; x_wconf 61' lang='lat' dir='ltr'><strong>potum</strong></span> 
     </span>
    </p>
   </div>
  </div>
