3838 6144
237 270 336 326 653

1048 269 1267 328 mss.
1311 271 1399 327 DE
1432 269 1703 329 nurum
1743 233 1940 330 sonis
1978 273 2243 332 nomen
2277 276 2438 334 ANN.
2473 279 2720 338 ncccx.

3243 236 3278 258 \

3396 295 3503 352 456

233 389 406 439 motus
449 380 790 454 reliquorum
835 382 1097 445 luminum
1140 388 1433 443 constituta
1468 389 1817 446 demensione
1844 392 1894 452 Α
1918 399 2033 458 pat,
2063 392 2272 450 duabus
2295 394 2454 451 lineis
2478 397 2770 454 limitatum
2811 410 2916 468 est,
2945 412 3000 459 et
3027 406 3188 462 tertia
3225 407 3385 465 ducta
3412 424 3511 482 per

236 473 568 529 moderatur.

295 563 483 620 Circus
514 577 648 634 ergo
685 562 801 618 sive
840 564 1076 621 circulus
1112 567 1432 640 intelligitur
1469 570 1812 640 uniuscujus-

231 669 330 725 que
357 653 524 709 stellae
552 668 662 708 una
689 653 902 725 integra
933 664 990 710 et
1023 666 1242 726 peracta
1270 661 1586 726 conversio,
1620 662 1673 716 id
1703 675 1808 728 est,

232 748 295 802 ab
340 745 526 802 eodem
557 745 680 801 loco
725 755 846 816 post
891 763 1174 804 emensum
1225 751 1450 821 sphrerze
1503 768 1600 823 per
1646 769 1810 824 quam

232 846 467 894 movetur
487 837 754 893 ambitum
794 838 848 892 in
887 839 1136 894 eumdem
1165 839 1342 896 locum
1374 857 1673 911 regressus.
1715 843 1811 899 Est

231 938 401 983 autem
437 927 526 983 hic
575 927 718 983 linea
749 929 994 984 ambiens
1037 931 1306 999 sphaeram
1341 947 1404 987 ac
1446 933 1610 988 veluti
1641 936 1808 990 semi-

232 1029 336 1074 tam
366 1018 591 1084 faciens,
621 1034 720 1090 per
741 1035 906 1090 quam
938 1019 1017 1075 sol
1047 1030 1102 1076 et
1126 1021 1250 1076 luna
1277 1022 1551 1089 discurrit,
1590 1033 1644 1079 et
1669 1025 1809 1081 intra

235 1127 388 1180 quam
418 1110 732 1181 vagantium
777 1110 1056 1166 stellarum
1099 1128 1255 1167 error
1292 1113 1566 1184 legitimus
1597 1131 1810 1172 coerce-

239 1212 338 1262 tur.
367 1217 497 1272 quas
521 1201 646 1258 ideo
665 1211 878 1258 veteres
899 1219 1085 1259 errare
1110 1205 1384 1273 dixerunt,
1416 1208 1542 1278 quia
1573 1217 1627 1264 et
1647 1225 1808 1266 cursu

238 1309 328 1348 suo
373 1293 641 1358 feruntur,
691 1303 744 1348 et
783 1302 972 1349 contra
1025 1295 1248 1364 sphaera:
1293 1299 1563 1363 maximae,
1611 1301 1663 1354 id
1701 1310 1804 1368 est,

239 1383 392 1452 ipsius
415 1384 535 1437 caeli
568 1383 828 1453 impetum
863 1386 1140 1439 contrario
1169 1394 1316 1440 motu
1349 1387 1417 1441 ad
1452 1389 1716 1444 orientem
1739 1390 1808 1446 ab

237 1475 499 1530 occidente
524 1475 838 1541 volvuntur,
865 1483 920 1530 et
952 1476 1194 1532 omnium
1231 1479 1451 1548 quidem
1489 1496 1590 1550 par
1616 1481 1807 1537 celeri-

236 1577 334 1631 tas,
360 1576 532 1622 motus
568 1566 787 1632 similis,
818 1566 961 1622 idem
987 1577 1071 1624 est
1095 1571 1288 1625 modus
1311 1573 1545 1638 meandi,
1581 1574 1675 1628 sed
1699 1590 1805 1630 non

235 1673 411 1712 omnes
448 1657 640 1713 eodem
680 1657 942 1728 temporis
971 1660 1146 1729 spatio
1167 1660 1343 1716 circos
1381 1677 1510 1717 suos
1537 1664 1806 1734 orbesque

236 1746 534 1802 coiiﬁciunt.
585 1739 819 1802 Causam‘
861 1763 991 1804 vero
1038 1750 1138 1805 sub
1180 1751 1369 1806 eadem
1406 1751 1685 1808 celeritate
1723 1754 1804 1809 di-

234 1838 364 1890 versi
420 1836 580 1906 spatii
635 1837 975 1907 inmqualitas
1023 1839 1356 1910 sphaeramm
1405 1840 1612 1907 efﬁcit,
1669 1859 1803 1913 quas

231 1929 440 1999 singula:
465 1929 639 1985 stellae
659 1929 992 2000 perlustrant
1023 1947 1036 1984 :
1069 1946 1102 1985 a
1140 1930 1361 1986 Saturni
1389 1933 1538 1988 enim
1566 1934 1802 2004 sphaera,

232 2034 345 2088 quae
374 2028 451 2075 est
473 2020 649 2091 prima
681 2020 750 2076 de
780 2030 1007 2092 septem,
1038 2037 1210 2092 usque
1230 2025 1300 2079 ad
1326 2025 1593 2094 sphaeram
1630 2025 1802 2094 Jovis,

230 2126 257 2162 a
282 2127 488 2167 summo
521 2111 822 2168 secundam
851 2111 1126 2183 interjecti
1161 2114 1321 2184 spatii
1361 2124 1511 2170 tanta
1547 2117 1803 2173 distantia

231 2212 338 2266 est,
386 2213 442 2258 ut
482 2205 691 2261 zodiaci
733 2205 996 2261 ambitum
1050 2207 1298 2278 superior
1345 2208 1564 2280 triginta
1613 2211 1800 2276 annis,

232 2296 504 2351 duodecim
551 2311 684 2352 vero
713 2297 956 2368 subjecta
989 2297 1264 2364 conﬁciat,
1306 2315 1494 2354 rursus
1535 2307 1740 2354 tantum
1770 2316 1803 2355 a

231 2385 360 2442 Jove
405 2388 610 2459 sphaera
659 2388 846 2445 Martis
895 2391 1121 2456 recedit,
1175 2400 1235 2446 ut
1283 2392 1533 2447 eumdem
1584 2408 1803 2448 cursum

169 2503 181 2511 -
237 2479 440 2536 biennio
471 2489 713 2551 peragat.
756 2482 938 2537 Venus
977 2493 1161 2538 autem
1202 2492 1353 2538 tanto
1387 2492 1474 2541 est
1511 2500 1542 2539 a
1584 2485 1804 2556 regione

237 2570 410 2627 Martis
447 2572 690 2639 inferior,
737 2581 796 2627 ut
828 2573 878 2628 ei
915 2588 1090 2630 annus
1130 2575 1263 2631 satis
1297 2575 1370 2632 sit
1406 2574 1476 2630 ad
1520 2575 1804 2632 zodiacum

233 2666 634 2736 peragrandam.

298 2753 410 2809 Jam
435 2771 567 2811 vero
596 2756 671 2812 ita
701 2757 898 2812 Veneri
923 2757 1170 2827 proxima
1217 2766 1303 2813 est
1338 2758 1492 2814 stella
1522 2758 1799 2828 Mercurii,

236 2853 286 2898 et
305 2843 559 2901 Mercurio
585 2845 666 2900 sol
694 2847 1051 2918 propinquus,
1094 2857 1154 2902 ut
1189 2849 1240 2904 bi
1274 2859 1384 2906 tres
1418 2850 1615 2906 cmlum
1645 2868 1801 2907 suum

236 2935 346 3003 pari
371 2937 624 3005 temporis
646 2937 842 3007 spatio,
869 2937 922 2993 id
949 2947 1053 3003 est,
1086 2953 1232 2994 anno
1266 2939 1384 3010 plus
1416 2940 1663 2997 minusve
1693 2942 1803 2998 cir-

239 3039 505 3094 cumeant;
555 3030 678 3085 ideo
714 3038 769 3084 et
805 3030 997 3086 Cicero
1027 3030 1125 3086 hoc
1169 3046 1306 3085 mos
1351 3047 1542 3088 cursus
1576 3034 1802 3090 comites

237 3119 355 3174 solis
398 3121 626 3184 vocavit,
671 3122 801 3191 quia
847 3122 901 3176 in
940 3122 1116 3192 spatio
1145 3130 1263 3192 par;
1304 3122 1462 3194 longe
1495 3138 1526 3178 a
1560 3138 1619 3179 se
1664 3128 1802 3180 nun-

237 3227 384 3280 quam
415 3214 670 3269 recedunt
700 3233 712 3268 :
746 3214 871 3269 luna
896 3223 1076 3269 autem
1117 3223 1322 3270 tantum
1347 3216 1415 3270 ab
1442 3217 1527 3270 his
1548 3217 1798 3273 deorsum

239 3306 463 3370 recessit,
495 3314 556 3359 ut
590 3306 736 3375 quod
761 3305 835 3360 illi
873 3320 1038 3371 anno,
1071 3306 1259 3377 viginti
1289 3315 1413 3362 octo
1444 3306 1634 3363 diebus
1670 3323 1800 3364 con-

240 3391 389 3449 ﬁciat.
431 3395 536 3452 Sed
573 3394 768 3452 Cicero
809 3411 932 3451 cum
966 3380 1230 3465 quartum
1271 3396 1339 3451 de
1379 3403 1582 3465 septem
1629 3395 1799 3450 solem

238 3485 373 3552 velit,
396 3496 621 3558 quartus
654 3496 835 3543 autem
877 3487 1016 3542 inter
1044 3497 1251 3556 septem
1288 3501 1395 3541 non
1422 3486 1536 3542 fere
1565 3487 1795 3553 medius,

238 3579 323 3633 sed
377 3579 687 3634 omnimodo
746 3579 958 3634 medius
1018 3587 1074 3633 et
1128 3579 1201 3633 sit
1257 3587 1314 3633 et
1369 3577 1653 3642 habeatur,
1688 3593 1797 3633 non

237 3669 441 3740 abrupte
481 3670 718 3725 medium
755 3669 942 3735 solem,
990 3669 1081 3724 sed
1124 3669 1232 3738 fere
1271 3669 1506 3723 medium
1552 3669 1799 3725 dixithis

240 3761 436 3814 verbis:
475 3779 492 3810 σ
523 3758 726 3814 Deinde
764 3758 830 3813 de
877 3768 1069 3830 septem
1108 3758 1335 3813 mediam
1382 3758 1491 3828 fere
1535 3760 1795 3831 regionem

237 3849 303 3901 sol
329 3849 566 3904 obtinet.)
606 3849 713 3904 Sed
747 3865 858 3905 non
902 3859 1057 3906 vacat
1102 3848 1332 3920 adjectio
1373 3864 1480 3920 qua
1528 3850 1644 3905 haec
1680 3861 1800 3920 pro-

241 3941 476 3996 nuntiatio
504 3947 864 4010 temperatur;
895 3955 1019 4012 nam
1051 3939 1127 3994 sol
1155 3947 1408 4010 quartum
1437 3938 1612 3996 locum
1654 3940 1796 4012 obti-

243 4045 370 4095 nens,
396 4031 624 4087 mediam
657 4031 930 4103 regionem
960 4038 1104 4086 tenet
1139 4046 1387 4097 numero,
1419 4032 1510 4087 sed
1541 4048 1648 4088 non
1669 4047 1797 4103 spa-

238 4119 319 4182 tio;
354 4120 573 4176 Saturni
610 4121 754 4176 enim
781 4119 958 4188 stella,
990 4135 1107 4191 quae
1133 4137 1342 4177 summa
1369 4131 1473 4187 est,
1505 4122 1797 4178 Zodiacum

236 4212 434 4283 triginta
465 4211 624 4266 anuis
652 4221 903 4282 peragrat
936 4229 947 4265 :
977 4211 1056 4267 sol
1093 4213 1300 4268 medius
1331 4227 1474 4267 anno
1501 4229 1636 4291 uno;
1669 4213 1796 4268 luna

233 4303 400 4357 ultima
430 4317 540 4357 uno
564 4317 748 4356 mense
789 4318 893 4357 non
930 4303 1156 4373 integro.
1195 4301 1424 4357 Tantum
1459 4318 1589 4375 ergo
1632 4304 1798 4358 inter-

231 4404 298 4450 est
326 4396 468 4450 inter
507 4395 678 4450 solem
707 4404 763 4450 et
795 4388 1110 4461 Saturnum,
1154 4403 1413 4467 quantum
1453 4396 1594 4452 inter
1629 4413 1794 4451 unum

229 4499 274 4543 et
298 4489 546 4558 triginta;
579 4496 788 4542 tantum
817 4487 957 4542 inter
986 4487 1167 4541 lunam
1197 4487 1493 4558 solemque,
1528 4497 1794 4558 quantum

225 4587 354 4639 inter
399 4578 681 4634 duodecim
739 4585 795 4633 et
838 4570 1036 4642 unum;
1088 4579 1230 4632 unde
1276 4587 1502 4648 apparet
1555 4580 1720 4634 totius
1753 4581 1793 4633 'a

223 4687 422 4726 summo
443 4670 497 4725 in
537 4671 705 4725 imum
736 4671 896 4741 spatii
925 4679 1128 4725 certam
1154 4686 1218 4725 ex
1254 4670 1430 4725 media
1465 4681 1618 4742 parte
1659 4673 1796 4727 divi-

222 4763 414 4816 sionem
459 4760 592 4816 solis
617 4761 834 4832 regione
860 4777 965 4815 non
995 4759 1130 4816 ﬁeri.
1171 4760 1277 4816 Sed
1300 4770 1560 4832 quantum
1587 4762 1654 4817 ad
1693 4779 1794 4820 nu-

221 4869 416 4908 merum
441 4854 694 4923 pertinet,
727 4852 888 4907 vcluti
924 4853 1064 4908 inter
1097 4862 1304 4923 septem
1328 4861 1551 4924 quartus
1578 4855 1792 4912 melius

222 4943 423 5008 dicitur,
471 4943 721 5015 quamvis
773 4951 992 5014 propter
1027 4942 1442 5012 inaequalitatem
1489 4943 1785 5013 spatiorum

221 5033 508 5103 adjectioue
535 5035 645 5104 fere
666 5034 946 5104 particulae
979 5041 1328 5105 temperatur.
1361 5034 1626 5092 Zodiacus
1656 5051 1786 5106 ergo

221 5125 440 5182 circulus
463 5137 546 5181 est
575 5141 715 5182 unus
751 5141 816 5182 ex
847 5125 1098 5181 undecim
1145 5125 1486 5196 supradictis,
1519 5127 1610 5197 qui
1641 5127 1789 5183 solus

218 5216 380 5286 potuit
423 5215 758 5270 latitudinem
789 5217 890 5272 hoc
920 5217 1080 5271 modo
1115 5232 1272 5288 quem
1319 5215 1624 5282 referimus,
1674 5217 1788 5274 adi-

217 5305 359 5374 pisci.
386 5304 587 5360 Natura
615 5306 917 5384 caelestium
943 5307 1267 5364 circulorum
1294 5308 1649 5378 incorporalis
1682 5317 1788 5376 est,

218 5395 450 5464 lineaque
496 5397 571 5451 ita
620 5406 801 5453 mente
839 5397 1160 5469 concipitur,
1201 5406 1260 5452 ut
1297 5397 1407 5454 sola
1454 5397 1789 5471 longitudine

217 5495 507 5556 censeatur,
540 5488 706 5542 latum
737 5488 939 5545 habere
972 5505 1080 5545 non
1108 5490 1306 5561 possit;
1342 5491 1395 5546 in
1418 5491 1652 5548 Zodiaco
1673 5491 1790 5547 lon-

216 5579 500 5644 gitudinem
545 5579 820 5650 signorum
864 5583 1138 5652 capacitas
1185 5583 1455 5653 exigebat.
1515 5581 1787 5650 Quantum

215 5665 368 5738 igitur
397 5669 552 5738 spatii
595 5669 698 5722 lata
727 5671 991 5726 dimensio
1024 5672 1290 5741 porrectis
1319 5673 1586 5729 sideribus
1629 5689 1788 5730 occu-

1825 4445 1876 4504 D

1913 481 2152 539 medium
2191 485 2441 556 ecliptica
2473 499 2718 556 vocatur,
2768 494 2894 560 quia
2927 511 3048 551 cum
3085 513 3303 554 cursum
3349 481 3508 558 suum

1911 571 1966 625 in
1995 573 2184 630 eadem
2212 575 2352 631 linea
2377 579 2584 648 pariter
2612 581 2693 635 sol
2733 591 2787 636 et
2831 583 2959 640 luna
2999 589 3314 655 conﬁciunt,
3363 592 3501 647 alte-

1912 660 2026 716 rius
2063 678 2249 719 eorum
2290 681 2512 723 necesse
2549 678 2633 725 est
2666 674 2889 730 evenire
2925 675 3225 746 defectum;
3272 682 3419 748 solis,
3457 683 3508 739 si

1909 751 1960 806 ci
2007 761 2133 810 tunc
2177 754 2300 811 luna
2344 760 2628 826 succedat;
2679 761 2850 829 lunae,
2897 765 2943 819 si
2989 775 3120 823 tunc
3163 770 3389 826 adversa
3433 773 3508 829 sit

1910 840 2032 895 soli.
2065 842 2187 898 Ideo
2217 857 2314 898 nec
2349 845 2428 900 sol
2453 863 2692 917 unquam
2724 851 2929 919 deﬁcit,
2972 855 3078 910 nisi
3123 872 3244 912 cum
3287 859 3502 917 tricesi-

1908 943 2031 984 mus
2072 929 2213 985 luna:
2253 933 2370 988 dies
2417 944 2537 1001 est;
2571 946 2625 992 et
2671 939 2776 994 nisi
2817 943 3008 1010 quinto
3053 947 3263 1003 decimo
3301 965 3498 1008 cursus

1909 1018 1993 1072 sui
2035 1019 2142 1086 die,
2177 1022 2350 1076 nescit
2398 1023 2524 1079 luna
2571 1026 2838 1084 defectum
2869 1050 2885 1085 :
2914 1034 2996 1088 sic
3023 1036 3169 1090 enim
3199 1040 3381 1094 evenit
3439 1048 3501 1097 ut

1908 1115 2001 1161 aut
2024 1107 2163 1163 lunae
2188 1121 2376 1166 contra
2402 1113 2570 1169 solem
2605 1119 2814 1186 positae,
2843 1121 2911 1176 ad
2941 1128 3294 1182 mutuandum
3335 1132 3404 1186 ab
3429 1148 3498 1188 eo

1908 1197 2141 1253 solidum
2172 1200 2374 1268 lumen,
2417 1204 2519 1259 sub
2547 1208 2736 1262 eadem
2769 1209 2910 1266 linea
2939 1214 3188 1272 inventus
3219 1229 3377 1275 terra:
3398 1238 3496 1278 eo-

1908 1304 2011 1344 nus
2043 1290 2299 1357 obsistat,
2329 1303 2421 1349 aut
2449 1295 2547 1350 soli
2574 1297 2687 1366 ipsa
2713 1303 3026 1371 succedens,
3055 1306 3267 1375 otzjectu
3295 1327 3394 1368 suo
3425 1316 3494 1370 ab

1907 1380 2144 1436 humano
2174 1393 2395 1452 aspectu
2425 1386 2605 1443 lumen
2629 1389 2744 1458 ejus
2777 1394 3019 1462 repellat.
3068 1397 3125 1452 ln
3157 1402 3369 1458 defectu
3397 1421 3496 1459 au-

1907 1480 2016 1526 tem
2046 1474 2126 1528 sol
2148 1475 2264 1545 ipse
2290 1477 2422 1532 nihil
2443 1481 2667 1548 patitur,
2695 1486 2792 1540 sed
2823 1497 3007 1544 noster
3033 1489 3316 1549 fraudatur
3344 1512 3498 1568 aspe-

1905 1573 2046 1632 ctus,
2097 1567 2224 1622 luna
2256 1585 2384 1626 vero
2421 1573 2567 1627 circa
2612 1579 2890 1645 proprium
2942 1581 3211 1639 defectum
3260 1567 3496 1656 laborat,

1906 1671 2014 1710 non
2047 1659 2359 1728 accipiendo
2387 1661 2517 1716 solis
2543 1663 2747 1730 lumen,
2779 1670 2933 1737 cujus
2976 1673 3240 1731 beneﬁcio
3282 1688 3496 1735 noctem

1831 1738 1879 1796 B
1905 1745 2143 1812 colorat;
2167 1751 2310 1818 quod
2326 1753 2504 1809 sciens
2521 1755 2795 1828 Virgilius,
2819 1760 3227 1832 disciplinarum
3247 1773 3492 1828 omnium

1906 1837 2287 1907 peritissimus,
2315 1841 2422 1896 ait:

2090 1948 2326 2001 Defectus
2347 1953 2466 2006 solis
2493 1958 2666 2019 varios,
2691 1957 2920 2022 luntrque
2939 1962 3151 2016 labores.

1905 2034 2166 2103 Quamvis
2212 2040 2375 2110 igitur
2418 2043 2582 2099 trium
2641 2046 2908 2104 linearum
2963 2053 3158 2110 ductus
3207 2058 3494 2116 zodiacum

1903 2135 1960 2181 et
1995 2127 2211 2182 claudat
2244 2138 2299 2185 et
2335 2133 2561 2200 dividat,
2612 2153 2777 2192 unum
2829 2149 3010 2198 tamen
3054 2145 3256 2201 circum
3304 2159 3495 2207 auctor

1904 2221 2294 2277 vocabulorum
2341 2225 2445 2280 dici
2473 2228 2644 2284 voluit
2682 2233 2997 2303 antiquitas,
3033 2241 3327 2296 secundum
3363 2260 3496 2302 vero

1904 2314 2168 2381 quosdam
2206 2315 2559 2388 philosophos
2594 2320 2822 2379 latitudo
2857 2328 3062 2382 zodiaci
3103 2331 3386 2390 duodecim
3431 2337 3497 2392 li-

1903 2401 2023 2456 neis
2071 2413 2438 2471 mensuratur,
2489 2423 2554 2462 ex
2601 2411 2799 2479 quibus
2847 2414 3004 2483 juxta
3060 2419 3210 2487 paris
3274 2427 3492 2480 numeri

1905 2501 2158 2546 naturam
2208 2493 2344 2550 duas
2400 2497 2592 2552 haberi
2642 2501 2848 2557 medias
2905 2519 3130 2562 necesse
3189 2518 3306 2576 est,
3358 2530 3496 2583 quas

1905 2585 2280 2639 tantummodo
2335 2601 2366 2641 a
2414 2588 2527 2643 sole
2576 2590 2797 2646 lustrari
2841 2597 3260 2664 conlirmantes,
3310 2603 3495 2661 lunam

1902 2687 2002 2741 per
2024 2688 2214 2730 omnes
2240 2677 2548 2734 discurrere
2575 2682 3127 2758 dicunt.Quapropter
3150 2691 3294 2748 ultro
3323 2695 3493 2750 citro-

1903 2775 2010 2830 que
2054 2770 2246 2831 vagata
2288 2763 2536 2835 eclipsim
2591 2767 2708 2823 ﬁeri
2767 2772 2997 2844 singulis
3045 2780 3320 2836 mensibus
3376 2799 3486 2839 non

1903 2851 2053 2906 sinit.
2105 2851 2370 2909 Omnibus
2411 2863 2590 2911 tamen
2625 2861 2783 2916 annis
2815 2864 3098 2935 utriusque
3126 2869 3319 2927 sideris
3349 2875 3486 2930 defe-

1901 2951 2023 2998 ctus
2072 2946 2291 3000 statutis
2333 2946 2523 3002 dicbus
2553 2950 2813 3022 horisque
2849 2958 3067 3012 evenire
3116 2965 3492 3034 comprobant,

1905 3037 2154 3104 quamvis
2178 3052 2282 3092 non
2311 3053 2526 3108 semper
2549 3054 2868 3112 appareant,
2904 3046 3020 3100 ideo
3049 3049 3175 3118 quia
3201 3053 3494 3124 aliquando

1906 3127 2045 3182 ﬁunt
2077 3129 2271 3185 subtus
2312 3140 2514 3187 terram
2558 3133 2610 3188 in
2639 3145 2792 3204 parte
2842 3137 3062 3195 latentis
3100 3142 3488 3216 hemisphaerii,

1904 3220 2197 3309 aliquando
2249 3239 2443 3293 supra;
2501 3227 2596 3281 sed
2647 3237 2869 3298 propter
2921 3232 3105 3287 nubila
3156 3244 3211 3289 et
3273 3250 3492 3309 propter

1903 3308 2280 3377 globositatcm
2319 3321 2376 3367 et
2412 3315 2813 3370 convexitatem
2855 3325 3012 3373 teme
3053 3337 3229 3390 neque
3273 3308 3491 3395 ubique,

1903 3413 2080 3468 neque
2136 3401 2342 3455 eisdem
2397 3403 2549 3457 horis
2601 3405 2671 3460 ab
2718 3408 2972 3465 omnibus
3033 3414 3180 3466 cerni
3227 3427 3488 3485 possunt;

1902 3492 2046 3545 unde
2081 3493 2445 3548 certissimum
2479 3505 2566 3549 est
2593 3499 2788 3566 saepius
2818 3499 2922 3553 ista
2947 3501 3064 3556 ﬁeri
3101 3519 3266 3574 quam
3293 3509 3488 3576 videri,

1903 3595 2003 3636 nec
2031 3582 2312 3651 aequaliter
2335 3587 2544 3640 cunctis
2571 3603 2836 3656 apparere
2863 3604 2986 3645 cum
3019 3594 3299 3663 videntur;
3341 3601 3486 3656 unde

1903 3673 2240 3742 vespertinus
2282 3676 2414 3731 solis
2454 3691 2519 3730 ac
2560 3678 2700 3735 luna:
2748 3680 2992 3738 defectus
3029 3682 3335 3745 Orientales
3378 3707 3485 3747 non

1900 3765 2172 3831 sentiunt,
2226 3782 2402 3837 neque
2447 3771 2739 3827 matutinos
2788 3774 3184 3845 Occidentales,
3236 3782 3488 3840 obstante

1901 3870 2040 3911 cono
2069 3863 2231 3912 terra;
2258 3867 2422 3927 atque
2449 3859 2624 3914 visum
2659 3873 2900 3919 arcente.
2930 3865 3097 3922 Luna:
3127 3878 3309 3927 autem
3337 3863 3487 3930 defe-

1900 3956 2048 4002 ctum
2099 3947 2392 4018 aliquando
2435 3951 2624 4020 quinto
2662 3969 2848 4011 mense
2888 3970 2918 4011 a
2963 3961 3154 4029 priori,
3190 3963 3320 4020 solis
3353 3981 3486 4024 vero

1901 4037 2131 4106 septimo
2170 4037 2414 4107 ejusdem
2442 4041 2529 4096 bis
2560 4042 2614 4098 in
2645 4044 2866 4116 triginta
2897 4047 3086 4106 diebus
3121 4047 3286 4123 super
3313 4066 3487 4114 terras

1899 4129 2185 4195 occultari,
2220 4146 2432 4186 necnon
2473 4132 2544 4188 ab
2581 4134 2702 4190 aliis
2731 4137 2907 4193 visum
2949 4155 3090 4206 esse,
3121 4146 3393 4213 quondam
3427 4148 3483 4203 in

1900 4223 2182 4278 duodecim
2215 4225 2405 4280 diebus
2432 4235 2722 4296 utrumque
2769 4229 2921 4283 sidus
2957 4231 3185 4287 deﬁcere
3217 4235 3481 4303 probabili

1900 4314 2112 4369 ratione
2138 4323 2192 4368 et
2219 4316 2508 4371 traditione
2535 4319 2906 4384 cognovimus.

1974 4404 2244 4475 Respondi
2280 4420 2439 4477 ergo,
2484 4414 2544 4460 ut
2583 4407 2716 4461 mihi
2755 4408 2986 4474 videtur,
3035 4411 3345 4469 beatissime
3369 4412 3482 4470 Au-

1899 4505 2073 4567 guste,
2107 4497 2404 4552 secundum
2433 4505 2741 4552 vestrarum
2769 4501 3108 4557 exactionem
3150 4503 3476 4575 litterarum,

1897 4595 1954 4641 et
1978 4586 2086 4641 dixi
2113 4601 2178 4640 ex
2203 4587 2519 4642 eorumdem
2535 4588 2864 4644 auctoritate
2891 4591 3345 4660 quemadmodum
3377 4611 3479 4651 an-

1895 4676 2028 4745 tiqui
2053 4676 2359 4746 philosophi
2383 4685 2438 4732 et
2462 4679 2702 4737 scierunt
2727 4687 2782 4734 et
2809 4681 3181 4749 praescierunt,
3205 4688 3478 4752 quomodo

1895 4766 2050 4822 ﬁeret
2098 4767 2346 4824 defectus
2392 4769 2544 4836 solis,
2592 4777 2650 4825 et
2688 4772 2904 4840 quando
2950 4761 3105 4830 ﬁeret
3147 4791 3160 4829 τ
3206 4775 3282 4830 illi
3331 4780 3476 4834 enim

1892 4857 2134 4912 omnium
2173 4857 2581 4929 disciplinarum
2613 4861 2953 4931 peritissimi,
2995 4870 3052 4918 et
3079 4863 3278 4921 nullius
3313 4877 3478 4925 secta

1888 4947 2044 5004 inscii
2067 4949 2342 5004 veteribus
2370 4951 2712 5020 approbata,
2764 4953 3113 5022 sagacissima
3159 4957 3392 5014 climata:
3418 4967 3478 5016 et

1887 5041 2156 5100 defaecata
2183 5044 2378 5099 mentis
2407 5044 2728 5112 intentione,
2759 5056 2814 5104 et
2842 5051 3308 5121 perspicacissima
3336 5071 3470 5126 pur-

1888 5131 2274 5202 gatissimaque
2315 5134 2513 5190 interni
2553 5151 2746 5193 sensus
2783 5140 2902 5196 acie
2937 5142 3193 5210 praeﬁxa,
3229 5147 3469 5204 omnium

1888 5238 2074 5277 rerum
2108 5234 2358 5292 naturas,
2399 5226 2660 5294 rationes,
2697 5243 2894 5286 causas
2935 5242 2992 5287 et
3017 5235 3257 5306 origines
3301 5237 3474 5293 subti-i

1887 5312 2095 5370 lissime
2117 5323 2174 5370 ct
2199 5315 2594 5373 instantissime
2625 5322 2856 5375 naturali
2890 5323 3305 5396 investigatione
3321 5341 3468 5396 qua-

1889 5403 2156 5471 siverunt,
2193 5408 2604 5464 accuratissime
2650 5418 2705 5465 et
2747 5411 3120 5470 eﬁicacissime
3159 5417 3252 5470 illo
3292 5433 3324 5471 a
3366 5432 3470 5487 quo

1890 5511 2043 5552 omne
2076 5495 2259 5552 datum
2289 5498 2542 5569 optimum
2574 5510 2649 5554 est
2687 5512 2735 5555 et
2765 5519 2917 5557 omne
2958 5505 3154 5558 donum
3179 5506 3466 5576 perfectum

1888 5583 2149 5641 oﬂ‘erente
2177 5588 2402 5658 quaesita
2434 5589 2774 5655 invenerunt,
2813 5591 3027 5648 inventa
3053 5601 3110 5648 et
3134 5595 3467 5666 deprehensa

1889 5676 2302 5747 diligentissime
2346 5689 2401 5735 et
2439 5681 2802 5738 iutentissime
2837 5682 3300 5744 observaverunt:
3345 5691 3467 5747 inde
