3838 6144
313 282 424 339 δεὸ

1628 262 1932 321 cunam
1971 216 2267 318 suetus:

3463 261 3575 318 ‘56

308 392 519 469 physici
565 389 913 447 astronomiae
966 384 1273 455 specialiter
1329 380 1644 442 studentes,
1695 377 1885 430 eadem
1914 376 1966 433 Α
1994 380 2147 469 tan-f0
2190 370 2342 469 fuit“
2384 378 2630 469 tempori:
2676 368 2898 469 οίιξιιξῐῐι⁵
2922 369 3137 469 fimum
3184 369 3337 469 Ιονξδ
3387 380 3578 469 δυξα-

311 468 617 539 diutissima
635 478 1148 545 meditatissimaque
1168 473 1442 543 diligentia
1467 480 1620 526 ortus
1636 479 1691 524 et
1704 468 1887 525 obitus

310 575 591 630 stellarum
639 572 913 624 intuentes
959 574 1015 621 et
1060 565 1323 623 intuendo
1357 562 1720 632 experientes,
1754 560 1886 615 solis

288 644 366 717 .et
410 662 552 715 lunae
593 666 648 714 et
693 659 1020 725 reliquarum
1071 655 1306 723 quinque
1335 654 1647 723 vagantium
1693 666 1887 706 cursus

310 760 366 806 et
400 766 666 811 recursus,
700 762 948 802 accessus
985 755 1039 798 et
1080 760 1324 798 recessus
1355 743 1665 812 plenissime
1697 741 1885 811 explo-

314 846 589 902 raverunt,
630 838 684 892 iu
726 844 934 889 tantum
969 842 1028 887 ut
1065 834 1396 904 explorando
1431 831 1888 886 indubitatissime

313 930 518 984 scirent
568 935 800 997 quantas
846 924 1019 979 lineas
1055 925 1263 979 zodiaci
1313 922 1498 977 circuli
1552 933 1889 991 unaquaeque

310 1022 464 1078 stella
492 1021 721 1075 erratica
753 1020 1025 1081 lustraret,
1052 1027 1107 1073 et
1128 1034 1227 1088 per
1250 1033 1411 1088 quam
1439 1017 1655 1088 proprie
1682 1024 1738 1070 et
1766 1031 1888 1084 spe-

310 1112 523 1167 cialiter
547 1109 615 1165 de
645 1109 777 1179 ipsis
805 1109 963 1164 lineis
995 1111 1048 1162 in
1080 1109 1331 1177 przesenti
1362 1122 1579 1162 cursum
1608 1106 1885 1175 dirigeret,

308 1212 366 1259 et
405 1203 461 1257 in
503 1216 611 1270 quo
644 1201 797 1269 signo
836 1209 891 1254 et
930 1200 984 1253 iu
1020 1215 1124 1268 qua
1154 1207 1305 1268 parte
1344 1198 1512 1267 ipsius
1548 1198 1688 1267 signi
1722 1205 1886 1252 esset.

312 1292 417 1360 Qui
444 1307 577 1362 ergo
602 1292 677 1345 ita
706 1292 771 1345 de
799 1290 1192 1353 subtilioribus,
1224 1289 1350 1343 licet
1374 1289 1518 1343 veris
1547 1296 1602 1342 et
1631 1286 1892 1341 naturali-

311 1385 435 1449 bus,
469 1383 699 1437 aliarum
753 1381 1033 1436 stellarum
1082 1382 1317 1435 motibus
1364 1379 1665 1434 certissime
1691 1385 1891 1433 etstu-

311 1473 623 1531 diosissime
659 1480 1052 1542 cognoverunt,
1092 1486 1191 1525 cur
1230 1470 1359 1524 solis
1394 1477 1450 1524 et
1492 1468 1636 1523 luna:
1676 1484 1888 1534 cursus,

315 1565 410 1634 qui
446 1577 573 1618 vere
617 1562 969 1617 notabiliores
1010 1570 1067 1616 et
1112 1560 1386 1615 faciliores
1430 1568 1558 1615 sunt
1591 1563 1659 1615 ad
1692 1574 1894 1632 cogno-

315 1657 600 1720 scendum,
645 1655 985 1725 ignorarent,
1028 1661 1091 1707 ut
1118 1667 1215 1708 eos
1262 1652 1459 1707 lateret
1502 1650 1773 1720 quomodo
1804 1650 1892 1705 vel

1991 459 2144 516 stella
2174 460 2478 525 duodecim,
2510 468 2563 513 et
2592 459 2808 513 Saturni
2833 460 3052 530 triginta
3080 475 3254 516 annos
3290 461 3345 515 in
3376 463 3578 518 eadem

1990 537 2367 605 circumitione
2394 548 2684 604 consumit.
3180 568 3201 573 ί

2059 660 2186 714 Haec
2215 661 2282 714 de
2310 659 2422 714 sole
2452 665 2515 714 'et
2557 659 2704 725 luna,
2733 674 2797 714 ac
2821 660 2994 731 vagis,
3022 670 3081 714 ut
3106 670 3235 716 ante
3259 663 3585 730 retulimus,

1983 747 2098 817 jam
2131 758 2259 804 nota
2295 760 2422 803 sunt
2448 768 2460 802 :
2488 765 2662 804 annus
2690 765 2839 815 vero,
2868 751 2959 820 qui
2992 752 3297 807 mundanus
3322 761 3577 821 vocatur.

1990 838 2083 906 qui
2119 853 2248 892 vere
2286 847 2508 892 vertens
2544 847 2647 904 est,
2681 840 2805 908 quia
2853 841 3208 897 conversione
3240 842 3414 911 plenae
3453 844 3563 898 uni

1991 926 2265 980 vcrsitatis
2312 925 2560 992 edicitur,
2613 926 2934 998 largissimis
2983 930 3199 985 szeculis
3244 932 3587 1000 explicatur,

1990 1018 2142 1088 cujus
2184 1019 2324 1073 ratio
2367 1019 2489 1073 talis
2535 1028 2638 1074 est.
2693 1019 2874 1075 Stellae
2908 1036 3098 1077 omnes
3137 1032 3192 1077 et
3221 1024 3420 1089 sidera,
3453 1040 3595 1094 qua:

1992 1108 2159 1162 infixa
2215 1108 2353 1164 caelo
2405 1111 2680 1177 videntur,
2741 1126 2970 1181 quorum
3028 1114 3305 1183 proprium
3362 1125 3593 1172 motum

1989 1213 2267 1267 nunquam
2293 1199 2442 1253 visus
2490 1201 2756 1255 humanus
2799 1202 3001 1257 sentire
3045 1203 3125 1257 vel
3168 1205 3596 1274 deprehendere

1990 1296 2197 1357 potest,
2239 1297 2524 1342 moventur
2558 1297 2758 1354 tamen,
2799 1299 2854 1345 et
2879 1301 3077 1359 praeter
3111 1292 3234 1347 coeli
3267 1294 3597 1349 volubilita-

1990 1385 2099 1432 tem
2128 1394 2234 1448 qua
2263 1393 2476 1449 semper
2501 1381 2811 1446 trahuntur,
2842 1396 2940 1436 suo
2971 1397 3182 1452 quoque
3208 1398 3432 1438 accessu
3468 1393 3597 1439 tam

1991 1482 2114 1522 sero
2140 1475 2484 1537 promovent,
2504 1477 2577 1524 ειη
2605 1469 2803 1525 nullius
2831 1470 3112 1525 hominum
3138 1473 3246 1527 vita
3280 1481 3388 1527 tam
3413 1473 3597 1545 longa

1991 1557 2081 1623 sit,
2110 1573 2233 1626 quas
2266 1558 2647 1614 observatione
2686 1560 2942 1614 continua
2980 1557 3177 1615 factam
3205 1561 3271 1616 de
3309 1561 3431 1617 loco
3462 1578 3596 1633 pero

1991 1647 2372 1712 mutationem,
2400 1647 2455 1701 in
2485 1662 2708 1717 quo.....
2737 1648 2976 1718 primum
3005 1649 3235 1715 viderat,
3270 1651 3602 1720 deprehen.

318 1749 535 1818 quando
567 1719 691 1817 per.
708 1744 952 1800 eamdem
994 1744 1198 1799 zodiaci
1242 1743 1433 1798 circuli
1476 1719 1778 1811 eclipticam
1824 1740 1891 1794 li-
1920 1719 1967 1778 Β
1994 1736 2107 1790 dat.
2140 1735 2393 1791 Mundani
2428 1752 2557 1808 ergo
2593 1738 2719 1792 anni
2747 1738 2872 1793 finis
2897 1748 3001 1805 est,
3035 1755 3159 1795 cum
3187 1719 3358 1795 stellae
3383 1757 3606 1799 omnes

317 1855 471 1895 neam
498 1844 799 1901 currerent,
831 1845 886 1891 et
916 1835 1065 1890 illam
1096 1851 1255 1890 unam
1286 1834 1641 1905 eamdemque
1667 1833 1899 1887 lustran-

314 1941 417 1995 tes,
459 1931 513 1984 in
556 1945 724 1984 unum
766 1930 979 2000 signum
1023 1935 1079 1984 et
1119 1928 1173 1982 in
1214 1942 1376 1982 unam
1411 1932 1622 1996 partem
1662 1923 1893 1987 coirent,

316 2028 373 2075 et
418 2020 473 2074 in
512 2019 761 2075 eamdem
807 2025 1015 2089 partem
1065 2027 1346 2083 coeuntes,
1395 2015 1629 2085 lunaque
1675 2014 1731 2069 in
1780 2014 1896 2083 ipsa

313 2108 414 2165 soli
451 2108 773 2164 succedente
798 2107 1019 2178 eclipsis
1045 2106 1202 2163 ﬁeret
1228 2106 1378 2163 solis.

391 2198 508 2253 Non
570 2198 746 2254 solum
800 2213 931 2269 ergo
983 2198 1227 2268 praedicti
1277 2198 1581 2270 philosophi
1632 2197 1895 2269 eclipsim,

318 2293 426 2347 hoc
463 2299 549 2345 est
586 2289 857 2346 defectum
899 2288 1030 2346 solis
1061 2290 1439 2360 praesciebant,
1471 2299 1528 2345 et
1554 2289 1899 2360 pratscientes

319 2381 689 2453 prtedicebant
735 2380 951 2449 quando
1002 2389 1127 2451 post
1174 2396 1341 2435 unum
1386 2394 1629 2435 mensem
1685 2379 1900 2436 futurus

319 2483 497 2541 esset;
531 2475 625 2529 sed
650 2476 867 2544 quando
893 2488 990 2544 per
1018 2488 1243 2539 annum,
1269 2482 1365 2529 aut
1388 2490 1457 2528 xx
1487 2481 1579 2527 aut
1604 2488 1634 2527 c
1661 2489 1698 2526 ιι
1728 2488 1900 2528 annos

318 2573 659 2635 sequeretur,
688 2578 787 2634 per
813 2563 1175 2634 supradictam
1201 2578 1450 2635 sagamm
1473 2563 1901 2634 explorationem

322 2664 383 2712 et
433 2655 747 2725 diligentem
800 2654 1237 2709 observationem
1293 2654 1453 2724 longe
1508 2661 1636 2709 ante
1689 2654 1902 2724 experti

319 2743 737 2818 pnesignabant.
772 2743 880 2801 Sed
910 2752 967 2799 ut
986 2744 1107 2815 plus
1132 2744 1427 2809 miremini,
1453 2759 1625 2813 usque
1652 2743 1720 2798 ad
1745 2743 1902 2814 quin-

321 2836 499 2891 decim
534 2835 701 2891 millia
730 2850 993 2891 annorum
1032 2835 1232 2891 talibus
1259 2835 1593 2908 argumentis
1616 2837 1903 2906 protende-

320 2934 474 2982 runt.
504 2925 635 2981 Inde
658 2924 849 2981 Cicero
876 2925 1137 2980 visionem
1166 2925 1409 2981 Africani
1432 2925 1694 2991 referens,
1724 2926 1800 2981 ita
1823 2925 1905 2981 di-

322 3017 436 3073 cit:
465 3034 484 3067 ι
512 3014 770 3071 Homines
795 3014 1124 3085 populariter
1147 3030 1345 3069 annum
1374 3015 1745 3071 tantummodo
1770 3013 1902 3072 solis

321 3106 483 3161 unius
511 3105 644 3161 astri
675 3105 908 3161 reditum
939 3105 1269 3171 metiuntur;
1304 3120 1364 3160 re
1390 3115 1570 3160 autem
1597 3113 1747 3161 recta
1772 3120 1898 3162 eum

320 3198 391 3254 ad
426 3198 567 3254 idem
591 3198 733 3253 unde
760 3197 926 3252 semel
946 3194 1189 3267 profecta
1222 3203 1365 3259 sunt,
1400 3204 1597 3252 cuncta
1620 3206 1776 3252 astra
1807 3212 1899 3253 re-

322 3291 561 3352 dierunt,
595 3290 893 3360 eademque
921 3290 1087 3345 totius
1123 3288 1246 3345 caeli
1275 3288 1689 3359 descriptionem
1725 3287 1901 3360 longis

322 3380 623 3437 intervallis
652 3379 954 3435 retulerunt
982 3397 996 3432 :
1026 3385 1157 3434 tunc
1195 3378 1284 3433 ille
1315 3393 1445 3433 vere
1478 3387 1697 3433 vertens
1725 3392 1923 3445 annus

323 3471 578 3543 appellari
603 3479 803 3541 potest,
831 3471 886 3526 in
900 3484 1008 3540 quo
1032 3470 1124 3525 vix
1151 3469 1332 3526 dicere
1358 3470 1530 3526 audeo
1549 3485 1709 3539 quam
1734 3469 1901 3524 multa

324 3565 604 3619 hominum
646 3562 846 3617 Stecula
883 3569 1192 3617 teneantur.
1244 3560 1489 3630 Namque
1527 3568 1587 3615 ut
1614 3560 1740 3616 olim
1770 3558 1899 3614 deft-

324 3670 452 3709 cere
479 3654 558 3708 sol
596 3652 904 3707 hominibus
936 3651 1315 3722 exstinguique
1343 3651 1491 3705 visus
1516 3658 1619 3715 est,
1646 3665 1769 3704 cum
1795 3648 1904 3704 Ro-

330 3745 461 3800 muli
489 3744 701 3799 auimus
726 3744 842 3798 htec
865 3742 980 3812 ipsa
1007 3742 1060 3796 in
1089 3741 1283 3811 templa
1309 3741 1629 3809 penetravit,
1664 3741 1904 3812 quando-

328 3850 437 3904 que
471 3836 540 3889 ab
576 3835 765 3889 eadem
791 3843 945 3903 parte
990 3833 1069 3887 sol
1106 3833 1403 3901 eodemque
1436 3841 1675 3903 tempore
1704 3836 1902 3891 iterum

329 3924 618 3989 defecerit,
663 3932 773 3978 tum
810 3924 978 3994 signis
1018 3924 1274 3978 omnibus
1306 3924 1374 3979 ad
1405 3925 1547 3979 idem
1577 3926 1903 3997 principium

328 4015 605 4084 stellisque
629 4014 918 4078 revocatis,
944 4013 1218 4084 expletum
1255 4030 1456 4069 annum
1487 4017 1712 4082 habeto;
1750 4018 1905 4089 cujus

329 4104 548 4177 quidem
583 4104 710 4160 anni
744 4105 983 4160 nondum
1015 4103 1329 4159 vicesimam
1359 4113 1570 4175 partem
1606 4109 1743 4163 scito
1782 4122 1905 4165 esse

329 4212 672 4254 conversam.
710 4216 730 4250 ι

402 4287 532 4355 Quae
576 4288 739 4342 verba
783 4287 944 4342 Tullii
986 4287 1347 4345 Ambrosiana
1405 4290 1683 4360 expressio
1730 4291 1906 4362 aperit

332 4379 441 4435 hoc
481 4379 641 4435 modo
684 4387 847 4449 atque
882 4381 1067 4450 pandit
1102 4398 1115 4433 :
1151 4379 1341 4437 Annus
1374 4398 1483 4438 non
1537 4382 1584 4437 is
1629 4383 1776 4439 solus
1819 4394 1904 4440 est

330 4491 493 4546 quem
536 4490 679 4531 nunc
720 4475 1020 4530 communis
1059 4475 1300 4530 omnium
1338 4491 1469 4530 usus
1514 4476 1776 4546 appellat;
1808 4480 1904 4535 scd

333 4566 668 4638 singulorum
693 4581 786 4622 seu
814 4566 1100 4631 luminum,
1127 4565 1229 4621 hoc
1252 4576 1334 4620 est
1362 4566 1492 4622 solis
1515 4574 1573 4621 et
1598 4567 1759 4634 lunae,
1792 4569 1906 4625 sive

333 4659 631 4725 stellarum,
664 4672 887 4714 emenso
910 4658 1058 4714 omni
1095 4657 1218 4712 caeli
1254 4657 1510 4724 circuitu,
1543 4674 1573 4713 a
1603 4668 1754 4714 certo
1788 4660 1929 4715 loco

335 4752 389 4806 iu
416 4749 663 4807 eumdem
688 4751 865 4806 locum
890 4751 1117 4815 reditus,
1145 4766 1318 4805 annus
1351 4766 1480 4806 suus
1506 4761 1624 4806 est:
1651 4752 1732 4808 sic
1758 4768 1911 4808 meu-

334 4842 413 4897 sis
433 4841 573 4895 luna:
593 4856 767 4897 annus
790 4850 874 4895 est
896 4842 1038 4895 intra
1061 4857 1221 4911 quem
1247 4841 1370 4897 caeli
1392 4843 1654 4901 ambitum
1687 4844 1902 4901 lustrat:

336 4948 462 4987 nam
507 4941 563 4987 et
588 4932 769 4987 aluna
812 4933 1013 4987 mensis
1055 4933 1273 4998 dicitur,
1314 4935 1442 5002 quia
1468 4932 1658 4991 Graeco
1683 4936 1903 4993 nomine

338 5025 463 5079 luna
491 5030 621 5095 μήνη
647 5032 890 5081 vocatur.

411 5114 665 5185 Virgilius
706 5113 934 5184 denique
982 5115 1050 5171 ad
1082 5114 1463 5173 discretionem
1512 5117 1718 5175 lunaris
1755 5120 1905 5188 anni,

339 5206 430 5276 qui
457 5205 638 5259 brevis
670 5212 772 5269 est,
801 5220 1020 5271 annum,
1050 5205 1143 5275 qui
1177 5222 1339 5262 cursu
1376 5207 1507 5263 solis
1541 5208 1795 5277 edicitur,
1826 5211 1905 5265 si-

339 5297 598 5368 gnificare
623 5295 807 5352 volens
840 5296 915 5350 ait
937 5314 950 5349 :

471 5399 663 5449 Interea
687 5411 908 5460 magnum
927 5399 997 5449 sol
1020 5401 1413 5452 circumvolvitur
1430 5414 1625 5450 annum.

340 5481 554 5538 Annum
581 5501 835 5554 magnum
858 5501 1060 5541 vocans
1089 5487 1218 5542 solis
1245 5488 1649 5557 comparatione
1677 5488 1914 5552 lunaris;

344 5588 470 5625 nam
511 5590 703 5629 cursus
734 5576 962 5650 quidem
1000 5575 1230 5632 Veneris
1281 5585 1443 5647 atque
1482 5577 1729 5632 Mercurii
1779 5592 1918 5647 pene
1978 5572 1987 5579 ’

346 5675 446 5732 par
486 5664 645 5730 solis;
680 5666 866 5722 Martis
898 5683 1024 5724 vero
1060 5683 1236 5725 annus
1271 5668 1386 5728 fere
1419 5671 1693 5728 biennium
1737 5681 1914 5730 tenet:

1992 1829 2285 1900 omniaque
2317 1830 2520 1895 sidera,
2563 1845 2685 1900 quae
2723 1829 2945 1899 aplanes
2985 1831 3169 1897 habet,
3202 1848 3231 1886 a
3260 1842 3413 1888 certo
3459 1832 3604 1889 loco

1996 1920 2068 1975 ad
2097 1923 2349 1975 eumdem
2383 1920 2561 1976 locum
2600 1920 2674 1975 ita
2707 1922 3088 1988 remeaverint,
3124 1932 3185 1977 ut
3221 1938 3287 1978 ne
3314 1939 3422 1979 una
3462 1926 3606 1996 qui-

1995 2011 2118 2067 dem
2153 2011 2276 2066 οωιί
2321 2011 2480 2067 stella
2521 2012 2577 2066 in
2614 2012 2722 2067 alio
2756 2012 2876 2068 loco
2905 2014 2977 2068 sit
3021 2028 3185 2083 quam
3226 2015 3280 2069 in
3314 2030 3424 2085 quo
3456 2016 3602 2084 fuit,

1995 2117 2121 2158 cum
2149 2117 2337 2158 omnes
2361 2102 2482 2158 alite
2504 2117 2573 2158 ex
2602 2118 2667 2159 eo
2694 2104 2814 2159 loco
2848 2111 3009 2159 mota:
3036 2112 3164 2160 sunt
3190 2104 3257 2160 ad
3280 2122 3449 2176 quem
3486 2123 3595 2162 re-

1994 2209 2187 2261 versae,
2219 2210 2364 2250 anno
2394 2209 2493 2250 suo
2519 2195 2681 2250 tinem
2710 2195 2993 2260 dederunt,
3028 2196 3102 2250 ita
3142 2205 3202 2250 ut
3239 2196 3320 2251 sol
3356 2205 3416 2251 et
3444 2196 3606 2254 luna

1995 2300 2121 2341 cum
2162 2286 2411 2341 erraticis
2450 2284 2688 2356 quinque
2735 2285 2789 2339 in
2830 2285 3033 2341 iisdem
3066 2285 3202 2341 locis
3235 2294 3293 2341 et
3324 2288 3611 2356 partibus

1998 2378 2133 2445 sint,
2176 2378 2234 2435 in
2268 2377 2465 2448 quibus
2497 2377 2793 2446 incipiente
2831 2377 3104 2433 mundano
3139 2393 3283 2432 anno
3320 2377 3605 2435 fuerunt:

1998 2466 2103 2522 hoc
2139 2478 2341 2533 autem,
2377 2476 2437 2521 ut
2461 2467 2669 2538 physici
2714 2466 2924 2533 volunt,
2952 2475 3077 2539 post
3113 2483 3380 2524 annorum
3421 2471 3612 2541 quin-

2000 2558 2177 2614 decim
2201 2558 2368 2613 millia
2395 2566 2618 2629 peracta
2646 2559 2933 2631 contingit.

2070 2669 2214 2741 Ergo
2243 2669 2389 2724 sicut
2413 2684 2586 2725 annus
2614 2669 2756 2727 lunae
2784 2670 2985 2726 mensis
3012 2679 3117 2736 est,
3148 2678 3204 2726 et
3231 2685 3411 2727 annus
3458 2674 3613 2732 solis

2002 2760 2285 2817 duodecim
2341 2776 2587 2828 menses,
2637 2769 2694 2816 et
2745 2761 2974 2816 aliarum
3027 2762 3303 2817 stellarum
3352 2763 3412 2818 hi
3465 2772 3615 2821 sunt

2004 2855 2133 2910 anni
2166 2870 2302 2926 quos
2342 2869 2503 2925 supra
2542 2854 2856 2921 retulimus;
2905 2855 2979 2909 ita
3016 2855 3347 2910 mundanum
3377 2871 3612 2913 annum

2004 2946 2312 3018 quindecim
2334 2945 2494 3002 millia
2529 2958 2811 3013 annorum,
2826 2946 3012 3017 quales
3031 2962 3175 3002 nunc
3194 2957 3603 3017 computamus

2005 3036 2265 3093 eﬂiciunt.
2297 3034 2389 3091 llle
2417 3050 2546 3109 ergo
2574 3051 2701 3093 vere
2724 3052 2897 3092 annus
2922 3045 3139 3091 vertens
3164 3037 3451 3092 vocandus
3484 3049 3603 3106 est,

2003 3143 2161 3198 quem
2191 3143 2299 3182 non
2334 3125 2485 3194 solis,
2515 3126 2574 3187 id
2601 3135 2687 3185 est
2713 3128 2870 3182 unius
2897 3128 3068 3192 astri,
3098 3129 3301 3183 reditus
3340 3130 3611 3198 metitur,

2003 3221 2095 3276 sed
2138 3235 2299 3291 quem
2342 3220 2622 3277 stellarum
2675 3221 2934 3287 omnium,
2980 3237 3101 3293 qua:
3150 3222 3204 3276 in
3256 3237 3614 3296 quocunque

2002 3311 2142 3367 coelo
2191 3319 2336 3376 sunt,
2392 3311 2460 3366 ad
2504 3312 2753 3367 eumdem
2797 3299 2974 3371 locum
3015 3312 3218 3367 reditus
3257 3313 3360 3368 sub
3395 3315 3613 3371 eadem

2003 3402 2125 3457 caeli
2162 3403 2329 3459 totius
2356 3403 2724 3474 descriptione
2767 3402 3068 3468 concludit;
3108 3403 3250 3458 unde
3276 3405 3615 3464 mundanus

2003 3494 2218 3560 dicitur,
2253 3496 2379 3565 quia
2408 3496 2640 3550 mundus
2666 3495 2885 3565 proprie
2913 3494 3111 3571 qualum
3136 3503 3385 3550 vocatur.
3419 3495 3627 3567 Igitur,

2003 3586 2148 3641 sicut
2187 3601 2387 3641 annum
2435 3587 2565 3641 solis
2603 3572 2716 3643 non
2751 3586 2927 3642 solum
2962 3602 2992 3641 a
3027 3586 3283 3642 Kalendis
3309 3584 3614 3645 Januarii:

2004 3691 2177 3746 usque
2206 3676 2273 3730 ad
2315 3677 2534 3732 easdem
2564 3692 2842 3743 vocamus,
2879 3677 2972 3732 sed
3009 3685 3065 3731 et
3099 3691 3130 3731 a
3165 3684 3431 3748 sequente
3470 3687 3611 3749 post

2005 3766 2279 3822 Kalendas
2305 3767 2392 3821 die
2427 3782 2597 3838 usque
2625 3769 2692 3823 ad
2719 3768 2967 3822 eumdem
2993 3766 3157 3833 diem,
3187 3775 3242 3820 et
3283 3781 3315 3821 a
3343 3782 3609 3836 quocun-

2004 3875 2111 3930 que
2144 3859 2437 3928 cujuslibet
2476 3862 2678 3916 mensis
2712 3861 2800 3915 die
2842 3874 3012 3929 usque
3047 3860 3102 3915 in
3142 3860 3285 3915 diem
3332 3861 3609 3917 eumdem

2005 3953 2230 4019 reditus,
2259 3969 2432 4009 annus
2460 3963 2714 4019 vocatur;
2747 3954 2820 4008 ita
2846 3954 3013 4024 hujus
3040 3952 3294 4009 mundani
3322 3955 3459 4009 anni
3495 3956 3611 4011 ini—

2005 4042 2139 4097 tium
2177 4043 2280 4098 sibi
2319 4045 2548 4114 quisque
2587 4042 2719 4098 facit
2755 4042 3111 4113 quodcunque
3149 4044 3482 4109 decreverit,
3536 4053 3609 4102 ut

2004 4148 2133 4189 ecce
2167 4149 2310 4189 nunc
2334 4134 2524 4190 Cicero
2573 4151 2603 4190 a
2644 4133 2856 4190 defectu
2893 4135 3042 4200 solis,
3086 4136 3177 4204 qui
3230 4136 3333 4191 sub
3362 4134 3606 4193 Romuli

2005 4223 2113 4279 tlue
2162 4225 2420 4297 contigit,
2470 4226 2727 4281 mundani
2776 4225 2902 4280 anni
2946 4225 3266 4295 principium
3315 4225 3421 4279 sibi
3478 4226 3607 4297 ipse

2004 4316 2308 4383 constituit,
2338 4325 2394 4372 et
2426 4316 2556 4372 licet
2589 4316 2771 4371 etiam
2795 4316 3090 4401 saepissime
3120 4325 3303 4401 postea
3341 4315 3606 4374 defectus

1928 4423 1984 4482 ι)
2007 4407 2139 4462 solis
2166 4409 2429 4471 evenerit,
2456 4424 2565 4463 non
2594 4409 2793 4463 dicitur
2817 4394 3352 4463 tamen'mundauu'm
3380 4423 3603 4464 annum

2008 4500 2237 4570 repetita
2276 4490 2508 4555 defectio
2535 4499 2665 4555 solis
2692 4499 2963 4569 implesse,
2995 4498 3089 4553 sed
3116 4507 3245 4553 tunc
3273 4496 3608 4566 implebitur

2008 4604 2134 4644 cum
2165 4589 2245 4644 sol
2273 4588 2529 4645 deficiens
2559 4590 2614 4643 in
2644 4589 2835 4645 iisdem
2872 4589 3006 4644 locis
3034 4595 3089 4643 et
3111 4588 3356 4658 partibus
3383 4599 3443 4642 et
3477 4589 3606 4659 ipse

2009 4678 2134 4743 erit,
2166 4686 2222 4733 et
2249 4693 2438 4734 omnes
2474 4678 2596 4735 coeli
2634 4678 2817 4734 stellas
2848 4678 3136 4747 omniaque
3174 4678 3351 4733 sidera
3395 4693 3608 4737 rursus

2012 4767 2252 4823 inveniet
2292 4768 2346 4822 in
2388 4768 2583 4837 quibus
2630 4768 2841 4823 fuerant
2882 4767 2983 4823 sub
3010 4766 3255 4833 Romulo,
3296 4783 3419 4822 cum
3471 4779 3608 4839 post

2016 4873 2282 4912 annorum
2324 4857 2633 4928 quindecim
2672 4858 2839 4912 millia
2866 4859 3020 4913 sicut
3055 4864 3303 4913 asserunt
3349 4858 3606 4928 philoso-

1998 4949 2130 5019 -phi,
2179 4948 2259 5003 sol
2303 4948 2482 5004 denuo
2522 4949 2595 5003 ita
2630 4948 2867 5014 deficiet,
2901 4956 2964 5003 ut
2996 4949 3049 5003 in
3088 4949 3272 5004 eodem
3313 4949 3473 5019 signo
3503 4965 3606 5006 ea-

2021 5039 2250 5109 demque
2286 5046 2441 5108 parte
2481 5039 2570 5105 sit,
2613 5041 2680 5094 ad
2721 5040 2865 5094 idem
2904 5039 3248 5109 principium,
3276 5040 3331 5094 in
3355 5054 3468 5110 quo
3491 5043 3602 5097 sub

2019 5132 2249 5187 Romulo
2291 5131 2524 5199 fuerant,
2567 5132 2736 5189 stellis
2776 5145 2990 5204 quoque
3027 5134 3276 5189 omnibus
3310 5135 3604 5206 signisque

2016 5223 2304 5279 revocatis.

2085 5314 2241 5369 Anno
2278 5327 2407 5384 ergo
2432 5313 2707 5382 praeterito
2732 5312 2838 5369 810
2869 5314 2938 5369 ab
2978 5314 3350 5369 incarnatione
3375 5312 3599 5369 Domini

2015 5416 2123 5457 non
2153 5413 2235 5457 est
2267 5404 2466 5458 mirum
2497 5404 2720 5473 eclipsin
2760 5400 2901 5458 solis
2920 5405 3188 5467 evenisse,
3219 5404 3360 5458 sicut
3393 5414 3598 5458 vestrm

2017 5495 2260 5549 indicant
2298 5495 2522 5562 litterae;
2567 5498 2784 5567 septimo
2813 5496 2949 5551 ldus
2979 5496 3193 5561 Junius,
3233 5498 3408 5566 prima
3457 5506 3598 5551 tunc

2018 5584 2267 5639 initiante
2310 5585 2457 5644 luna.
2496 5595 2551 5640 et
2590 5602 2781 5641 rursus
2820 5587 2875 5641 in
2905 5588 3093 5643 eodem
3120 5602 3261 5643 anno
3289 5586 3457 5658 pridie
3478 5582 3601 5637 Ka-

2018 5674 2200 5732 lendas
2239 5675 2558 5744 Decembris,
2612 5678 2889 5749 trigesima
2940 5680 3231 5750 incipiente
3285 5678 3431 5748 luna,
3477 5683 3529 5733 et
3560 5689 3600 5731 a
