3838 6144
170 336 253 390 lii?
907 334 1035 388 LIB.
1079 333 1453 389 ADVERSUS
1491 330 1723 386 CLAUD

1832 326 1848 380 l
1891 327 2257 383 TAURIN.-—-
2298 331 2689 389 ΡΒΑΞΡΑΤῙΟ.

3302 338 3406 393 458

166 448 331 518 νήθη
359 443 571 501 defectu
601 445 835 513 ςρυιίιηο
867 461 1073 513 mense,
1103 448 1206 503 hoc
1234 447 1627 503 estneccmbre
1658 446 1734 499 in.
1767 446 1815 504 Λ
1841 443 2036 512 populo
2062 444 2225 500 donet
2256 456 2310 501 et
2336 447 2537 501 tribuat
2564 448 2747 504 multis
2774 449 2929 504 annis
2959 451 3022 505 de
3057 450 3145 507 tali
3178 460 3231 507 et
3258 460 3407 508 tanta

164 541 408 603 cboante;
446 537 543 607 qui
581 537 662 592 sic
691 536 937 593 defectus
971 539 1102 595 solis
1137 539 1392 596 delinitur
1435 539 1729 594 novissima

165 631 389 702 primave
418 629 546 683 luna
574 628 715 695 fieri,
752 639 807 685 et
841 632 1071 701 septimo
1094 647 1280 688 mense
1308 648 1338 686 a
1367 632 1550 703 priore
1578 630 1729 686 defe-

166 731 263 785 ctu,
290 721 537 792 quamvis
574 721 865 790 aliquando
896 724 1112 792 penitus
1151 740 1259 780 non
1294 733 1573 795 appareat,
1606 740 1729 779 cum

166 821 298 867 certe
319 812 388 866 sit
407 809 608 877 factus,
633 822 728 867 aut
754 813 800 868 si
826 816 1139 884 apparuerit
1162 831 1269 871 non
1291 831 1506 886 semper
1531 816 1731 886 ubique

165 909 422 967 cernatur,
470 911 566 956 aut
618 902 664 956 si
709 901 909 973 ubique
942 906 1326 975 conspiciatur,
1372 923 1480 961 non
1523 906 1727 963 eisdem

168 994 299 1049 horis
327 1008 518 1049 omnes
547 994 831 1065 aequaliter
856 995 1077 1051 videant
1115 998 1360 1053 evenisse
1390 1007 1612 1069 propter
1639 1018 1731 1057 su-

163 1091 422 1160 pradictas
446 1106 665 1147 causas.

225 1180 279 1235 Si
309 1182 432 1250 quis
459 1196 593 1253 ergo
626 1183 791 1238 etiam
834 1185 890 1239 in
926 1185 1030 1241 hoc
1070 1193 1311 1258 tempore
1354 1196 1502 1245 tanto
1536 1202 1731 1247 sensus

164 1270 395 1325 acumine
419 1272 701 1342 praeditus,
732 1280 882 1328 tanta
928 1274 1199 1331 instantia:
1240 1276 1599 1335 diuturnitate
1648 1280 1730 1334 ni—

164 1366 266 1429 sus,
302 1372 448 1419 tanta
489 1366 883 1436 explorationis
924 1378 979 1424 et
1017 1371 1414 1426 observationis
1453 1372 1731 1443 diligentia

164 1456 407 1520 intentus,
435 1458 628 1513 eadem
662 1460 940 1515 otiositate
968 1468 1024 1515 et
1051 1461 1369 1516 curiositate
1395 1463 1535 1518 sicut
1561 1464 1732 1534 priori

164 1552 304 1599 artato
335 1547 524 1617 geniti,
559 1547 825 1604 sollicitus
866 1559 1076 1605 tantum
1117 1552 1353 1607 studium
1393 1569 1520 1623 erga
1557 1561 1733 1609 astro-

164 1636 337 1689 nomia:
387 1645 483 1690 aut
540 1637 909 1711 cujuscunque
964 1641 1262 1711 disciplima
1309 1645 1729 1700 assectationem

164 1726 484 1789 adhibuerit,
543 1743 722 1783 nonne
769 1730 911 1785 idem
965 1728 1122 1786 facile
1173 1732 1479 1789 credendus
1525 1744 1610 1790 est
1661 1735 1730 1791 ad

163 1816 387 1871 eamdem
443 1819 795 1888 antiquomm
864 1822 1145 1877 scientiam
1212 1833 1267 1879 et
1333 1827 1729 1895 praescientiam

162 1924 302 1981 posse
327 1912 654 1980 pervenire?
681 1911 943 1970 Voluntas
972 1915 1118 1970 enim
1148 1916 1349 1986 dispar,
1377 1934 1483 1973 non
1513 1928 1726 1986 natura,

161 2016 267 2069 quze
287 2016 388 2057 una
413 2011 472 2061 et
496 2004 722 2073 aequalis
744 2014 848 2073 est,
878 2008 1124 2065 homines
1151 2020 1361 2068 tantum
1388 2029 1420 2068 a
1443 2030 1501 2070 se
1526 2015 1729 2071 distare

162 2090 296 2156 facit,
320 2108 635 2164 quanquam
664 2096 717 2151 in
742 2098 934 2167 primis
961 2101 1268 2159 hominibus
1293 2113 1516 2175 propter
1543 2107 1727 2163 mundi

165 2181 562 2240 adolescentiam
601 2196 655 2242 et
694 2189 803 2244 vim
844 2207 1157 2262 corporum,
1191 2204 1247 2251 et
1282 2212 1539 2253 sensuum
1571 2199 1725 2271 vigo-

167 2289 265 2328 rem
295 2279 462 2348 magis
489 2279 726 2337 voluisse
763 2286 1149 2355 comperimus.
1298 2274 1301 2275 ν

228 2368 316 2424 ilic
350 2385 481 2441 ergo
520 2389 666 2429 nunc
714 2376 782 2431 de
817 2378 1005 2448 eclipsi
1045 2379 1177 2435 solis
1215 2382 1286 2436 sit
1320 2383 1441 2436 finis
1487 2384 1723 2452 dicendi,

168 2471 263 2510 non
297 2461 433 2529 quod
460 2462 668 2520 dixisse
707 2465 936 2523 forsitan
976 2468 1308 2527 suﬂicienter
1347 2472 1599 2541 arbitrer,
1631 2478 1726 2533 scd

170 2548 277 2615 quia
305 2551 370 2605 ad
395 2568 636 2622 prmsens
662 2557 869 2627 proprii
900 2559 1154 2630 ingenioli
1185 2561 1458 2633 exiguitas
1494 2565 1726 2638 amplius

172 2653 445 2698 memorare
481 2660 589 2699 non
624 2648 859 2716 quiverit
888 2668 901 2703 :
949 2651 1156 2709 Plinius
1187 2657 1331 2711 enim
1365 2660 1631 2715 secundus
1669 2668 1726 2714 et

174 2728 250 2782 alii
270 2729 405 2797 libri,
431 2749 529 2805 per
556 2750 693 2804 quos
720 2739 985 2795 aestimem
1016 2742 1132 2797 bzec
1160 2760 1246 2799 me
1265 2758 1424 2815 posse
1450 2748 1723 2818 supplere,

176 2833 263 2875 non
301 2823 562 2880 habentur
603 2827 886 2884 nobiscum
933 2830 987 2886 in
1033 2832 1118 2887 his
1164 2835 1443 2903 partibus,
1488 2854 1611 2897 cum
1657 2840 1725 2895 de

177 2912 342 2971 talibus
374 2932 471 2987 per
509 2934 599 2975 me
643 2920 819 2990 ipsum
861 2924 994 2979 nihil
1030 2928 1258 2983 audeam
1285 2931 1595 3000 excogitare
1629 2949 1722 2989 ne-

179 3017 263 3070 que
285 3021 620 3076 praesumam.
655 3012 764 3067 Vos
792 3025 992 3080 autem,
1031 3017 1247 3073 domine
1276 3021 1516 3090 piissime
1541 3024 1720 3098 Augu-

178 3102 259 3163 ste,
279 3102 459 3170 quibus
482 3118 595 3174 pra:
621 3107 872 3163 omnibus
896 3107 1223 3167 afﬂuentiam
1249 3116 1549 3185 sapientize,
1581 3120 1721 3177 sicut
1746 3142 1795 3206 ρ

181 3197 224 3242 et
253 3203 555 3251 ceterarum
596 3208 909 3255 sanctarum
945 3203 1203 3259 virtutum
1238 3204 1381 3263 Deus
1425 3208 1720 3280 distribuit,

178 3296 286 3352 rugo
312 3287 625 3358 suppliciter
648 3298 709 3343 ut
742 3291 795 3346 in
828 3307 936 3361 quo
963 3295 1119 3350 vobis
1145 3295 1211 3350 de
1241 3297 1345 3352 hac
1373 3313 1535 3355 causa
1566 3302 1722 3373 igno-

176 3386 279 3428 rare
303 3377 497 3444 videar,
540 3388 634 3434 aut
671 3380 829 3436 aliter
864 3385 1133 3441 azstimarc
1169 3402 1332 3456 quam
1373 3398 1583 3445 rectum
1615 3402 1721 3461 est,

173 3463 413 3524 instruere
449 3478 506 3525 et
536 3470 772 3542 dirigere
809 3474 1100 3545 dignemini
1128 3496 1141 3532 :
1168 3477 1345 3534 Stulta
1374 3483 1513 3536 enim
1540 3484 1723 3538 mundi

171 3554 303 3626 elegit
324 3558 461 3619 Dem
480 3575 499 3613 :
528 3562 614 3626 Et,
640 3562 763 3617 Non
790 3575 866 3618 est
888 3568 1030 3636 apud
1057 3585 1175 3622 eum
1195 3586 1539 3640 personarum
1575 3590 1725 3627 accc-

172 3648 283 3715 ptio,
306 3660 360 3704 ut
394 3666 499 3708 non
540 3654 713 3710 solum
749 3667 945 3714 vestra:
974 3662 1281 3731 purissimae
1316 3672 1370 3719 et
1412 3664 1728 3724 clarissima:

174 3738 423 3805 sapientiai
458 3742 553 3797 lux
585 3744 670 3799 his
698 3747 789 3816 qui
829 3764 997 3819 prope
1036 3759 1164 3805 sunt
1201 3751 1400 3819 luceat,
1431 3757 1526 3811 sed
1564 3766 1619 3811 et
1646 3758 1730 3813 his

173 3827 251 3892 qui
279 3828 460 3903 longe;
489 3842 546 3887 et
570 3850 676 3890 non
716 3836 890 3893 solum
916 3855 1014 3909 per
1039 3851 1226 3910 aperta
1264 3859 1582 3915 camporum
1614 3849 1726 3905 dis-

171 3930 424 3978 currentes
458 3924 712 3992 illustret,
755 3944 941 3984 verum
981 3932 1145 3986 etiam
1189 3933 1448 3991 Reclusos
1477 3938 1603 3994 licet
1631 3955 1728 4009 per

173 4008 318 4067 rimas
342 4023 395 4068 et
412 4013 699 4084 iuncturas
726 4021 892 4075 vestri
930 4023 1263 4080 serenissimi
1302 4026 1603 4097 Splendoris
1632 4008 1726 4084 ra-

170 4098 273 4155 Ilius
295 4119 516 4163 exerens
538 4108 842 4180 perfundat.
872 4112 1136 4171 Omnibus
1162 4132 1294 4189 ergo
1323 4118 1476 4175 valde
1502 4136 1724 4178 necesse

169 4198 243 4242 est
266 4198 483 4253 attentis
505 4207 562 4253 et
583 4201 817 4257 assiduis
838 4204 1090 4274 precibus
1127 4221 1318 4277 rogare
1346 4217 1401 4263 et
1425 4211 1719 4280 postulare,

172 4288 223 4332 ut
252 4282 494 4344 Dominus
535 4299 590 4345 ct
617 4291 872 4348 Salvator
919 4305 1105 4351 noster
1140 4297 1299 4353 Jesus
1332 4298 1581 4357 Christus
1623 4317 1721 4359 suo

184 4407 343 4429 ἐξ-ι

1834 534 2078 603 principe
2101 545 2156 590 et
2182 536 2441 606 magistro
2465 537 2717 606 gaudere,
2741 539 2833 609 qui
2860 541 3110 596 omnibus
3130 541 3409 611 mqualitcr

1832 624 2078 678 omnium
2103 623 2368 679 bonorum
2408 638 2630 697 operum
2669 638 2724 682 et
2763 630 3024 684 virtutum
3063 641 3116 686 et
3157 633 3413 689 honesta-

1833 730 1951 770 rum
1990 716 2396 787 disciplinarum
2437 719 2626 774 doctor
2659 721 2979 792 praecipuus,
3022 730 3077 776 ct
3113 723 3412 793 perfectum

1832 805 2064 861 habetur
2088 807 2364 877 exemplar
2401 810 2702 865 rectoribus
2732 812 2798 865 ad
2825 826 2953 866 suos
2981 812 3251 881 subjectos
3276 817 3414 872 bene

1834 896 2121 965 regendos,
2166 897 2430 952 militibus
2467 900 2535 954 ad
2574 915 2727 954 suam
2774 904 3132 957 exercendam
3172 903 3414 975 legitimo

1832 983 2096 1048 militiam,
2121 984 2336 1041 clericis
2361 987 2428 1041 ad
2453 989 2777 1044 universalis
2794 989 3112 1048 Christiana:
3137 994 3413 1065 religionis

1830 1073 1995 1129 ritum
2023 1084 2169 1129 recte
2194 1076 2609 1142 observandum,
2633 1080 2967 1151 philosophis
2989 1092 3044 1137 et
3071 1083 3410 1140 scholasticis

1832 1164 1901 1219 ad
1936 1165 2165 1221 honeste
2194 1165 2262 1221 de
2289 1167 2543 1222 humanis
2579 1170 3067 1240 philosophandum
3100 1182 3154 1229 et
3192 1176 3412 1244 sapien-

1832 1257 1981 1321 dum,
2010 1266 2432 1329 reverenterque
2458 1267 2621 1328 atque
2649 1261 2946 1318 orthodoxe
2976 1264 3041 1318 de
3067 1264 3263 1322 divinis
3291 1281 3412 1322 sen-

1833 1347 2070 1401 tiendum
2102 1357 2156 1402 et
2182 1349 2531 1405 credendum.
2563 1351 2700 1419 Quid
2726 1350 2881 1423 plura
2912 1353 2978 1409 de
3009 1355 3179 1409 nostri
3208 1355 3410 1411 domini

1831 1437 2055 1510 Augusti
2088 1440 2267 1497 Caroli
2324 1446 2553 1500 summis
2589 1445 2879 1502 virtutibus
2925 1455 2981 1502 et
3026 1448 3413 1505 excellentibus

1832 1530 2014 1585 dicere
2056 1531 2222 1599 nitor,
2275 1549 2398 1588 cum
2459 1536 2584 1590 licet
2635 1536 2866 1592 multum
2915 1536 3197 1594 elaborare
3247 1541 3410 1596 velim

1836 1626 1979 1673 totas
2018 1620 2224 1676 referre
2260 1638 2365 1677 non
2406 1626 2631 1694 potero?
2658 1625 2775 1682 Hoc
2803 1634 3009 1682 tantum
3040 1629 3310 1686 veraciter
3333 1632 3413 1687 di-

1834 1710 2028 1777 cimus,
2052 1715 2193 1781 quod
2218 1729 2408 1770 omnes
2432 1731 2539 1770 uno
2562 1732 2659 1772 ore
2682 1718 3043 1786 conclamant,
3068 1720 3192 1791 quia
3225 1723 3279 1777 in
3308 1724 3412 1779 ista

1761 1792 1807 1853 B
1837 1810 2003 1867 terra,
2035 1804 2090 1858 in
2119 1821 2223 1875 qua
2256 1821 2398 1861 nunc
2420 1806 2531 1861 Deo
2556 1807 2788 1864 donante
2815 1809 3010 1865 Franci
3040 1811 3409 1879 dominantur,

1831 1893 1901 1949 ab
1935 1894 2094 1948 initio
2125 1897 2312 1951 mundi
2350 1896 2474 1951 talis
2503 1912 2594 1952 rex
2621 1908 2678 1954 et
2706 1898 2828 1955 talis
2847 1901 3101 1974 princeps
3134 1920 3410 1974 nunquam

1830 1984 1981 2039 visus
2012 1994 2113 2050 est,
2144 1987 2235 2057 qui
2268 1988 2347 2042 sic
2386 1997 2532 2043 esset
2560 1988 2732 2053 fortis,
2773 1992 3011 2062 sapiens,
3045 2003 3100 2050 et
3128 1995 3414 2064 religiosus

1829 2078 1972 2133 sicut
2011 2087 2198 2135 noster
2238 2079 2491 2137 dominus
2515 2081 2789 2153 Augustus
2820 2084 3064 2141 Carolus.
3106 2086 3183 2141 De
3212 2095 3411 2143 cmtero

1829 2179 2010 2225 autem
2046 2186 2147 2241 per
2180 2188 2275 2228 sua
2316 2181 2507 2228 sancta
2537 2182 2594 2228 et
2631 2174 2881 2229 sublimia
2922 2176 3137 2243 merita,
3182 2176 3411 2233 forsitan

1833 2262 1897 2319 de
1921 2278 2022 2318 suo
2050 2263 2258 2318 semine
2289 2262 2412 2320 talis
2440 2264 2670 2321 oriatur.
2724 2264 2837 2320 Hoc
2865 2265 3037 2321 solum
3077 2276 3327 2338 superest
3353 2277 3412 2322 ut

1828 2370 1928 2411 nos
1954 2372 2146 2412 omnes
2169 2356 2465 2413 Christiani
2495 2357 2775 2413 altissimis
2795 2357 3018 2413 vocibus
3051 2369 3108 2413 et
3131 2359 3415 2415 devotissi-

1828 2451 1933 2505 mis
1964 2450 2222 2505 cordibus
2251 2450 2581 2505 unanimiter
2616 2449 2913 2506 clamemus
2942 2450 3008 2505 ad
3038 2450 3326 2507 Dominum
3357 2461 3414 2507 et

1828 2553 2083 2607 rogemus
2136 2546 2193 2593 ut
2242 2539 2418 2594 nostri
2469 2540 2656 2609 optimi
2702 2540 2907 2594 domini
2957 2540 3182 2610 Augusti
3233 2539 3410 2596 Caroli

1830 2629 2131 2700 triumphos
2174 2630 2524 2701 multiplicet,
2573 2631 2859 2701 imperium
2921 2631 3105 2687 dilatet
3134 2672 3149 2693 .
3198 2647 3410 2687 sacram

1824 2729 2113 2776 conservet
2140 2722 2478 2791 progeniem,
2512 2722 2798 2777 sanitatem
2827 2722 3132 2788 confirmet,
3159 2725 3329 2779 vitam
3358 2726 3409 2780 in

1826 2812 2025 2868 multos
2045 2814 2304 2869 extendat
2323 2830 2586 2870 annorum
2610 2814 2924 2870 curriculos.
2941 2815 3169 2883 Exaudi,
3194 2820 3409 2883 exaudi,

1825 2902 2041 2968 exaudi,
2067 2901 2300 2958 Christe.

1896 2992 2051 3048 Sicut
2088 3009 2236 3064 ergo,
2277 2995 2494 3050 domine
2532 2998 2967 3055 reverentissime
3003 3009 3168 3071 atque
3204 3003 3407 3059 dulcis-

1825 3086 1980 3151 sime,
1998 3088 2108 3142 Deo
2129 3097 2182 3142 et
2205 3097 2385 3144 vestro
2407 3088 2546 3144 ﬁdeli
2570 3088 2773 3146 famulo
2784 3091 3032 3147 Waldoni
3057 3093 3235 3150 abbati
3260 3110 3411 3150 man-

1832 3176 2022 3243 dastis,
2070 3188 2129 3233 ut
2166 3195 2253 3235 me
2291 3181 2357 3235 de
2393 3180 2592 3237 talibus
2621 3199 2687 3237 ex
2722 3185 2920 3239 vestris
2955 3186 3134 3241 verbis
3175 3202 3417 3243 commo-

1832 3270 2009 3325 nendo
2055 3271 2436 3342 interrogaret,
2484 3282 2540 3328 et
2584 3274 2850 3344 exigendo
2898 3285 3290 3342 commoneret,
3320 3278 3412 3347 qui

1831 3361 1973 3417 sicut
1998 3363 2152 3416 vobis
2182 3363 2373 3429 fidelis,
2407 3364 2481 3418 ita
2519 3365 2651 3419 mihi
2686 3366 2753 3421 de
2783 3366 2885 3421 hac
2919 3381 2978 3422 re
3012 3368 3192 3436 gravis
3223 3377 3278 3423 et
3313 3368 3414 3422 im-

1829 3458 2095 3525 portnnhs
2147 3464 2373 3510 exactor
2421 3457 2669 3526 quamvis
2716 3458 2992 3513 moderate
3037 3459 3285 3525 exstitit,
3336 3460 3409 3513 ita

1829 3560 1928 3616 per
1955 3543 2105 3598 illum
2133 3545 2287 3600 vobis
2315 3547 2560 3611 remitto,
2594 3554 2653 3602 ut
2679 3548 2805 3604 inde
2820 3548 2869 3603 ei
2900 3549 3105 3620 gratias
3136 3548 3411 3615 referatis,

1829 3638 1875 3691 si
1901 3636 2033 3705 quid
2062 3636 2116 3691 in
2144 3636 2230 3692 bis
2257 3637 2396 3692 bene
2427 3638 2676 3701 dixerim,
2707 3655 2828 3710 qua:
2853 3653 2950 3710 per
2976 3639 3093 3709 ejus
3128 3650 3410 3714 urgentem

1831 3725 2168 3782 exactionem
2214 3727 2402 3783 volens
2448 3728 2638 3785 nolens
2685 3731 2819 3786 solvi
2848 3746 2862 3785 :
2889 3732 2934 3786 si
2979 3739 3162 3788 autem
3209 3733 3411 3804 aliquit

1832 3816 1973 3871 male
1995 3826 2220 3887 propter
2248 3833 2428 3874 meum
2457 3821 2735 3891 preprium
2762 3823 3090 3893 neglectum,
3131 3825 3266 3881 mihi
3295 3839 3412 3895 pas-

1833 3909 2119 3964 nitentiam
2160 3926 2323 3981 quam
2365 3912 2546 3969 velitis
2585 3913 2884 3971 clementer
2921 3917 3231 3988 imponatis.
3272 3917 3411 3990 Opto

1831 4014 1928 4054 vos
1968 4001 2105 4056 bene
2142 4018 2359 4073 semper
2394 4005 2578 4061 valere
2612 4006 2665 4061 in
2694 4005 2826 4074 Deo,
2857 4008 3061 4079 optime
3088 4009 3327 4075 domine,
3357 4021 3411 4066 et

1829 4102 1935 4143 non
1981 4097 2188 4145 tantum
2235 4092 2439 4162 optime
2482 4093 2719 4161 domine,
2753 4096 2848 4151 sed
2892 4105 2947 4151 et
2972 4097 3213 4167 piissime
3248 4109 3413 4169 atque

1830 4181 2207 4235 amantissime
2234 4181 2414 4238 Pater.

357 4420 3407 4454 ~———————__._.____.___________________________________________

973 4562 1811 4679 DUNGALI
1885 4568 2646 4687 REGLUS‘I

447 4796 786 4951 LIBER
888 4800 1469 4961 ADVERSUS
1576 4808 2169 4964 CLAUDIUM
2277 4813 3091 4975 TAURINENSEM

986 5041 1098 5103 AD
1140 5045 1614 5112 LUDOVICUM
1663 5052 1767 5113 ET
1815 5052 2295 5118 LOTHAlllUM
2338 5059 2581 5122 AUGG.

1315 5185 1415 5246 (Ex
1437 5188 1739 5240 Bibliotheca
1758 5198 1978 5239 veterum
1999 5190 2241 5259 Patrum.)

1468 5374 2073 5451 ΡΒᾹΞΕΑΤΙΟ.

950 5521 1357 5583 Antistitt'bus
1389 5531 1443 5582 et
1478 5521 1643 5583 clero
1673 5523 1894 5588 Gallia:
1919 5527 2226 5610 Papirius
2258 5529 2615 5598 Massonus.

229 5659 528 5755 illiildhinti
544 5662 1235 5755 meper-aprudeiitisiime‘a
1265 5664 1514 5755 LLEloru
1542 5667 1735 5753 Roma-
1760 5670 1812 5730 D
1838 5672 2145 5755 mortiferus
2165 5689 2285 5755 esse
2301 5676 2475 5734 solere
2491 5694 2702 5755 morsus
2721 5679 3065 5755 morientium
3076 5680 3404 5755 beStiarum;

169 5744 243 5784 ua:
286 5731 530 5787 Historia:
568 5735 834 5804 scriptore
872 5732 1077 5787 dictum
1106 5744 1271 5805 puto,
1304 5751 1465 5807 quam
1505 5740 1735 5795 maxime

556 5827 825 5887 Parent“
871 5824 999 5885 CV.

1840 5758 1936 5798 nec
1959 5742 2146 5800 dubito
2172 5746 2300 5815 quin
2341 5756 2486 5801 recte
2520 5750 2620 5804 hoc
2661 5749 2874 5805 nomine
2897 5751 3148 5820 appellari
3187 5742 3406 5815 ὴςθιοοδξᾶ

2893 5843 2963 5901 l5
