3838 6144
250 351 336 406 661

813 459 947 514 Item
976 462 1044 514 ad
1073 460 1264 514 locum.

305 557 437 610 Cum
469 557 618 609 enim
648 553 902 608 distincte
925 553 1138 608 dicatur
1158 569 1264 608 non
1289 552 1595 608 faciendam
1624 551 1815 606 simili-

244 651 475 706 tudinem
506 649 750 703 omnium
776 665 895 718 quin
919 649 972 702 in
1000 648 1138 703 caelo
1167 654 1292 701 sunt
1315 655 1410 700 aut
1433 661 1554 716 qua:
1583 645 1637 700 in
1668 653 1813 699 terra

244 742 321 796 vel
349 755 469 810 quas
499 740 604 794 sub
625 747 795 801 terra,
830 755 936 793 non
965 739 1029 793 de
1059 738 1190 793 solis
1219 737 1662 793 similitudinibus
1686 736 1816 792 alie-

243 851 426 890 norum
455 833 684 888 deorum
707 832 1022 902 intelligitur
1049 832 1276 895 dictum,
1302 830 1397 884 sed
1417 837 1472 882 et.
1494 829 1560 884 de
1581 828 1816 883 caelesti-

241 927 335 979 bus
357 923 756 987 creaturis,aut
783 937 904 991 qum
933 922 987 975 in
1013 921 1219 975 honore
1242 919 1515 975 Creatoris
1545 919 1814 973 humanus

241 1029 424 1069 sensus
448 1013 632 1085 potuit
655 1012 986 1081 excogitare.
1002 1011 1248 1068 Adorare
1277 1019 1359 1068 est
1378 1011 1619 1074 laudare,
1653 1027 1813 1066 vene-

243 1103 364 1163 rari.
394 1118 611 1173 rogare,
654 1101 892 1172 precari,
924 1101 1248 1171 supplicare,
1292 1101 1568 1166 invocare,
1597 1115 1814 1171 precem

241 1190 527 1248 eﬂ’undore.
554 1190 747 1246 Coiere
765 1205 894 1244 vero
908 1198 997 1244 est
1011 1190 1339 1260 gubernare,
1367 1188 1677 1252 observare,
1702 1190 1817 1244 olli-

241 1282 377 1336 cium
402 1281 603 1348 facere,
635 1281 1002 1351 frequentare,
1034 1280 1304 1344 venerari,
1331 1295 1540 1347 amare,
1567 1283 1811 1354 diligere.

799 1372 934 1427 Item
961 1372 1030 1425 ad
1055 1371 1249 1428 locum.

306 1466 496 1519 Dicunt
527 1465 652 1528 isti,
700 1472 886 1518 contra
914 1478 1050 1531 quos
1079 1462 1173 1516 Dei
1204 1461 1499 1517 Ecclesium
1527 1461 1813 1518 defenden-

237 1556 354 1610 dam
395 1555 774 1623 suscepimus:
806 1552 922 1606 Non
965 1561 1216 1622 putamus
1241 1552 1459 1621 imagini
1486 1568 1650 1622 quam
1685 1555 1815 1608 ado-

239 1663 412 1703 ramus
440 1647 647 1716 aliquid
679 1647 858 1700 inesse
881 1645 1138 1700 divinum.
1181 1643 1288 1699 Sed
1319 1647 1688 1700 tantummodo
1716 1663 1814 1716 pro

236 1739 433 1792 honore
457 1737 599 1805 ejus,
646 1737 798 1806 cujus
822 1735 1023 1806 eiligies
1049 1743 1152 1801 est,
1192 1735 1284 1789 tali
1310 1749 1432 1790 eam
1464 1737 1814 1792 veneratione

1256 342 1380 399 LIB.
1419 343 1784 400 ADVERSUS
1819 343 2175 403 CLAUDIUM
2215 348 2490 404 TAURlN.

3391 354 3496 409 462

1846 469 1896 525 Α
1921 475 2037 515 cem
2083 463 2280 530 pictam
2323 474 2484 532 atque
2527 463 2580 518 in
2610 464 2728 534 ejus
2759 465 2964 521 honore
2997 465 3340 535 imaginatam
3367 468 3498 523 coli-

1919 568 2061 616 mus,
2090 569 2412 609 veneramur
2437 563 2600 623 atque
2624 555 2948 621 adoramus;
2969 557 3166 627 quibus
3191 557 3325 617 nihil
3348 558 3492 614 aliud

1915 641 2092 712 placet
2125 643 2179 697 in
2215 643 2495 698 Salvatore
2522 653 2727 710 nostro,
2760 646 2862 701 nisi
2893 646 3034 716 quod
3063 655 3118 702 et
3159 647 3339 716 impiis
3375 649 3492 718 pla-

1915 733 2028 790 cuit
2069 733 2414 803 opprobrium
2453 735 2720 803 passionis
2748 743 2802 791 et
2837 736 3018 792 irrisio
3045 738 3256 792 mortis.
3285 738 3397 793 Hoc
3428 740 3495 794 de

1913 821 2006 876 illo
2033 823 2262 877 credunt
2287 824 2430 892 quod
2457 832 2513 879 et
2538 825 2687 894 impii
2736 825 2999 890 homines,
3029 826 3141 884 sive
3165 825 3358 893 Judaei,
3381 829 3496 883 sive

1916 913 2130 982 pagani,
2165 914 2255 982 qui
2285 928 2408 967 eum
2439 915 2803 971 resurrexisse
2827 915 3094 981 difﬁdunt,
3121 925 3172 971 et
3197 933 3305 972 non
3332 935 3493 974 nove-

1918 1010 2044 1056 runt
2079 1002 2147 1058 de
2181 1002 2274 1058 illo
2306 1003 2454 1058 aliud
2489 1005 2730 1076 cogitare
2761 1007 2862 1062 nisi
2887 1023 3012 1063 eum
3038 1017 3238 1064 tortum
3264 1019 3320 1064 et
3349 1027 3494 1065 mor-

1917 1099 2068 1145 tuum
2114 1101 2171 1146 et
2209 1107 2423 1163 semper
2460 1093 2512 1150 in
2555 1095 2807 1164 passione
2839 1098 3072 1167 positum
3105 1099 3162 1153 in
3203 1101 3366 1156 corde
3392 1117 3492 1157 suo

1915 1183 2142 1241 credunt
2171 1193 2226 1239 et
2255 1187 2522 1252 retinent,
2557 1197 2612 1242 et
2640 1204 2747 1244 non
2775 1192 3059 1246 attendunt
3086 1209 3260 1264 neque
3297 1195 3493 1250 intelli-

1914 1284 2045 1344 gunt
2073 1273 2214 1342 quod
2238 1277 2313 1330 ait
2345 1276 2632 1346 Apostolus
2675 1297 2688 1332 :
2723 1279 2838 1333 Etsi
2872 1297 3177 1336 noveramus
3200 1286 3489 1338 serundum

1919 1381 2121 1419 carnem
2152 1365 2436 1430 Christum,
2468 1368 2560 1421 sed
2592 1386 2729 1423 nunc
2747 1369 2864 1439 jam
2891 1387 2995 1425 non
3023 1373 3278 1427 norimus.

2481 1497 2613 1552 Item
2637 1499 2706 1552 ad
2734 1499 2904 1554 locum

1985 1629 2188 1684 Contra
2218 1645 2355 1700 quos
2393 1631 2826 1702 respondendum
2855 1643 2972 1700 est,
3002 1635 3130 1706 quia
3158 1637 3206 1692 si
3241 1653 3400 1694 omne
3428 1639 3493 1695 li-

1915 1736 2077 1790 gnum
2100 1722 2374 1776 schemate
2403 1723 2579 1778 crucis
2601 1722 2799 1778 factum
2826 1724 3010 1780 volunt
3029 1728 3278 1795 adorare,
3303 1745 3402 1801 pro
3427 1746 3516 1787 eo.

234 1831 540 1884 adoramus.
565 1826 664 1881 Cui
696 1827 1100 1895 respondemus,
1123 1827 1247 1895 quia
1274 1826 1319 1879 si
1348 1835 1658 1881 sanctorum
1681 1827 1815 1881 ima-
1841 1819 1889 1877 Β
1916 1812 2060 1880 (ιυοά
2097 1811 2346 1868 animus
2373 1813 2427 1867 ίη
2454 1828 2616 1868 cruce
2659 1816 2933 1886 pependit.
2968 1825 3024 1872 ει
3047 1818 3152 1873 alia
3181 1821 3347 1876 multa
3390 1822 3494 1878 illis

233 1919 380 1989 gines
407 1919 461 1972 hi
509 1917 604 1986 qui
635 1918 934 1971 daemonum
966 1915 1169 1971 cultum
1201 1917 1536 1986 reliquerunt
1561 1932 1818 1972 veneran-

234 2017 342 2074 tur,
377 2023 482 2061 non
528 2005 670 2061 idola
713 2006 1050 2075 reliquerunt
1073 2006 1168 2061 sed
1199 2006 1416 2060 nomina
1452 2015 1812 2062 mutaverunt.

234 2097 292 2150 Si
321 2099 460 2152 enim
490 2098 701 2152 scribas
729 2098 781 2152 in
802 2097 1031 2167 pariete,
1058 2097 1140 2152 vel
1168 2097 1360 2167 pingas
1381 2099 1644 2170 imagines
1669 2097 1814 2154 Petri

235 2198 291 2242 et
329 2187 496 2252 Pauli,
527 2186 676 2243 lovis
703 2197 758 2244 et
785 2188 1025 2252 Saturni,
1053 2188 1165 2242 sive
1199 2187 1472 2255 Mercurii,
1497 2205 1597 2245 nec
1627 2191 1714 2245 isti
1742 2191 1814 2245 dii

237 2285 381 2342 sunt,
413 2293 511 2332 nec
547 2277 624 2332 illi
666 2277 926 2348 apostoli;
963 2293 1061 2332 nec
1083 2277 1194 2343 isti,
1226 2293 1327 2332 nec
1355 2279 1427 2332 illi
1463 2279 1726 2345 homines,
1751 2295 1815 2335 ac

241 2383 340 2436 per
376 2369 472 2422 hoc
522 2383 719 2423 nomen
753 2378 1012 2423 mutatur.
1061 2368 1230 2422 Error
1264 2377 1466 2434 tamen,
1512 2380 1568 2426 et
1599 2378 1722 2426 tunc
1761 2379 1815 2426 et

247 2473 383 2510 nunc
405 2457 539 2511 idem
561 2457 692 2530 Lipsc
717 2469 995 2530 permanet
1023 2473 1257 2531 semper.
1293 2458 1452 2514 Certe
1477 2459 1524 2514 si
1556 2460 1813 2515 adorandi

249 2546 464 2602 fuissent
492 2549 760 2614 homines,
783 2550 888 2604 vivi
913 2552 1112 2621 potius,
1141 2567 1301 2621 quam
1325 2551 1520 2606 mortui
1554 2552 1812 2606 adorandi

250 2653 364 2692 esse
385 2639 678 2695 debuerunt
703 2658 716 2693 :
744 2641 794 2694 id
817 2649 900 2695 est
923 2641 1010 2694 ubi
1033 2641 1442 2696 similitudinem
1469 2641 1564 2696 Dei
1588 2641 1810 2706 habent,

251 2745 352 2783 non
379 2731 462 2786 ubi
489 2747 769 2801 pecorum,
801 2730 886 2786 vel
915 2732 1059 2801 quod
1091 2733 1269 2786 verius
1296 2739 1400 2796 est,
1437 2731 1696 2802 lapidum,
1729 2731 1812 2785 vel

249 2819 498 2892 lignorum
533 2823 642 2876 vita
666 2837 826 2878 sensu
855 2830 910 2876 et
936 2822 1143 2876 ratione
1173 2829 1471 2876 carentem.
1510 2821 1585 2875 Ex
1618 2836 1721 2892 qua
1753 2837 1812 2876 re

248 2927 572 2984 summopere
598 2915 932 2984 pensandum
962 2920 1046 2968 est
1065 2954 1082 2978 ,
1114 2913 1236 2982 quia
1279 2913 1322 2968 si
1362 2927 1523 2984 opera
1555 2928 1812 2967 manuum

250 3002 340 3058 Dei
373 3021 471 3058 non
517 3012 648 3059 sunt
683 3005 960 3059 adoranda
1000 3011 1057 3058 et
1094 3003 1344 3068 colenda,
1387 3011 1592 3072 quanto
1641 3003 1813 3073 magis

250 3110 399 3164 opera
428 3111 683 3150 manuum
713 3095 996 3149 hominum
1034 3110 1140 3149 non
1170 3103 1296 3149 sunt
1331 3094 1604 3150 adoranda
1632 3102 1687 3148 et
1719 3109 1809 3149 co-

1917 1904 2170 1958 eonvenit
2195 1919 2316 1974 quae
2345 1904 2594 1959 Christus
2614 1905 2722 1975 egit
2741 1919 2840 1975 per
2859 1908 3206 1963 carnem.Vix
3228 1912 3371 1966 enim
3399 1928 3487 1967 sev

1917 1995 2067 2049 horis
2114 1995 2167 2049 in
2205 2010 2369 2050 cruce
2397 1996 2670 2066 pependit,
2699 2005 2755 2051 et
2783 2005 2963 2054 tamen
2993 2014 3187 2056 novem
3217 2003 3494 2062 mensibus

1915 2084 2197 2141 lunaribus
2239 2093 2294 2140 et
2337 2101 2501 2156 supra
2536 2085 2783 2162 undecim
2823 2088 2939 2142 dies
2975 2087 3028 2142 in
3069 2098 3224 2146 utero
3267 2092 3494 2162 virginis

1915 2175 2041 2242 fuit,
2068 2177 2160 2246 qui
2189 2175 2352 2232 simul
2386 2184 2513 2232 sunt
2535 2176 2650 2232 dies
2671 2177 2878 2232 solares
2905 2178 3122 2234 ducenti
3152 2183 3492 2254 septuaginta

1915 2283 2012 2324 sex
2041 2286 2054 2322 :
2096 2269 2149 2324 id
2186 2276 2268 2324 est
2293 2284 2487 2328 novem
2516 2283 2732 2325 menses
2762 2277 2820 2325 et
2844 2285 3007 2340 supra
3045 2270 3160 2327 dies
3189 2288 3305 2328 sex.
3346 2273 3494 2329 Ado-

1915 2368 2104 2414 rentur
2132 2374 2261 2430 ergo
2287 2359 2481 2429 puella:
2499 2359 2756 2430 virgines,
2782 2358 2909 2430 quia
2931 2359 3086 2431 virgo
3109 2362 3318 2432 peperit
3343 2362 3500 2418 Chri-

1914 2457 2076 2505 stum.
2102 2449 2410 2506 Adorentur
2439 2458 2494 2504 et
2513 2449 2795 2520 praesepia,
2827 2450 2955 2520 quia
2986 2466 3112 2506 mox
3137 2459 3222 2508 est
3249 2459 3310 2510 ut
3332 2461 3494 2511 natus

1915 2540 1969 2595 in
2017 2542 2278 2612 praesepio
2333 2549 2416 2598 est
2458 2540 2770 2597 reclinatus.
2817 2540 3126 2599 Adorenmr
3171 2553 3227 2600 et
3284 2554 3495 2604 veteres

1913 2634 2098 2702 panni,
2120 2633 2245 2701 quia
2271 2633 2528 2688 continuo
2545 2648 2671 2688 cum
2697 2641 2857 2689 natus
2876 2642 2980 2699 est,
3007 2635 3200 2704 pannis
3221 2637 3496 2694 veteribus

1913 2734 1998 2790 est
2023 2727 2314 2782 involutus.
2359 2727 2666 2783 Adoreutur
2707 2737 2764 2784 et
2795 2744 2981 2795 naves,
3023 2731 3150 2800 quia
3185 2731 3499 2804 frequenter

1913 2819 1966 2874 in
1999 2819 2224 2874 navibus
2247 2819 2536 2890 navigavit,
2559 2828 2615 2876 et
2639 2821 2706 2876 de
2732 2821 2976 2878 navicula
2999 2825 3188 2879 turbas
3213 2825 3413 2890 docuit,
3441 2836 3498 2883 et

1914 2908 1969 2965 in
2005 2910 2130 2964 navi
2161 2909 2418 2966 dormivit
2442 2951 2458 2977 ,
2488 2917 2542 2965 et
2569 2911 2634 2967 de
2663 2913 2786 2967 navi
2811 2913 2986 2968 ventis
3017 2915 3338 2987 imperavit,
3363 2918 3497 2984 etin

1912 2999 2136 3057 dextera
2177 3003 2376 3072 navigii
2416 3011 2533 3058 rete
2565 3004 2778 3060 mittere
2801 3004 2988 3075 jussit,
3013 3009 3230 3076 quando
3261 3011 3492 3081 prophe-

1916 3091 2022 3147 tica
2049 3092 2138 3147 illa
2165 3109 2358 3167 magna
2385 3102 2611 3165 captura
2639 3096 2869 3166 piscium
2902 3101 3042 3154 facta
3068 3108 3171 3156 est.
3190 3100 3499 3160 Adorentur

250 3184 394 3241 lenda
427 3201 684 3258 prorsus,
711 3201 811 3241 nec
839 3186 891 3240 in
920 3187 1126 3241 honore
1153 3201 1342 3241 eorum
1363 3200 1593 3256 quorum
1623 3186 1811 3240 simiii-
1837 3169 1884 3231 Ο
1916 3182 2072 3247 asini,
2097 3185 2222 3254 quia
2245 3185 2470 3240 asellum
2503 3187 2739 3243 sedendo
2767 3190 2834 3243 ad
2860 3187 3160 3246 Jerusalem
3184 3209 3356 3262 usque
3378 3210 3499 3264 per-

250 3278 443 3333 tudines
466 3294 588 3335 esse
617 3279 899 3344 dicuntur;
933 3279 1058 3348 quia
1102 3278 1148 3332 si
1187 3279 1364 3348 imago
1405 3292 1567 3348 quam
1599 3278 1810 3343 adorat,

251 3369 383 3425 Deus
408 3387 506 3427 non
537 3380 645 3436 est,
674 3385 1016 3442 nequaquam
1042 3371 1350 3425 veneranda
1376 3379 1458 3425 est
1483 3384 1583 3439 pro
1613 3371 1815 3424 honore

253 3468 543 3516 sanctorum
571 3501 588 3526 ,
627 3461 718 3532 qui
767 3475 1108 3531 nequaquam
1161 3460 1373 3515 divinos
1415 3460 1519 3514 sibi
1560 3467 1817 3528 arrogant

254 3552 486 3611 honores.
517 3623 525 3628 _

873 3649 954 3703 Ad
978 3649 1170 3703 locum.

317 3741 375 3795 Et
401 3743 517 3799 ideo
544 3743 822 3798 sciendum
849 3751 932 3796 est
960 3755 1320 3809 summopere,
1351 3739 1478 3810 quia
1507 3753 1614 3793 non
1638 3738 1815 3794 solum

251 3835 333 3901 qui
362 3835 583 3890 visibilia
609 3835 859 3904 ﬁgmenta
884 3841 1045 3902 atque
1069 3831 1330 3901 imagines
1357 3829 1506 3895 colit,
1529 3827 1622 3884 sed
1646 3834 1811 3883 etiam

250 3924 530 3992 quamlibet
557 3925 671 3980 sive
707 3923 999 3987 cmlcstem,
1029 3923 1143 3976 sive
1183 3931 1475 3982 terrenam,
1509 3919 1624 3998 sive
1654 3918 1814 3987 spiri-

247 4017 395 4071 talem
415 4059 428 4082 ,
456 4019 569 4072 sive
594 4031 909 4086 corpoream
937 4023 1245 4070 creaturam
1283 4013 1401 4067 vice
1439 4012 1675 4066 nominis
1717 4010 1813 4065 Dei

243 4108 381 4174 colit,
413 4119 467 4163 et
488 4108 714 4163 salutem
739 4107 932 4163 anima:
959 4122 1068 4160 sua:
1095 4121 1211 4174 qua:
1237 4103 1302 4158 de
1332 4103 1447 4158 solo
1478 4101 1588 4156 Deo
1612 4109 1714 4164 est,
1747 4101 1816 4154 ab

245 4200 340 4254 illis
355 4208 572 4269 sperat:
602 4200 664 4253 de
684 4198 790 4253 illis
808 4207 908 4262 est,
927 4197 993 4251 de
1022 4195 1217 4266 quibus
1240 4192 1672 4262 dicitApostolus
1697 4209 1710 4244 :
1745 4190 1814 4244 Et

241 4290 508 4344 coluerunt
529 4299 576 4343 et
595 4290 882 4342 servierunt
903 4297 1157 4340 creatura:
1177 4285 1350 4354 potius
1375 4300 1532 4354 quam
1551 4279 1811 4336 Creatori.

809 4378 940 4434 Item
969 4379 1036 4431 ad
1059 4376 1250 4430 locum.

308 4472 446 4538 Quid
489 4481 540 4525 te
569 4471 634 4524 ad
674 4469 837 4525 falsas
869 4470 1127 4539 imagines
1167 4467 1420 4522 humilius
1453 4474 1509 4519 ct
1551 4463 1815 4519 inclinas?

241 4564 378 4630 Quid
405 4571 530 4617 ante
554 4563 736 4631 inepta
766 4560 1053 4615 simulacra
1080 4568 1134 4614 et
1161 4559 1415 4630 figmenta
1446 4565 1658 4612 terrena
1695 4573 1818 4625 cap—

246 4655 411 4708 tivum
446 4668 643 4722 corpus
692 4652 982 4708 incurvus?
1020 4651 1244 4705 Rectum
1294 4658 1347 4704 te
1391 4649 1535 4703 Deus
1573 4647 1721 4713 fecit,
1765 4656 1820 4704 et

247 4761 365 4799 eum
393 4752 586 4797 caetera
620 4743 871 4797 animalia
900 4757 1066 4812 prona
1107 4749 1162 4795 et
1209 4742 1276 4795 ad
1307 4752 1507 4794 terram
1537 4739 1673 4803 sint,
1721 4739 1817 4794 tibi

247 4835 488 4890 sublimis
523 4841 696 4888 status
735 4843 788 4888 et
825 4834 893 4887 ad
918 4833 1114 4888 coelum
1143 4840 1303 4900 atque
1339 4832 1405 4886 ad
1447 4831 1616 4884 Deum
1642 4829 1821 4883 vultus

245 4939 459 4983 erectus
489 4938 605 4992 est;
639 4930 766 4984 illuc
790 4929 1018 4994 intuere,
1049 4927 1175 4982 illuc
1199 4927 1384 4981 oculos
1419 4933 1538 4979 tuos
1565 4925 1733 4994 erige,
1766 4925 1817 4977 in

252 5022 489 5090 supernis
529 5022 696 5074 Deum
735 5036 934 5090 (πωπω-ρ,
973 5027 1032 5074 ut
1058 5033 1245 5072 carere
1285 5015 1472 5070 inferis
1503 5015 1700 5086 possis.
1738 5013 1821 5068 Ad

252 5111 355 5163 alta
398 5111 638 5165 caelestia
688 5126 1011 5180 suspensum
1040 5116 1228 5178 pectus
1262 5106 1464 5161 attolle.
1515 5105 1655 5172 Quid
1687 5114 1739 5158 te
1767 5103 1821 5157 in

256 5203 455 5269 lapsum
485 5203 676 5256 mortis
716 5217 837 5256 cum
869 5202 1143 5256 insensata
1172 5198 1425 5269 imagine,
1466 5211 1629 5266 quam
1667 5193 1820 5258 colis,

254 5293 480 5346 sternis?
507 5294 644 5360 Quid
691 5294 743 5347 in
778 5290 988 5347 ruinam
1018 5290 1218 5347 diaboli
1258 5304 1354 5359 per
1388 5289 1582 5358 ipsam,
1611 5295 1666 5340 et
1699 5301 1822 5341 cum

255 5385 366 5454 ipsa
392 5385 576 5438 cadis?
612 5384 1009 5438 Sublimitatem
1040 5397 1196 5437 serva
1221 5395 1326 5449 qua
1351 5386 1507 5432 natus
1528 5393 1610 5439 es,
1638 5391 1823 5445 perse-

255 5491 376 5530 vera
396 5475 522 5530 talis
549 5475 724 5545 qualis
749 5494 777 5528 a
808 5475 1034 5529 Domino
1057 5471 1234 5528 factus
1254 5486 1331 5524 es.

752 5566 830 5620 De
859 5582 1011 5619 cruce
1037 5564 1105 5618 ad
1131 5563 1323 5616 iocum.

324 5656 428 5713 Sed
449 5657 637 5712 dicunt
659 5657 748 5712 isti
779 5656 927 5710 falsa:
945 5654 1220 5724 religionis
1243 5661 1406 5722 atque
1428 5649 1830 5720 superstitionis

256 5753 483 5805 cultores
507 5767 520 5803 :
540 5747 649 5803 Nos
668 5749 736 5804 ob
754 5747 1176 5803 recordationem
1200 5740 1499 5799 Salvatoris
1521 5739 1690 5795 nostri
1711 5753 1830 5793 cru-

1919 3274 2086 3329 venit.
2107 3274 2417 3330 Adorentur
2435 3277 2580 3348 agni,
2602 3279 2728 3347 quia
2750 3279 2817 3334 de
2838 3279 2928 3333 illo
2949 3282 3209 3350 scriptum
3229 3293 3341 3340 est:
3361 3284 3496 3339 Ecce

1919 3367 2099 3436 Agnus
2143 3366 2260 3432 Dei,
2301 3385 2417 3422 ecce
2443 3371 2531 3439 qui
2574 3370 2708 3424 tollit
2749 3381 2962 3440 peccata
3013 3375 3217 3428 mundi.
3257 3375 3366 3430 Sed
3403 3377 3496 3432 isti

1918 3469 2301 3526 perversurum
2341 3457 2655 3527 dogmatum
2675 3457 2909 3514 cultores
2937 3475 3105 3531 agnos
3139 3463 3291 3520 vivos
3317 3465 3503 3520 volunt

1918 3562 2132 3614 vorare,
2171 3561 2225 3603 et
2262 3549 2316 3603 in
2350 3549 2557 3618 pariete
2585 3550 2759 3619 pictos
2795 3551 3043 3607 adorare.
3089 3553 3400 3612 Adoreutur
3442 3569 3498 3612 et

1919 3635 2123 3699 leones,
2157 3635 2283 3705 quia
2313 3635 2378 3689 de
2407 3634 2498 3688 illo
2524 3634 2788 3706 scriptum
2817 3646 2900 3691 est
2936 3651 2951 3689 :
2997 3635 3127 3692 Vicit
3157 3638 3236 3692 leo
3267 3642 3331 3695 de
3359 3643 3496 3696 tribu

1916 3724 2062 3779 Iuda
2092 3725 2246 3779 radix
2273 3724 2465 3779 David.
2494 3725 2800 3780 Adoreutur
2835 3734 2891 3780 et
2911 3735 3100 3796 petra,
3125 3729 3254 3799 quia
3285 3734 3500 3801 quando

1917 3821 1984 3876 de
2010 3834 2175 3874 cruce
2216 3826 2300 3874 est
2331 3818 2629 3888 depositus,
2659 3818 2713 3872 in
2751 3832 2914 3874 saxeo
2958 3819 3208 3890 sepulcro
3243 3832 3326 3879 est
3358 3825 3502 3895 posi-

1918 3919 2025 3977 tus,
2054 3919 2108 3966 et
2133 3910 2199 3965 de
2226 3909 2314 3964 illo
2333 3909 2624 3980 Apostolus
2651 3910 2729 3964 ait
2755 3929 2769 3965 :
2809 3908 2967 3966 Petra
2998 3921 3172 3968 autem
3192 3924 3306 3970 erat
3341 3915 3500 3971 Chri-

1917 4013 2064 4068 stus;
2097 4002 2189 4057 sed
2215 4001 2464 4058 Christus
2507 4012 2682 4072 petra,
2710 4017 2900 4072 agnus,
2937 4011 2994 4058 et
3021 4004 3108 4059 leo
3151 4008 3358 4077 tropice
3393 4024 3500 4064 non

1918 4094 2136 4164 proprie
2184 4099 2268 4148 est
2293 4092 2471 4148 dictus
2506 4107 2606 4162 per
2648 4092 3066 4163 signiﬁcantiam
3105 4111 3213 4152 non
3241 4112 3339 4166 per
3376 4099 3502 4153 sul;-

1917 4185 2195 4240 stantiam.
2225 4183 2534 4240 Adoreutur
2558 4191 2612 4240 et
2637 4185 2806 4256 spinae
2827 4185 3107 4255 ruborum,
3143 4189 3272 4257 quia
3306 4191 3505 4245 exinde

1919 4276 2104 4344 spinea
2132 4289 2330 4330 corona
2361 4283 2603 4346 tempore
2625 4275 2893 4344 passionis
2917 4276 3082 4344 capiti
3111 4275 3229 4346 ejus
3251 4275 3500 4346 imposita
3553 4296 3563 4306 ’

1918 4374 2019 4420 est.
2051 4365 2361 4420 Adorentur
2388 4373 2444 4419 et
2471 4364 2764 4420 arundines
2786 4404 2802 4429 ,
2839 4365 2965 4435 quia
2992 4365 3060 4420 ab
3083 4365 3165 4422 eis
3199 4366 3441 4438 colaphis
3469 4385 3502 4423 a

1922 4458 2180 4513 militibus
2213 4464 2377 4526 caput
2401 4455 2517 4526 ejus
2536 4471 2736 4512 enisum
2767 4463 2871 4512 est.
2901 4455 3182 4531 Postremo
3207 4458 3504 4515 adorentur

1921 4559 1977 4605 et
2005 4551 2228 4615 lanceae,
2257 4550 2387 4619 quia
2425 4564 2566 4604 unus
2595 4548 2828 4602 militum
2870 4548 2926 4603 in
2950 4563 3114 4604 cruce
3139 4549 3328 4606 lancea
3359 4552 3506 4622 latus

1920 4640 2038 4712 ejus
2057 4641 2286 4712 aperuit,
2304 4640 2446 4695 unde
2465 4638 2618 4694 ﬂuxit
2637 4639 2859 4710 sanguis
2882 4647 2938 4695 et
2963 4654 3124 4711 aqua,
3139 4651 3503 4709 sacramenta,

1921 4735 2064 4792 unde
2085 4733 2349 4789 formatur
2375 4732 2636 4790 Ecclesia.
2665 4731 2972 4788 Ridieutosa
3001 4732 3105 4787 ista
3132 4734 3316 4788 omnia
3344 4747 3494 4802 sunt,

1924 4832 1980 4880 et
2043 4823 2268 4894 lugenda
2323 4822 2502 4892 potius
2556 4836 2720 4891 quam
2777 4820 3085 4878 scribenda.
3138 4819 3505 4895 Cogituurquc

1923 4922 2116 4970 contra
2161 4913 2354 4969 stultos
2397 4911 2559 4968 stulta
2598 4926 2938 4983 praponcre,
2968 4921 3025 4968 et
3064 4924 3258 4970 contra
3298 4915 3505 4986 lapidea

1924 5006 2088 5060 corda
2118 5020 2223 5064 non
2255 5003 2404 5058 verbi
2429 5003 2653 5074 sagittas
2679 5002 2762 5058 vel
2793 5004 3116 5070 sententias,
3143 5004 3237 5060 sed
3266 5005 3507 5076 lapideos

1925 5096 2187 5169 projicere
2225 5097 2386 5150 ictus.
2422 5095 2614 5151 Redite
2655 5095 3100 5164 pratvaricatores
3144 5097 3214 5153 ad
3255 5113 3372 5162 cor,
3413 5098 3506 5168 qui

1929 5189 2232 5244 recessistis
2277 5204 2307 5241 a
2348 5189 2601 5252 veritate,
2631 5196 2688 5243 et
2717 5188 2940 5258 diligitis
2968 5190 3262 5244 vanitatem
3293 5199 3349 5244 et
3374 5191 3508 5244 estis

1927 5277 2052 5332 vani
2096 5276 2254 5342 facti;
2289 5277 2380 5346 qui
2427 5291 2642 5332 rursum
2689 5277 3010 5348 cruciﬁgitis
3055 5277 3253 5332 Filium
3305 5277 3421 5340 Dei,
3453 5287 3503 5328 et

1925 5371 2162 5427 ostentui
2186 5369 2414 5432 habetis,
2440 5379 2495 5425 et
2519 5385 2617 5440 per
2637 5369 2739 5426 hoc
2765 5379 3084 5426 catervatim
3109 5371 3318 5424 animas
3345 5369 3506 5421 mise-

1925 5477 2112 5519 rorum
2157 5463 2332 5519 socias
2375 5463 2544 5517 factas
2583 5462 2890 5519 daemonum
2929 5463 3158 5518 habetis.
3207 5459 3507 5514 Alienaudu

1927 5571 2022 5610 eas
2044 5569 2141 5626 per
2160 5554 2393 5611 nefanda
2419 5555 2703 5625 sacrilegia
2732 5553 3167 5613 simulacrorum,
3197 5567 3224 5604 a
3247 5550 3508 5606 Creatore

1931 5662 2028 5702 suo
2052 5646 2266 5702 habetis
2289 5662 2383 5702 eas
2403 5646 2640 5717 dejectas
2660 5654 2711 5699 et
2735 5645 3001 5716 projectas
3025 5643 3078 5698 in
3107 5642 3504 5698 damnatiotmm

1933 5748 2267 5811 perpetuam.
