3838 6144
433 307 542 370 tia”.

992 413 1128 478 item
1158 411 1227 473 ad
1250 416 1447 475 iocum.

496 519 655 574 Aliud
689 517 834 574 enim
862 507 1010 570 Deus
1036 511 1235 581 'jussit,
1281 506 1429 562 aliud
1462 505 1550 560 isti
1577 502 1822 558 iaciunt.
1845 499 2007 555 'Deus

418 612 581 684 iussit
609 624 825 666 crucem
844 612 1086 676 portare,
1115 614 1224 657 non
1256 599 1486 655 adorare
1510 614 1523 650 :
1555 596 1644 651 isti
1668 592 1855 648 volunt
1878 590 2009 646 ado-

424 719 581 768 rare,
610 716 772 773 quam
799 699 990 754 nolunt
1018 710 1119 751 nec
1148 693 1470 765 spiritilite‘r
1511 694 1611 745 nec
1649 686 2009 757 corporaliter

423 807 607 851 secum
652 796 895 861 portare.
944 785 1149 842 Taliter
1176 784 1320 839 enim
1356 782 1525 837 Deum
1555 778 1776 843 colere,
1814 776 1882 832 ab
1905 774 2009 830 illo

410 882 678 941 recedere
701 889 813 946 est;
843 878 933 933 ille
953 876 1096 933 enim
1117 874 1252 932 dixit
1280 892 1294 928 :
1326 872 1432 939 Qui
1462 870 1568 927 rult
1594 880 1709 941 p‘ost
1733 874 1816 923 me
1838 866 2008 922 venir‘e

418 977 637 1043 abneget
667 970 1019 1041 semetipsum,
1061 977 1107 1023 et
1148 965 1301 1022 tollat
1328 980 1535 1019 crucem
1560 977 1711 1016 suam
1747 971 1794 1015 et
1821 971 2010 1030 sequa-

418 1077 508 1123 ην
530 1078 632 1122 tne.
668 1064 805 1134 Quia
832 1064 1087 1119 videlicet
1113 1062 1219 1117 nisi
1251 1059 1343 1131 qui
1370 1074 1403 1114 a
1432 1056 1725 1126 semetipso
1765 1053 2005 1117 deﬁciat,

418 1159 487 1215 ad
533 1166 658 1213 cum
702 1156 798 1226 qui
851 1169 1015 1224 super
1069 1153 1246 1224 ipsum
1289 1157 1391 1215 est,
1437 1164 1543 1202 non
1579 1144 2004 1217 appropinquat;

409 1260 522 1303 nee
567 1246 714 1302 valet
762 1242 1169 1314 apprehendere
1209 1240 1354 1309 quod
1404 1237 1545 1292 ultra
1594 1237 1770 1307 ipsum
1802 1242 1909 1298 est,
1961 1233 2007 1288 si

414 1337 681 1394 uescicrit
707 1340 951 1389 mactare
977 1332 1119 1402 quod
1151 1339 1234 1387 est

1060 1421 1143 1477 Ad
1179 1419 1372 1476 locum.

489 1516 644 1585 Quod
681 1531 809 1571 vero
831 1515 932 1580 ais,
961 1512 1106 1584 quod
1130 1527 1229 1583 ego
1263 1511 1583 1581 prohibeam
1617 1509 1866 1564 homines
1892 1523 2008 1579 poe-

420 1606 661 1663 nitentia:
679 1613 862 1662 causa
875 1617 1106 1674 pergere
1136 1593 1613 1666 Rom'am,'falsum
1656 1605 1713 1652 tu
1747 1596 2005 1668 loqueris.

421 1698 533 1770 Ego
557 1697 701 1753 enim
739 1696 845 1751 iter
871 1691 1009 1750 illud
1030 1708 1131 1747 nec
1168 1692 1409 1762 approbo
1436 1700 1543 1746 nec
1571 1688 1843 1760 improbo,
1880 1687 2008 1758 quia

416 1790 533 1847 scio
547 1788 697 1859 quod
727 1801 828 1842 nec
857 1784 1106 1841 omnibus
1134 1782 1305 1847 obest,
1342 1794 1445 1837 nec
1473 1780 1725 1851 omnibus
1764 1780 2007 1851 prodest,

420 1895 521 1937 nec
536 1875 796 1935 omnibus
811 1871 1055 1947 proﬁcit,
1088 1886 1189 1930 nec
1215 1873 1469 1930 omnibus
1494 1870 1680 1927 otiicit.
1725 1870 1805 1926 Te
1828 1870 2009 1941 ipsum

416 1973 651 2045 primum
683 1971 1024 2040 interregare
1045 1967 1197 2032 volo,
1224 1967 1272 2022 si
1299 1964 1683 2037 paenitentiam
1712 1973 1874 2036 agere
1898 1962 2009 2018 Ro-

404 2074 562 2119 ‘mam
585 2072 814 2135 pergere
842 2060 982 2116 nosti
1014 2069 1166 2115 esse.
1186 2050 1312 2114 "Cur
1346 2064 1405 2111 tu
1434 2059 1861 2126 tanto‘tempore
1896 2065 2012 2110 tan-

404 2167 503 2212 Itas
530 2156 741 2210 animas
767 2142 1075 2224 perdidisti,
1106 2160 1243 2221 quas
1271 2149 1326 2203 in
1354 2145 1686 2202 monaStcrio
1709 2145 2007 2212 retinuisti,

416 2244 847 2317 ct‘ptnnitentiae
879 2248 1055 2296 causa
1090 2240 1168 2294 ‘in
1215 2237 1609 2293 monasterium
1638 2235 1914 2306 recepisti,
1955 2237 2012 2289 et

420 2350 526 2391 u‘on
555 2347 649 2391 eas
673 2333 902 2389 Romam
925 2329 1144 2395 misisti,
1169 2327 1263 2384 sed
1297 2326 1480 2398 potius
1510 2325 1608 2381 tibi
1643 2324 1852 2380 servire
1875 2323 2010 2378 feci-

419 2426 510 2481 sti.
553 2423 699 2479 Dicis
737 2422 883 2478 enim
931 2428 988 2474 te
1038 2416 1241 2475 habere
1287 2425 1565 2474 catervam
1620 2415 2011 2471 monachorum

406 2525 638 2573 centum
669 2512 1028 2584 quadraginta
1051 2551 1068 2578 ,
1102 2511 1204 2581 ‘qui
1248 2518 1439 2565 omnes
1475 2507 1815 2580 paenitentiae
1847 2521 2012 2563 causa

408 2607 489 2663 ad
510 2615 566 2662 te
586 2612 876 2669 venerunt,
898 2609 953 2657 et
975 2615 1036 2657 se
1059 2599 1394 2656 monasterio
1416 2599 1777 2665 tradiderunt,
1805 2613 1873 2654 ex
1892 2596 2015 2668 qui-

422 2699 523 2752 bus
563 2695 837 2751 neminem
870 2690 1099 2748 Romam
1144 2693 1223 2747 ire
1250 2691 1566 2764 permisisti.
1612 2689 1670 2746 Si
1698 2690 1816 2746 haec
1845 2689 1919 2745 ita
1954 2702 2015 2745 se

407 2786 644 2849 ‘habent,
674 2792 737 2840 ut
765 2792 824 2839 tu
863 2783 1021 2849 dicis,
1050 2783 1428 2854 penitentiam
1453 2796 1616 2854 agere
1642 2781 1869 2838 Romam
1892 2796 2016 2852 per-

421 2888 549 2944 gere
568 2882 659 2931 est
682 2914 698 2941 ,
725 2873 854 2944 quid
883 2881 1108 2928 acturus
1128 2888 1190 2928 es
1211 2873 1279 2928 de
1304 2873 1574 2928 sententia
1602 2872 1694 2926 illa
1719 2886 1882 2941 quam
1907 2871 2015 2926 Do-

422 2966 601 3020 minus
627 2964 760 3020 dicit
807 2981 822 3018 :
874 2962 980 3028 Qui
1005 2961 1458 3017 scandalizaverit
1494 2969 1657 3015 unum
1700 2963 1766 3015 de
1805 2960 2015 3031 pusillis

418 3056 536 3112 istis
580 3056 671 3128 qui
714 3055 774 3110 in
818 3071 900 3109 me
938 3053 1178 3119 credunt,
1228 3053 1435 3126 expedit
1477 3054 1524 3108 ei
1564 3062 1620 3107 ut
1662 3052 2016 3124 suspendatu’r

420 3147 565 3204 mota
590 3147 916 3202 asinaria’in
940 3144 1079 3201 collo
1099 3146 1240 3217 ejus,
1267 3156 1317 3200 et
1346 3145 1685 3217 demergatur
1706 3146 1762 3199 in
1789 3143 2012 3216 profun—

420 3241 570 3306 dum,
600 3253 764 3309 quam
792 3244 854 3292 ut
873 3236 1407 3292 scandalizetunum
1436 3235 1503 3291 de
1525 3234 1739 3305 pusillis
1766 3235 1887 3291 istis
1920 3236 2014 3304 qui

422 3330 479 3383 in
508 3343 595 3384 me
628 3327 876 3385 credunt.
915 3325 1473 3382 Nullum-scandalum
1511 3326 1688 3395 majus
1730 3335 1813 3382 est
1850 3337 2015 3397 quam

421 3419 697 3475 hominem
741 3418 889 3474 illam
927 3418 1222 3489 prohibere
1267 3423 1506 3489 pergere
1528 3416 1696 3484 viam,
1724 3433 1827 3489 per
1852 3432 2016 3488 quam

408 3513 596 3584 possit
620 3513 689 3568 ad
717 3513 911 3585 gaudia
947 3526 1176 3584 pergere
1203 3514 1554 3583 sempiterna.

572 3626 573 3629 η
997 3601 1136 3657 Item
1161 3602 1231 3656 ad
1255 3601 1450 3656 locum.

497 3693 713 3748 Scimus
732 3693 877 3747 enim
903 3693 1047 3762 quod
1068 3707 1172 3746 non
1196 3690 1469 3746 intellecta
1489 3691 1833 3762 evangelista:
1854 3693 2015 3747 verba

431 3782 643 3837 Domini
674 3781 999 3847 Salvatoris,
1028 3783 1118 3837 ubi
1143 3782 1222 3836 ait
1247 3781 1406 3838 beato
1431 3781 1676 3850 apostolo
1699 3781 1897 3837 Petro:
1936 3783 2015 3837 Tu

425 3887 479 3924 es
506 3868 698 3924 Petrus
733 3877 782 3925 et
809 3887 966 3941 super
991 3870 1127 3925 hanc
1166 3868 1378 3925 Petram
1420 3870 1689 3938 wdiﬁcabo
1723 3871 2015 3927 Ecclesium

427 3975 617 4025 meum,
640 3968 689 4015 et
718 3959 811 4014 tibi
841 3960 977 4015 dabo
1002 3959 1171 4015 claves
1205 3962 1351 4030 regni
1370 3960 1636 4015 calorum.
1663 3961 1892 4033 Propter
1913 3964 2015 4020 ista

412 4048 535 4120 aiam
570 4051 715 4106 dicta
742 4051 957 4106 Domini
985 4050 1148 4106 verba
1179 4051 1488 4120 imperitum
1530 4051 1809 4108 hominum
1847 4070 2017 4126 genus

425 4157 527 4215 pro
549 4144 883 4215 acquireuda
911 4143 1023 4198 vita
1048 4150 1275 4209 aeterna,
1295 4142 1596 4214 postposita
1616 4145 1763 4199 omni
1785 4145 2017 4215 spiritali

428 4234 809 4308 intelligentia,
841 4234 1030 4290 volunt
1052 4249 1278 4305 pergere
1302 4233 1547 4300 Romam,
1572 4241 1627 4291 et
1654 4243 1778 4306 post
1803 4250 1974 4306 pauca
1998 4254 2012 4292 :

426 4325 531 4393 Qui
551 4325 657 4381 hoc
683 4324 844 4381 modo
871 4334 933 4381 ut
959 4325 1334 4396 supradictum
1357 4324 1650 4382 est‘ciaves
1671 4326 1825 4398 regni
1849 4326 2017 4383 coelo-

429 4430 548 4471 rum
596 4415 851 4487 intelligit
900 4416 1347 4472 intercessionem
1385 4415 1529 4471 beati
1561 4414 1720 4472 ‘Petri
1771 4417 2017 4474 localiter

425 4523 538 4564 non
568 4507 819 4577 requirit,
851 4508 977 4578 quia
1003 4508 1051 4564 si
1079 4507 1462 4579 proprietatem
1485 4508 1775 4564 verborum
1802 4508 2015 4566 Domini

427 4597 698 4654 subtiliter
713 4599 1144 4666 consideramus,
1164 4613 1271 4654 non
1286 4606 1375 4655 est
1392 4598 1443 4655 ei
1466 4599 1669 4655 dictum
1686 4599 2016 4668 :Quodcun-

428 4708 535 4765 que
550 4694 782 4750 solveris
806 4696 862 4749 in
878 4694 1016 4750 ccelo
1044 4695 1151 4750 erit
1174 4693 1412 4750 solutum
1432 4701 1488 4750 et
1511 4695 1566 4749 in
1588 4701 1756 4763 terra,
1773 4702 1830 4751 et
1848 4696 2016 4768 quod-

426 4797 644 4856 cunque
657 4785 916 4857 ligaveris
937 4787 992 4841 iu
1034 4785 1176 4842 caelo
1195 4787 1303 4842 erit
1321 4786 1544 4858 ligatum
1571 4800 1736 4858 super
1765 4796 2010 4859 terram;

428 4889 496 4932 ac
508 4891 617 4947 per
638 4875 742 4933 hoc
766 4878 1045 4933 sciendum
1066 4887 1168 4941 est,
1201 4878 1346 4949 quod
1381 4877 1567 4936 tandiu
1592 4881 1883 4937 antistibus
1912 4880 2016 4939 Ec-

429 4967 609 5041 clesiae
641 4967 784 5024 istud
812 4969 1178 5025 ministerium
1207 4982 1528 5027 concessum
1552 4980 1654 5040 est,
1687 4987 1858 5044 usque
1883 4972 2013 5030 dum

423 5057 958 5132 ipsiperegriuantur
988 5060 1043 5115 in
1068 5059 1175 5117 hoc
1198 5061 1412 5119 mortali
1438 5077 1665 5136 corpore
1677 5074 1704 5119 ‘:
1735 5080 1858 5121 cum
1875 5081 2011 5123 vero

1776 290 2080 351 DL'NGALI
2121 288 2418 348 RECLUSI

3558 302 3643 359 ια

2040 411 2093 469 Α
2117 404 2358 461 debitum
2379 399 2573 457 mortis
2595 398 2946 464 reddiderint,
2979 397 3070 453 alii
3095 413 3190 454 suc
3204 403 3384 460 cedunt
3406 405 3508 463 loco
3526 410 3638 480 ipso-

2110 512 2253 561 rum,
2284 494 2381 566 qui
2410 492 2661 549 eamdem
2693 490 2940 547 obtinent
2970 491 3305 561 iudiciariam
3332 505 3632 566 potestatem,

2109 588 2556 657 sicut-scriptum
2587 593 2724 641 este:
2766 582 2889 640 I’ro-
2901 584 3138 654 patribus
3165 586 3263 639 tuis
3300 589 3403 642 nati
3433 589 3517 645 tibi
3537 602 3634 646 sunt

2108 680 2239 750 ﬁlii,
2269 680 2552 735 constitues
2571 690 2659 732 eos
2686 676 2948 748 principes
2973 691 3129 746 super
3146 691 3345 732 omnem
3370 688 3561 735 terram.

2681 788 2817 844 Item
2846 789 2916 843 ad
2938 787 3129 843 locum.

2179 878 2532 940 Redite’cmCi
2574 881 2849 937 ad'lumen
2880 895 3092 945 verum,
3123 880 3263 950 quod
3295 879 3534 935 illuminat
3550 897 3647 937 om-

2113 986 2238 1033 nem
2276 976 2553 1032 hominem
2582 973 2888 1028 venientem
2932 971 2990 1026 in
3031 971 3177 1026 hunc
3215 970 3486 1037 mundum;
3526 973 3647 1042 quod

2110 1069 2293 1122 lumen
2333 1067 2388 1121 in
2429 1065 2671 1120 tenebris
2702 1064 2872 1128 lucet,
2902 1070 2959 1118 et
2992 1061 3227 1117 tenebrae
3250 1060 3373 1117 illud
3402 1077 3497 1117 non
3523 1078 3647 1118 como

2109 1158 2478 1231 prehendunt;
2521 1157 2616 1227 qui
2656 1156 2800 1212 istud
2835 1154 3016 1210 lumen
3051 1169 3161 1210 non
3195 1153 3488 1224 aspicienda
3508 1146 3558 1210 in
3588 1162 3651 1209 ιε·

2109 1250 2296 1307 nebris
2323 1250 2479 1315 estis,
2511 1256 2575 1304 et'
2586 1246 2905 1303 intenebris
2925 1245 3318 1312 ambulatis,'et
3334 1246 3539 1302 nescitis
3561 1262 3649 1318 quo

2108 1345 2270 1409 eatis,
2302 1343 2430 1413 quia
2457 1342 2694 1398 tenebrae
2720 1339 3143 1396 ob‘cmcaverunt
3157 1339 3338 1395 oculos
3356 1347 3564 1395 vestros.

2686 1447 2825 1507 Item
2850 1452 2919 1506 ad
2948 1451 3124 1506 locum

2182 1547 2378 1601 Audite
2403 1554 2459 1602 et
2487 1545 2591 1600 hoc
2623 1543 2937 1613 insipientes
2977 1542 3030 1596 in
3061 1540 3275 1613 populo,
3310 1552 3365 1598 et
3401 1541 3534 1597 stulti
3568 1538 3653 1597 alio

2110 1638 2328 1708 quando
2367 1637 2562 1707 sapite,
2590 1636 2682 1707 qui
2721 1634 3172 1691 intercessionem
3205 1631 3425 1706 apostoli
3460 1633 3653 1689 Romam

2112 1734 2389 1806 pergendo
2416 1732 2664 1803 quaeritis
2684 1773 2699 1798 ,
2731 1731 2860 1802 quid
2882 1741 3075 1788 contra
3108 1748 3207 1787 vos
3229 1732 3367 1788 dicat
3394 1729 3520 1786 idem
3540 1746 3658 1799 saepe

2112 1826 2291 1881 dictus
2315 1824 2667 1881 beatissimus
2688 1823 3042 1894 Augustinus,
3074 1823 3133 1878 in
3177 1823 3311 1879 libro
3332 1822 3465 1877 enim
3484 1822 3542 1876 de
3560 1819 3657 1875 Tri-

2110 1919 2283 1973 nitate
2302 1925 2496 1972 octavo
2518 1916 2662 1970 inter
2684 1922 2883 1971 caetera
2916 1915 2996 1971 sic
3018 1915 3191 1970 dicit:
3228 1932 3245 1966 ι
3276 1913 3404 1969 Redi
3429 1927 3546 1983 ergo
3567 1925 3659 1966 me-

2109 2024 2233 2066 cum
2257 2016 2313 2064 et
2336 2006 2744 2063 consideremus
2765 2021 2862 2061 cur
2887 2004 3181 2077 diligamus
3206 2002 3510 2077 apostolum.
3535 2000 3657 2055 Nun-

2110 2099 2367 2169 quidnam
2410 2105 2635 2169 propter
2678 2097 2972 2152 humanam
3001 2096 3266 2166 speciem,
3301 2110 3454 2166 quam
3477 2093 3659 2148 notissi-

2112 2202 2258 2243 mam
2296 2187 2560 2242 habemus
2583 2225 2598 2252 ,
2648 2200 2714 2241 eo
2754 2186 2900 2257 quod
2944 2186 3224 2243 credimus
3269 2200 3387 2241 eum
3426 2184 3658 2240 hominem

2110 2279 2314 2339 fuisse?
2337 2278 2455 2333 Non
2474 2277 2694 2349 utique;
2727 2276 2967 2348 alioquin
2990 2293 3140 2333 nunc
3163 2292 3271 2333 non
3296 2285 3376 2333 est
3399 2289 3545 2347 quem
3562 2272 3660 2327 dili-

2111 2386 2319 2444 gamus.
2341 2368 2784 2441 quandoquidem
2807 2368 2968 2424 homo
2992 2367 3082 2424 ille
3104 2369 3224 2440 jam
3249 2383 3351 2425 non
3371 2367 3479 2423 est?
3498 2365 3658 2420 Anima

2088 2460 2258 2517 'euim
2277 2460 2395 2531 ejus
2416 2475 2447 2514 a
2478 2475 2708 2530 corpore
2730 2467 2982 2528 separata
3012 2465 3101 2513 est
3120 2499 3137 2524 ,
3168 2459 3265 2514 sed
3291 2457 3343 2514 id
3363 2456 3497 2529 quod
3518 2456 3567 2511 iu
3588 2454 3660 2509 illo

2105 2564 2359 2606 amamus
2384 2549 2550 2605 etiam
2576 2563 2721 2603 nunc
2748 2547 2931 2602 vivere
2953 2547 3257 2602 credimus.
3293 2565 3312 2600 ι

2684 2639 2818 2695 Item
2858 2640 2928 2694 ad
2963 2638 3164 2695 locum.

2166 2732 2531 2789 «Prominenti
2562 2724 2691 2789 iDeo
2740 2732 2902 2791 debet
2940 2733 3126 2790 ﬁdelis
3176 2734 3400 2806 quisque
3445 2732 3661 2793 credere,

2113 2838 2317 2900 quanto
2350 2825 2776 2899 magisjuranti.
2811 2826 2952 2893 Quid
2973 2835 3058 2882 est
3089 2828 3275 2884 dicere
3301 2845 3315 2882 :
3347 2825 3404 2881 Si
3428 2824 3663 2881 fuerintin

2112 2919 2293 2974 medio
2320 2917 2462 2988 ejus,
2508 2917 2644 2984 Noe,
2692 2917 2905 2985 Daniel,
2939 2927 2995 2974 et
3018 2915 3167 2976 Job?
3214 2919 3271 2974 ld
3302 2928 3405 2981 est,
3447 2920 3490 2974 si
3530 2925 3664 2973 tanta

2113 3010 2421 3066 sanctitatis
2451 3050 2467 3077 ,
2522 3009 2965 3081 tantm..justiti:e
2993 3050 3009 3075 ,
3064 3011 3321 3082 tantique
3368 3009 3533 3066 meriti
3576 3008 3662 3073 sit,

2038 3111 2084 3174 (ἶ
2115 3106 2303 3177 quanti
2335 3105 2410 3160 illi
2443 3103 2687 3170 fuerunt,
2733 3120 2839 3159 non
2871 3103 3191 3161 liberabunt
3228 3104 3396 3160 ﬁlium
3421 3116 3578 3174 neque
3611 3100 3665 3155 li—

2116 3194 2419 3251 liam.'H-.ec
2446 3195 2652 3253 idcirco
2679 3194 2811 3250 dicit
2834 3200 2894 3249 ut
2922 3208 3085 3249 nemo
3113 3195 3182 3252 de
3207 3192 3502 3252 maritumi
3527 3192 3666 3248 inter-

2116 3288 2360 3345 cessione
2388 3295 2705 3344 sanctorum
2738 3284 2997 3351 conﬁdat,
3033 3287 3173 3356 quia
3222 3286 3329 3342 nisi
3357 3283 3581 3339 eaitidcm
3616 3280 3667 3333 ti-

2115 3383 2272 3448 dem,
2300 3379 2614 3450 Justitiam,
2648 3378 3045 3447 veritatemque
3093 3385 3279 3432 teneat
3309 3390 3464 3447 quam
3506 3372 3571 3427 illi
3607 3379 3667 3425 te-

2116 3479 2371 3538 nuerunt,
2399 3486 2499 3546 per
2527 3474 2691 3543 quam
2720 3468 2795 3523 illi
2824 3468 3156 3539 placuerunt
3200 3469 3332 3534 Deo,
3372 3466 3539 3522 salvus
3570 3476 3669 3517 esse

2116 3581 2227 3620 non
2259 3563 2478 3635 poterit.

2038 1757 2087 1816 B

2671 3632 2805 3688 Item
2835 3634 2904 3687 ad
2934 3633 3138 3694 locum,

2188 3726 2389 3795 Quinta
2438 3735 2527 3780 tua
2554 3727 2614 3781 in
2646 3742 2733 3782 me
2761 3724 2995 3795 objectio
3028 3738 3140 3793 est,
3186 3737 3249 3784 et
3290 3726 3557 3798 displicere
3592 3720 3666 3775 tibi

2116 3819 2277 3883 dicis,
2333 3833 2400 3873 eo
2429 3819 2574 3887 quod
2617 3818 2875 3872 dominus
2925 3818 3266 3889 apostolicus
3306 3819 3595 3890 indignatus
3615 3811 3671 3864 sit

2116 3911 2273 3966 mihi.
2328 3909 2444 3966 iloc
2495 3909 2678 3965 dixisti
2724 3908 2791 3965 de
2840 3908 3097 3965 Paschali
3149 3909 3408 3967 Ecclesiae
3453 3907 3665 3961 Romana

2115 4002 2391 4072 episcopo,
2425 4003 2515 4072 qui
2546 4011 2811 4072 praesente
2829 3998 2950 4071 jam
2990 4003 3177 4059 caruit
3210 4003 3340 4057 vita.
3368 3995 3670 4070 Apostolicus

2118 4100 2299 4147 autem
2349 4092 2549 4147 dicitur
2600 4092 2756 4162 quasi
2807 4090 3040 4163 apostoli
3097 4102 3311 4156 custos,
3353 4096 3444 4144 aut
3472 4079 3668 4156 apostoli

2117 4179 2350 4252 fungens
2379 4179 2636 4236 oﬂicium.
2680 4180 2840 4236 Certe
2887 4197 2997 4236 non
3037 4181 3133 4237 ille
3167 4181 3430 4238 dicendus
3458 4184 3669 4244 estape-

2117 4275 2342 4331 stolicus
2372 4277 2464 4346 qui
2517 4276 2572 4331 in
2616 4276 2875 4332 cathedra
2925 4276 3126 4334 sedens
3175 4277 3405 4349 apostoli
3436 4317 3452 4341 ,
3489 4272 3574 4327 sed
3594 4266 3669 4338 qui

2119 4364 2474 4436 apostolicum
2504 4365 2693 4436 implet
2717 4363 2973 4422 ollicium.
3008 4366 3087 4425 De
3136 4369 3250 4425 illis
3277 4368 3420 4425 enim
3455 4364 3540 4435 qui
3569 4374 3671 4417 eum

2042 4455 2296 4523 Dlocum
2349 4463 2555 4523 tenent,
2595 4465 2649 4513 et
2694 4474 2801 4513 non
2864 4459 3092 4530 implent
3140 4461 3401 4527 oﬂicium,
3449 4454 3672 4512 Dominus

2125 4544 2303 4602 dixit:
2349 4543 2523 4618 Super
2569 4548 2819 4604 cathedra
2872 4548 3045 4622 Moysi
3096 4551 3350 4606 sederunt
3415 4546 3593 4604 Scribit
3635 4550 3672 4594 ιι

2124 4630 2406 4691 ΡΙιαήεανὶ.
2436 4633 2630 4691 Omnia
2660 4654 2782 4709 ergo
2820 4656 3144 4712 quteataque
3170 4642 3402 4697 dixerint
3436 4637 3564 4693 vobis
3583 4650 3672 4686 set-

2120 4736 2234 4783 vate
2252 4737 2312 4782 et
2340 4728 2497 4799 facite
2525 4746 2543 4784 :
2570 4731 2855 4786 secundum
2881 4748 3037 4803 opera
3061 4751 3185 4790 vero
3213 4750 3395 4790 eorum
3434 4729 3580 4787 nolite
3602 4726 3673 4796 {tt-

2117 4834 2233 4873 cere
2246 4836 2266 4884 ;
2292 4815 2469 4874 dicunt
2495 4821 2631 4874 enim
2656 4831 2703 4876 et
2727 4823 3071 4894 nonfaciunt.

2113 4904 2294 5005 (Liber
2309 4931 2374 4984 de
2391 4949 2498 5008 quo
2508 4934 2618 5008 ista
2639 4938 2992 5008 excerpsimus
3006 4947 3173 4993 tante
3199 4930 3567 5008 magnitudinis
3586 4937 3669 5008 est,

2480 5002 2610 5058 liber
2641 4996 2975 5061 Psalmorum
2999 5017 3046 5062 et
3068 4996 3456 5079 quinqudginta
3495 4996 3669 5056 Psalmi
