3838 6144
369 315 470 370 407
1698 303 1884 362 DUNG

2071 305 2336 361 iECLUSl
3501 317 3587 378 i’i8

371 421 791 493 defensoresque
817 421 1119 485 constituit,
1152 419 1432 474 diﬁamare
1470 417 1786 486 violareque
1814 433 1950 486 prze-
1979 421 2025 479 Α
2054 415 2354 470 electorum
2393 430 2530 486 quos
2561 425 2614 470 et
2643 417 2808 486 ipsos,
2851 418 2976 473 licet
3017 419 3174 491 longe
3213 425 3441 490 inferius.
3481 433 3579 488 dili-

373 521 613 576 sumant,
645 521 706 566 ut
746 513 822 565 ait
848 510 1182 580 Augustinus
1213 508 1267 560 in
1297 505 1634 576 expositione
1677 504 1956 574 Evangelii
2063 513 2194 575 gunt
2240 513 2420 559 tamen
2444 513 2498 560 et
2527 507 2824 572 honorant,
2856 509 2981 577 quia
3007 510 3153 578 prius
3179 529 3208 566 a
3251 516 3348 570 Deo
3371 518 3505 576 electi
3527 539 3578 578 ac

373 605 666 659 secundum
691 600 974 654 Joannem.
1007 597 1065 654 Si
1091 613 1222 669 ergo
1255 597 1471 667 quando
1494 597 1610 652 vult
1651 595 1796 650 Deus
1823 611 1956 650 con-
2061 595 2244 650 dilecti
2274 603 2430 660 sunt,
2461 611 2528 652 eo
2557 598 2702 666 quod
2730 597 2832 652 sibi
2864 599 2917 652 in
2947 600 3059 656 vita
3085 617 3176 656 sua
3199 604 3412 663 ﬁdeliter
3431 612 3585 670 deser-

373 694 544 748 citare
593 699 890 761 potestates
962 687 1221 743 adversus
1289 688 1576 742 hazretieos
1610 729 1624 753 ,
1698 688 1960 742 adversus
2064 686 2298 751 vierunt,
2325 696 2382 740 et
2417 703 2517 756 pro
2543 703 2612 742 eo
2635 691 2818 742 onmia
2847 690 3188 747 devotissime
3211 711 3369 766 usque
3387 701 3446 754 ad
3469 719 3588 759 mor--

371 783 770 845 schismatieos,
813 780 1073 834 adversus
1129 779 1490 848 dissipatores
1537 777 1815 842 Ecclesiae,
1868 781 1959 832 ad—
2063 785 2172 830 tem
2209 779 2574 847 pertulerunt,
2605 781 2660 834 in
2692 781 2896 834 nullum
2938 783 3102 836 alium
3135 788 3400 846 credentes
3423 793 3512 848 nisi
3544 797 3589 851 in

371 886 562 926 versus
629 863 1000 924 exsuﬂlatores
1073 867 1326 932 Christi,
1379 867 1642 921 adversus
1712 867 1961 936 blasphe—
2063 883 2232 922 unum
2261 869 2430 924 Deum
2465 869 2704 936 Patrem,
2763 883 2822 927 et
2854 873 3072 941 Filium,
3121 885 3172 932 et
3217 879 3456 951 Spiritum
3488 903 3594 943 sau-

375 972 610 1016 matores
661 969 970 1015 sanctorum
1033 959 1152 1028 ejus
1185 999 1200 1024 ,
1281 974 1390 1014 non
1448 960 1717 1013 mirentur
1741 997 1760 1023 ,
1831 959 1957 1027 quia
2063 969 2234 1027 etum,
2261 963 2404 1017 sicut
2435 963 2489 1017 in
2531 974 2724 1018 sancto
2748 967 2992 1035 symbolo
3016 977 3070 1022 et
3099 969 3200 1024 ﬁde
3227 975 3594 1032 contineturca-

373 1053 515 1106 Deus
551 1051 806 1116 concitet,
850 1058 908 1104 ut
953 1067 983 1104 a
1031 1049 1167 1104 Sara
1197 1049 1516 1104 verberetur
1542 1047 1709 1119 Agar,
1759 1063 1961 1118 coguo—
2063 1051 2281 1105 tholica.
2313 1051 2448 1106 Item
2477 1068 2694 1108 crucem
2731 1055 2944 1110 Domini
2976 1059 3104 1113 dicit
3131 1075 3250 1116 esse
3283 1062 3594 1131 abjiciendam

373 1150 490 1196 seat
543 1157 603 1197 se
668 1141 813 1209 Agar
843 1182 856 1206 ,
923 1149 1090 1208 ponet
1152 1141 1422 1195 cervicem
1493 1153 1690 1203 suam,
1753 1140 1958 1192 mirau-
2063 1149 2119 1195 et
2141 1143 2588 1208 conculcandam,
2615 1146 2770 1213 quasi
2801 1149 3152 1217 opprobrium
3197 1155 3444 1220 passionis
3467 1159 3596 1212 etir—

375 1243 464 1286 tur
501 1241 682 1286 autem
726 1231 854 1300 quia
876 1239 1286 1285 commoventur
1305 1237 1604 1299 potestates
1637 1229 1962 1285 Christianae
2063 1231 2322 1286 risionem
2353 1233 2566 1296 mortis,
2608 1242 2660 1288 et
2693 1249 2789 1290 eos
2827 1237 2918 1305 qui
2947 1251 3068 1292 eam
3099 1237 3354 1296 honorant
3378 1251 3460 1297 aut
3495 1247 3594 1316 pin-

376 1327 638 1380 adversus
667 1323 1018 1378 detestandos
1061 1323 1412 1392 dissipatores
1437 1321 1709 1376 Ecclesiae.
1741 1320 1799 1375 Si
1831 1335 1962 1390 ergo
2064 1331 2216 1392 gunt,
2243 1323 2328 1378 vel
2363 1323 2682 1380 fabricando
2718 1327 2986 1384 adornant
3013 1330 3162 1386 falsa:
3187 1333 3443 1406 religionis
3467 1349 3600 1408 atque

377 1433 483 1470 non
517 1421 886 1479 moverentur,
921 1415 1192 1483 quomodo
1237 1413 1533 1469 redderent
1579 1414 1845 1468 rationem
1896 1413 1964 1467 de
2065 1415 2466 1481 superstitionis
2491 1415 2753 1483 cultores,
2783 1418 3006 1488 insuper
3030 1421 3223 1477 stultos
3247 1431 3298 1479 et
3320 1425 3532 1496 lapideos
3555 1443 3600 1484 et

377 1506 604 1576 imperio
632 1521 730 1560 suo
759 1503 906 1559 Deo?
939 1504 1190 1560 Intendat
1225 1505 1468 1560 charitas
1495 1513 1676 1560 vestra
1708 1506 1838 1574 quid
1883 1503 1964 1559 di-
2065 1505 2517 1574 praevaricatores
2556 1510 2800 1563 nominat
2841 1525 2905 1564 ac
2931 1513 3295 1581 reprehendit.
3323 1515 3436 1572 Illos
3466 1519 3603 1574 etiam

376 1611 520 1661 eam,
547 1596 673 1665 quia
713 1595 949 1664 pertinet
977 1595 1080 1648 hoc
1106 1595 1174 1648 ad
1211 1609 1367 1664 reges
1389 1593 1573 1648 saeculi
1601 1593 1961 1658 Christianos,
2068 1595 2373 1651 detestatur
2402 1599 2494 1668 qui
2525 1600 2775 1666 Romam,
2823 1602 2926 1657 hoc
2957 1612 3043 1658 est
3067 1604 3341 1661 beatorum
3371 1609 3604 1679 gloriosis-

376 1695 437 1739 ut
485 1685 820 1753 temporibus
870 1684 984 1739 suis
1025 1693 1276 1753 pacatam
1325 1685 1496 1739 velint
1541 1695 1772 1740 matrem
1810 1695 1965 1740 Suam
2069 1689 2207 1742 sima
2233 1692 2602 1758 apostolorum
2629 1701 2685 1746 et
2713 1703 3033 1748 cancrorum
3068 1697 3606 1756 iunumerabiliumibi-

376 1776 695 1841 Ecclesium,
723 1776 866 1830 unde
891 1776 1209 1845 spiritaliter
1239 1777 1352 1831 nati
1386 1786 1530 1832 sunt.
1561 1777 1816 1848 Legimus
1861 1777 1960 1832 Da-
1985 1777 2031 1835 B
2061 1783 2183 1838 dem
2225 1783 2522 1852 iacentium
2565 1797 2880 1844 sanctorum
2929 1791 3076 1859 loca,
3132 1796 3389 1852 orationis
3438 1799 3605 1853 adeunt

369 1866 532 1922 nielis
563 1866 825 1931 visiones,
876 1873 932 1920 et
961 1874 1112 1938 gesta
1160 1867 1497 1937 prophetica.
1547 1867 1683 1922 Tres
1713 1867 1869 1937 pueri
1903 1867 1958 1922 iu
2065 1887 2249 1938 causa,
2281 1874 2385 1929 ﬁde
2437 1877 2572 1931 certi
2607 1893 2715 1933 non
2765 1881 3063 1949 titubante,
3111 1887 3252 1954 quod
3291 1887 3457 1942 divina
3495 1905 3604 1958 pra:-

377 1959 498 2029 igne
523 1955 880 2011 ιὶιιιάεινθῐύῐιῑ
904 1955 1072 2009 Deum
1097 1973 1114 2022 ;
1144 1949 1376 2012 ιηὶῐτέῑυε
1412 1965 1496 2012 εει
1531 1957 1962 2014 Nabucllodono-
2065 1973 2242 2021 stante
2291 1967 2578 2028 clementia
2622 1973 2690 2026 ob
2719 1971 2959 2028 laborem
3007 1949 3211 2047 arrepti
3241 1989 3444 2051 prepter
3467 1949 3602 2036 Deum

375 2061 466 2100 sor
497 2059 592 2099 rex
617 2045 902 2099 laudantes
941 2045 1110 2100 Deum
1135 2061 1364 2115 ρυενοε.
1403 2055 1459 2103 οι
1481 2049 1626 2103 Circa
1655 2065 1750 2104 eos
1779 2049 1959 2119 ignem
2065 2055 2276 2112 itineris
2313 2059 2575 2128 majorem
2601 2071 2655 2116 ct
2687 2063 2956 2134 prmcipue
2983 2082 3090 2138 per
3115 2045 3464 2138 piissimorum
3498 2087 3609 2143 quos

377 2137 740 2201 innocentem,
771 2143 826 2188 et
873 2151 996 2189 cum
1027 2137 1326 2192 admiratus
1355 2147 1521 2204 esset,
1563 2140 1694 2208 quid
1731 2141 1807 2194 ait
1855 2141 1964 2196 Na-
2065 2148 2250 2202 devoti
2301 2151 2506 2205 azleunt
2555 2152 3011 2210 interventionem
3074 2137 3430 2227 patronorum,
3481 2163 3606 2231 quasi

375 2223 796 2279 buchodonosor
835 2223 964 2277 rex?
992 2223 1108 2279 Non
1135 2226 1221 2280 vel
1249 2224 1467 2282 Judaeus
1495 2228 1582 2283 vel
1605 2229 1961 2286 circumcisus
2064 2239 2185 2308 plus
2223 2239 2364 2309 apud
2397 2241 2568 2297 Demn
2615 2247 2940 2302 merentium
2971 2257 3028 2304 et
3057 2223 3447 2320 przevalentium
3486 2255 3606 2325 quid-

375 2315 468 2383 qui
513 2315 604 2370 ille
648 2323 886 2368 statuam
929 2331 1084 2370 suam
1119 2325 1370 2372 erexerat
1391 2327 1445 2373 et
1485 2319 1549 2374 ad
1577 2335 1700 2374 cam
1729 2321 1964 2376 adoran-
2069 2332 2200 2400 quid
2251 2341 2400 2388 recte
2435 2343 2490 2388 et
2514 2333 2662 2403 juste
2694 2339 2954 2406 petierint
3001 2315 3215 2399 facilius
3249 2352 3302 2399 et
3340 2315 3606 2402 citius-im-

377 2407 504 2459 dum
541 2421 734 2461 omnes
773 2408 1060 2477 coegerat?
1096 2407 1300 2463 Tamen
1343 2409 1592 2465 laudibus
1633 2413 1796 2466 ιτὶυιη
1824 2429 1958 2483 ριιε-
2063 2425 2354 2492 petrabunt
2384 2445 2396 2480 :
2441 2439 2576 2496 quos
2611 2429 2702 2484 ille
2732 2441 2889 2486 vocat
2914 2434 3228 2504 imperitum
3265 2437 3512 2493 hominum
3537 2453 3605 2509 ge-

377 2511 562 2551 rorum
599 2503 924 2562 commotus,
970 2507 1027 2552 at
1071 2499 1160 2553 ubi
1197 2497 1538 2569 majestatem
1582 2501 1677 2557 Dei
1717 2517 1889 2572 praese

2089 2531 2188 2580 IIIS,
2232 2533 2446 2584 czecos,
2493 2520 2815 2592 insipientes
2867 2533 2922 2580 et
2963 2528 3186 2584 stultos.
3231 2530 3306 2585 De
3343 2531 3434 2584 hac
3478 2530 3605 2600 igitur

375 2589 443 2644 tis
469 2590 523 2642 in
550 2589 698 2657 igne,
729 2589 860 2660 quid
889 2591 1000 2645 ait?
1038 2587 1106 2645 Et
1138 2609 1232 2662 ego
1254 2609 1544 2664 proponam
1573 2595 1838 2650 decretum
1859 2613 1965 2651 om—
2063 2605 2362 2677 imaginum
2389 2587 2657 2680 pictarum
2694 2614 2930 2682 ratione,
2954 2617 3026 2673 de
3051 2635 3157 2690 qua
3204 2619 3303 2676 iste
3335 2623 3384 2676 in
3419 2587 3604 2676 exordio

375 2680 526 2733 nibus
549 2680 788 2734 tribubus
814 2690 864 2734 et
897 2679 1092 2751 linguis
1115 2684 1170 2736 in
1194 2684 1336 2736 omni
1372 2692 1531 2737 terra.
1573 2684 1748 2751 Quale
1777 2687 1964 2741 decre-
2065 2707 2163 2751 suo
2187 2700 2440 2768 proponit
2468 2701 2726 2772 epistolae,
2758 2679 3046 2774 inquisitio
3065 2679 3380 2783 diligentius
3418 2723 3540 2774 ante,
3560 2721 3606 2764 ut

375 2769 852 2840 tumiQuicunque
871 2769 1062 2826 dixerit
1081 2772 1459 2844 blasphemiam
1481 2777 1534 2828 in
1547 2773 1715 2829 Deum
1749 2775 1958 2842 Sidrae,
2066 2799 2208 2850 reor,
2255 2769 2555 2858 biennium,
2588 2795 2731 2863 apud
2758 2769 3271 2866 gloriosissiniosvet
3303 2769 3598 2873 religiosissi-

378 2857 568 2924 Μίδας,
610 2867 660 2913 ει
709 2858 990 2931 Abdenago
1019 2864 1074 2916 in
1099 2864 1372 2917 interitum
1393 2875 1566 2930 erunt,
1600 2875 1648 2920 et
1674 2867 1862 2922 donius
1882 2885 1964 2921 ea-
2065 2889 2186 2930 mos
2225 2877 2497 2949 principes
2543 2857 2732 2938 habita
2759 2857 2878 2942 Vest
2928 2889 2985 2944 in
3025 2891 3233 2962 palatio
3282 2857 3422 2948 :ubi
3450 2893 3606 2948 divinae

379 2955 496 3002 rum
521 2951 576 3003 in
603 2951 970 3020 perditionem.
1003 2951 1146 3009 Ecce
1173 2957 1443 3024 quomodo
1475 2959 1627 3012 smvit
1655 2975 1749 3014 rex
1775 2959 1964 3015 alieni-
2067 2963 2364 3036 Scriptura:
2387 3010 2401 3036 ,
2443 2981 2753 3028 sanctorum
2781 2951 3052 3035 librorum
3079 2993 3133 3037 et
3159 2983 3607 3054 probatissimonim

376 3054 515 3108 gena
559 3057 628 3097 ne
669 3041 1079 3113 blasphemetur
1101 3045 1244 3100 Deus
1271 3045 1463 3114 Israel,
1483 3047 1611 3117 quia
1649 3051 1826 3118 potuit
1851 3060 1963 3107 tres
1998 3130 2037 3146 η
2068 3057 2161 3127 qui
2215 3075 2308 3114 eos
2345 3063 2681 3132 scripserunt
2711 3068 2951 3124 virorum
2983 3041 3252 3146 exemplis
3279 3085 3428 3146 atque
3459 3081 3606 3129 aucto-

375 3145 575 3200 pueros
601 3131 669 3186 de
713 3132 837 3204 igne
877 3131 1142 3200 liberare;
1175 3145 1231 3190 et
1261 3137 1451 3192 nolunt
1471 3145 1532 3191 ut
1557 3139 1784 3194 smviant
1814 3155 1891 3212 re;

2090 3150 2256 3216 'itate,
2299 3169 2424 3208 cum
2459 3167 2664 3225 quanta
2692 3167 2747 3214 et
2773 3163 2920 3232 quali
2953 3163 3334 3224 moderatione
3360 3185 3418 3224 ac
3445 3169 3606 3224 discre-

373 3221 693 3289 Christiani,
725 3223 854 3293 quia
883 3223 1135 3280 Christus
1159 3225 1500 3293 exsoluatur,
1533 3243 1562 3282 a
1591 3245 1828 3298 quonon
1859 3239 1970 3286 tres
2069 3239 2216 3295 tione
2257 3242 2368 3297 sint
2412 3221 2676 3303 habenda:
2725 3221 3008 3309 inventum
3029 3297 3044 3323 ,
3085 3257 3463 3322 conﬁrmatum,
3485 3255 3608 3310 salis-

371 3310 550 3382 pueri,
578 3311 673 3366 sed
695 3312 844 3367 orbis
865 3319 1135 3369 terrarum
1163 3329 1286 3370 cum
1313 3315 1444 3385 ipsis
1471 3317 1690 3387 regibus
1713 3334 1742 3372 a
1766 3319 1887 3389 gelu

2091 3347 2173 3400 [ue
2231 3335 2514 3392 evidenter
2561 3337 2848 3397 rliﬁiuitum
2901 3353 3008 3412 est,
3061 3356 3122 3402 ut
3171 3365 3327 3404 nemo
3383 3347 3607 3419 posthac

377 3415 570 3456 narum
599 3401 724 3473 igne
749 3401 1071 3510 liberantur.
1279 3498 1296 3510 1
1645 3445 1652 3455 -
2070 3421 2319 3491 quamvis
2373 3427 2570 3484 stolido
2595 3439 2650 3484 et
2685 3433 2884 3489 obtuso
2935 3401 3224 3510 desipiens
3255 3442 3322 3496 sit
3363 3401 3506 3495 corde
3529 3451 3607 3491 nec

890 3495 1122 3567 Explicit
1165 3498 1445 3570 Prologus.
2067 3515 2276 3584 angelis
2297 3533 2398 3573 nec
2421 3519 2746 3588 hominibus,
2781 3523 2909 3582 licet
2935 3495 3170 3598 sanctis,
3201 3549 3300 3588 nec
3323 3546 3488 3588 eorum
3507 3529 3608 3583 ima.

445 3584 588 3656 Ergo
623 3587 953 3658 ambiguitas
990 3605 1112 3660 qua:
1141 3605 1240 3646 nos
1271 3600 1422 3648 tanto
1461 3594 1692 3650 reticere
1724 3603 1968 3666 tempore
2065 3603 2282 3672 ginibus
2312 3625 2414 3665 nec
2440 3613 2678 3682 cuipiam
2703 3584 2921 3687 penitus
3279 3584 3520 3681 creatura:
3537 3635 3607 3675 ex-

373 3677 552 3747 coegit
581 3685 639 3732 et
679 3679 750 3732 ob
791 3694 954 3748 quam
986 3691 1197 3736 certum
1242 3683 1448 3752 aliquid
1497 3687 1830 3756 respondere
1875 3689 1961 3742 vel
2067 3697 2384 3754 cusabilitcr
2431 3677 2671 3760 divinum
2703 3677 2887 3778 possit
2934 3713 3203 3772 honorem
3252 3717 3480 3781 deferre,
3526 3711 3606 3767 nisi

375 3769 680 3825 rescribere
735 3785 910 3841 usque
967 3773 1130 3828 modo
1171 3789 1280 3828 non
1327 3775 1629 3844 potuimus,
1695 3794 1727 3834 e
1787 3781 1965 3836 medio
2061 3785 2164 3841 soli
2194 3790 2437 3845 omnium
2467 3769 2730 3851 Creatori.
2745 3801 2836 3855 uni
2871 3799 2985 3858 Deo
3511 3801 3606 3872 Spi-

373 3859 530 3928 quasi
559 3860 832 3968 quoddam
861 3871 945 3917 est
967 3863 1305 3918 obstaculum
1341 3865 1544 3932 ablata,
1595 3877 1815 3938 accepta
1847 3885 1965 3925 sce-
2065 3877 2192 3932 ritui
2219 3883 2442 3937 saneto.’
2478 3881 2667 3956 Neque
2715 3892 2879 3947 etiam
2931 3909 2962 3950 e
3013 3859 3494 3968 eontra—rio—
3529 3859 3605 3948 bos

371 3947 500 4002 dula
537 3961 568 4001 a
611 3945 836 4004 Claudio
859 3950 1178 4008 Taurinensi
1201 3953 1457 4024 episcopo
1485 3959 1813 4026 composita,
1842 3976 1887 4029 qi

2580 3945 2594 3956 .
2938 3945 2959 3950 ν
3018 3945 3289 3955 ------.-..-
3319 3945 3491 3968 --.νη
3529 3945 3573 3948 _,

2089 3971 2372 4040 irardictos,
2403 3975 2507 4032 hoc
2550 3987 2634 4033 est
2665 3979 2749 4034 vel
2797 3991 3022 4040 sanctos
3066 3989 3302 4060 angelos,
3331 3987 3405 4042 vel
3431 3993 3605 4042 sanctos

371 4047 627 4150 θκεθφιξι
671 4047 776 4150 es“.
805 4048 868 4095 ιιι
913 4041 968 4096 in
1013 4043 1130 4112 eius
1175 4043 1284 4098 ﬁne
1335 4047 1664 4113 εοηιίηθιιινν
1712 4049 1780 4104 de
1823 4049 1962 4106 libro
2063 4041 2312 4121 homines
2343 4073 2437 4121 aut
2463 4083 2651 4123 eorum
2684 4071 2966 4143 imagines,
3001 4078 3089 4132 vel
3121 4041 3375 4150 riuidquid
3400 4079 3447 4133 in
3473 4078 3604 4131 hono-

371 4144 534 4200 quem
580 4130 672 4186 ille
711 4131 1119 4204 Apologeticum
1163 4143 1344 4202 vocat,
1387 4137 1648 4195 adversus
1683 4139 1887 4196 Theutu

2795 4130 2826 4143 υ
2951 4130 2964 4139 ,
3047 4130 3086 4132 _-
3125 4130 3374 4150 πψτη
3475 4130 3496 4131 κν

2085 4169 2196 4218 'em,
2233 4155 2447 4213 laudem
2475 4167 2528 4213 et
2559 4161 2784 4231 gloriam
2815 4166 2979 4222 unius
3007 4169 3124 4224 veri
3156 4177 3212 4224 et
3255 4167 3438 4225 summi
3459 4165 3536 4220 Dei
3555 4163 3601 4217 li-

373 4237 494 4277 rum
523 4223 728 4295 scripto
749 4225 1018 4292 abbatem,
1053 4243 1174 4283 cum
1211 4229 1458 4302 apologia
1501 4234 1797 4289 secundum
1841 4249 1889 4304 p1

2082 4247 2256 4304 lelitcr
2279 4253 2624 4322 componitur
2650 4255 2954 4322 destruere,
2987 4270 3084 4316 aut
3114 4261 3314 4327 delere,
3347 4261 3598 4330 despicere.

374 4313 664 4383 prietatem
719 4313 895 4371 Graeci
956 4319 1227 4374 sermonis
1287 4323 1694 4380 contrarietatis
1767 4339 1890 4380 care

2083 4338 2146 4392 rel
2181 4341 2481 4397 abominari
2507 4355 2836 4414 prmsumat:
2872 4348 3106 4406 sicutde
3135 4353 3239 4408 hoc
3274 4361 3477 4409 sanctus
3496 4347 3599 4403 Grc-

375 4419 573 4472 εθιιειι,
595 4419 704 4460 non
727 4407 992 4463 “Versus
1015 4409 1254 4480 aliquam
1289 4427 1580 4482 Personam
1606 4415 1702 4471 sed
1731 4417 1797 4472 ad
1835 4433 1956 4473 eam
1983 4481 2036 4514 ῃ
2062 4431 2245 4498 gorius
2277 4431 2543 4488 Serenum
2594 4433 2989 4494 Massiliensem
3039 4443 3351 4514 episcopum
3389 4436 3606 4508 corripui!

367 4499 770 4564 tantummodo,
805 4499 912 4556 dici
943 4500 1134 4556 soleat.
1293 4481 1296 4482 ν

2086 4481 2241 4496 ,.,-_-
2279 4481 2543 4488 s--_---.---
2594 4481 2989 4494 ..-_--.......w...
3039 4481 3351 4514 »νωιυνωη

2086 4527 2118 4573 ει
2141 4521 2488 4589 reprehendit
2517 4525 2590 4579 ita
2613 4526 2801 4584 dicens
2825 4547 2839 4583 :
2875 4547 2894 4582 ε
2926 4527 3207 4588 Perlatum
3232 4533 3434 4604 quidem
3456 4529 3511 4584 ad
3528 4541 3602 4580 nos

439 4590 598 4647 -icet
620 4599 800 4647 autem
833 4593 1108 4650 incondito
1135 4611 1200 4651 ac
1241 4597 1467 4662 rustico,
1508 4607 1570 4653 ut
1599 4607 1728 4668 pote
1771 4601 1840 4654 ab
1863 4599 1960 4656 bo-
2062 4611 2263 4678 fuerat,
2289 4616 2433 4684 quod
2459 4617 2856 4676 inconsiderato
2876 4623 2994 4679 zelo
3021 4590 3317 4680 succensus
3341 4629 3602 4678 sanctorum

369 4683 518 4737 mine
561 4683 877 4740 doctrinalis
923 4695 1147 4755 experte
1205 4689 1474 4754 scientiae,
1530 4690 1606 4746 sit
1659 4692 1774 4746 lucc
1811 4691 1885 4746 edi

2085 4705 2349 4775 magines,
2373 4706 2474 4762 sub
2499 4709 2601 4764 hac
2625 4709 2782 4780 quasi
2808 4715 3166 4770 excusatione
3197 4731 3264 4771 ne
3303 4711 3497 4770 adorari
3532 4705 3601 4762 de-

369 4780 626 4828 eontextu
655 4775 884 4844 epistola
903 4815 918 4840 ,
947 4785 1124 4833 tamen
1151 4795 1259 4834 non
1293 4795 1620 4851 magnopere
1649 4783 1714 4836 de
1740 4783 1842 4836 hoc
1863 4797 1958 4837 cx-
2061 4792 2327 4860 buissent,
2349 4775 2715 4869 confreger'is.
2755 4801 2823 4855 Et
2871 4803 3096 4873 quidem
3144 4809 3268 4874 quia
3299 4819 3387 4858 eas
3426 4793 3600 4854 adorari

369 4863 622 4920 cutiendo
657 4865 741 4920 vel
785 4867 1106 4938 inquirendo
1133 4872 1340 4937 curavi,
1390 4873 1486 4928 sed
1517 4881 1728 4928 tantum
1767 4889 1958 4929 sensus
2061 4883 2328 4939 vetuisses
2351 4886 2576 4941 omnino
2620 4863 2984 4956 laudarim-us,
3021 4863 3252 4966 fregisse
3294 4906 3414 4947 vero
3453 4898 3602 4955 repre-

371 4957 558 5026 dispar
589 4965 646 5012 et
673 4959 956 5015 catholica:
987 4963 1298 5019 contrarius
1335 4965 1458 5021 ﬁdei
1488 4967 1624 5022 adeo
1663 4983 1749 5022 me
1787 4970 1954 5024 movit
2055 4975 2360 5032 hendimus.
2389 4977 2506 5043 Dic,
2539 4979 2728 5045 frater,
2752 4997 2782 5036 a
2832 4999 2940 5052 quo
2987 4957 3196 5041 factum
3235 4985 3494 5040 sacerdote
3523 4973 3600 5029 ali-

369 5057 423 5104 et
473 5050 838 5105 conturbavit.
881 5051 1024 5108 Dicit
1070 5053 1214 5109 enim
1257 5059 1596 5113 tantumdem
1651 5075 1840 5114 errare
1899 5069 1951 5116 et
2053 5069 2268 5134 quando
2297 5069 2540 5124 auditum
2565 5080 2651 5126 est
2676 5073 2820 5140 quod
2849 5050 3076 5130 iecisti?
3115 5075 3174 5131 Si
3215 5091 3320 5131 non
3353 5071 3502 5134 aliud,
3533 5064 3596 5119 vel

369 5153 476 5194 uno
515 5139 766 5196 similiter
795 5144 1012 5198 nomine
1043 5143 1354 5203 idololatras
1387 5163 1509 5204 esse
1535 5151 1809 5205 vocamlos
1831 5167 1950 5216 eos,
2051 5156 2184 5212 iilud
2225 5167 2275 5213 te
2304 5175 2409 5214 nou
2441 5161 2630 5217 debuit
2673 5139 2931 5221 revocare
2975 5175 3040 5224 ut
3069 5169 3336 5238 despectis
3379 5165 3484 5219 aliis
3509 5161 3595 5214 fra-

369 5230 458 5302 qui
487 5229 630 5288 idola
655 5241 712 5288 et
742 5234 1030 5291 simulacra
1059 5238 1364 5308 gentilium,
1407 5239 1624 5296 diabolo
1649 5243 1951 5314 instigante
2053 5247 2228 5302 tribus
2252 5249 2423 5304 solum
2453 5258 2506 5306 te
2531 5261 2781 5308 sanctum
2803 5263 2858 5310 et
2883 5271 3006 5311 esse
3027 5229 3281 5313 crederes
3305 5245 3594 5326 sapientem?

367 5335 422 5379 et
445 5339 619 5394 perea
635 5325 1278 5397 decipiente,adorantet
1303 5331 1506 5396 colunt,
1523 5333 1808 5387 credentes
1821 5337 1950 5388 deos
2051 5337 2210 5392 Aliud
2237 5347 2322 5394 est
2349 5341 2496 5395 enim
2521 5343 2792 5412 picturam
2821 5347 3074 5412 adorare,
3119 5349 3264 5405 aliud
3294 5325 3387 5419 per
3405 5345 3590 5417 pictuu‘

363 5431 432 5469 ac
465 5415 596 5472 deas
621 5431 742 5472 esse
791 5435 823 5474 a
870 5420 1069 5489 quibus
1109 5428 1304 5475 cuncta
1349 5429 1631 5491 reguntur,
1683 5421 1771 5475 vel
1807 5439 1947 5492 prm-
2051 5427 2332 5483 historiam
2359 5433 2488 5500 quid
2517 5435 2948 5493 sitadorandum
2993 5415 3306 5494 addiscere;
3331 5415 3618 5502 Naniquod'

366 5515 605 5574 stantur,
655 5519 712 5564 et
762 5510 1104 5566 Christianos
1156 5511 1247 5580 qui
1295 5510 1585 5581 imaginem
1641 5511 1842 5568 Christi
1893 5525 1948 5569 et
2049 5515 2350 5588 legentibus
2375 5519 2812 5592 Scriptura,hoc
2837 5527 3262 5600 idiotisprzestat
3283 5529 3476 5599 pictura
3494 5535 3588 5575 cer-

365 5608 678 5656 sanctorum
708 5601 823 5670 ejus
850 5604 1076 5674 pingunt
1101 5611 1155 5657 ct
1183 5611 1514 5657 venerantur
1543 5619 1642 5674 pro
1685 5620 1869 5662 amore
1891 5617 1945 5662 et
2049 5612 2320 5677 uentibus,
2353 5615 2476 5685 quia
2506 5617 2558 5671 in
2606 5617 2721 5687 ipsa
2753 5619 3076 5690 ignorantes
3099 5623 3284 5677 vident
3308 5617 3437 5689 quod
3469 5608 3596 5678 scilui

367 5686 570 5744 honore
598 5690 894 5749 Salvatoris
921 5693 1380 5766 et__licdemptoris
1411 5695 1614 5764 mundi,
1647 5705 1699 5778 et
1722 5712 1942 5778 suorum
2049 5700 2298 5769 debeant,
2333 5703 2384 5758 in
2417 5705 2529 5774 ipsa
2575 5686 2876 5781 leguntiqui
2923 5712 3148 5770 litteras
3178 5686 3432 5766 nesciunt.
3471 5700 3595 5760 Unde
