3838 6144
247 326 344 381 469

1247 326 1373 380 LIB.
1414 324 1781 382 ADVERSUS
1819 325 2174 382 CLAUDIUM
2215 327 2491 382 TAURIN.

3399 336 3501 389 670

244 447 298 492 et
322 438 595 506 prmeipue
625 436 875 502 gentibus
904 451 1002 506 pro
1033 437 1265 494 lectione
1295 439 1506 509 pictura
1533 449 1646 501 est,
1683 439 1825 508 quod
1857 442 1901 500 A
1933 444 2202 511 perrimus
2229 454 2284 497 et
2310 445 2684 513 copiosissime
2720 457 2960 504 sanctus.
3003 469 3020 501 ι
3066 447 3163 504 llic
3213 452 3323 504 lere
3365 460 3505 506 totas

246 543 571 600 magnopere
597 544 628 582 a
661 537 713 581 te
741 528 830 594 qui
863 528 1005 581 inter
1029 537 1215 598 gentes
1241 530 1453 584 habitas
1479 531 1683 585 attendi
1731 532 1826 585 de-

246 627 448 684 cuerat,
477 635 547 674 ne
575 617 704 672 dum
738 628 890 672 recto.
930 619 1046 674 zelo
1075 620 1292 674 incaute
1341 621 1717 686 succenderis,
1751 620 1828 675 fe-

248 711 460 766 rocibus
510 711 712 765 animis
755 711 1072 766 scandalum
1106 727 1414 781 generares.
1462 711 1658 782 Frangi
1699 726 1828 782 ergo

247 819 347 856 non
387 803 580 857 debuit
606 803 751 871 quod
777 819 885 857 non
914 804 982 858 ad
1011 804 1341 858 adorandum
1366 805 1419 858 in
1446 805 1710 868 ecclesiis,
1734 803 1828 858 sed

246 895 308 947 ad
338 893 692 948 instruendas
732 892 1072 949 solummodo
1101 904 1313 950 mentes
1343 895 1448 949 fuit
1473 896 1826 950 nescientium

244 983 583 1039 collocatum.
631 983 701 1039 Et
726 983 852 1052 quia
884 984 939 1038 in
989 984 1130 1040 locis
1151 986 1557 1040 venerabilihus
1610 994 1829 1041 sancto-

247 1091 359 1128 rum
389 1073 616 1144 depingi
643 1073 899 1129 historias
928 1089 1038 1129 non
1069 1074 1186 1130 sine
1221 1075 1434 1131 ratione
1464 1085 1711 1132 vetustas
1729 1077 1826 1131 ad-

246 1165 407 1228 misit,
452 1165 511 1218 si.
529 1163 714 1219 zelum,
732 1163 1060 1220 discretione
1081 1166 1402 1232 condiisses,
1433 1168 1550 1222 sine
1581 1168 1744 1222 dubio
1774 1176 1830 1222 et

245 1272 304 1310 ea
331 1272 451 1325 qua:
478 1254 803 1310 intendebas
838 1256 1134 1312 salubriter
1170 1259 1418 1314 obtinere
1465 1269 1522 1314 et
1547 1260 1833 1318 collectum.

244 1362 458 1418 gregem
491 1363 600 1402 non
645 1347 980 1419 dispergere,
1013 1351 1109 1404 sed
1137 1351 1441 1420 dispersum
1469 1355 1650 1423 potius
1675 1364 1829 1424 pote-

247 1452 329 1490 ras
358 1451 720 1507 congregare,
751 1446 814 1491 ut
843 1440 1078 1507 pastoris
1104 1439 1156 1494 in
1187 1448 1238 1495 te
1264 1443 1460 1497 merito
1499 1458 1694 1498 nomen
1735 1460 1829 1498 ex-

244 1527 486 1592 celleret,
547 1541 658 1582 non
705 1527 866 1597 culpa
909 1529 1248 1599 dispersoris.
1284 1532 1642 1592 incumberet.
1703 1534 1830 1593 l-laic

241 1627 419 1670 autem
468 1616 600 1671 dum
632 1617 685 1670 in
713 1617 817 1673 hoc
862 1620 1029 1674 animi
1071 1624 1148 1675 tui
1203 1621 1420 1676 incaute
1452 1624 1619 1679 nimis
1649 1633 1828 1680 motus

240 1707 587 1777 exsequeris,
614 1708 688 1762 ita
735 1717 859 1764 tuos
885 1712 1282 1768 scandalizasse
1323 1714 1463 1770 ﬁlios
1490 1717 1827 1785 perhiberis,

241 1807 295 1852 ut
319 1799 565 1853 maxima
614 1814 801 1853 eorum
845 1816 974 1870 pars
1005 1819 1035 1856 a
1080 1811 1168 1857 tua
1198 1820 1257 1859 se
1286 1807 1669 1862 communione
1712 1824 1828 1862 sus-
1856 1788 1902 1845 Β

237 1889 528 1958 penderet.
578 1889 808 1958 Quando
833 1908 967 1965 ergo
999 1896 1065 1950 ad
1091 1897 1233 1951 ovile
1263 1898 1603 1958 Dominicum
1641 1917 1831 1956 erran-

242 1990 321 2036 tes
367 1997 504 2038 oves
547 1984 803 2050 adduces,
840 1988 986 2057 quod
1031 2004 1168 2058 quas
1214 1989 1383 2046 habes
1428 1992 1665 2049 retinere
1719 2010 1828 2049 non

240 2072 546 2140 przevales?
582 2094 601 2126 ι
637 2074 828 2142 Qualis
863 2086 1044 2132 autem
1072 2088 1126 2134 et
1152 2090 1354 2149 quanta
1381 2091 1466 2136 est
1500 2083 1690 2138 insana
1719 2085 1830 2139 ela-

241 2162 336 2226 tio,
363 2174 421 2219 et
456 2179 599 2219 vana
648 2167 930 2223 temeritas
953 2177 1013 2222 ut
1037 2171 1180 2238 quod
1218 2186 1247 2224 a
1293 2172 1551 2240 primaevo
1587 2182 1829 2244 tempore

239 2252 671 2312 Christianitatis
697 2273 795 2328 per
817 2274 989 2314 annos
1020 2261 1192 2317 ferme
1217 2263 1344 2329 8°30,
1370 2272 1463 2319 aut
1489 2281 1553 2321 eo
1599 2268 1828 2337 amplius

241 2360 270 2397 a
306 2349 519 2402 sanctis
559 2364 626 2404 ac
659 2350 993 2408 beatissimis
1029 2353 1282 2411 Patribus
1327 2366 1382 2411 et
1411 2358 1830 2429 religiosissimis

242 2438 589 2504 postmodum
635 2441 970 2511 principibus
1017 2445 1244 2514 gloriam
1282 2455 1339 2502 et
1381 2448 1594 2503 laudem
1632 2450 1726 2505 Dei
1773 2453 1828 2506 in

243 2529 524 2595 ecclesiis,
555 2540 612 2586 et
649 2534 704 2588 in
740 2535 1075 2618 quibuslibet-
1097 2537 1532 2595 Christianorum
1581 2543 1829 2599 domibus

243 2619 355 2674 ﬁeri
407 2636 754 2689 concessum,
787 2627 1165 2695 constitutum,
1199 2639 1252 2684 et
1290 2631 1500 2700 jussum
1548 2640 1653 2697 est,
1690 2650 1831 2689 unus

244 2709 402 2763 homo
427 2709 826 2781 blasphemare,
856 2716 1274 2786 reprehendere,
1297 2720 1636 2785 conculcare,
1659 2722 1828 2793 proji-

244 2814 385 2862 cere,
415 2815 484 2855 ac
526 2802 743 2858 suﬂlare
773 2808 1101 2874 prmsumat?
1133 2810 1294 2878 quasi
1325 2811 1376 2864 in
1410 2819 1561 2866 tanto
1589 2811 1703 2881 jam
1749 2813 1831 2868 di-

245 2902 329 2947 cto
366 2895 555 2964 spatio
583 2898 761 2953 nullus
787 2901 867 2955 sic
894 2911 1116 2958 sanctus
1153 2905 1239 2960 vel
1268 2907 1484 2977 sapiens
1512 2909 1564 2962 in
1589 2910 1827 2966 Ecclesia

245 2981 333 3038 Dei
386 2986 694 3042 exstitisset
737 2998 952 3058 auctor,
997 2994 1090 3062 qui
1122 3001 1231 3048 tam
1280 2998 1720 3055 ardentissimum
1771 3003 1828 3056 in

244 3074 400 3129 corde
431 3091 535 3130 suo
565 3077 760 3143 zelum,
791 3080 877 3134 vel
907 3083 1317 3138 subtilissimum
1361 3087 1588 3143 haberet
1619 3089 1828 3146 intelle-

244 3172 406 3230 ctum,
453 3166 596 3221 sicut
625 3168 730 3223 iste
779 3171 872 3238 qui
919 3172 1083 3226 audet
1122 3188 1433 3244 oppugnare
1463 3178 1608 3246 quod
1641 3182 1826 3235 caeteri

244 3255 391 3323 quasi
428 3254 770 3314 formidolosi
794 3261 910 3315 ausi
935 3277 1040 3316 non
1064 3271 1219 3329 sunt;
1249 3265 1332 3320 vel
1358 3267 1664 3336 vituperare
1683 3271 1828 3340 quod

244 3343 331 3398 alii
372 3359 497 3400 esse
519 3346 932 3417 vituperandum
979 3353 1136 3420 quasi
1186 3354 1335 3408 stulti
1385 3371 1496 3408 non
1545 3357 1826 3414 intellexe-

247 3442 388 3489 runt.
434 3434 667 3502 Quidam
693 3448 873 3494 autem
903 3456 935 3496 e
961 3443 1238 3498 contrario
1287 3446 1354 3500 de
1383 3447 1622 3516 antiquis
1651 3449 1828 3506 Patri-

245 3523 342 3579 bus
367 3540 478 3580 non
510 3527 681 3582 solum
725 3539 1031 3587 sanctorum
1076 3534 1130 3588 iu
1163 3533 1380 3590 Christo
1409 3537 1822 3608 dormientium,

241 3617 334 3670 sed
385 3626 441 3672 et
475 3619 773 3674 amicorum
802 3622 1099 3678 viventium
1146 3625 1411 3696 imagines
1459 3628 1682 3699 pingere
1717 3640 1825 3686 stu-

240 3704 496 3762 duerunt.
528 3708 680 3763 Sicut
717 3721 940 3767 sanctus
968 3713 1203 3770 Severus
1228 3717 1514 3788 episc0pus
1561 3735 1668 3775 non
1708 3731 1826 3775 tan-

243 3805 352 3853 tum
383 3798 526 3854 beati
551 3799 762 3855 Martini
794 3802 861 3857 de
894 3803 993 3860 hoc
1017 3805 1086 3859 ad
1114 3807 1282 3862 Deum
1303 3809 1585 3880 migrantis
1606 3814 1820 3878 sarculo,

241 3890 333 3943 sed
355 3897 413 3943 et
439 3892 614 3946 sancti
637 3891 848 3948 Paulini
880 3893 1073 3949 Nolani
1103 3898 1342 3968 episcopi
1369 3902 1544 3957 adhuc
1571 3907 1825 3974 snpersti-

242 3977 309 4032 tis
338 3980 633 4050 imaginem
662 3982 716 4036 in
739 3997 836 4037 sua
867 3986 1112 4054 depinxit
1134 3988 1382 4055 ecclesia,
1413 4007 1535 4046 cum
1563 4005 1745 4049 essent
1769 3997 1823 4050 lii

238 4069 404 4123 ambo
447 4071 620 4126 sancti
665 4073 928 4144 episcopi,
977 4077 1145 4132 ambo
1165 4080 1440 4148 spiritales
1483 4083 1820 4155 philosophi;

237 4160 333 4214 sed
374 4161 510 4220 nihil
543 4163 736 4219 horum
783 4175 910 4221 sunt
950 4176 1162 4224 tentare
1193 4174 1396 4227 conati.
1441 4173 1685 4232 Audiens
1728 4193 1824 4234 au-

239 4260 347 4304 tem
404 4252 508 4305 hoc
537 4252 796 4311 Paulinus
839 4258 1176 4315 humiliaudo
1212 4266 1494 4319 excusavit
1535 4267 1724 4326 nolens
1765 4286 1824 4325 se

237 4342 397 4408 quasi
427 4343 691 4413 imparem
732 4348 1024 4403 assimilari
1077 4350 1333 4420 Martino,
1380 4357 1480 4411 sed
1509 4358 1690 4413 sciens
1722 4361 1816 4415 dc-

238 4443 418 4485 votam
459 4449 590 4505 erga
637 4451 697 4492 se
727 4439 900 4493 sancti
947 4440 1271 4500 charitatem
1313 4447 1474 4502 amici
1503 4452 1816 4515 consensit,

237 4523 369 4577 hinc
409 4526 598 4582 humili
635 4532 1042 4600 comparatione
1078 4549 1268 4592 versus
1310 4537 1415 4593 hoc
1466 4539 1626 4594 modo
1674 4557 1822 4597 com-

237 4613 418 4682 posuit
461 4633 476 4668 :
1677 4629 1680 4634 '

300 4746 455 4819 Dives
478 4761 641 4819 opum,
661 4751 854 4819 Chris'o
875 4767 1064 4819 pauper.
1078 4757 1168 4806 sibi
1197 4758 1395 4819 pulchra
1423 4761 1641 4812 Severus

365 4809 583 4861 tlulmina
605 4809 805 4863 sacratis
822 4809 1030 4866 loutib'us
1054 4809 1275 4870 instituit.

297 4871 355 4920 Et
369 4873 493 4939 quia
512 4875 742 4924 mlestes
764 4878 919 4925 aulam
938 4879 1180 4930 condebat
1201 4883 1246 4930 in
1265 4891 1412 4939 actus.

363 4935 465 4989 Qua
489 4945 844 4986 renovarentur
866 4941 997 4987 fonte
1023 4939 1229 5000 Deoque
1255 4935 1516 5002 Ιιοιιιὶιίρς,⁵

300 4992 463 5069 Digna
483 5001 798 5069 sacramentis
822 5003 1012 5069 gemina
1037 5003 1130 5050 sub
1150 4992 1364 5069 imagine
1382 4992 1555 5069 pinxit,

367 5056 591 5106 Disceret
617 5065 669 5107 ut
693 5061 788 5109 vita
813 5056 934 5109 dona
958 5071 1156 5112 renatus
1176 5056 1336 5114 homo.

300 5114 345 5164 Il
377 5120 862 5190 “illiilli-.‘Vt’flﬂl‘t‘ndjl
890 5125 978 5170 viri
1004 5131 1213 5190 testatur
1236 5129 1418 5190 imago,

364 5178 529 5229 Altera
551 5181 801 5229 l’aultnuui
827 5182 976 5231 forma
1001 5187 1154 5235 refert
1179 5178 1428 5238 humilem.
1519 5235 1524 5240 .

299 5237 913 5315 llle’lide'ttrexcmplis,_el
935 5246 1074 5295 dictis
1095 5246 1301 5315 fortibus
1322 5237 1498 5315 armat,

366 5298 426 5348 Ut
443 5298 610 5363 iu'eriti
638 5298 1129 5363 pali'nns'intemerata
1155 5308 1296 5360 ferat.

299 5358 700 5436 lateducet‘fus‘is
719 5367 968 5416 redimens
989 5382 1074 5416 sua
1097 5358 1295 5436 crimina
1317 5377 1542 5436 nummis,

367 5422 514 5471 \‘ilior
540 5430 592 5473 ut
614 5429 678 5476 sit
703 5442 806 5491 res,
830 5443 970 5491 quam
994 5444 1083 5480 sua
1107 5433 1282 5495 cuique
1305 5433 1454 5484 salus.

236 5527 313 5582 De
344 5544 452 5598 quo
482 5542 704 5588 sanctus
730 5534 1063 5604 Augustinus
1097 5548 1362 5594 memorat
1389 5540 1445 5594 iu
1472 5540 1612 5596 libro
1644 5543 1823 5611 primo

233 5621 300 5674 de
329 5620 564 5676 Civitatc
595 5624 730 5679 Dei:
786 5645 804 5677 ι
841 5628 994 5683 Unde
1042 5629 1298 5686 Paulinus
1343 5643 1528 5689 noster
1575 5635 1825 5691 Nolensis

233 5712 523 5787 episcopus
564 5733 627 5770 ex
669 5720 1077 5789 opulentissimo
1130 5724 1315 5790 divite,
1366 5727 1637 5782 voluntate
1687 5744 1820 5797 pau-

1848 4492 1900 4550 D

1929 529 2140 587 Veteris
2177 544 2233 587 et
2259 534 2396 589 Novi
2430 536 2758 592 Testameuti
2811 539 3090 606 historias,
3139 556 3236 611 per
3277 556 3404 596 suas
3429 545 3508 612 pi-

1927 629 2044 674 ctas
2097 623 2330 678 habebat
2376 626 2655 691 ecclesias,
2703 642 2840 696 quas
2892 644 2988 700 per
3026 631 3274 687 ordinem
3317 643 3508 688 sancto

1928 709 2143 766 Nicena:
2185 714 2449 769 Dacorum
2489 717 2743 788 epi~copo
2780 721 3204 778 demonstrabat.
3247 724 3383 780 liinc
3428 725 3508 778 di-

1929 805 2003 858 cit
2032 805 2084 858 in
2114 805 2208 859 lib.
2240 823 2295 860 ix
2321 822 2481 877 quem
2515 810 2580 864 de
2610 811 2899 868 virtutibus
2923 815 3096 870 sancti
3126 817 3382 889 martyris
3410 816 3510 870 Fe-

1928 893 2046 950 licis
2075 898 2303 952 metrico
2337 908 2484 953 textu
2508 904 2815 972 composuit
2853 923 2866 958 :

1929 1003 2082 1061 Nunc
2121 1008 2238 1062 volo
2267 1010 2510 1078 picturas
2532 1011 2726 1069 fucatis
2761 1017 2975 1087 agmine
3005 1017 3164 1091 longo

1927 1095 2232 1153 Porticibus
2251 1099 2454 1166 videas,
2484 1103 2808 1174 paulumque
2843 1109 3033 1176 supina
3063 1109 3253 1181 fatiges

1929 1186 2097 1254 Colla,
2132 1189 2393 1245 reclinato
2419 1192 2543 1246 dum
2576 1195 2809 1267 perlegis
2838 1200 3018 1254 omnia
3042 1201 3212 1256 vultu.

1929 1277 2029 1344 Qui
2054 1281 2202 1334 videt
2232 1282 2348 1336 haec
2375 1285 2562 1338 vacuis
2600 1301 2898 1355 agnoscens
2925 1306 3054 1345 vera
3085 1293 3292 1360 figuris,

1928 1369 2045 1424 Non
2075 1385 2243 1425 vacua
2269 1371 2429 1426 fidam
2461 1375 2563 1428 sibi
2601 1377 2778 1445 pascit
2807 1377 3040 1448 imagine
3063 1392 3292 1436 mentem
3318 1400 3331 1444 ;

1929 1459 2122 1516 Omnia
2153 1478 2386 1534 namque
2410 1474 2557 1521 tenet
2583 1469 2726 1524 serie
2753 1471 2966 1539 pictura
2997 1473 3158 1538 ﬁdeli,

1928 1551 2060 1618 Quae
2087 1554 2271 1608 senior
2297 1556 2512 1626 scripsit
2539 1573 2636 1627 per
2662 1561 2902 1632 quinque
2929 1564 3204 1619 volumina
3236 1567 3460 1638 Moyses.

1929 1642 2059 1708 Quae
2087 1645 2254 1713 gessit
2281 1644 2494 1701 Domini
2517 1649 2762 1721 signatus
2793 1653 3014 1709 nomine
3042 1655 3221 1711 Jesus.

2507 1759 2576 1814 Et
2605 1772 2718 1832 post
2743 1779 2930 1833 pauca.

1932 1846 2093 1904 Forte
2120 1851 2430 1920 requiratur
2452 1868 2687 1922 quanam
2716 1857 2923 1912 ratione
2953 1861 3170 1929 gerendi

1933 1938 2146 1994 Sederit
2167 1942 2285 1997 haec
2312 1944 2468 1999 nobis
2490 1948 2756 2001 sententia
2785 1950 3007 2022 pingere
3034 1961 3252 2008 sanctas

1933 2033 2077 2088 Raro
2103 2049 2252 2088 more
2281 2036 2472 2092 domos
2499 2039 2866 2096 animantibus
2895 2043 3229 2100 assimilatis.

1930 2129 2191 2198 Accipite,
2217 2137 2272 2184 et
2299 2133 2488 2201 paucis
2527 2136 2749 2190 tentabo
2773 2151 3045 2207 exponere
3078 2154 3291 2196 causas.

1930 2217 2077 2284 Quos
2107 2228 2230 2290 agat
2259 2222 2364 2277 huc
2396 2225 2566 2279 sancti
2599 2223 2796 2281 Felicis
2825 2227 2996 2298 gloria
3028 2239 3201 2285 castus

1930 2309 2233 2367 Obscurum
2261 2314 2392 2368 nulli
2419 2333 2432 2381 ;
2467 2317 2562 2371 sed
2595 2318 2750 2373 turba
2790 2319 3129 2390 frequentior
3157 2324 3241 2378 his
3265 2336 3366 2387 est,

1931 2402 2227 2459 Rusticitas
2253 2422 2360 2461 non
2383 2423 2535 2464 cassa
2568 2409 2690 2478 fide,
2725 2427 2898 2481 neque
2921 2414 3080 2470 docta
3115 2415 3323 2488 legendi
3352 2437 3362 2470 :

1931 2494 2057 2550 Haec
2079 2506 2296 2552 assueta
2319 2499 2408 2554 diu
2438 2503 2609 2558 sacris
2637 2505 2844 2561 servire
2867 2506 3112 2576 profanis

1931 2583 2135 2642 Ventre
2161 2589 2270 2644 Deo
2299 2593 2515 2646 tandem
2549 2597 2888 2650 convertitur
2917 2597 3129 2651 advena
3161 2599 3398 2664 Christo,

1933 2682 2069 2737 Dum
2099 2696 2413 2742 sanctorum
2443 2703 2608 2758 opera
2637 2692 2690 2746 in
2723 2691 2939 2747 Christo
2967 2693 3193 2749 miratur
3221 2703 3426 2764 aperta,

1924 2771 2154 2828 Cernite
2181 2792 2343 2845 quam
2367 2778 2522 2832 multi
2551 2788 2746 2834 coeant
2770 2797 2832 2835 ex
2861 2783 3112 2838 omnibus
3139 2785 3302 2856 agris,

1931 2861 2211 2934 Quamque
2239 2866 2328 2935 pie
2355 2868 2580 2923 rudibus
2610 2869 2820 2940 decepti
2853 2873 3126 2929 mentibus
3152 2887 3359 2940 errent,

1930 2953 2275 3026 Longinquas
2304 2957 2510 3028 liquere
2549 2961 2761 3030 domos,
2788 2979 3043 3034 sprevere
3073 2968 3318 3036 pruinas,

1930 3043 2047 3099 Non
2075 3045 2236 3118 gelidi
2266 3046 2511 3108 fervente
2545 3050 2649 3107 [ide
2676 3072 2688 3107 :
2718 3065 2773 3108 et
2803 3070 2948 3110 nunc
2978 3069 3104 3111 ecce
3132 3055 3440 3127 frequentes

1854 3142 1898 3204 (ζ
1930 3132 2036 3189 Per
2066 3143 2230 3190 totam
2258 3147 2312 3192 et
2341 3139 2532 3210 vigiles
2561 3144 2862 3198 extendunt
2887 3146 3082 3214 gaudia
3109 3156 3343 3203 noctem.

1928 3225 2144 3282 Laetitia
2177 3243 2400 3286 somnos
2430 3233 2682 3290 tenebras
2705 3234 2978 3292 funalibus
3004 3249 3211 3294 arcent.

2497 3343 2633 3399 Item
2656 3347 2710 3400 in
2731 3347 2931 3402 eodem.

1926 3429 2222 3500 Propterea
2250 3433 2426 3487 visum
2464 3435 2622 3488 nobis
2646 3451 2782 3504 opus
2820 3437 2951 3492 utile
2973 3439 3102 3495 totis

1926 3520 2126 3576 Felicis
2147 3522 2394 3578 domibus
2416 3523 2626 3592 pictura
2656 3525 2844 3582 ludere
2869 3539 3078 3594 sancta,

1929 3610 1986 3666 Si
2017 3611 2155 3668 forte
2183 3615 2443 3670 attonitas
2469 3618 2583 3672 haec
2606 3633 2705 3688 per
2733 3621 3041 3689 spectacula
3073 3631 3288 3681 mentes

1926 3702 2215 3775 Agrestum
2237 3717 2456 3778 caperet
2489 3705 2668 3763 fucata
2700 3711 2972 3768 coloribus
2997 3715 3188 3770 umbra

2629 3799 2800 3855 Idem.

1927 3885 2063 3940 Dum
2089 3886 2224 3942 fallit
2252 3889 2469 3958 pictura
2497 3889 2695 3947 famem
2722 3911 2734 3947 :
2765 3902 3090 3966 sanctasque
3110 3896 3307 3970 legenti

1929 3976 2195 4034 Historias
2225 3989 2500 4036 castorum
2531 3998 2753 4053 operum
2791 3987 3033 4057 subrepit
3055 3989 3310 4048 honestas

1928 4065 2204 4138 Exemplis
2236 4071 2454 4126 inducta
2485 4073 2611 4143 piis,
2642 4083 2862 4144 potatur
2885 4075 3060 4132 hianti

1929 4155 2227 4225 Sobrietas,
2254 4161 2406 4215 nimii
2436 4163 2670 4217 subeunt
2698 4163 2897 4219 oblivia
2924 4166 3054 4222 vini.

1930 4245 2175 4317 Dumque
2204 4251 2346 4304 diem
2372 4252 2594 4317 ducunt,
2621 4254 2795 4323 spatio
2818 4255 3029 4325 majore.
3059 4267 3293 4325 tuentes,

1929 4335 2128 4391 Pocula
2154 4347 2452 4404 rarescunt,
2492 4341 2617 4409 quia
2661 4357 2758 4411 per
2790 4343 3049 4400 miracula
3084 4353 3258 4404 tracto

1931 4422 2194 4502 Tempore
2214 4431 2326 4501 jam
2356 4449 2543 4503 pauca:
2571 4446 2829 4507 superant
2856 4439 3200 4509 epulantibus
3225 4445 3394 4502 horae.

1999 4542 2234 4600 Sanctus
2263 4545 2552 4617 Gregorius
2602 4547 2876 4620 Nyssenus
2912 4553 3199 4626 episcopus
3227 4558 3367 4614 inter
3400 4577 3504 4617 ca:-

1930 4642 2048 4690 tera
2076 4635 2144 4691 de
2170 4637 2445 4692 Abraham
2472 4654 2775 4698 sermonem
2799 4642 3055 4700 instituit.
3085 4664 3104 4698 c
3133 4645 3276 4713 Vidi,
3304 4650 3502 4720 inquit,

1929 4726 2217 4798 imaginem
2266 4731 2534 4799 passionis
2569 4741 2626 4788 et
2669 4749 2776 4788 non
2813 4736 2932 4791 sine
2961 4737 3212 4810 lacrymis
3237 4742 3501 4800 visionem

1926 4819 2162 4889 praeterii
2190 4835 2353 4890 opere
2381 4822 2448 4876 ad
2478 4821 2672 4879 faciem
2702 4826 2972 4884 deducens
3019 4830 3323 4890 historiam.
3361 4856 3379 4889 ι
3413 4837 3508 4894 His

1930 4924 2061 4979 ergo
2094 4910 2381 4966 admoniti:-
2401 4914 2667 4985 exemplis
2691 4917 2968 4974 credimus
2988 4930 3204 4979 sanctas
3240 4925 3504 4995 picturas,

1930 5009 1991 5053 ut
2014 5001 2225 5055 Paulini
2285 5002 2474 5073 loquar
2503 5006 2707 5072 verbis,
2733 5009 2802 5062 ad
2853 5009 3116 5068 honorem
3145 5013 3238 5070 Dei
3272 5017 3508 5073 formare

1933 5105 2036 5145 non
2068 5107 2188 5147 esse
2217 5094 2449 5163 cuipiam
2477 5095 2786 5154 Christiano
2827 5099 3064 5171 culpam,
3097 5106 3190 5160 sed
3221 5109 3391 5179 magis
3423 5125 3507 5162 re-

1931 5180 2144 5250 ligionis
2183 5183 2462 5238 indicium.
2501 5185 2676 5241 Verba
2706 5189 2948 5258 epistolae
2983 5211 2997 5246 :
3033 5211 3052 5244 ‹
3086 5192 3221 5250 Cum
3252 5199 3394 5250 enim
3422 5197 3506 5251 di-

1938 5290 1963 5321 ι
2003 5273 2200 5328 stincte
2229 5275 2440 5330 dicatur
2468 5292 2574 5332 non
2626 5277 2928 5337 faciendam
2957 5285 3361 5342 similitudinem
3391 5302 3505 5340 om-

1939 5382 1958 5414 ι
1998 5363 2146 5418 nium
2175 5380 2296 5435 quas
2318 5367 2372 5422 in
2403 5368 2544 5423 cmio
2569 5380 2696 5424 sunt
2718 5380 2812 5426 aut
2839 5389 2960 5444 qua:
2989 5376 3042 5430 in
3075 5385 3239 5440 terra,
3279 5377 3362 5430 vel
3383 5391 3505 5446 qua:

1938 5472 1955 5504 ς
1999 5454 2102 5509 sub
2139 5464 2306 5520 terra,
2339 5472 2446 5511 non
2480 5459 2547 5514 de
2569 5458 2700 5516 solis
2727 5461 3169 5518 similitudinibus
3203 5463 3504 5522 alienorum

1938 5565 1954 5595 ι
2001 5547 2223 5601 deorum
2277 5547 2597 5617 intelligitur
2649 5551 2871 5613 dictum,
2926 5551 3018 5605 sed
3071 5551 3136 5605 de
3194 5551 3506 5612 cmlestibus

1939 5656 1954 5686 ι
1997 5639 2262 5692 creaturis
2309 5646 2543 5708 antqua:
2578 5639 2630 5693 iu
2687 5641 2894 5696 honore
2935 5641 3206 5697 Creatoris
3235 5642 3507 5703 humanus
3542 5645 3550 5676 ‘

1939 5745 1954 5777 ‹
2003 5743 2194 5782 sensus
2223 5729 2397 5796 potuit
2441 5729 2768 5798 excogitare.
2812 5749 2828 5780 ι
2862 5729 3206 5788 Enucleatius
3256 5735 3354 5792 ista
3410 5736 3510 5792 de;
