3838 6144
212 326 304 382 ιτε

1205 315 1334 374 ιω.
1374 316 1744 374 ADVERSUS
1782 316 2142 373 CLAUDIUM
2180 317 2457 374 'l'AliBlN.

3362 324 3469 384 ιτι

206 453 280 500 est
310 457 326 496 :
360 436 713 509 respondere,
743 434 1084 493 temeritatis.
1119 434 1197 490 De
1234 436 1320 490 his
1339 435 1485 490 enim
1515 433 1678 489 rebus
1701 432 1783 487 in-
1810 436 1863 494 Α
1887 438 2073 485 nostra
2107 446 2261 486 arma
2307 431 2608 501 iniquitatis
2657 444 2902 504 peccato,
2934 437 3030 492 sed
3061 453 3213 493 arma
3231 438 3461 509 iustitia

208 543 451 603 ten-ngas
474 545 614 601 quas
636 538 695 584 et
714 527 985 601 proferre,
1011 536 1067 582 et
1092 526 1282 581 audire
1303 524 1648 595 sacrilegium
1672 531 1777 579 est.

1887 521 2018 588 Deo,
2050 521 2373 578 sacriﬁcium
2429 531 2536 590 est,
2565 525 2633 580 ad
2660 526 2806 595 quod
2854 528 3153 586 exhortans
3186 534 3464 602 apostolus

202 625 292 680 Ais
339 620 694 693 Vigilantiam
741 620 834 689 qui
879 621 1010 675 κατᾶ
1059 620 1377 694 ἆκίφρασιν,
1427 618 1532 673 hoc
1559 624 1786 671 vocatur
1886 613 1963 669 ait
1991 630 2007 667 :
2038 612 2263 668 Obsecro
2316 613 2492 683 itaque
2535 631 2643 681 vos,
2675 614 2891 684 fratres,
2938 634 3032 687 per
3070 620 3464 694 miserationem

200 690 433 768 nomine:
444 709 597 783 (nam
624 708 1022 767 Dormitantius
1043 690 1249 764 rectius
1275 708 1594 780 diceretur),
1620 722 1683 763 os
1708 707 1787 763 fe-
1886 705 2005 771 Dei,
2035 714 2093 758 ut
2121 705 2410 760 exhibeatis
2439 722 2658 776 corpora
2682 716 2847 761 vestra
2865 707 3091 763 hostiam
3119 712 3311 779 vivam,
3332 690 3430 771 sar;
3446 746 3462 759 .

203 804 366 858 tidum
398 816 594 857 mrsus
620 800 834 869 aperire
867 807 925 854 et
952 805 1201 868 putorem
1225 799 1634 867 spurcissimum
1658 814 1786 853 con-
1883 807 2046 864 ctam,
2083 797 2193 853 Deo
2212 799 2527 870 placentem,
2555 797 2816 853 rationale
2843 799 3146 871 obsequium
3195 814 3458 861 nostrum.

203 903 282 947 tra
304 901 622 947 sanctorum
663 898 964 960 martyrum
987 887 1234 959 proferre
1266 888 1565 959 reliquias;
1599 896 1654 941 et
1683 903 1783 943 nos

198 982 283 1053 qui
309 998 407 1038 eas
433 982 798 1051 suscepimus,
828 980 1102 1050 appellare
1132 981 1429 1036 cinerarius
1470 989 1528 1035 et
1557 982 1780 1037 idolola-

200 1085 329 1132 tras.
362 1072 460 1143 qui
518 1080 858 1126 mortuorum
897 1070 1177 1126 hominum
1206 1085 1330 1126 ossa
1358 1087 1702 1127 veneramur.
1734 1071 1779 1128 Ο

198 1164 467 1219 infelicem
497 1162 774 1217 hominem
802 1169 861 1217 et
886 1161 1035 1217 omni
1062 1161 1424 1233 lacrymarum
1454 1162 1601 1217 fonte
1624 1163 1780 1233 plan—

198 1256 455 1326 gendum,
509 1253 605 1323 qui
654 1254 769 1308 haec
797 1253 984 1308 dicens
1013 1267 1123 1307 non
1167 1267 1226 1307 se
1254 1251 1504 1323 intelligit
1530 1268 1651 1309 esse
1680 1252 1781 1308 Sa-

197 1347 531 1400 maritanum
556 1353 615 1400 et
638 1343 903 1408 Judaeum,
931 1344 1023 1413 qui
1050 1359 1278 1414 corpora
1319 1353 1654 1401 mortuorum
1682 1361 1780 1416 pro

197 1434 489 1490 immundis
524 1434 727 1489 habent
753 1442 808 1489 et
833 1434 998 1489 etiam
1018 1450 1150 1494 vasa
1178 1450 1299 1505 qua:
1327 1435 1383 1489 in
1408 1437 1598 1491 eadem
1620 1437 1780 1492 domo

197 1529 417 1595 fuerint,
468 1528 639 1600 pollui
670 1529 1018 1597 suspicantur
1050 1547 1064 1582 :
1106 1536 1394 1598 sequentes
1440 1529 1778 1585 occidentem

197 1619 424 1675 litteram
481 1625 540 1672 et
574 1632 682 1672 non
717 1616 969 1687 spiritum
1014 1616 1399 1671 viviﬁcantem.
1450 1614 1560 1670 Nos
1595 1626 1777 1689 autem

200 1727 297 1767 non
321 1712 448 1766 dico
500 1718 803 1781 martyrum
858 1708 1138 1779 reliquias,
1189 1709 1286 1763 sed
1335 1723 1403 1763 ne
1452 1708 1622 1763 solem
1656 1709 1776 1777 qui-

1883 890 1941 946 Si
1970 905 2101 961 ergo
2131 905 2328 960 corpus
2355 905 2463 959 quo
2518 888 2772 945 inferiore
2820 898 3074 959 tanquam
3126 890 3346 957 famulo,
3374 895 3458 950 vel

1884 991 2138 1052 tanquam
2168 982 2529 1036 instrumento
2560 980 2730 1034 utitur
2756 980 2958 1045 anima,
2990 997 3114 1036 cum
3146 982 3264 1052 ejus
3285 983 3463 1040 bonus

1880 1082 1938 1129 et
1982 1081 2163 1128 rectus
2216 1086 2350 1126 usus
2382 1070 2449 1124 ad
2502 1070 2788 1123 Dominum
2838 1073 3095 1137 refertur,
3131 1072 3461 1128 sacriﬁcium

1880 1172 1995 1229 est;
2051 1169 2254 1233 quanto
2311 1159 2485 1230 magis
2539 1159 2719 1213 anima
2768 1159 2883 1228 ipsa
2938 1176 3061 1214 cum
3091 1176 3149 1215 se
3188 1161 3353 1217 refert
3390 1162 3457 1216 ad

1879 1258 2070 1321 Deum,
2098 1270 2219 1325 quae
2251 1253 2454 1308 amoris
2499 1252 2617 1322 ejus
2671 1266 2905 1305 accensa
2948 1251 3175 1307 formam
3203 1255 3461 1324 concupi-

1878 1348 2100 1404 scentia:
2125 1345 2400 1402 saecularis
2424 1344 2665 1407 amittat,
2695 1343 2853 1413 eique
2876 1354 3135 1412 tanquam
3165 1346 3460 1401 incommu-

1879 1440 2028 1496 tabili
2080 1438 2268 1493 forma:
2318 1436 2534 1491 subdita
2576 1432 2928 1499 reformetur,
2981 1433 3109 1489 hinc
3133 1435 3182 1489 ei
3238 1435 3459 1505 placens

1877 1532 2021 1605 quod
2042 1548 2109 1587 ex
2130 1530 2251 1599 ejus
2267 1529 2669 1599 pulchritudine
2691 1529 2984 1600 acceperit,
3011 1529 3082 1584 sit
3107 1529 3455 1584 sacriﬁcium.

1877 1625 2031 1692 Quod
2061 1624 2204 1678 idem
2253 1620 2529 1694 apostolus
2573 1629 2968 1690 consequenter
3016 1619 3316 1692 adjungens
3345 1639 3356 1674 :
3390 1620 3456 1674 Et

1879 1715 2058 1780 nolite,
2100 1715 2292 1784 inquit,
2333 1712 2658 1783 conformari
2710 1710 2927 1781 sarculo,
2975 1712 3065 1767 sed
3097 1711 3458 1781 reformamini

203 1802 314 1856 dem
342 1810 399 1855 et
422 1800 634 1864 lunam,
662 1814 770 1854 non
805 1797 1025 1869 angelos
1049 1837 1064 1861 ,
1115 1812 1223 1852 non
1261 1797 1636 1867 archangelos,
1668 1813 1776 1853 non

1879 1809 1934 1861 in
1956 1807 2182 1861 novitate
2212 1805 2398 1859 mentis
2426 1813 2606 1858 uestrte
2635 1802 2705 1858 ad
2752 1803 3079 1873 probandum
3110 1821 3218 1869 vos,
3242 1820 3359 1875 qua:
3389 1803 3456 1857 sit

204 1890 488 1960 seraphim,
518 1905 627 1944 non
673 1888 956 1943 cherubim
988 1893 1043 1942 et
1071 1901 1233 1942 omne
1283 1901 1482 1941 nomen
1508 1885 1650 1955 quod
1680 1901 1777 1941 no-

205 1978 429 2033 minatur
453 1988 511 2033 et
536 1978 593 2032 in
639 1977 895 2047 praesenti
948 1975 1147 2031 smculo
1177 1984 1233 2030 et
1262 1976 1315 2030 in
1343 1974 1524 2030 futuro
1550 1975 1774 2029 colimus

207 2079 255 2123 et
278 2070 588 2132 adoramus,
623 2083 690 2122 ne
735 2067 1040 2124 serviamus
1073 2075 1337 2121 creaturae
1377 2067 1558 2136 potius
1612 2082 1774 2136 quam

205 2160 431 2216 Creatori
460 2160 558 2230 qui
611 2167 696 2214 est
749 2159 1061 2215 benedictus
1092 2160 1146 2213 in
1174 2157 1390 2213 saecula.
1433 2158 1777 2216 llonoramus

210 2259 374 2305 autem
400 2249 666 2320 reliquias
693 2257 1015 2321 martyrum,
1045 2257 1104 2303 ut
1133 2264 1259 2303 eum
1282 2248 1439 2319 cujus
1464 2258 1591 2304 sunt
1623 2265 1772 2304 mar-

211 2353 342 2415 tyres
388 2346 699 2401 adoremus.
732 2342 1073 2399 Honoramus
1120 2359 1331 2405 servos,
1386 2353 1443 2398 ut
1473 2343 1557 2398 vel
1598 2343 1775 2399 honor

209 2448 472 2490 servorum
504 2433 773 2514 redundet
819 2433 886 2487 ad
932 2432 1241 2497 Dominum,
1275 2432 1368 2501 qui
1398 2433 1475 2487 ait
1505 2451 1517 2485 :
1554 2431 1656 2497 Qui
1686 2449 1773 2486 ros

210 2526 431 2596 suscipit,
486 2544 570 2579 me
630 2525 867 2595 suscipit.
907 2545 926 2576 ι
972 2522 1106 2579 Item
1160 2523 1524 2594 Hieronymus
1581 2535 1773 2579 contra

211 2616 443 2673 eumdem
501 2617 849 2689 Vigilantium
881 2634 895 2670 :
928 2635 947 2667 ι
982 2616 1114 2681 Quis
1153 2617 1321 2679 enim,
1346 2632 1382 2669 o
1408 2616 1657 2671 insanum
1684 2632 1774 2670 ca-

210 2719 312 2778 put,
348 2710 641 2780 aliquando
688 2718 956 2780 martyres
1014 2708 1306 2763 adoravit?
1334 2708 1467 2775 Quis
1498 2708 1773 2763 hominem

209 2801 400 2869 putavit
436 2800 652 2855 Deum?
685 2799 877 2855 Nonne
925 2797 1126 2854 Paulus
1166 2807 1222 2853 et
1261 2797 1540 2854 Barnabas
1590 2813 1714 2853 cum
1742 2813 1774 2852 a

211 2889 533 2961 Lyeaonibus
557 2890 768 2962 Jupiter
814 2900 870 2947 et
905 2890 1203 2947 Mercurius
1232 2898 1573 2960 putarentur,
1608 2899 1669 2945 ut
1695 2890 1775 2945 eis

211 2981 395 3038 vellent
430 2983 639 3038 hostias
663 2980 966 3046 immolare,
1004 2980 1285 3036 sciderunt
1309 2981 1630 3035 vestimenta
1653 2995 1773 3045 sua,

214 3081 261 3125 rt
289 3088 345 3129 se
373 3073 622 3128 homines
665 3086 807 3135 esse,
857 3070 1154 3128 dixerunt?
1191 3069 1307 3125 Non
1362 3086 1471 3140 quo
1520 3069 1773 3126 meliores

1876 1896 2117 1952 uoluntas
2140 1895 2262 1961 Dei,
2296 1892 2435 1966 quod
2464 1894 2679 1958 bonum,
2711 1902 2759 1948 et
2783 1892 3163 1964 beneplacitum
3206 1904 3252 1948 et
3281 1894 3456 1964 perfe-

1876 2001 2036 2045 ctum.
2069 1987 2203 2043 Nam
2230 1988 2276 2042 si
2328 1988 2403 2041 ita
2432 1986 2565 2041 viles
2622 1993 2678 2041 et
2711 1985 2978 2055 despecta:
3038 1994 3165 2040 sunt
3215 1985 3458 2054 reliquiae

1875 2088 2174 2152 martyrum
2228 2078 2512 2142 habendae,
2548 2085 2605 2132 ut
2636 2077 2689 2131 in
2754 2075 2902 2130 nullo
2931 2092 2962 2130 a
3013 2074 3366 2130 cadaveribus
3396 2081 3455 2130 et

1874 2170 2087 2228 ossibus
2111 2170 2394 2224 hrutorum
2424 2168 2626 2222 distent
2660 2165 2995 2229 animalium,
3028 2164 3323 2221 Christiani
3355 2165 3459 2219 im-

1872 2273 2176 2335 peratores,
2199 2270 2254 2316 et
2281 2275 2468 2315 omnes
2491 2259 2749 2329 episcopi,
2770 2258 3057 2326 cunctique
3080 2256 3448 2311 Ecclesiarum

1872 2355 2074 2427 populi,
2110 2364 2221 2410 tam
2250 2353 2411 2409 stulte
2455 2361 2512 2408 et
2537 2352 2800 2424 sacrilege
2837 2351 3230 2406 convincentur
3256 2349 3455 2419 egisse,

1873 2454 2133 2517 quantum
2162 2460 2255 2500 eas
2285 2443 2574 2514 aliquando
2602 2457 2724 2497 cum
2750 2440 2940 2511 majori
2970 2440 3265 2494 ambitione
3296 2454 3451 2493 reve-

1875 2537 2209 2607 rentiorique
2238 2534 2501 2605 dignitate
2550 2532 2896 2587 transtulisse
2948 2539 3110 2600 atque
3156 2529 3458 2583 honorasse

1874 2630 2139 2685 videntur.
2175 2629 2313 2683 Hinc
2338 2636 2563 2684 sanctus
2607 2625 2968 2696 Hieronymus
2994 2634 3185 2678 contra
3218 2621 3456 2692 Vigilan-

1877 2721 2050 2776 tium:
2090 2738 2108 2769 ‹
2146 2718 2288 2788 Ergo
2325 2716 2621 2786 sacrilegus
2648 2714 2751 2769 fuit
2792 2713 3178 2770 Constantinus
3224 2713 3457 2781 impera-

1876 2821 1982 2876 tor,
2007 2812 2103 2882 qui
2129 2817 2346 2866 sanctas
2396 2807 2655 2877 reliquias
2706 2804 2955 2869 Andreas,
2981 2804 3161 2869 Lucae,
3190 2811 3245 2858 et
3269 2802 3458 2863 Timog

1842 2925 1845 2928 ν
1877 2902 1987 2956 thei
2024 2898 2305 2955 transtulit
2341 2894 2890 2966 Constantinopolim,
2927 2894 3065 2964 apud
3091 2909 3227 2964 quas
3254 2893 3455 2947 dtemo-

1876 3010 1972 3050 nes
1995 2994 2215 3065 rngiunt
2248 2980 2665 3048 et'habitatores
2709 2987 2983 3059 Vigilantii
3012 2987 3225 3042 illorum
3249 3002 3307 3042 se
3334 3003 3454 3042 sen-

1877 3084 1981 3139 tire
2010 3081 2354 3153 pnesentiam
2399 3069 2728 3135 conﬁtentur
2753 3095 2767 3132 :
2798 3076 3097 3149 sacrilegus
3124 3076 3279 3131 dicen
3304 3077 3383 3130 ius
3404 3085 3460 3130 et

213 3178 304 3218 non
325 3173 506 3220 essent
533 3163 665 3220 olim
682 3164 913 3220 mortuis
937 3161 1418 3227 bominibusJovc
1444 3170 1607 3231 atque
1632 3161 1772 3218 Mer-

1878 3143 2026 3230 nune
2040 3173 2317 3245 Augustus
2340 3169 2627 3234 Arcadius,
2651 3170 2743 3240 qui
2764 3184 2889 3243 ossa
2914 3167 2973 3221 Β.
3001 3143 3271 3221 ἒαηιιιειξς
3296 3167 3457 3237 longo

210 3256 367 3322 curio,
390 3257 484 3313 sed
507 3271 619 3326 quo
658 3255 760 3311 sub
782 3253 1100 3327 gentilitatis
1151 3270 1339 3310 errore
1368 3255 1542 3310 honor
1568 3254 1772 3310 eisdem

214 3348 311 3404 Deo
354 3350 568 3406 debitus
616 3347 943 3413 deferretur,
992 3348 1136 3418 quod
1163 3355 1219 3403 et
1244 3347 1313 3402 de
1340 3346 1502 3401 Petro
1546 3346 1774 3416 legimus

215 3439 301 3507 qui
334 3438 640 3495 Cornelium
689 3454 749 3494 se
800 3439 1029 3494 adorare
1062 3439 1368 3508 cupientem
1404 3452 1563 3490 manu
1595 3436 1776 3491 suble-

214 3530 364 3595 vavit,
390 3539 447 3586 et
470 3530 611 3585 dixit
635 3548 650 3584 :
681 3528 875 3600 Surge,
899 3546 1021 3584 nam
1048 3538 1097 3583 et
1124 3546 1219 3598 ego
1240 3528 1397 3581 homo
1417 3543 1552 3582 sunt.
1591 3548 1607 3580 ι
1639 3526 1773 3581 item

212 3619 360 3673 verba
397 3620 681 3689 epistolae:
718 3638 736 3670 ι
775 3620 934 3678 Certe
959 3620 1005 3675 si
1034 3618 1293 3674 adorandi
1347 3616 1575 3673 fuissent
1600 3618 1775 3673 homi-

216 3721 318 3776 nes,
345 3711 451 3765 vivi
487 3712 667 3782 potius
694 3727 857 3780 quam
900 3712 1097 3767 mortui
1128 3711 1390 3766 adorandi
1434 3725 1554 3765 esse
1582 3708 1779 3764 debue-

213 3809 342 3855 runt.
359 3801 413 3856 Id
429 3810 536 3866 est,
553 3802 644 3856 ubi
666 3802 1075 3858 similitudinem
1100 3801 1194 3856 Dei
1213 3801 1430 3864 habent,
1451 3816 1557 3854 non
1577 3800 1664 3855 ubi
1689 3815 1777 3869 pe-

210 3908 384 3947 corum
405 3892 489 3949 vel
512 3893 656 3964 quod
679 3894 860 3949 verius
881 3900 966 3951 est
988 3892 1225 3963 lapidum
1258 3891 1341 3947 vel
1370 3892 1639 3961 lignorum
1666 3890 1774 3945 vita

205 4000 359 4040 sensu
391 3994 448 4040 et
471 3985 685 4041 ratione
704 3993 1004 4041 carentem.
1033 3985 1076 4040 Ο
1123 3982 1469 4054 profundam,
1506 3982 1775 4047 rabidam,

204 4076 556 4146 insanamque
604 4076 891 4132 stultitiam
942 4083 999 4131 et
1032 4074 1492 4131 dementissimam
1544 4071 1779 4127 ebrieta-

202 4174 303 4223 tem
337 4167 799 4237 vanissimamque
822 4166 1320 4237 praesumptionem,
1347 4180 1573 4235 corpora
1595 4163 1778 4218 beato-

200 4273 313 4312 rum
344 4257 570 4321 Christi,
602 4257 972 4327 apostolorum
1007 4271 1074 4311 ac
1115 4263 1425 4311 sanctorum
1480 4262 1775 4323 martyrum

196 4350 553 4405 cadaveribus
573 4363 856 4418 pecorum,
884 4346 1044 4419 lignis
1071 4347 1444 4417 lapidibusque
1469 4361 1531 4400 ca
1559 4359 1777 4415 mquare

195 4448 250 4493 et
280 4452 602 4506 comparare
630 4452 728 4507 per
780 4452 900 4507 quae
933 4435 1127 4491 divina:
1175 4433 1337 4489 verba
1373 4432 1777 4504 prmdicatiouis

192 4533 351 4601 quasi
374 4547 474 4599 per
501 4546 655 4585 sacra
681 4545 885 4599 organa
933 4527 1133 4583 mundo
1164 4528 1534 4589 intonucruut,
1568 4526 1620 4579 iu
1650 4525 1772 4596 qui-

178 4625 298 4676 .bus
337 4636 511 4691 usque
562 4621 629 4676 ad
656 4620 1098 4691 gloriosissimam
1155 4619 1401 4689 martyrii
1461 4626 1688 4672 mortem
1725 4626 1780 4673 et

197 4713 411 4785 palmas
450 4712 810 4782 triumphales
857 4717 1045 4764 contra
1099 4708 1371 4763 diabolum
1423 4706 1647 4776 ejusque
1686 4723 1779 4776 pa-

199 4816 339 4859 trem
366 4819 466 4873 pro
492 4801 711 4859 Christo
766 4801 895 4857 totis
936 4800 1331 4854 dimicaverunt
1382 4797 1608 4860 viribus,
1637 4795 1780 4850 unde

198 4894 337 4948 viva:
396 4892 591 4948 hostia;
639 4901 695 4947 et
757 4890 1120 4961 placidissima
1181 4885 1778 4957 acccplahilissimaque

200 4984 313 5039 Deo
336 4984 601 5039 sacriﬁcia
626 4998 749 5038 esse
771 4989 1104 5037 meruerunt.
1139 4999 1157 5032 ›
1191 4978 1326 5033 Hinc
1355 4986 1578 5032 sanctus
1599 4974 1780 5045 Augu-

201 5074 380 5131 stinus
406 5074 474 5128 lo
516 5074 654 5129 libro
689 5074 756 5130 de
782 5072 1015 5128 Civitate
1038 5071 1132 5125 Dei
1163 5088 1175 5123 :
1237 5088 1256 5120 ς
1293 5068 1445 5125 Unde
1476 5069 1591 5138 ipse
1617 5067 1780 5121 homo

204 5164 301 5217 Dei
336 5162 556 5217 nomine
581 5170 953 5225 consecratus,
986 5160 1039 5214 in
1069 5167 1329 5229 quantum
1377 5159 1576 5213 mundo
1616 5155 1782 5210 mori-

207 5266 294 5309 tur
322 5264 380 5309 ut
407 5256 519 5310 Deo
553 5258 703 5312 vivat
728 5256 1054 5311 sacriﬁcium
1081 5261 1182 5308 est.
1222 5252 1355 5306 Nam
1382 5261 1434 5306 et
1460 5252 1564 5306 hoc
1584 5251 1651 5304 ad
1681 5248 1782 5303 mi-

202 5346 556 5401 sericordiam
583 5348 823 5417 pertinet
874 5361 1036 5416 quam
1068 5344 1297 5412 quisque
1325 5341 1376 5394 in
1407 5356 1464 5397 se
1500 5340 1674 5409 ipsum
1702 5337 1782 5392 fa-

201 5437 299 5503 cit,
347 5447 634 5509 propterea
680 5437 942 5506 scriptum
988 5444 1110 5490 est:
1166 5433 1414 5487 Miserere
1449 5432 1637 5484 anima:
1679 5438 1784 5484 tute

200 5525 413 5597 placens
438 5526 570 5582 Deo.
601 5527 811 5596 Corpus
838 5525 1002 5580 etiam
1030 5532 1276 5580 nostrum
1330 5538 1453 5577 cum
1480 5529 1786 5589 temperan-

205 5620 280 5673 tia
308 5619 664 5689 castigamus,
702 5618 746 5673 si
777 5619 881 5672 hoc
908 5613 1357 5686 quemadmodum
1380 5611 1638 5666 debemus
1660 5623 1785 5679 pro-

203 5719 321 5774 pter
372 5709 542 5765 Deum
588 5710 839 5773 facimus,
891 5716 943 5761 ut
1003 5722 1110 5762 non
1157 5703 1508 5762 cxhibcamus
1545 5702 1782 5759 membra

1872 3273 1996 3335 post
2018 3272 2258 3332 tempore
2281 3262 2348 3316 de
2381 3260 2565 3316 Iudaea
2597 3259 2875 3317 transtulit
2916 3259 3226 3315 Thraciam.
3256 3256 3458 3313 Omnes

1871 3352 2112 3425 episcopi
2145 3368 2251 3406 non
2284 3351 2457 3406 solum
2500 3350 2746 3418 sacrilegi
2793 3350 2886 3404 sed
2913 3357 2969 3403 et
2995 3348 3128 3403 fatui
3155 3347 3456 3417 iudicandi,

1873 3443 1964 3512 qui
2004 3455 2119 3496 rem
2162 3438 2482 3493 vilissimum
2507 3446 2564 3491 et
2609 3437 2820 3491 cineres
2854 3436 3147 3490 dissolutos
3179 3436 3231 3488 in
3272 3434 3455 3487 serico

1874 3542 1929 3588 et
1952 3546 2082 3586 vase
2109 3543 2275 3584 aureo
2315 3534 2666 3597 portaverant
2692 3542 2706 3591 ;
2741 3525 2892 3579 stulti
2920 3524 3161 3580 omnium
3190 3521 3454 3577 Ecclesia-

1874 3642 1995 3684 rum
2051 3624 2233 3696 populi
2289 3623 2381 3691 qui
2438 3630 2795 3677 occurrerunt
2846 3620 3051 3676 sanctis
3093 3619 3358 3688 reliquiis,
3401 3626 3456 3672 et

1876 3727 2027 3774 tanta
2057 3716 2241 3771 thitiu
2277 3714 2432 3783 quasi
2464 3720 2804 3783 praesentem,
2849 3712 3229 3780 viventemquc
3259 3725 3456 3764 ceruc-

1877 3818 1997 3865 rent
2021 3813 2400 3877 susceperunt,
2443 3811 2501 3858 ut
2535 3804 2602 3856 de
2626 3801 2911 3856 Palwstina
2957 3815 3129 3870 usque
3157 3798 3460 3855 Chalcedo-

1875 3916 1999 3957 nem
2041 3897 2400 3969 jungerenlur
2457 3892 2779 3964 populorum
2816 3891 3089 3956 examina,
3138 3899 3193 3944 et
3224 3890 3276 3944 in
3303 3887 3461 3945 Chri-

1876 3993 1945 4048 sti
1975 3991 2163 4047 laudes
2194 4006 2298 4043 una
2325 4004 2454 4043 voce
2482 3984 2842 4043 resultarent?
2871 3983 3074 4053 Nempe
3103 3998 3338 4052 superna
3366 3997 3457 4035 co-

1876 4084 2101 4138 mitante
2129 4081 2325 4153 gratia,
2358 4080 2648 4148 divinaque
2697 4091 2861 4130 manu
2912 4073 3151 4144 quotidie
3202 4078 3461 4143 cperantc

1876 4172 1930 4228 in
1958 4171 2050 4226 illo
2081 4171 2275 4226 itinere
2313 4170 2724 4239 quibuscunque
2769 4165 2904 4220 locis
2932 4166 3046 4235 ipsa
3077 4172 3262 4217 sancta
3293 4175 3462 4214 onera

1877 4262 2290 4334 dcponebantur
2316 4259 2402 4314 vel
2431 4259 2763 4322 residebant,
2812 4256 2896 4310 vel
2945 4255 3256 4314 manebant,
3302 4252 3459 4321 signa

1878 4365 1933 4410 et
1962 4353 2220 4409 miracula
2244 4352 2546 4408 caelestium
2569 4349 2930 4405 coruscabant
2955 4347 3237 4409 virtutum,
3266 4345 3318 4399 in
3341 4343 3463 4413 qui-

1879 4448 1981 4501 bus
2027 4445 2279 4515 omnibus
2320 4442 2588 4511 posthac
2643 4438 2881 4494 basilicae
2932 4435 3277 4504 oratorisque
3335 4441 3463 4487 sunt

1878 4545 2193 4594 constructa
2233 4550 2352 4603 qua:
2387 4534 2576 4588 eadem
2623 4531 2913 4586 sanitatum
2949 4528 3121 4599 gratia
3156 4542 3325 4595 usque
3359 4526 3460 4580 ho-

1880 4631 1968 4684 die
1988 4625 2192 4698 jugiter
2238 4625 2484 4681 nobilitat
2513 4632 2569 4678 et
2615 4620 3029 4678 decorosissime
3055 4625 3306 4681 exornat,
3330 4617 3458 4687 quin

1879 4721 2042 4775 etiam
2068 4716 2286 4789 plurimi
2314 4716 2671 4771 comitantum
2711 4711 2884 4768 sancti
2908 4722 2963 4766 et
2995 4711 3181 4765 fideles
3205 4708 3308 4763 viri
3340 4706 3458 4777 epi-

1881 4811 2031 4881 scnpi
2051 4819 2106 4865 et
2133 4810 2355 4864 abhates
2405 4806 2697 4876 exterique
2726 4803 2961 4874 religiosi
3014 4801 3254 4856 seniores
3281 4808 3466 4869 postu-

1881 4903 2131 4958 laverant
2168 4898 2466 4971 particulas
2487 4898 2554 4953 de
2578 4896 2781 4953 sanctis
2801 4895 2902 4949 sibi
2929 4893 3092 4948 tribui
3115 4891 3460 4962 corporibus,

1885 5000 1946 5047 ut
1974 4992 2347 5061 unusquisque
2382 4989 2483 5044 sibi
2517 5003 2581 5043 ea
2618 4986 2939 5042 charissima
2964 4984 3463 5057 pretiosissimaque

1884 5083 2110 5155 pignora
2157 5082 2431 5152 accipiens
2487 5080 2644 5152 quasi
2672 5080 2756 5136 sui
2808 5079 3113 5134 mercedem
3143 5076 3307 5132 ofﬁcii
3336 5089 3459 5144 prc-

1889 5175 2128 5244 tiumque
2152 5173 2375 5237 laboris,
2405 5172 2473 5227 ad
2498 5187 2649 5226 suam
2672 5171 2938 5242 privatam
2960 5168 3192 5225 referret
3210 5167 3458 5226 domum;

1888 5266 2033 5337 quod
2059 5273 2114 5318 et
2151 5264 2497 5334 impetratum
2544 5270 2650 5326 est,
2683 5269 2738 5317 et
2787 5261 2867 5314 sic
2910 5258 3166 5329 deinceps
3196 5255 3373 5310 evenit
3403 5260 3462 5303 ut

1889 5365 1958 5419 de
2008 5360 2384 5416 minutissimis
2442 5358 2610 5429 guttis
2667 5357 2912 5425 ingentes
2968 5352 3223 5423 spiritalis
3276 5344 3460 5417 gratia:

1887 5453 2084 5522 fontes,
2114 5452 2459 5522 maximaque
2485 5451 2609 5505 vitae
2639 5454 2925 5504 manerent
2948 5444 3188 5499 flumina.

2190 5581 2338 5639 Unde
2366 5581 2628 5637 Paulinus
2663 5581 2735 5635 ait
2766 5580 2821 5633 in
2849 5575 3081 5630 carmine
3103 5572 3158 5627 9.

1888 5699 2021 5756 Nam
2051 5696 2436 5755 Constantinus
2470 5692 2669 5765 proprii
2698 5690 2821 5745 dum
2855 5684 3110 5742 conderet
3141 5679 3326 5736 urbem
