3838 6144
464 338 567 396 475

464 455 731 519 Nominis,
757 461 811 509 et
834 452 1042 522 primus
1072 447 1313 500 Romano
1343 447 1394 499 iu
1421 444 1644 498 nomine
1666 458 1855 514 regum

463 543 845 604 Christicolam
873 546 1086 612 gereret
1117 536 1355 591 divinum
1389 542 1569 588 mente
1597 535 1802 603 recepit

464 638 781 702 Consilium,
812 641 873 689 ut
898 632 1151 702 quoniam
1185 629 1440 683 Romam:
1464 625 1734 680 mmnibus
1764 623 1939 688 urbis,

466 727 682 785 Emuia
709 722 1008 794 magniﬁcis
1039 726 1275 775 strueret
1297 725 1424 771 tunc
1448 715 1647 770 mteuia
1675 713 1887 783 coeptis.

466 821 561 875 llis
599 833 812 889 quoque
834 814 1153 870 Romuleam
1199 816 1519 882 sequeretur
1559 807 1775 862 dotibus
1803 806 1991 860 urbem
2023 816 2048 854 :—

466 911 538 967 Ut
564 926 659 965 sua
683 905 991 979 apostolicis
1021 903 1256 957 muniret
1286 900 1488 955 moenia
1518 897 1674 952 laetus

464 1005 813 1075 Corporibus,
839 1012 966 1057 tunc
985 1001 1257 1055 Andream
1280 990 1494 1052 devexit
1518 993 1761 1055 Achivis,

466 1096 918 1165 Tin‘mthcumque
956 1092 1081 1146 Asia
1112 1109 1124 1144 :
1160 1088 1389 1160 geminis
1414 1087 1488 1141 ita
1515 1085 1754 1139 turribus
1772 1090 1925 1137 ex‘sta

463 1184 960 1257 Constantinopolis
990 1196 1196 1253 magum
1220 1187 1382 1251 caput
1408 1175 1599 1234 :emula
1626 1175 1829 1229 Romae.

466 1279 660 1335 Verius
682 1279 789 1333 hoc
811 1275 1003 1330 similis
1025 1273 1286 1329 Romanis
1311 1269 1549 1326 culmine
1576 1266 1749 1322 muris

465 1367 619 1437 Quod
645 1368 865 1423 Petrum
889 1364 1223 1433 Paulumque
1251 1361 1368 1431 pari
1398 1361 1537 1415 Deus
1562 1358 1854 1413 ambitione

465 1456 846 1528 Compensavit
874 1455 945 1519 ei,
980 1454 1174 1507 meruit
1205 1452 1329 1522 quia
1356 1462 1573 1506 sumere
1594 1447 1745 1502 Pauli

469 1550 824 1620 Diseipulum,
854 1564 975 1603 cum
1005 1545 1175 1600 fratre
1200 1543 1347 1599 Petri
1371 1540 1484 1612 jam
1530 1549 1734 1612 quanta
1758 1556 1858 1612 per
1885 1541 2045 1594 istam

470 1643 794 1697 Sanctorum
826 1656 923 1709 per
944 1638 1102 1708 longa
1132 1637 1275 1689 viam
1300 1633 1532 1689 divortia
1562 1641 1730 1689 terrae

469 1734 714 1790 Creverit
743 1731 947 1786 utilitas
970 1729 1034 1783 ad
1064 1739 1265 1783 nostrae
1289 1726 1471 1781 munia
1494 1726 1638 1781 vita}.

468 1825 585 1893 ipsa
617 1822 810 1877 docent
831 1819 1097 1887 hodieque
1121 1817 1237 1871 loca
1263 1816 1316 1870 in
1345 1816 1539 1885 quibus
1568 1816 1657 1870 ille
1686 1815 1827 1870 beati

468 1915 654 1971 Rbeda
684 1930 856 1984 capax
883 1912 1066 1968 oneris
1094 1912 1269 1982 posita
1295 1911 1526 1966 statione
1548 1910 1771 1964 reserlit.

469 2007 734 2064 Dmnibus
760 2008 812 2061 in
864 2006 1054 2075 spatiis
1082 2019 1402 2076 quacunque
1461 2012 1554 2057 aut
1584 2002 1795 2058 mansio
1845 2002 2048 2057 sanctis

467 2100 815 2171 Corporibus,
848 2094 1172 2168 reqttiesque
1196 2096 1293 2151 fuit
1319 2096 1662 2150 veetanlibus
1682 2094 1829 2160 illos,

470 2191 730 2245 Sacratos
758 2190 972 2244 cineres
1001 2189 1154 2242 miris
1184 2187 1473 2243 clamantia
1501 2185 1689 2258 signis.

467 2282 606 2337 Nam
631 2282 811 2336 divina
843 2297 1033 2346 manus
1064 2281 1219 2335 medi:
1240 2294 1268 2333 a
1296 2279 1494 2333 virtute
1533 2292 1630 2348 per
1666 2292 1859 2333 omnes

469 2373 569 2427 Est
597 2364 704 2427 iliic
732 2381 953 2441 operata
985 2371 1121 2435 vias,
1154 2386 1259 2440 qua
1283 2386 1511 2440 corpora
1544 2378 1731 2424 sancta

470 2463 802 2535 lmpressere
825 2477 982 2517 sacro
1007 2461 1233 2532 vestigia
1264 2460 1385 2515 viva
1409 2467 1611 2517 meatu.

469 2555 599 2611 lude
629 2556 792 2626 igitur
821 2554 1081 2608 suadente
1108 2551 1210 2607 fide
1238 2552 1362 2605 data
1390 2551 1545 2621 copia
1570 2549 1713 2615 fidis,

475 2645 628 2701 Tunc
650 2645 907 2700 comitum
939 2642 1154 2709 studiis,
1192 2642 1438 2713 quaedam
1471 2650 1531 2695 ut
1560 2640 1662 2696 sibi
1699 2639 1922 2712 pignora
1944 2637 2057 2692 vcl-

1851 2727 1991 2801 [ient

473 2822 699 2881 Ossibus
723 2839 754 2879 e
780 2823 984 2879 sanctis
1007 2823 1204 2878 meruit
1229 2822 1520 2892 decerpere
1564 2819 1797 2875 fructum
1825 2836 1840 2873 :

475 2916 548 2972 Ut
582 2916 737 2988 quasi
764 2916 1066 2971 mercedem
1097 2914 1257 2971 ollicii
1284 2916 1628 2985 pretiumque
1653 2912 1859 2968 laboris

473 3010 728 3065 Puesidia
754 3011 821 3065 ad
853 3009 1060 3078 privata
1085 3009 1301 3063 domum
1324 3007 1426 3062 sibi
1452 3007 1680 3075 quisque
1712 3003 1965 3067 referret,

474 3101 556 3155 Ex
604 3100 717 3165 illo,
744 3099 887 3154 sacri
916 3099 1126 3154 cineres
1152 3098 1307 3169 quasi
1342 3097 1551 3152 sentina
1577 3097 1702 3151 vita:

477 3190 716 3246 Diversis
738 3199 863 3245 sunt
885 3205 1072 3261 sparsa
1096 3188 1251 3253 locis,
1283 3202 1607 3259 «tuacunque
1630 3202 1752 3243 osse
1774 3187 1991 3241 minuto

475 3282 556 3337 De
582 3282 789 3337 modica
822 3282 964 3336 sacri
992 3283 1161 3351 stirpe
1191 3280 1437 3351 corporis
1460 3279 1688 3349 exiguus
1713 3294 1800 3335 ros

472 3372 705 3439 Decidit,
732 3373 975 3444 ingentes
1003 3372 1112 3428 illic
1140 3372 1227 3444 pia
1258 3372 1435 3442 gratia
1468 3370 1646 3426 fontes

471 3466 542 3522 Et
565 3465 756 3521 ﬂuvios
778 3466 902 3521 vitae
928 3466 1213 3538 generavit
1235 3473 1383 3536 gutta
1408 3463 1621 3519 favillae.

545 3560 748 3615 Sancto
781 3559 943 3615 etiam
976 3557 1264 3613 Ambrosio
1297 3555 1681 3613 Mediolaueusi
1708 3554 1962 3626 episcopo
2007 3561 2064 3609 et

472 3654 725 3709 onmibus
765 3652 855 3722 qui
895 3660 1190 3721 praesentes
1218 3650 1445 3704 aderant
1471 3647 1773 3711 catholicis,
1817 3662 1922 3700 non
1953 3654 2062 3699 tam

472 3736 688 3813 publica
716 3739 1026 3802 exsultatio,
1074 3746 1295 3807 tamque
1343 3736 1574 3792 celebris
1626 3735 1766 3791 foret
1815 3734 2063 3806 gloriatio

474 3847 574 3902 pro
594 3829 809 3885 ossibus
831 3831 1015 3891 boum,
1033 3828 1234 3890 ovium,
1256 3827 1555 3890 asinorum,
1572 3838 1884 3897 porcorum,
1904 3832 2066 3880 czete-

476 3933 771 3988 rerumque
801 3917 1114 3972 animalium
1143 3917 1392 3987 repertis,
1424 3925 1687 3986 quantum
1725 3918 1791 3972 de
1817 3917 2065 3987 reliquiis

476 4018 790 4069 sanctorum
814 4008 1058 4064 Gervasii
1084 4016 1140 4064 et
1167 4007 1401 4062 Protasii
1432 4008 1658 4063 Domino
1681 4007 1954 4062 rcvelante
1985 4008 2067 4061 iu-

476 4102 656 4160 ventis
686 4099 975 4164 exstiterit,
1005 4115 1126 4155 cum
1162 4108 1394 4169 utraque
1422 4097 1679 4153 Claudius
1704 4107 1916 4153 asserat
1946 4113 2068 4154 esse

475 4196 724 4269 mqualia.
776 4193 929 4250 Unde
983 4193 1126 4249 idem
1156 4192 1476 4247 Ambrosius
1533 4191 1586 4246 in
1617 4191 1754 4246 libro
1793 4206 1955 4261 quem
1998 4190 2068 4246 de

479 4290 585 4345 hac
619 4301 679 4342 re
708 4283 775 4340 ad
806 4299 958 4339 suam
988 4282 1207 4353 scripsit
1229 4296 1470 4338 sororem
1500 4299 1512 4335 :
1544 4300 1562 4332 ι
1589 4280 1900 4336 invenimus
1916 4285 2069 4335 mila:

476 4374 864 4449 magnitudinis
908 4374 1054 4428 viros
1092 4373 1245 4436 duos,
1298 4381 1358 4427 ut
1402 4371 1584 4443 prisca
1628 4382 1761 4426 actas
1819 4368 2064 4436 ferebat;

475 4483 601 4524 ossa
645 4465 826 4523 omnia
878 4463 1119 4534 integra,
1168 4462 1447 4534 sanguinis
1502 4461 1816 4532 plurimum.
1870 4458 2067 4528 lugens

476 4574 779 4617 concursus
833 4556 1012 4627 populi
1068 4571 1165 4626 per
1210 4562 1383 4609 tot'un
1435 4553 1567 4608 illud
1627 4552 1869 4607 biduum.
1924 4550 2063 4617 Quid

477 4649 646 4706 multa
691 4647 1066 4710 eondivimus,
1118 4645 1325 4716 integra
1371 4644 1439 4698 ad
1488 4642 1732 4698 ordinem
1782 4640 2064 4696 transtuli-

479 4757 624 4805 mus,
649 4753 874 4809 vesperc
901 4734 1016 4805 jam
1057 4737 1402 4792 incumbente
1428 4736 1497 4790 ad
1522 4734 1803 4790 basilicam
1829 4734 2060 4789 Fauste.

480 4834 556 4890 lbi
593 4830 788 4902 vigiliae
814 4838 928 4883 tota
975 4838 1134 4883 nocte
1158 4838 1214 4882 et
1242 4843 1434 4882 manus
1463 4827 1757 4898 impositio.
1801 4825 2064 4897 Sequenli

481 4923 569 4978 die
610 4919 986 4975 transtulimus
1032 4932 1096 4971 ea
1146 4917 1200 4971 in
1252 4916 1533 4972 basilicam
1579 4934 1742 4988 quam
1793 4917 2067 4987 appellant

480 5011 915 5071 Ambrosianum.
959 5011 1096 5064 Dum
1134 5007 1576 5074 trausferremus,
1616 5026 1794 5066 crocus
1844 5018 2068 5065 sanatus

482 5117 587 5164 est.
621 5104 767 5158 Talis
798 5103 927 5159 mihi
956 5102 1023 5157 ad
1064 5101 1319 5173 populum
1361 5099 1464 5157 fuit
1509 5117 1727 5157 sermo:
1774 5102 1909 5158 Cum
1957 5110 2067 5155 tam

482 5198 709 5254 eﬁ‘usam
741 5202 959 5265 tamque
1005 5193 1304 5249 inauditam
1342 5194 1744 5250 considerarem
1770 5202 2070 5248 conventus

482 5287 648 5346 vestri
677 5286 1064 5350 celebritatem,
1092 5293 1150 5340 et
1173 5286 1366 5341 divina:
1396 5286 1585 5354 gratiae
1608 5300 1832 5339 munera
1854 5300 1974 5353 quae
2011 5282 2065 5335 in

482 5380 687 5437 sanctis
710 5376 1035 5448 martyribus
1071 5375 1399 5441 rcfuiserint,
1431 5376 1695 5446 imparem
1728 5390 1836 5437 me,
1869 5374 2066 5435 fateor,

483 5473 610 5527 huic
634 5468 843 5525 muneri
865 5466 1213 5538 iudicabam;
1259 5482 1361 5520 ncc
1392 5465 1510 5519 fieri
1541 5479 1700 5533 posse
1728 5473 1790 5517 ut
1815 5477 2067 5519 sermone

485 5561 842 5627 absolverem,
891 5560 1036 5632 quod
1063 5561 1155 5615 vix
1199 5574 1418 5629 possem
1483 5557 1665 5612 animo
1713 5558 2058 5613 intendere.»

487 5648 631 5702 ldcm
668 5658 790 5718 post
815 5666 1005 5720 pauca.
1045 5668 1064 5701 ‹
1104 5649 1209 5705 Sed
1243 5649 1524 5703 veniamus
1563 5647 1630 5703 ad
1657 5648 1884 5717 reliqua.
1917 5647 2063 5715 Dies,

488 5738 683 5810 inquit,
714 5741 1030 5797 dieicrttctat
1060 5742 1288 5797 verbum.
1311 5742 1448 5797 Ecce
1475 5742 1586 5797 \‘cri
1617 5741 1728 5798 dies
1752 5757 1889 5812 quos
1919 5741 2064 5796 nulla

1778 328 2074 389 DUNGAL]
2114 329 2403 384 RECLUSI

2067 447 2117 505 Α
2143 440 2314 511 caligo
2344 440 2517 494 noctis
2559 438 2873 507 interpolat.
2907 437 3047 494 Ecce
3084 439 3192 493 veri
3221 439 3333 495 dies
3359 439 3489 509 pleni
3528 443 3663 500 inuti.

2054 1642 2055 1645 ‘
2150 1635 2422 1697 martyres
2488 1626 2762 1681 aestimare
2816 1625 3110 1687 debemus;

3576 327 3664 385 £76

2141 531 2226 585 nis
2252 539 2308 585 ct
2336 528 2556 597 fulgoris
2607 528 2820 593 aeterni,
2881 529 2973 597 qui
3029 543 3133 582 nou
3178 528 3525 598 perfunctorie
3569 550 3663 590 ser.

2143 638 2302 676 mone
2339 620 2561 675 verbum
2606 620 2722 685 Dei,
2751 621 2845 674 sed
2880 620 3073 674 intimo
3100 599 3256 675 corde
3289 632 3593 689 eructarunt,
3620 627 3662 680 in

2139 711 2480 766 confessione
2523 718 2859 774 constantes,
2882 709 2937 764 in
2987 710 3242 780 martyrio
3272 721 3659 779 perseverantes.

2143 802 2293 857 Alius
2321 801 2558 871 psalmus
2577 800 2748 856 lectus
2780 808 2867 857 est.
2890 800 3074 859 dicens
3099 817 3113 853 :
3143 798 3269 866 Quis
3292 802 3416 857 sicut
3444 801 3673 859 Dominus

2146 893 2283 947 Deus
2329 902 2505 951 noster
2530 892 2620 963 qui
2666 892 2721 946 in
2747 890 2869 945 altis
2917 890 3138 955 habitat,
3170 900 3217 944 et
3252 891 3462 945 humiiia
3489 895 3665 962 respicit

2140 983 2195 1038 in
2221 982 2348 1038 caelo
2369 992 2420 1037 et
2445 986 2504 1036 in
2525 983 2707 1037 terra?
2735 981 2995 1051 Respexit
3039 995 3171 1036 sane
3197 981 3410 1035 humilia
3436 981 3566 1037 Deus
3589 999 3664 1037 ιιι)⁵

2142 1083 2256 1130 ster
2281 1075 2375 1146 qui
2404 1075 2635 1130 latentes
2664 1074 2765 1129 sub
2809 1072 3032 1142 ignobili
3067 1074 3270 1142 cespite
3298 1072 3539 1143 reliquias
3560 1089 3656 1128 sau-

2142 1175 2355 1223 ctorum
2394 1174 2694 1237 martyrum
2745 1179 2857 1220 suae
2894 1163 3151 1219 Ecclesiae
3191 1163 3463 1229 revelavit;
3489 1172 3540 1219 et
3561 1180 3671 1234 quo-

2144 1273 2263 1311 rnm
2290 1259 2470 1317 anima
2494 1259 2547 1313 in
2579 1258 2735 1322 caelo,
2763 1271 2961 1327 comas
2984 1256 3039 1311 in
3058 1263 3203 1311 terra
3228 1274 3242 1310 :
3267 1256 3474 1310 suscitat
3500 1272 3531 1308 α
3555 1265 3672 1310 terra

2146 1351 2291 1404 hunc
2321 1351 2548 1421 inopem,
2574 1359 2624 1404 et
2664 1350 2730 1403 de
2756 1358 2991 1403 stercore
3016 1349 3163 1403 hunc
3192 1348 3386 1418 erigens
3411 1362 3671 1417 pauperem.

2147 1458 2284 1514 quos
2308 1444 2503 1499 videtis
2537 1451 2595 1497 ut
2625 1460 2720 1499 eos
2756 1458 2879 1498 cum
2917 1442 3251 1513 principibus
3283 1443 3454 1512 populi
3484 1443 3558 1496 sui
3579 1442 3674 1496 eol-

2148 1533 2375 1589 locaret.
2423 1533 2710 1604 Principes
2763 1533 2948 1603 populi
2978 1547 3118 1601 quos
3161 1532 3295 1587 alios
3336 1531 3437 1587 nisi
3494 1540 3676 1587 sanctos

3188 1637 3418 1694 quorum
3474 1623 3574 1694 jam
3625 1622 3673 1676 in

2152 1731 2439 1771 numerum
2478 1715 2571 1770 diu
2598 1722 2729 1770 ante
2772 1713 3005 1785 ignorati
3028 1713 3309 1769 Protasius
3330 1711 3687 1781 Gerrasiusque

2075 1795 2122 1854 B
2151 1804 2483 1867 referuntur,
2510 1803 2601 1873 qui
2631 1803 2879 1858 sterilem.
2897 1802 3231 1874 martyribus
3275 1801 3553 1857 Ecclesiam
3589 1800 3679 1855 Ηεο

2149 1896 2516 1951 diolanensem
2535 1894 2649 1965 jam
2676 1894 3041 1965 plurimorum
3071 1902 3303 1949 mitrem
3346 1892 3558 1948 ﬁliorum
3596 1891 3675 1944 las—

2148 1988 2252 2045 tari
2276 1988 2539 2058 passionis
2562 1987 2792 2057 propria:
2814 1985 3061 2042 fecerunt
3088 1995 3147 2040 et
3172 1983 3340 2039 titulis
3353 1991 3404 2039 et
3430 1981 3677 2050 exemplis.

2151 2079 2262 2135 Nec
2290 2079 2393 2133 hoc
2425 2079 2685 2133 abhorret
2708 2093 2738 2131 a
2768 2093 2898 2133 vero
2917 2095 2939 2137 ς
2977 2076 3105 2131 Dies
3135 2076 3240 2130 diei
3263 2084 3454 2130 eructat
3486 2074 3678 2136 uerbum,

2151 2170 2328 2225 anima
2353 2168 2566 2232 animm,
2598 2168 2706 2222 vita
2761 2168 2909 2233 vitae,
2966 2167 3307 2223 resurrectio
3348 2162 3678 2220 resurrectioni

2150 2269 2199 2316 et
2225 2276 2329 2314 ηοω
2357 2261 2495 2315 nocti
2524 2259 2725 2313 indicat
2754 2259 3049 2313 scientiam.
3104 2258 3233 2314 Hoc
3259 2267 3340 2313 est
3381 2272 3501 2312 caro
3537 2254 3678 2314 cirui,

2153 2367 2390 2422 quorum
2399 2352 2585 2423 passio
2600 2365 2784 2406 veram
2807 2350 2937 2411 ﬁdei
2953 2351 3251 2409 scientiam
3264 2350 3500 2407 omnibus
3517 2346 3685 2402 iudica-

2154 2443 2250 2497 vit.
2275 2444 2436 2506 Bonae
2458 2450 2681 2508 noctes,
2695 2454 2882 2498 noctes
2906 2440 3261 2513 lucidaz,qu:e
3285 2442 3476 2501 habent
3499 2438 3680 2495 stelas:

2157 2529 2306 2587 Sicut
2332 2532 2470 2589 enim
2498 2530 2649 2594 stella
2670 2531 2734 2586 ab
2756 2531 2909 2586 stella
2929 2531 3113 2602 cli/fert
3132 2534 3190 2587 in
3215 2532 3462 2595 claritate,
3476 2531 3544 2583 ita
3563 2538 3606 2583 et
3623 2543 3685 2582 re-

2155 2623 2417 2676 surrectio
2437 2631 2783 2683 mortuorum.
2825 2621 2940 2677 Non
2971 2623 3249 2678 immerito
3290 2631 3462 2677 autem
3487 2618 3686 2690 plerique

2156 2714 2298 2770 hanc
2342 2722 2655 2785 martyrum
2688 2715 3165 2779 resurrectionem,
3194 2713 3475 2785 appellant.
3518 2709 3686 2765 Videbo

2162 2813 2341 2861 tamen
2369 2814 2549 2861 utrum
2576 2806 2700 2871 sibi,
2748 2807 2903 2861 nobis
2933 2814 3085 2862 certe
3118 2814 3386 2877 martyres
3425 2813 3687 2859 resurrexc-

2165 2904 2307 2958 runt.
2344 2897 2707 2968 Cognos'istis,
2734 2897 2845 2953 imo
2869 2896 3087 2952 vidistis
3114 2898 3219 2967 ipsi
3257 2896 3448 2951 multos
3474 2909 3501 2949 ι
3527 2893 3687 2947 daemo—

2164 2987 2269 3044 niis
2294 2998 2576 3061 purgatos,
2603 2999 2660 3045 et
2684 2989 3146 3060 plurimosetiam
3178 2990 3269 3046 ubi
3292 2998 3483 3047 vestem
3512 2990 3686 3042 sanam

2165 3093 2282 3133 rum
2330 3080 2581 3135 manibus
2630 3080 3007 3148 contigerunt,
3041 3079 3137 3135 his
3191 3080 3382 3149 quibus
3429 3071 3697 3131 laborabant

2084 3167 2129 3230 C
2161 3170 2529 3227 debilitatibus
2568 3172 2874 3239 absolutos;
2927 3180 3185 3243 reparata
3232 3171 3427 3227 vetusti
3476 3164 3691 3235 temporis

2162 3263 2444 3329 miracula,
2473 3278 2583 3333 quo
2609 3278 2670 3319 se
2694 3279 2795 3334 per
2826 3256 3132 3327 adventum,
3162 3263 3374 3320 Domini
3404 3261 3521 3319 Jesu
3555 3256 3691 3331 gratia

2162 3355 2328 3410 terris
2359 3354 2530 3425 major
2555 3354 2870 3411 infunderat
2910 3356 3121 3411 umbm
3153 3357 3387 3427 quadam
3431 3359 3689 3409 sanctorum

2163 3464 2449 3519 corporum
2478 3448 2765 3520 plerosque
2791 3457 3009 3504 sanctos
3043 3449 3292 3505 cernitis.
3324 3447 3522 3516 Quanta
3546 3439 3689 3498 oraria

2156 3538 2471 3608 iaciantur!
2515 3540 2727 3607 Quanta
2750 3539 3065 3595 indumenta
3097 3555 3273 3611 super
3292 3536 3530 3607 reliquias
3552 3542 3694 3588 sacra-

2165 3630 2406 3687 tissimus
2459 3637 2515 3685 et
2569 3637 2715 3687 tactu
2765 3630 2885 3699 ipso
2948 3630 3299 3686 medicabilia
3353 3616 3697 3697 reposcemur!

2165 3723 2402 3793 gaudent
2426 3737 2618 3777 omnes
2644 3728 2888 3777 extrema
2943 3720 3091 3776 linea
3140 3721 3470 3792 contingere,
3516 3723 3564 3773 et
3601 3708 3696 3780 quis

2165 3815 2455 3885 contigerit
2503 3814 2685 3870 salvus
2744 3815 2869 3869 erit.
2915 3812 3139 3869 Gratias
3180 3814 3297 3879 tibi,
3338 3809 3545 3868 Domine
3580 3802 3695 3861 ἔδει,

2165 3909 2310 3980 quod
2331 3909 2436 3964 hoc
2463 3913 2709 3977 tempore
2739 3905 2875 3961 tales
2921 3905 3081 3961 nobis
3109 3911 3431 3963 sanctorum,
3449 3904 3697 3969 martyrum

2166 4001 2390 4072 Spiritus
2410 3998 2677 4064 excitasti,
2712 4013 2820 4068 quo
2855 3997 3098 4053 Ecclesia
3131 4006 3222 4053 tua
3252 3994 3493 4070 praesidia
3535 3984 3696 4054 majori

2167 4097 2460 4152 desiderat.
2492 4094 2838 4166 Cognoscant
2867 4108 3063 4149 omnes
3100 4094 3292 4165 quales
3335 4107 3429 4163 ego
3448 4095 3698 4161 propugna-

2168 4198 2318 4244 tores
2350 4188 2650 4257 requiram,
2683 4185 2775 4257 qui
2802 4200 3152 4256 propugnare
3188 4191 3412 4257 possunt
3452 4168 3697 4251 impugnari

2168 4296 2281 4339 non
2301 4279 2534 4339 soleant.
2568 4277 2679 4333 Hos
2726 4290 2826 4348 ego
2852 4274 3118 4347 acquisivi
3175 4278 3297 4343 tibi,
3354 4274 3494 4347 plebs
3533 4273 3697 4325 sancta.

2167 4372 2258 4441 qui
2284 4371 2494 4441 prosint
2514 4368 2790 4435 omnibus,
2815 4376 3050 4424 noceant
3074 4367 3299 4423 nemini.
3342 4363 3489 4420 Tales
3510 4371 3596 4431 ego
3611 4365 3698 4406 am‘

2167 4460 2266 4518 bio.
2305 4461 2637 4528 defensores,
2680 4460 2817 4517 tales
2845 4459 3047 4515 milites
3077 4461 3274 4524 habeo,
3297 4459 3397 4513 hoc
3421 4461 3603 4510 estnon
3620 4458 3698 4498 se

2169 4553 2278 4610 culi
2309 4553 2533 4617 milites,
2575 4552 2669 4610 sed
2699 4551 2897 4607 milites
2923 4549 3147 4605 Christi.
3200 4548 3410 4602 Nullam
3449 4543 3511 4599 de
3542 4535 3697 4593 talibus

2171 4643 2436 4699 invidiam
2463 4644 2659 4707 timeo,
2688 4656 2919 4712 quorum
2942 4654 3053 4709 quo
3084 4637 3316 4707 majora,
3345 4651 3409 4691 eo
3432 4631 3604 4688 tutiora
3628 4635 3699 4692 μετ’

2170 4738 2404 4793 trocinia
2432 4736 2560 4799 sint.
2600 4734 2807 4789 Horum
2856 4733 3018 4788 etiam
3072 4730 3182 4791 illis
3213 4729 3346 4799 ipsis
3382 4723 3468 4796 qui
3496 4715 3697 4775 mibiros

2171 4831 2409 4885 invident
2438 4836 2566 4898 opto
2596 4824 2867 4898 praesidia.
2897 4821 3139 4882 Veniant,
3161 4836 3294 4893 ergo
3317 4827 3372 4873 et
3406 4811 3598 4871 videant
3619 4801 3697 4859 sti-

2167 4929 2390 4992 patores
2431 4933 2616 4983 meos;
2670 4915 2869 4971 talibus
2911 4926 2998 4968 me
3025 4911 3197 4967 armis
3225 4907 3415 4965 ambiri
3442 4916 3536 4958 non
3560 4906 3694 4992 nego:

2170 4982 2244 5067 ili
2268 4994 2325 5065 in
2352 4982 2618 5074 curribus,
2645 5007 2844 5078 inquit,
2892 5015 2939 5061 et
2974 5005 3028 5058 Ιιὶ
3056 5003 3112 5058 in
3139 5004 3307 5072 equis,
3336 5015 3426 5053 nos
3473 4999 3621 5048 autem
3657 4982 3698 5035 in

2170 5104 2378 5159 nomine
2403 5100 2619 5156 Domini
2644 5100 2740 5154 Dei
2767 5099 2935 5153 nostri
2960 5093 3434 5166 magniﬁcabimw.
3463 5084 3608 5139 Erant
3625 5088 3698 5129 ιιι·

2172 5208 2279 5253 tem
2317 5195 2487 5251 clausi
2522 5192 2692 5248 nostri
2722 5191 2887 5256 oculi,
2933 5188 3173 5260 quandiu
3211 5186 3400 5241 obruta
3438 5179 3696 5264 sanctor“th

2172 5303 2400 5358 corpora
2429 5284 2835 5341 delitescebant.
2872 5280 3099 5352 Aperuit
3125 5276 3310 5333 oculos
3336 5279 3536 5358 nostros

2173 5398 2304 5447 nus;
2344 5379 2578 5433 vidimus
2619 5375 2821 5431 auxilia
2850 5351 3047 5443 quibus
3089 5382 3280 5425 sumus
3324 5375 3459 5434 saepe
3493 5351 3694 5447 defenSii

2172 5444 2624 5528 non-videbamus
2646 5468 2780 5533 bzec,
2815 5466 2911 5520 sed
2946 5460 3282 5518 habebamus
3310 5466 3498 5512 tamen.
3517 5444 3698 5540 itali:

2170 5562 2482 5635 pidantibus
2526 5558 2706 5623 nobis,
2738 5531 2897 5627 quasi
2935 5551 3139 5610 dixerit
3179 5545 3468 5606 Dominus:
3504 5531 3698 5635 aspici“

2170 5625 2403 5725 quantos
2429 5650 2583 5706 vobis
2612 5625 2880 5720 Inartyres
2926 5640 3205 5706 dederim;
3236 5639 3307 5694 ita
3336 5625 3569 5725 resera“?

2168 5715 2235 5798 iis
2262 5742 2484 5812 gloriam
2508 5737 2720 5795 Domini
2740 5715 3113 5811 speculamur,
3145 5744 3263 5800 quae
3281 5736 3356 5783 cst
3380 5726 3429 5780 in
3446 5715 3695 5784 martyrum
