3838 6144
176 324 268 379 ιη

1192 314 1319 371 LIB.
1360 310 1734 371 ADVERSUS
1767 308 2131 372 CLAUDIU‘H
2168 317 2451 375 TAI'JRIN.

3342 320 3446 378 £78

177 433 419 506 passione
461 431 741 501 pratterita
788 435 844 485 et.
893 427 1213 498 operatione
1267 440 1529 495 praesens.
1579 425 1769 480 Evasi-
1794 429 1843 489 Α
1871 428 1938 483 de
1966 429 2079 497 ipsa
2126 431 2524 485 resurrectione
2562 431 2696 486 satis
2734 432 3015 487 evidenter
3053 433 3366 503 loqueretur
3392 445 3450 492 et

178 538 308 585 mus,
363 522 592 585 fratres,
639 534 747 573 nou
800 518 1131 572 mediocrem
1182 515 1405 585 pudoris
1467 514 1763 570 sarcinam-

179 617 435 671 Patronus
477 612 838 676 habebamus,
895 618 952 665 et
999 609 1408 674 nesciebamus;
1463 607 1769 663 invenimus

180 726 337 767 unum
350 711 458 764 hoc
478 722 587 778 quo
601 706 885 762 videamur
903 713 1166 776 prmstare
1186 702 1484 773 majoribus
1506 720 1520 756 :
1543 710 1767 757 sancto«

182 821 292 860 rum
332 815 644 873 martyrum
710 798 1077 870 cognitionem
1117 814 1279 868 quam
1325 796 1402 851 illi
1442 796 1764 860 amiserunt,

182 910 275 952 nos
311 894 495 964 adepti
530 907 739 948 sumus.
773 892 1054 946 Eruantur
1078 889 1289 944 nobiles
1311 886 1553 958 reliquiae
1580 887 1648 941 de
1681 902 1767 942 se-

183 986 359 1058 pulcro
377 983 627 1057 ignobiii‘,
650 981 1016 1038 ostenduntur
1045 980 1187 1037 coelo
1217 989 1419 1050 tmpma
1445 997 1460 1033 :
1492 977 1766 1049 Sanguine

184 1076 411 1133 tumulus
437 1075 645 1138 madet,
685 1080 950 1144 apparent
983 1071 1195 1127 cruoris
1223 1068 1576 1139 triumphales
1601 1074 1765 1134 notas,

185 1168 445 1224 inviolate
502 1165 749 1234 reliquias
800 1165 920 1219 loco
980 1178 1081 1219 suo
1135 1172 1190 1217 et
1265 1161 1458 1217 ordine
1517 1165 1765 1230 repertae,

185 1260 421 1315 avulsum
481 1257 720 1312 viventis
782 1264 964 1325 caput.
1019 1253 1339 1308 Perdiderat
1393 1251 1588 1307 civitas
1638 1263 1769 1304 suos

187 1358 447 1423 martyres
484 1363 606 1418 qua:
630 1346 814 1417 rapuit
843 1344 1072 1399 alienos.
1112 1344 1181 1399 Et
1224 1343 1272 1398 si
1298 1342 1401 1397 hoc
1432 1341 1524 1395 Dei
1572 1355 1771 1395 munus

183 1452 279 1509 est,
308 1453 495 1498 tamen
522 1438 754 1510 gratiam
777 1451 938 1506 quam
974 1434 1309 1505 temporibus
1340 1431 1633 1487 sacerdotii
1658 1429 1766 1484 mei

186 1533 436 1589 Dominus
480 1529 642 1586 Iesus
682 1527 892 1592 tribuit,
930 1539 1133 1596 negare
1178 1539 1284 1578 non
1329 1538 1584 1593 possunt;
1639 1519 1768 1590 quia

186 1624 289 1693 ipse
332 1629 553 1691 martyr
579 1631 701 1673 esse
736 1632 846 1672 non
893 1630 1130 1680 mereor,
1158 1614 1260 1668 hes
1299 1613 1456 1666 vobis
1501 1618 1769 1681 martyres

186 1713 465 1784 acquisivi.
498 1710 808 1767 Succedunt
840 1706 1078 1762 victimas
1108 1704 1467 1774 triumphales
1505 1703 1559 1758 in
1589 1703 1767 1757 locum

1872 521 2073 576 diceret
2103 538 2118 576 :
2163 520 2303 576 Caro
2330 533 2378 576 et
2420 522 2635 592 sanguis
2667 539 2882 593 regnum
2924 525 3021 578 Des
3048 524 3314 594 possidere
3340 542 3453 581 non

1868 622 2105 684 possunt,
2154 630 2317 685 neque
2344 616 2610 685 corruptio
2652 615 3096 683 incorruptionem
3142 616 3457 686 possidebit.

1868 703 2206 760 Noveramus
2225 720 2356 776 ergo
2385 705 2661 761 Christum
2684 707 2985 763 secundum
3012 723 3255 770 carnem.
3270 709 3323 763 id
3342 718 3450 776 est,

1868 796 2165 851 secundum
2211 796 2393 852 carnis
2434 797 2824 852 mortalitatem
2862 805 3153 867 antequam
3205 813 3454 868 resurge-

1869 896 1956 942 ret
1982 901 2005 942 :
2046 888 2144 944 sed
2191 904 2341 944 nunc
2382 888 2498 958 jam
2541 905 2649 944 non
2678 891 2946 953 novimus,
2980 892 3108 961 quia
3152 892 3295 947 sicut
3322 893 3456 948 dicit

1868 977 2013 1033 idem
2052 978 2382 1047 Apostolus:
2429 978 2667 1034 Christus
2712 996 2987 1051 resurgens
3018 999 3055 1035 α
3082 982 3301 1036 mortuis
3332 982 3454 1051 jam

1868 1084 1973 1122 non
2000 1070 2247 1135 "teritur,
2278 1078 2327 1122 et
2352 1085 2494 1123 mors
2525 1069 2574 1123 ei
2596 1068 2735 1123 ultra
2762 1087 2869 1125 non
2889 1071 3270 1127 dominabitur.
3311 1071 3448 1127 Nam

1869 1159 1915 1214 si
1942 1160 2016 1213 ita
2044 1158 2359 1228 Apostolus,
2396 1161 2557 1216 sicuti
2594 1161 2645 1214 ei
2684 1161 2787 1215 iste
2834 1160 3112 1230 talsUicus
3157 1161 3455 1217 calumnia-

1868 1259 1960 1304 tur
1987 1249 2150 1315 male,
2183 1250 2329 1305 sicut
2373 1250 2551 1306 solent
2594 1251 2860 1317 haeretici,
2884 1250 3007 1319 ejus
3050 1253 3457 1323 in'erpretando

1869 1358 2197 1408 sermonem,
2233 1344 2364 1399 nihil
2407 1344 2687 1415 dignitatis
2722 1343 2959 1411 alicujus
2981 1360 3050 1400 re-
3068 1346 3287 1403 virtutis
3326 1362 3453 1403 esse

1870 1435 1924 1490 in
1949 1451 2113 1491 cruce
2138 1434 2341 1490 Christi
2369 1436 2684 1501 arbitratur,
2722 1436 2830 1490 nisi
2861 1436 3245 1491 tantummodo
3261 1453 3458 1506 αξιοι-θ.

1869 1525 2050 1581 brium
2089 1526 2362 1594 passionis
2400 1534 2456 1580 et
2500 1527 2810 1582 irrisionem
2846 1528 3072 1594 mortis;
3101 1536 3160 1583 et
3185 1529 3231 1582 si
3257 1530 3326 1583 ob
3352 1530 3461 1584 hoc

1869 1633 1978 1674 non
2005 1618 2120 1671 vult
2145 1632 2264 1674 eam
2302 1633 2333 1672 a
2379 1618 2630 1688 quopiam
2671 1619 2928 1674 honorari
2962 1621 3046 1675 vel
3092 1620 3258 1675 etiam
3301 1621 3460 1687 sciri,

1871 1716 1967 1763 aut
1993 1709 2305 1771 memorari,
2333 1723 2432 1763 cur
2458 1724 2489 1763 e
2535 1709 2752 1763 diverso
2788 1708 2842 1762 in
2890 1710 2999 1764 alio
3027 1711 3104 1765 ait
3131 1710 3289 1766 loco:
3322 1710 3459 1764 Mihi

184 1804 264 1859 ubi
291 1803 552 1858 Christus
577 1807 662 1855 est
681 1798 882 1854 hostia.
919 1796 1026 1851 Sed
1051 1795 1141 1850 ille
1166 1810 1331 1865 super
1352 1793 1523 1848 altare
1556 1792 1647 1862 qui
1670 1807 1769 1861 [πο
1797 1792 1844 1853 Β
1872 1810 2049 1855 autem
2071 1800 2204 1855 absit
2230 1800 2452 1871 gloriari
2478 1800 2581 1854 nisi
2609 1801 2663 1856 in
2692 1817 2844 1855 cruce
2890 1799 3103 1854 Domini
3129 1803 3295 1856 nostri
3325 1801 3460 1858 Iesu

182 1896 427 1951 omnibus
442 1908 643 1965 passus
670 1899 759 1948 est
781 1909 793 1945 :
817 1890 909 1946 isti
937 1890 1041 1945 sub
1067 1888 1230 1946 altari
1256 1887 1349 1957 qui
1385 1886 1527 1941 illius
1555 1884 1769 1940 redem-

184 1988 251 2058 pti
272 1996 399 2042 sunt
423 1986 699 2056 passione.
740 1982 897 2038 Hunc
919 1997 1020 2053 ego
1043 1981 1223 2036 locum
1251 1978 1770 2050 prrcdestinaveram

184 2081 328 2135 mihi.
373 2078 611 2149 Dignum
638 2084 724 2131 est
749 2075 894 2130 enim
926 2082 988 2129 ut
1028 2074 1101 2129 ibi
1139 2073 1450 2142 requiescat
1484 2070 1765 2135 sacerdos,

186 2173 269 2227 ubi
289 2170 495 2228 oﬂ'erre
532 2168 845 2234 crmsucvit;
890 2167 985 2223 sed
1016 2168 1150 2223 cedo
1178 2165 1353 2221 sacris
1381 2163 1617 2219 victimis
1642 2162 1772 2217 dex-

188 2275 349 2319 teram
373 2262 704 2333 portionem.
734 2260 912 2316 Locus
937 2260 1041 2315 iste
1077 2258 1414 2330 martyribus
1445 2255 1766 2313 debebatur.

190 2353 493 2408 Condamus
515 2365 646 2421 ergo
673 2349 933 2419 reliquias
980 2356 1363 2404 sacrosanctos
1400 2350 1456 2401 et
1483 2345 1659 2416 dignis
1687 2359 1773 2400 se-

195 2444 342 2500 dibus
361 2443 705 2508 invebamus,
732 2450 1018 2512 totumque
1046 2442 1188 2497 diem
1216 2441 1322 2495 lida
1352 2438 1640 2494 devotione
1677 2451 1771 2493 ce-

194 2534 477 2591 lebremus.
517 2554 538 2587 ι
584 2533 664 2589 De
696 2535 800 2590 hac
848 2534 1014 2589 etiam
1061 2549 1122 2588 re
1191 2532 1244 2587 in
1289 2528 1772 2586 Mediolanensium

199 2630 320 2685 urbe
352 2636 505 2702 gesta
532 2634 756 2684 sanctus
800 2625 1135 2696 Augustinus
1182 2620 1578 2680 commemorat
1610 2622 1665 2675 in
1707 2619 1775 2675 ii-

199 2717 407 2775 bronu
435 2716 505 2774 de
517 2718 756 2775 Civitate
768 2718 888 2773 Dei.
914 2736 934 2769 ε
958 2716 1276 2771 Miraculum
1307 2715 1452 2784 quod
1484 2712 1773 2769 Mediolani

203 2807 386 2865 factum
413 2817 522 2875 est,
573 2823 697 2863 cum
731 2808 844 2863 illic
876 2822 1137 2869 essemus,
1182 2806 1398 2876 quando
1442 2805 1774 2860 illuminatus

202 2906 274 2953 est
298 2912 497 2962 caecus,
529 2896 597 2952 ad
636 2896 929 2952 multorum
959 2895 1208 2950 notitiam
1253 2895 1428 2963 potuit
1454 2894 1768 2965 pervenire;

200 2990 310 3060 quia
333 2999 389 3047 et
416 2989 742 3062 grandisest
767 2989 959 3044 civitas
978 2996 1034 3042 et
1060 2986 1132 3041 ibi
1155 2995 1275 3041 erat
1299 2994 1429 3041 tunc
1455 2987 1771 3055 imperator,

198 3090 250 3136 et
277 3083 542 3136 immenso
581 3079 782 3151 populo
808 3086 950 3134 teste
980 3093 1069 3133 res
1096 3084 1246 3148 gesta
1278 3086 1382 3142 est,
1414 3086 1774 3132 concurrente

196 3265 420 3321 laterent
457 3273 517 3320 et
554 3266 772 3336 penitus
795 3262 1162 3326 nescirentur,
1209 3261 1461 3331 episcopo
1485 3259 1775 3314 Ambrosio

195 3371 288 3426 per
310 3354 587 3412 somnium
629 3354 867 3409 revelata
907 3360 1122 3422 reperta
1166 3360 1312 3406 sunt.
1346 3351 1445 3406 Ubi
1475 3365 1651 3405 aecus
1684 3349 1774 3405 ille

196 3448 426 3518 depulsis
452 3445 734 3503 veteribus
762 3444 1003 3499 tenebris
1044 3444 1187 3498 diem
1217 3442 1371 3496 vidit.
1405 3461 1424 3494 ι
1469 3441 1601 3495 lten
1632 3440 1777 3509 ejus-

198 3541 311 3597 dem
336 3537 583 3594 secunda
620 3535 920 3607 propositio
949 3536 1015 3590 de
1042 3548 1207 3589 cruce
1234 3531 1469 3594 Domini,
1499 3530 1659 3600 cujus
1683 3545 1774 3584 ve-

198 3639 474 3684 neratores
516 3626 666 3682 falsas
698 3624 977 3695 religionis
1019 3632 1183 3694 atque
1226 3621 1631 3692 superstitionis
1666 3620 1779 3676 cul-

198 3730 337 3774 tores
375 3718 677 3787 exprobrat
697 3715 845 3771 olido
868 3727 1198 3789 ctenosoque
1229 3720 1448 3789 ructans
1472 3711 1622 3765 hiatu
1654 3725 1778 3781 gar-

200 3811 449 3879 riensque
506 3808 582 3863 nil
646 3814 850 3862 sanch
895 3788 1073 3862 cruci“
1095 3802 1381 3875 cujuslibet
1428 3789 1650 3857 honoris
1693 3802 1777 3858 vel

197 3896 477 3972 dignitatis
518 3900 697 3953 inesse
735 3897 840 3953 nisi
870 3892 1243 3952 tantummodo
1277 3895 1624 3965 opprobrium
1657 3910 1779 3964 pas-

196 3994 363 4048 sionis
392 3999 446 4047 et
479 3990 787 4045 irrisionem
814 3989 1025 4044 mortis.
1058 3988 1126 4042 Et
1154 3987 1309 4057 quasi
1336 3986 1402 4041 ad
1428 3988 1530 4041 hoc
1558 3987 1779 4040 ﬁrman-

198 4086 319 4140 dum
348 4082 584 4137 assumit
616 4080 923 4150 exemplum
949 4079 1017 4133 de
1060 4077 1359 4148 Apostolo:
1393 4077 1459 4130 Et
1485 4078 1531 4131 si
1562 4092 1780 4130 novera-

197 4192 309 4229 mus
338 4172 627 4229 secundum
656 4187 867 4225 carnem
892 4168 1182 4233 Christum,
1214 4169 1306 4223 sed
1344 4168 1464 4237 jam
1505 4183 1643 4220 nunc
1672 4183 1778 4221 non

200 4267 464 4330 nouimus,
512 4264 807 4333 incongrue
852 4270 1002 4315 certe
1047 4267 1103 4314 et
1147 4260 1593 4314 inconvenienter
1634 4257 1780 4313 velut

200 4356 288 4410 ille
308 4354 406 4425 qui
444 4369 551 4409 non
580 4353 827 4423 intelligit
848 4353 1079 4407 abutens
1113 4350 1421 4420 Scriptura,
1451 4348 1537 4404 vel
1557 4350 1602 4404 si
1631 4349 1781 4403 intel-

200 4447 339 4516 ligit,
381 4446 448 4501 de
496 4445 759 4500 industria
790 4443 922 4498 velit
960 4457 1083 4497 eam
1122 4440 1440 4512 depravare.
1490 4442 1780 4513 Apostolus

200 4538 424 4609 quippe,
448 4544 508 4590 ut
538 4535 614 4590 ait
642 4536 974 4606 Augustinus
998 4534 1054 4589 in
1100 4534 1239 4589 libro
1264 4542 1455 4589 contra
1496 4535 1777 4599 Faustum,

198 4643 301 4683 suo
330 4641 484 4683 more
512 4627 675 4681 vitam
705 4634 944 4681 nostram
989 4624 1225 4679 futuram
1255 4640 1376 4695 qua:
1409 4623 1523 4693 jam
1566 4626 1620 4680 in
1665 4626 1781 4696 ipso

198 4717 424 4774 homine
455 4715 749 4770 mediatore
776 4714 996 4771 Christo
1031 4715 1159 4771 Jcsu
1184 4716 1365 4785 capite
1384 4725 1571 4771 nostro
1600 4731 1783 4771 resur-

198 4815 368 4876 gente
395 4806 662 4875 completa
682 4813 789 4870 est,
816 4806 891 4860 ita
913 4819 1009 4876 spe
1034 4813 1182 4860 certa
1207 4805 1498 4860 meditatur
1521 4812 1781 4875 tanquam

194 4898 318 4968 jam
344 4898 417 4952 sit
437 4911 675 4967 praesens
696 4913 819 4968 qua:
852 4905 1132 4962 teneatur;
1177 4911 1298 4967 qua:
1324 4895 1510 4964 utique
1537 4895 1645 4950 vita
1673 4910 1782 4951 non

201 4988 319 5042 erit
344 4989 636 5044 secundum
678 5003 921 5054 carnem,
950 4989 1094 5044 sicut
1135 4986 1247 5056 jam
1292 4987 1495 5042 Christi
1533 4986 1642 5041 vita
1675 5002 1782 5040 non

200 5087 296 5135 est
318 5080 610 5135 semiudum
631 5094 882 5146 carnem;
909 5093 1128 5135 carnem
1146 5091 1385 5146 namque
1403 5078 1507 5132 hoc
1531 5076 1649 5131 loco
1673 5092 1780 5131 non

200 5172 388 5244 ipsum
426 5172 671 5243 corporis
715 5172 888 5228 nostri
935 5171 1292 5226 substantiam
1331 5184 1493 5238 quam
1525 5168 1784 5222 Dominus

197 5261 378 5319 etiam
426 5270 549 5334 post
588 5263 1040 5318 resurrectionem
1095 5275 1249 5316 suam
1294 5274 1511 5315 carnem
1554 5258 1788 5328 appellat

200 5353 400 5410 dicens
426 5372 440 5410 :
473 5353 697 5426 Palpate
742 5365 790 5410 et
836 5356 1003 5410 ridete
1028 5355 1156 5425 quia
1186 5353 1404 5424 spiritus
1434 5368 1553 5405 ossa
1589 5361 1637 5405 et
1668 5368 1785 5404 car-

198 5459 329 5498 nem
357 5460 465 5498 non
491 5446 665 5511 habet,
695 5447 829 5499 sicut
859 5461 940 5499 me
968 5446 1152 5500 ridetis
1192 5444 1382 5497 habere
1408 5458 1427 5497 :
1458 5443 1553 5497 sed
1597 5458 1785 5497 corru-

196 5534 447 5605 ptionem
491 5536 990 5607 mortalitatemque
1035 5535 1216 5590 carnis
1243 5533 1358 5588 vult
1401 5533 1625 5604 intelligi
1664 5548 1786 5604 quze

200 5637 339 5680 tunc
362 5641 469 5680 non
500 5626 605 5680 crit
628 5627 679 5681 in
704 5627 857 5682 nobis
893 5628 1033 5682 sicut
1066 5624 1180 5694 jam
1218 5626 1273 5680 in
1298 5608 1515 5680 Christo
1543 5640 1648 5678 non
1679 5632 1780 5679 est.

202 5713 360 5770 lianc
391 5714 537 5771 enim
575 5717 788 5786 proprie
823 5730 1042 5770 carnem
1078 5713 1412 5779 nominabat,
1459 5714 1622 5769 etiam
1657 5729 1778 5770 cunt

1871 1892 2069 1949 Christi
2111 1910 2206 1965 per
2228 1910 2382 1965 quem
2416 1893 2545 1947 mihi
2588 1892 2816 1947 mundus
2844 1894 3133 1962 cruciﬁxus
3171 1903 3248 1948 est
3288 1903 3337 1947 et
3361 1909 3456 1963 ego

1870 1989 2088 2042 munde.
2121 1987 2519 2058 Hieronymus:
2550 2003 2569 2037 ι
2614 1984 2774 2040 Solus
2798 1991 2978 2054 potest
3024 1983 3077 2037 in
3111 1998 3274 2039 cruce
3300 1983 3461 2039 Chri.

1871 2080 1939 2134 sti
1969 2078 2189 2150 gloriari
2215 2079 2309 2148 qui
2338 2077 2478 2131 tollit
2524 2091 2642 2130 eam
2693 2082 2751 2130 et
2794 2074 3040 2145 sequitur
3078 2073 3454 2140 Salvatorem;

1871 2169 1963 2239 qui
2003 2168 2272 2223 cruciﬁxit
2315 2181 2537 2222 carnem
2580 2181 2735 2220 suam
2782 2181 2906 2220 cum
2954 2165 3106 2219 vitiis
3148 2173 3204 2220 et
3256 2181 3457 2221 concu—

1869 2258 2176 2329 piscentiis;
2207 2257 2299 2327 qui
2330 2264 2578 2311 mortuus
2618 2262 2703 2311 est
2745 2256 2947 2310 mundo
2982 2261 3038 2310 et
3075 2269 3182 2309 non
3208 2264 3456 2311 contem—

1871 2348 2051 2421 platur
2074 2366 2137 2406 ea
2163 2364 2285 2419 quas
2315 2348 2591 2413 videntur,
2634 2348 2729 2403 sed
2774 2362 2896 2419 qua!
2933 2363 3040 2403 non
3066 2348 3340 2414 videntur,
3380 2349 3462 2403 vi-

1872 2441 2006 2497 dens
2035 2440 2296 2497 mundum
2339 2438 2662 2495 cruciﬁxum
2709 2446 2765 2494 et
2813 2446 3186 2494 transeuntem
3233 2439 3460 2511 ligurum

1871 2530 2019 2600 ejus;
2060 2531 2150 2586 cui
2189 2531 2424 2586 mundus
2461 2540 2712 2585 mortuus
2750 2540 2835 2585 est
2860 2531 3116 2600 venitque
3160 2530 3211 2585 ei
3263 2529 3450 2585 ntundi

1870 2621 2268 2677 consummatio
2296 2628 2354 2676 et
2381 2620 2577 2691 dignus
2613 2620 2839 2675 etractus
2863 2635 3002 2675 novo
3044 2619 3182 2676 caelo
3217 2628 3272 2674 et
3314 2636 3457 2676 nova

1874 2721 2020 2767 terra
2060 2720 2117 2766 et
2145 2710 2295 2767 Novo
2331 2712 2701 2776 Testamento,
2736 2711 2886 2765 canit
2911 2712 3187 2766 canticum
3234 2726 3457 2778 novum,

1872 2816 1925 2863 et
1965 2807 2164 2877 accipit
2193 2820 2389 2861 nomen
2436 2821 2635 2860 novum
2685 2806 2949 2875 scriptum
2979 2805 3035 2860 in
3077 2805 3285 2861 calculo
3315 2807 3459 2877 quo]

1874 2913 2035 2954 nemo
2080 2896 2231 2952 novit
2259 2896 2361 2951 nisi
2410 2897 2502 2966 qui
2549 2896 2838 2966 acceperit.
2893 2894 3187 2950 Sciendum
3233 2904 3316 2951 est
3363 2913 3461 2951 au-

1874 3000 1985 3046 tem
2032 2990 2173 3060 quod
2215 2990 2394 3045 omnis
2438 2988 2689 3059 gloriatio
2728 2988 2970 3058 Apostoli
3011 2989 3066 3043 in
3097 3004 3260 3045 cruce
3297 2990 3368 3045 sit
3403 2998 3462 3045 et

231 3090 250 3135 t
277 3083 542 3136 immenso
581 3080 782 3151 populo
808 3086 950 3134 teste
980 3093 1069 3133 res
1096 3084 1246 3148 gesta
1278 3086 1382 3142 est,
1414 3086 1774 3132 concurrente
1828 3141 1844 3162 ε
1876 3080 2137 3153 quidquid
2164 3080 2385 3153 dignum
2430 3082 2484 3136 in
2509 3081 2806 3137 virtutibus
2837 3090 3183 3153 perpetratur
3210 3083 3314 3139 hoc
3345 3082 3461 3138 ﬁeri

230 3176 261 3231 d
279 3190 507 3231 corpora
532 3182 834 3231 martyrum
862 3171 1094 3226 Protasii
1121 3178 1178 3226 et
1198 3170 1472 3231 Cet-vasii;
1504 3185 1624 3231 qum
1649 3185 1771 3225 cum
1800 3140 1845 3203 (⁸
1876 3175 1946 3230 ob
1970 3173 2186 3229 Domini
2209 3173 2539 3231 passionem.
2575 3193 2595 3226 ι
2623 3173 2805 3228 Noluit
2829 3174 2973 3229 enim
3002 3173 3264 3229 Dominus
3309 3191 3461 3231 suam

198 3176 261 3231 ad
279 3190 507 3247 corpora
532 3182 834 3245 martyrum
862 3171 1094 3226 Protasii
1121 3178 1178 3226 et
1198 3170 1472 3236 Gervasii;
1504 3185 1624 3239 qua:
1649 3185 1771 3225 cum

1876 3175 1946 3230 ob
1970 3173 2186 3229 Domini
2209 3173 2539 3244 passionem.
2575 3193 2595 3226 ι
2623 3173 2805 3228 Noluit
2829 3174 2973 3229 enim
3002 3173 3264 3229 Dominus
3309 3191 3463 3231 suam

1877 3278 2095 3319 crucem
2123 3264 2206 3318 vel
2253 3265 2624 3342 passionemm
2671 3265 2784 3321 suis
2827 3264 3024 3320 nesciri
3072 3274 3167 3320 aut
3198 3264 3461 3321 abscondi

1879 3355 2127 3409 ﬁdelibus
2169 3356 2322 3423 quasi
2369 3366 2590 3423 propter
2618 3354 2997 3409 contumeliam
3028 3363 3084 3409 et
3113 3356 3461 3426 ignominiam

1876 3462 1989 3502 suat
2014 3447 2206 3501 mortis
2230 3461 2349 3500 eam
2389 3445 2548 3499 vellet
2567 3460 2689 3500 esse
2709 3444 2957 3499 relatam.
2991 3444 3128 3498 Nam
3150 3446 3194 3500 si
3220 3446 3294 3499 ita
3321 3445 3465 3500 foret

1876 3543 2271 3605 consequenter
2309 3534 2473 3589 etiam
2524 3533 2607 3588 sui
2655 3532 2903 3601 discipuli
2955 3536 3059 3602 pro
3092 3547 3158 3587 eo
3218 3532 3331 3603 pati
3374 3532 3462 3587 vel

1878 3628 2014 3682 mori
2037 3628 2443 3690 erubescerent,
2472 3625 2567 3680 sed
2597 3624 2770 3696 magis
2791 3639 2822 3678 e
2841 3623 3116 3679 contrario
3141 3639 3293 3678 suam
3319 3639 3458 3694 quo-

1876 3718 2010 3773 tidie
2046 3718 2099 3772 in
2130 3716 2370 3771 Ecclesia
2402 3715 2710 3785 passionem
2753 3714 3169 3770 commemorari
3212 3722 3269 3770 et
3319 3715 3461 3770 cele-

1876 3810 2027 3865 brari
2062 3809 2338 3880 praecepit.
2376 3808 2528 3864 Unde
2568 3807 2860 3878 Apostolus
2902 3807 3018 3861 ait:
3062 3807 3179 3878 Ego
3200 3808 3338 3862 enim
3368 3823 3461 3862 ac-

1864 3901 2048 3972 ‘cep‘ip
2079 3901 2307 3955 Domino
2340 3900 2480 3971 quod
2502 3909 2550 3954 et
2582 3900 2780 3954 tradidi
2806 3899 2967 3965 vobis,
2994 3901 3245 3971 quoniam
3279 3900 3464 3955 Domi—

1877 4010 1977 4048 nus
2001 3991 2159 4045 Iesus
2186 3991 2242 4045 in
2270 4007 2374 4062 qua
2402 4002 2547 4045 nocte
2578 3992 2907 4057 tradebatur,
2950 3992 3147 4062 accepit
3184 4008 3372 4062 panem
3412 4000 3462 4046 et

1876 4085 2076 4155 gratias
2107 4100 2265 4154 agens
2293 4083 2449 4153 {regit
2475 4093 2523 4136 et
2562 4084 2741 4137 dixit:
2767 4082 2882 4137 lloc
2921 4093 2996 4138 est
3040 4099 3228 4153 corpus
3265 4100 3463 4149 meum,

1876 4178 2016 4248 quod
2043 4192 2137 4247 pro
2164 4175 2306 4230 vobis
2345 4175 2744 4241 tradetur;'hoc
2767 4175 2925 4244 facile
2948 4175 3003 4229 in
3033 4191 3201 4228 meum
3233 4190 3462 4228 comme—

1878 4268 2241 4331 morationem.
2298 4264 2549 4321 Similiter
2596 4275 2647 4319 et
2674 4264 2887 4319 calicem
2918 4272 3190 4333 postquam
3219 4263 3463 4329 eleuarit,

1878 4359 2058 4413 dicens
2085 4370 2103 4408 :
2137 4356 2237 4410 Hic
2260 4355 2401 4410 calix
2422 4371 2607 4409 norum
2631 4361 2996 4407 testamentum
3019 4362 3093 4405 est
3123 4352 3178 4405 in
3199 4368 3312 4406 meo
3340 4370 3466 4406 san-

1883 4452 2073 4520 guine;
2100 4450 2196 4502 hoc
2226 4448 2385 4517 facite
2410 4448 2814 4519 quotiescunque
2844 4444 3016 4498 bibitis
3045 4445 3101 4498 in
3124 4462 3291 4499 meum
3322 4463 3463 4499 cont-

1883 4539 2312 4594 memorationem
2354 4551 2374 4591 :
2428 4538 2837 4609 quotiescunque
2894 4536 3033 4589 enim
3077 4536 3465 4590 manducabitis

1879 4646 2066 4701 panem
2103 4630 2242 4683 hunc
2280 4638 2328 4684 et
2354 4627 2570 4681 calicem
2613 4626 2815 4688 bibetis,
2856 4634 3075 4679 mortem
3106 4622 3317 4678 Domini
3361 4642 3460 4678 (m-

1882 4720 2190 4775 nuntiabitis
2237 4719 2403 4775 donec
2436 4718 2633 4771 veniat.
2680 4716 2914 4771 Proinde
2960 4717 3126 4770 etiam
3178 4716 3352 4771 sancti
3406 4716 3461 4771 in

1883 4810 2126 4864 adversis
2152 4816 2209 4864 et
2233 4807 2614 4863 afﬂictionibus
2650 4807 2703 4861 in
2733 4807 2838 4861 hoc
2864 4805 3062 4861 saeculo
3091 4821 3191 4875 pro
3231 4806 3463 4861 Domino

1882 4900 2149 4963 toleratis,
2178 4899 2414 4970 gaudent
2440 4907 2602 4968 atque
2643 4896 2969 4968 gloriantur,
3008 4895 3150 4950 unde
3176 4894 3465 4966 Apostolus

1881 4990 1938 5046 in
1967 4990 2204 5060 Epistula
2246 4990 2487 5046 secunda
2514 4989 2582 5045 ad
2608 4988 2963 5045 Corinthios:
3014 4986 3258 5042 Libenter
3302 4990 3463 5060 igitur

1883 5080 2148 5151 gloriabor
2173 5081 2227 5134 in
2250 5080 2645 5150 infirmitatibus
2690 5096 2840 5144 mets,
2889 5088 2946 5133 ut
2992 5080 3245 5134 inhabitet
3287 5082 3342 5134 in
3381 5097 3463 5135 me

1882 5172 2047 5226 virtus
2073 5170 2310 5225 Christi:
2353 5182 2565 5242 propter
2602 5172 2744 5243 quod
2783 5171 2963 5242 placeo
2992 5173 3122 5227 mihi
3152 5175 3207 5228 in
3234 5173 3461 5240 inﬁrmi-

1881 5261 2096 5325 tatibus,
2132 5261 2189 5313 in
2228 5263 2578 5327 contumeliis,
2605 5262 2660 5315 in
2691 5263 3103 5329 necessitatibus,
3139 5264 3195 5317 in
3223 5279 3463 5333 persecu-

1884 5351 2135 5415 tionibus,
2161 5350 2216 5403 in
2245 5352 2503 5422 angustiis
2543 5368 2638 5422 pro
2679 5350 2924 5419 Christo;
2958 5369 3075 5407 cum
3127 5354 3262 5406 enim
3310 5353 3463 5422 inﬁn-

1885 5457 2019 5507 mor,
2049 5452 2171 5496 tunc
2199 5453 2380 5512 potens
2413 5460 2550 5498 sum.
2598 5443 2743 5499 ldcm
2773 5445 2827 5499 in
2858 5445 3096 5514 Epistula
3146 5443 3213 5496 ad
3257 5442 3449 5513 Philip-

1883 5550 2119 5605 penses:
2163 5534 2313 5590 Scire
2361 5545 2538 5592 autem
2584 5553 2672 5592 vos
2725 5536 2860 5590 uolo.
2912 5536 3123 5593 fratres.
3163 5533 3294 5601 quia
3343 5550 3461 5605 quas

1883 5626 2023 5677 circa
2058 5641 2138 5678 me
2157 5635 2276 5679 sunt
2298 5626 2464 5695 magis
2492 5626 2561 5680 ad
2582 5625 2865 5696 profectum
2885 5636 3126 5678 venerunt
3147 5617 3426 5695 Evangelii
3440 5668 3457 5687 ,

1884 5715 1956 5771 ita
1996 5725 2047 5768 ut
2078 5715 2284 5770 vincula
2334 5731 2447 5770 utea
2507 5715 2785 5783 manifesta
2831 5713 3013 5783 ﬁerent
3063 5712 3118 5768 in
3164 5713 3371 5771 Christo
3405 5717 3463 5773 iu
