3838 6144
467 301 569 359 ιῖθ

1792 285 1879 341 ου
1889 282 2093 339 Νωιι
2134 281 2426 338 RECLL'SI

3579 286 3663 341 130

468 417 610 474 omni
637 412 884 486 pra'torio
911 419 958 464 et
985 409 1038 462 in
1064 405 1263 461 αφτερ-ξε
1294 401 1552 457 erunibus.
1582 399 1731 454 Idem
1774 398 1842 451 ad
1872 396 2052 449 Tinto-
2083 397 2127 455 Α
2155 391 2425 447 frontibus
2445 389 2752 486 inscribens
2779 384 3116 458 singulorum
3153 384 3250 486 hoc
3286 386 3434 486 moon
3458 406 3469 440 ε
3505 390 3671 486 ἔπεμπε.

470 510 654 564 theum
678 523 691 558 :
721 502 845 557 Noli
860 503 1036 570 itaque
1056 492 1716 552 erubesceretestimonium
1732 489 1944 544 Domini
1962 504 2056 541 no-

468 599 588 663 stri,
629 609 791 665 neque
816 607 896 644 me
933 590 1158 644 vinctum
1178 585 1319 655 ejus,
1344 582 1435 637 sed
1462 581 1730 636 collabora
1770 579 2057 650 Evangelia

470 686 755 743 secundum
775 683 1015 737 virtutem
1041 678 1133 731 Dei
1154 677 1244 748 qui
1279 692 1374 729 nos
1395 673 1631 729 liberavit
1665 682 1715 728 et
1743 671 1942 727 vocarit
1970 687 2058 725 ro-

468 783 675 835 tatione
700 793 796 830 sua
824 781 1029 828 sancta.
1059 771 1190 824 Item
1218 769 1271 823 in
1296 767 1519 822 Actibus
1540 764 1938 835 apostolorum:
1964 760 2058 816 Illi

468 868 676 940 quidem
717 864 863 918 ibant
882 861 1168 932 gaudentes
1201 858 1266 912 ab
1292 867 1504 928 aspectu
1542 853 1775 920 concilii,
1804 853 2057 924 quoniam

468 960 612 1027 digni
641 956 805 1010 habiti
823 964 946 1009 sunt
984 969 1079 1024 pro
1120 951 1327 1005 nomine
1364 950 1493 1004 Iesu
1522 947 1893 1003 contumeliam
1922 947 2054 1017 pati.

478 1045 702 1100 Verbum
743 1043 885 1097 enim
909 1040 1102 1102 crucis,
1142 1045 1204 1091 ut
1243 1037 1320 1091 ait
1365 1035 1675 1105 Apostolus,
1720 1035 2058 1104 pereuntibus

467 1136 680 1208 quidem
724 1131 946 1188 stultitia
974 1139 1053 1186 est
1075 1145 1095 1184 :
1141 1129 1225 1183 his
1251 1133 1426 1182 autem
1446 1128 1536 1198 qui
1557 1126 1688 1181 salvi
1716 1127 1874 1195 ﬁunt,
1903 1126 1959 1179 id
1982 1135 2059 1180 est
2097 1187 2103 1194 _

470 1226 635 1287 nobis,
685 1225 848 1279 virtus
891 1222 987 1275 Dei
1035 1228 1130 1274 est.
1185 1219 1254 1273 Et
1273 1227 1397 1287 post
1415 1234 1584 1288 pauca
1609 1234 1631 1272 ξ
1667 1216 1933 1282 Quoniam
1959 1216 2061 1272 Iu-

469 1318 572 1371 dtri
608 1317 762 1385 signa
798 1321 977 1382 petunt
1006 1320 1054 1364 et
1101 1309 1272 1364 (ἶνανοὶ
1297 1309 1615 1379 sapientiam
1650 1318 1891 1378 quterunt
1914 1321 1935 1360 .‘
1965 1325 2059 1363 nos

470 1418 646 1461 autem
670 1404 1018 1474 prmdicamus
1048 1400 1122 1455 Ch
1133 1400 1314 1454 ristum
1341 1399 1673 1467 cruciﬁxum,
1705 1399 1850 1454 Iuda
1866 1400 1915 1453 is
1937 1400 2059 1471 qui-

470 1499 589 1552 dem
630 1494 959 1557 scandalum,
998 1494 1234 1564 gentibus
1272 1504 1446 1548 autem
1471 1492 1787 1548 stultitiam:
1821 1495 1952 1564 ipsis
1969 1513 2063 1550 au.

474 1598 577 1641 tem
609 1585 803 1640 uocatis
831 1583 1037 1638 Iuda'is
1073 1593 1225 1653 atque
1250 1580 1456 1637 Cra’cis
1478 1581 1750 1639 Christum
1774 1582 1870 1637 Dei
1897 1585 2062 1639 virtu-

471 1689 576 1732 tem
600 1687 646 1730 et
678 1676 772 1729 Dei
800 1674 1130 1744 sapientiam.
1162 1673 1305 1727 lzlem
1335 1679 1459 1741 post
1482 1687 1651 1741 pauca
1678 1689 1691 1725 :
1722 1671 1790 1725 Et
1817 1688 1910 1742 ego
1941 1689 2060 1727 cum

2158 484 2589 538 commentarium
2631 490 2723 535 aut
2776 489 3054 544 tractatus,
3104 477 3179 533 uel
3222 482 3453 551 expositio
3492 483 3662 544 Claudii

2161 570 2203 625 Τ
2203 571 2501 625 aurinensis
2524 570 2771 640 episcopi.
2802 570 2878 624 De
2905 568 3141 638 antiquis
3166 579 3337 624 autem
3366 582 3546 630 sancte
3570 592 3664 631 ma-

2158 663 2344 735 gistris
2369 676 2435 717 ac
2458 661 2771 718 doctoribus
2796 659 3052 723 Ecclesia:
3075 659 3224 725 alios,
3270 675 3395 730 quos
3422 664 3529 720 vult
3554 665 3665 735 iudi.

2156 755 2328 813 ciario
2361 761 2642 827 assumpto
2664 752 2967 824 gestamine
3009 751 3193 806 laudat
3234 760 3297 813 et,
3331 753 3533 823 recipit,,
3561 756 3667 814 alios

2156 843 2496 914 hlasphemat
2522 851 2579 898 et
2605 841 2903 912 vituperat,
2922 856 3047 896 cum
3096 840 3284 901 nullius
3320 848 3485 901 tamen
3512 859 3667 900 eorum

2159 935 2264 993 ﬁde
2291 944 2347 990 et
2374 934 2623 990 doctrina
2661 933 2980 996 concordat.
3024 932 3367 1003 Augustinum
3411 937 3606 991 assumit
3644 954 3667 990 τι

2158 1026 2311 1095 cujus
2335 1026 2633 1081 subtilitate
2663 1024 2861 1097 ingenii
2906 1024 3301 1093 Christianique
3334 1039 3504 1080 sensus
3538 1028 3669 1081 recti-

2158 1122 2347 1177 tudine
2385 1120 2700 1192 longissime
2734 1120 2919 1179 distat.
2959 1118 3109 1181 Alios
3145 1118 3350 1187 quidem
3375 1126 3549 1189 przeter
3570 1135 3679 1179 eum.

2160 1212 2332 1270 solum
2362 1227 2499 1283 pene
2542 1227 2735 1267 omnes
2783 1211 3003 1283 ahjicit,
3046 1225 3212 1266 unum
3236 1225 3426 1268 vocans
3463 1226 3671 1283 magnum

2158 1300 2597 1365 mentionarium,
2627 1300 2795 1354 alium
2820 1299 3243 1368 compilatorem,
3267 1299 3420 1355 alium
3456 1300 3669 1357 rusticum

2158 1389 2398 1456 brutum,
2437 1390 2828 1453 insensibilcm,
2863 1391 3103 1461 nihilque
3127 1391 3252 1447 boui
3274 1392 3538 1456 scientem;
3562 1408 3675 1463 quos

2160 1490 2340 1543 tamen
2364 1483 2644 1539 universos
2664 1498 2772 1537 uno
2792 1498 2975 1539 secum
2994 1491 3239 1553 tempore
3255 1500 3454 1555 unoque
3475 1500 3577 1540 esse
3597 1500 3672 1554 p.1-

2161 1576 2295 1631 riter
2325 1575 2442 1631 loco
2469 1575 2607 1631 solet
2645 1584 2923 1646 exoptare,
2963 1574 3172 1631 scilicet
3195 1584 3252 1631 ut
3292 1576 3516 1631 omnibus
3549 1575 3671 1631 facit—

2161 1666 2307 1729 lime,
2349 1666 2739 1735 celerrimeque
2778 1667 2846 1720 ab
2876 1681 2942 1722 eo
2980 1666 3248 1735 superatis
3274 1664 3384 1735 ejus
3406 1664 3670 1721 excellentia

472 1766 728 1821 venissem
753 1764 823 1818 ad
864 1780 975 1827 vos,
1002 1762 1216 1831 fratres,
1247 1762 1363 1815 veni
1407 1777 1519 1814 non
1549 1777 1642 1830 per
1685 1760 2057 1815 sublimitatem
2088 1751 2132 1811 B
2160 1759 2440 1828 sapientia:
2468 1774 2673 1814 cuneus
2707 1773 2970 1829 apparere
2997 1767 3163 1828 atque
3207 1757 3487 1817 clarescere
3509 1766 3671 1827 posset.

471 1856 726 1911 sermonis
756 1862 846 1907 aut
877 1852 1150 1922 sapientim
1178 1852 1502 1905 annuntians
1533 1850 1673 1905 vobis
1704 1852 2057 1911 testimonium

472 1947 687 2002 Christi.
725 1944 847 2000 Non
878 1945 1013 1999 enim
1044 1943 1283 2014 judicari
1319 1960 1400 1999 me
1425 1943 1558 1996 scire
1580 1941 1782 2012 aliquid
1810 1942 1945 1996 inter
1970 1957 2058 1997 vos

473 2040 573 2093 nisi
601 2038 783 2093 Iesum
840 2035 1109 2091 Christum
1150 2044 1197 2088 et
1248 2034 1386 2091 hunc
1425 2032 1760 2102 cruciﬁxum.
1810 2032 2055 2104 Apostoli

471 2144 601 2200 ergo
626 2138 682 2183 et
714 2142 904 2183 omnes
945 2125 1191 2182 homines
1247 2123 1482 2179 humiles
1526 2131 1584 2179 et
1632 2122 1820 2179 ﬁdeles
1866 2139 2056 2180 eorum

472 2218 774 2272 doctrinam
813 2223 1084 2271 sectantes
1125 2229 1357 2272 crucem.
1375 2212 1581 2268 Christi
1619 2221 1805 2283 utpote
1833 2214 1953 2284 ejus
1978 2215 2057 2269 sit

472 2325 641 2381 gnum
665 2307 992 2378 triumphale
1032 2322 1131 2376 per
1160 2306 1302 2375 quod
1330 2304 1602 2360 diabolum
1646 2305 1776 2359 vicit
1801 2313 1857 2360 et
1901 2321 2057 2360 munv

475 2400 605 2454 dum
632 2398 863 2455 redemit
891 2397 1139 2467 diligunt,
1183 2397 1474 2461 honorant,
1527 2395 1775 2461 laudant,
1818 2396 2060 2452 concele-

474 2490 635 2546 brant
659 2497 715 2543 et
741 2489 793 2544 in
817 2504 880 2544 ea
903 2489 1223 2559 gloriantur.
1241 2487 1491 2543 ll.eretici
1509 2486 1807 2557 veroimpii
1838 2488 2056 2558 superbi

471 2586 531 2634 et
570 2578 833 2635 increduli
884 2579 1243 2650 dedignantur
1294 2575 1412 2646 ejus
1461 2578 1819 2633 humilitatem
1869 2578 2058 2637 audire

474 2677 573 2725 aut
594 2668 829 2738 aliquam
858 2670 1115 2724 virtutem
1159 2670 1209 2723 in
1240 2685 1303 2724 ea
1328 2684 1452 2726 esse
1476 2670 1713 2725 credere
1731 2684 1870 2738 quos
1895 2670 2057 2741 plan-

474 2762 555 2830 git
581 2760 871 2831 Apostolus
915 2762 1139 2818 dicets:
1194 2760 1360 2818 Multi.
1399 2762 1536 2815 enim
1579 2762 1873 2828 ambulant,
1926 2779 2055 2833 quos

473 2867 611 2920 sarpe
639 2849 875 2905 dicebam
897 2852 1037 2905 vobis
1068 2869 1205 2906 nunc
1237 2862 1411 2907 autem
1443 2862 1490 2906 et
1512 2854 1787 2921 [lensdico
1815 2853 2055 2911 inimicos

476 2940 648 2993 crucis
697 2936 893 2994 Christi
934 2957 1156 3010 quorum
1208 2940 1330 3010 ﬁnis
1378 2951 1453 2995 est
1513 2943 1783 3007 interitus,
1831 2960 2055 3013 quorum

475 3028 620 3085 Deus
648 3038 822 3084 renter
845 3040 921 3085 est
948 3040 996 3085 et
1025 3030 1195 3101 gloria
1224 3032 1278 3086 in
1303 3031 1610 3101 confusione
1641 3034 1893 3102 ipsorum.
1925 3033 2053 3090 Inde

2162 1848 2548 1920 Hieronymum
2587 1848 2824 1905 maxime
2849 1863 2961 1918 pra:
3004 1847 3221 1907 caeteris
3253 1846 3510 1915 exprobat,
3549 1845 3673 1913 eique

2161 1940 2388 1997 nimium
2419 1939 2678 2005 detrahit,
2706 1938 2793 1994 cui
2820 1939 2865 1993 si
2892 1938 3085 1992 colem
3115 1952 3229 1992 aevo
3255 1936 3481 1999 fuissent,
3510 1935 3672 1989 acerri-

2160 2050 2310 2093 mum
2346 2048 2407 2088 se
2438 2031 2963 2100 infestissimumque
3007 2030 3284 2092 inimicum
3315 2027 3419 2086 fore
3439 2024 3670 2097 promittit.

2160 2124 2388 2195 Propter
2412 2125 2636 2188 nullam,
2661 2133 2720 2178 ut
2749 2124 3004 2188 arbitror,
3021 2122 3189 2179 aliam
3212 2118 3551 2184 causam,_nisi
3578 2116 3673 2185 quia

2160 2216 2415 2286 cogitavit
2443 2216 2587 2285 quod
2617 2215 2706 2270 ille
2730 2224 2920 2270 contra
2949 2230 3109 2273 suum
3135 2215 3363 2270 vicinum
3394 2225 3581 2281 sumque
3603 2224 3675 2261 at:-

2158 2316 2367 2362 etorem
2409 2306 2634 2361 insaniae
2686 2304 3036 2376 Vigilantium
3083 2303 3389 2361 haereticum
3431 2299 3674 2370 scripseril.

2159 2406 2428 2469 caputque
2447 2396 2689 2465 ejusdem
2724 2405 2944 2452 strenue
2974 2396 3120 2452 sicut
3141 2396 3274 2452 alios
3300 2394 3423 2450 tales
3446 2391 3582 2447 ferire
3606 2403 3668 2442 so

2158 2487 2304 2547 lebat
2342 2487 2495 2543 clava
2522 2485 2804 2547 catholica:
2830 2485 3093 2543 doctrina:
3125 2484 3434 2545 contuderit.
3460 2482 3545 2543 llic
3572 2494 3673 2549 ergo

2156 2587 2443 2636 accusator
2464 2577 2705 2634 fratrum.
2722 2578 2977 2650 ignorans
3003 2580 3202 2635 bonum
3222 2575 3563 2647 usurpationes
3574 2587 3670 2629 Xer-

2159 2671 2373 2734 horum,
2420 2670 2525 2725 hoc
2566 2677 2651 2724 est
2691 2670 2857 2724 adoro
2886 2677 2942 2724 et
2974 2669 3127 2736 colo,
3163 2677 3217 2725 et
3243 2667 3364 2738 quia
3389 2680 3484 2719 non
3511 2660 3595 2717 nisi
3626 2659 3675 2713 ad

2158 2758 2327 2814 Deum
2364 2758 2703 2817 solummodo
2747 2774 2821 2815 ea.
2859 2758 3152 2819 existimat
3186 2748 3676 2828 pertinereLnitniunt

2157 2851 2499 2921 blasphemat
2544 2849 2925 2914 Christianos,
2957 2864 3066 2905 non
3116 2848 3412 2919 intelligens
3436 2840 3675 2899 secundum

2154 2943 2471 3015 Apostolum
2501 2958 2674 3013 neque
2700 2959 2821 3013 qua:
2847 2941 3043 3013 legitur
3073 2957 3250 3009 neque
3279 2941 3342 2995 de
3374 2935 3547 3008 quibus
3567 2928 3676 2989 amr.-

2159 3042 2292 3093 ωλι.
2318 3033 2432 3089 Hoc
2469 3033 2619 3089 enim
2660 3033 2821 3089 modo
2856 3033 3123 3102 scriptum
3183 3031 3236 3088 in
3291 3044 3381 3085 sua
3430 3022 3671 3083 continclut

472 3121 813 3193 Augustinus
859 3123 935 3180 ait
979 3123 1037 3183 in
1074 3124 1408 3194 expositione
1451 3125 1727 3197 Evangelii
1761 3127 2054 3185 secundum
2083 3106 2129 3170 (ἶ
2160 3128 2419 3200 epistola,
2473 3135 2662 3182 contra
2710 3126 2856 3200 quod
2905 3125 3342 3197 respondendum
3388 3128 3482 3184 est,
3519 3108 3679 3182 Quini

473 3213 782 3270 Joannem:
816 3234 840 3266 ι
871 3215 987 3271 Ibat
1011 3232 1141 3288 ergo
1165 3218 1232 3272 ad
1260 3218 1436 3273 locum
1480 3217 1570 3273 ubi
1623 3217 1799 3274 fuerat
1847 3219 2058 3274 crucill-
2155 3236 2307 3277 atnne
2335 3218 2532 3290 lignum
2575 3219 2838 3275 schemate
2865 3218 3036 3273 crucis
3063 3218 3265 3287 factum
3298 3212 3459 3269 volunt
3503 3206 3676 3261 adorat:

470 3309 680 3380 gelidus
700 3318 925 3379 portans
949 3325 1169 3365 crucem
1197 3326 1350 3366 suam
1380 3309 1540 3366 Iesus
1564 3329 1577 3365 :
1611 3312 1814 3383 grande
1842 3320 2054 3382 specta-
2152 3326 2247 3380 pro
2280 3327 2349 3364 .eo
2374 3310 2514 3380 quod
2551 3306 2795 3369 Christus
2826 3308 2882 3363 in
2903 3325 3057 3367 cruce
3082 3306 3341 3380 pependit,
3380 3313 3424 3358 et
3445 3299 3538 3356 alia
3551 3291 3676 3383 multa

472 3379 653 3453 culum
681 3414 695 3454 :
725 3399 826 3456 sed
850 3398 900 3456 si
923 3407 1130 3468 spectet
1173 3400 1458 3470 impietas,
1474 3379 1683 3471 grande
1719 3379 2050 3468 ludibrium;
2152 3399 2260 3455 illis
2314 3379 2547 3454 convenit
2589 3415 2706 3470 qum
2769 3395 3009 3458 Christus
3078 3379 3184 3474 egit
3233 3412 3324 3468 per
3357 3404 3559 3460 carnem-
3606 3379 3677 3442 ίυο

471 3489 518 3544 si
551 3491 742 3559 pietas,
795 3491 1001 3559 grande
1047 3493 1363 3563 mysterium
1400 3512 1412 3546 :
1447 3494 1491 3548 si
1531 3501 1742 3563 spectet
1783 3494 2051 3563 impietas,
2155 3506 2285 3561 ergo
2312 3489 2466 3559 cujus
2502 3491 2616 3545 haec
2638 3489 3011 3562 oppositio.et_
3047 3484 3439 3562 argumentatio
3479 3476 3675 3576 talisfsl

473 3581 677 3648 grande
703 3582 1013 3652 ignominia
1070 3583 1483 3649 documentum;
1523 3585 1569 3639 si
1623 3585 1820 3655 pietas,
1850 3585 2054 3655 grande
2152 3583 2472 3638 ostenditse
2523 3579 2686 3652 hujus
2732 3579 2997 3637 salutiferi
3039 3580 3173 3654 ligni
3224 3573 3675 3641 virtutempenillls

474 3671 598 3726 ﬁdei
626 3672 1019 3727 munimentum
1046 3689 1060 3725 :
1094 3673 1138 3728 si
1168 3682 1378 3742 spectet
1408 3674 1680 3743 impietas,
1709 3675 1848 3731 ridet
1874 3690 2052 3745 regem
2154 3674 2427 3745 ignorare,
2461 3689 2558 3744 per
2584 3674 2728 3743 quod
2754 3675 2865 3729 vita
2884 3673 3130 3730 humano
3147 3680 3231 3732 est
3252 3667 3426 3743 generi
3456 3660 3682 3718 restituis.

473 3780 572 3834 pro
597 3765 749 3835 virga
772 3766 921 3836 regni
950 3766 1154 3837 lignum
1185 3770 1268 3823 sui
1300 3778 1519 3839 portare
1554 3773 1824 3843 supplicii.
1856 3772 1912 3829 Si
1944 3773 2055 3843 pie-

476 3865 579 3918 tas,
608 3856 755 3911 videt
784 3870 967 3926 regem
996 3856 1328 3926 baiulantem
1369 3860 1570 3931 lignum
1606 3863 1672 3917 ad
1700 3865 2051 3933 semetipsum

476 3943 771 4013 ﬁgendum,
807 3945 953 4014 quod
1006 3945 1215 4004 ﬁxurus
1255 3948 1432 4004 fuerat
1475 3950 1639 4006 etiam
1688 3952 1744 4006 in
1787 3952 2055 4015 frontibus

478 4047 683 4103 regum,
735 4032 788 4088 in
825 4048 891 4089 eo
932 4036 1270 4105 spernendus
1307 4039 1485 4094 oculis
1511 4039 1802 4112 impiorum
1848 4042 1903 4099 in
1946 4059 2054 4113 quo

474 4132 634 4179 erant
679 4124 975 4193 gloriatura
1036 4127 1209 4182 corda,
1253 4138 1587 4185 sanctorum.
1639 4130 1859 4187 Dictnro
1905 4133 2050 4188 enim

476 4213 681 4270 Paulo:
717 4215 851 4271 Mihi
879 4228 1050 4272 autem
1083 4219 1218 4274 absit
1240 4219 1457 4291 gloriari
1505 4223 1607 4277 nisi
1648 4225 1705 4277 in
1749 4240 1903 4279 cruce
1943 4224 2053 4281 Βον-

474 4305 603 4359 mini
641 4306 809 4360 nostri
833 4304 962 4361 Iesu
989 4305 1204 4374 Christi,
1254 4328 1274 4362 ›
1319 4310 1490 4379 ipsam
1529 4326 1748 4368 crucem
1776 4328 1931 4368 suam
1954 4329 2052 4369 suo

2152 3767 2297 3837 quod
2329 3768 2598 3836 gustando
2626 3768 2694 3821 de
2720 3765 3160 3823 vetitimthifero
3187 3762 3317 3837 ligni
3357 3761 3516 3815 fructu
3539 3747 3675 3823 peric?

2154 3867 2256 3922 rat,
2288 3859 2432 3913 unde
2466 3857 2793 3919 Fortunatus
2818 3859 2933 3913 ait:

2153 3947 2333 4018 Pange
2358 3948 2538 4021 lingua
2565 3948 3058 4021 gloriosiprmlium
3090 3944 3422 4006 certaminis,

2154 4042 2219 4098 Et
2244 4058 2409 4113 super
2438 4043 2617 4098 crucis
2647 4042 2875 4112 tropbeo
2919 4042 3007 4098 dic
3037 4041 3369 4111 triumphum
3405 4029 3634 4091 nobilem

2152 4133 2397 4200 Qualiter
2426 4134 2733 4204 redemptor
2761 4135 2912 4190 orbis
2943 4134 3266 4192 immolatus
3279 4128 3477 4190 vicerit.

2152 4223 2229 4278 De
2263 4223 2504 4293 parentis
2529 4223 2847 4294 protoplasti
2876 4222 3070 4280 fraude
3107 4223 3284 4280 factor
3310 4214 3604 4277 condolem

2152 4311 2381 4379 Quando
2406 4316 2548 4384 pomi
2581 4315 2812 4370 noxialis
2838 4323 3012 4371 morte
3038 4332 3228 4372 morsu
3255 4310 3469 4372 corruit.

472 4406 693 4465 gestans
742 4398 970 4454 humero
1012 4403 1444 4466 commendabat,
1492 4412 1549 4459 et
1576 4404 1810 4461 lucerna:
1843 4422 2049 4462 arsuras
2075 4454 2125 4475 ﬁ
2152 4400 2270 4471 Ipse
2301 4403 2502 4475 lignum
2535 4414 2664 4459 tunc
2692 4406 2899 4463 notavit
2924 4406 3125 4463 damna
3157 4406 3287 4475 ligni
3316 4398 3603 4459 utsolveret.

471 4454 594 4555 qtae
622 4487 723 4542 sub
753 4489 931 4544 modio
958 4493 1207 4559 potienda
1236 4502 1464 4550 noverat
1501 4496 1884 4552 candelabrum
1909 4496 2050 4554 fere-
2075 4454 2126 4514 Β
2154 4454 2268 4548 ῑὶοο
2299 4454 2434 4563 osus
2459 4505 2655 4551 nostra:
2697 4496 2888 4553 salutis
2910 4499 3045 4553 ordo
3070 4454 3452 4569 depoognsccl‘ai

472 4574 583 4629 bat.
624 4576 879 4632 Claudius
903 4579 1069 4651 igitur
1090 4581 1216 4636 dum
1243 4584 1443 4639 nullam
1478 4584 1778 4641 liberalium
1802 4586 2051 4643 didicerit

473 4665 883 4734 disciplinarum
938 4669 1227 4737 rationem,
1275 4673 1579 4729 litterarum
1626 4676 2050 4746 significationes

471 4754 940 4827 proprietatesque
981 4759 1259 4828 ignorans,
1287 4763 1574 4820 verborum
1599 4780 1798 4834 genera
1832 4768 2048 4837 generi-

473 4843 596 4907 bus,
621 4860 879 4905 numeros
917 4850 1180 4915 nmneris,
1207 4866 1365 4906 casus
1392 4854 1610 4907 casibus
1627 4853 1856 4926 iungere
1886 4860 2050 4914 ratio-

474 4933 637 4988 nabili
668 4937 841 4991 nescit
866 4940 1268 4995 constructione
1295 4950 1351 4995 et
1380 4943 1462 4997 sic
1498 4943 1764 5002 maximos
1806 4956 1863 5001 ut
1904 4949 2043 5005 fama

474 5031 560 5079 est
582 5025 743 5078 audet
767 5034 1027 5082 tractatus
1072 5028 1365 5095 coniicere,
1392 5048 1530 5102 quos
1558 5034 1640 5088 sui
1672 5038 1873 5105 proprii
1902 5039 2045 5094 labo-

476 5116 552 5171 ris
579 5124 631 5170 et
664 5117 941 5174 industria:
980 5136 1100 5176 esse
1144 5124 1423 5189 mentitur,
1468 5141 1591 5179 cum
1642 5127 1760 5183 illos
1813 5129 2047 5200 glosario

471 5223 637 5279 opere
691 5224 761 5264 ex
813 5210 1043 5265 aliorum
1089 5212 1452 5270 voluminibus
1502 5216 1897 5285 transferendo,
1936 5221 2046 5276 imo

472 5298 781 5370 dissipando
803 5316 867 5356 ac
896 5301 1239 5370 depravando
1263 5307 1529 5377 excerpit,
1560 5324 1803 5380 quosque
1832 5312 2046 5368 illorum

474 5389 897 5458 expositionibus
920 5401 1226 5458 auctorum,
1254 5409 1286 5448 e
1314 5397 1510 5465 quibus
1537 5412 1633 5453 eos
1672 5401 1919 5459 evellere.
1968 5402 2046 5456 fu-

471 5479 692 5548 rarique
760 5482 1078 5550 praesumit,
1155 5484 1461 5538 miserrima
1530 5494 1693 5556 atque
1754 5491 2044 5546 vanissima

472 5569 689 5635 praefert
711 5571 964 5639 elatione,
1003 5588 1177 5644 neque
1203 5584 1400 5645 przeter
1441 5576 1581 5642 illos,
1617 5579 1751 5635 alios
1784 5585 2046 5650 permittit

475 5653 640 5713 libros
662 5658 716 5713 in
743 5676 839 5715 sua
870 5662 970 5734 legi
1000 5664 1236 5728 civitate,
1273 5667 1653 5724 auctoritatem
1688 5671 1775 5728 sui
1807 5675 2042 5730 nominis

2147 4581 2494 4640 Multiformis
2525 4585 2830 4654 proditoris.
2853 4603 2944 4642 ars
2978 4597 3038 4643 ut
3063 4596 3240 4653 artem
3272 4584 3477 4644 falleret.

2147 4673 2214 4728 Et
2241 4674 2517 4735 medelam.
2540 4674 2711 4731 ferret
2730 4678 2866 4734 inde:
2884 4679 3056 4735 hostis
3082 4678 3226 4737 unde
3253 4677 3473 4737 heserat,
3503 4674 3603 4722 eun.

2192 4823 2201 4834 ,
2569 4767 2720 4824 Idem
2758 4771 2815 4829 in
2842 4768 3011 4825 altero
3049 4772 3310 4831 carmine.

2151 4861 2337 4921 Virtus
2354 4860 2498 4918 celsa
2529 4864 2710 4923 erucis
2743 4872 2913 4919 totum
2942 4875 3089 4920 recte
3109 4871 3341 4933 occupat
3363 4860 3559 4915 orbem

2220 4953 2347 5011 [hee
2374 4956 2628 5023 quoniam
2662 4957 2844 5012 mundi
2869 4956 3077 5026 perdita
3109 4964 3302 5018 cuncta
3329 4950 3486 5008 refert

2147 5043 2407 5112 Quodque
2431 5044 2576 5101 ferus
2597 5061 2822 5115 serpens
2848 5045 3039 5102 infecit
3065 5045 3193 5102 felle
3218 5040 3406 5099 veneni

2220 5135 2425 5190 Christi
2446 5136 2670 5206 sanguis
2699 5136 2755 5193 in
2784 5136 2886 5191 hac
2913 5136 3069 5192 dulce
3093 5135 3265 5192 livore
3284 5132 3437 5186 lavat.

2148 5223 2387 5294 Quaque
2407 5223 2518 5294 lupi
2539 5222 2755 5281 fuerant
2780 5225 3017 5296 raptoris
3040 5226 3223 5295 praeda
3250 5220 3456 5281 ferociS.

2217 5313 2276 5369 ιιι
2308 5329 2472 5370 cruce
2505 5315 2740 5370 restituit
2763 5314 2992 5387 virginis
3015 5330 3188 5386 agnus
3220 5312 3338 5368 ovis

2147 5404 2338 5461 Tensis
2368 5406 2424 5460 in
2447 5405 2533 5461 his
2562 5406 2727 5463 ramis
2746 5422 2874 5462 cum
2899 5406 3097 5475 plantis
3118 5403 3337 5460 brachia
3358 5395 3571 5471 pandens

2216 5498 2516 5554 Ecclesiam
2552 5498 2761 5554 stabilit
2783 5500 3045 5569 pendulus
3076 5499 3191 5569 ipse
3217 5508 3396 5555 cruce.

2146 5586 2257 5644 Hoc
2288 5592 2406 5658 pius
2443 5590 2496 5644 in
2528 5590 2673 5659 ligno
2703 5606 2965 5660 repirans
2992 5590 3264 5659 deperdita
3299 5585 3494 5657 νιίὠτω

2217 5679 2369 5745 Quod
2404 5680 2551 5735 vetiti
2577 5679 2703 5751 ligni
2730 5695 2887 5751 poma
2917 5683 3084 5738 tulere
3115 5677 3258 5734 boni.
