3838 6144
182 306 264 367 481
1176 314 1296 373 UB.
1340 317 1711 377 ADVEIISUS
1748 335 1753 367 ε

1854 323 2111 380 Μέθη]δί
2152 324 2429 381 τΑιτιιιΝ.

3337 337 3441 394 48'!

242 423 413 494 liuius
428 423 736 493 autemjam
757 424 914 483 dictae
927 442 1091 485 causa
1112 430 1497 500 imperitiaeille
1520 447 1617 501 pro
1639 432 1754 488 ido-
1782 437 1829 495 Α
1856 434 2039 503 pulum
2073 453 2244 490 meum
2267 447 2317 492 et
2344 449 2525 505 stare;
2567 453 2862 516 uestrosque
2902 447 3199 519 manipulos
3225 453 3447 509 circum-

182 514 840 584 lolatriareputatcrucem
868 518 1079 574 Domini
1094 535 1124 573 a
1150 532 1423 590 quoquam
1438 522 1654 575 adorari
1673 522 1755 574 vel

181 607 297 671 coli,
312 607 455 662 sicut
468 619 569 661 nec
580 614 707 661 sunt
721 607 1007 684 adoranda:
1020 611 1210 680 puellae
1231 612 1504 681 quaelibet,
1520 613 1759 681 innupta:

178 696 452 769 prmsepia,
476 704 692 752 veteres
721 700 907 768 panni,
940 715 1127 767 naves,
1161 702 1317 767 asini,
1360 704 1508 776 agni,
1545 704 1757 769 leones,

181 797 359 860 petrae,
380 788 556 859 spina:
589 790 872 855 ruborum,
915 793 1229 857 arundines,
1258 793 1480 857 lancem,
1517 796 1644 865 quia
1670 796 1759 851 his

180 879 419 934 omnibus
436 893 540 949 pro
570 887 812 949 tempore
842 896 973 937 usus
1017 890 1103 936 est
1126 882 1395 940 Christus.
1433 885 1599 953 Quasi
1645 901 1758 956 prae

180 972 278 1027 illis
303 970 513 1026 nullum
539 972 838 1028 Dominica:
871 975 1020 1030 cruci
1065 975 1429 1032 adhibendum
1457 987 1603 1033 esset
1640 979 1756 1049 pri-

178 1062 439 1133 vilegium,
472 1062 619 1118 sicut
642 1065 894 1134 superius
936 1066 1447 1124 demonstravimus.
1473 1068 1639 1140 Cujus
1666 1086 1759 1125 ve-

180 1162 455 1208 neratores
498 1154 740 1225 graviter
788 1156 1130 1226 turpiterque
1171 1158 1477 1229 corripiens
1528 1161 1761 1233 castigat

178 1253 229 1297 et
262 1244 507 1315 increpat
554 1245 640 1299 his
673 1246 895 1301 verbis:
933 1265 953 1298 ‹
991 1246 1177 1304 Redite
1215 1251 1649 1321 prmricatores
1688 1253 1759 1306 ad

184 1352 200 1385 ι
232 1351 337 1397 cor,
366 1334 462 1403 qui
510 1335 815 1390 recessistis
854 1350 886 1389 a
928 1336 1164 1394 veritate
1192 1348 1248 1394 et
1294 1339 1520 1409 diligitis
1549 1342 1761 1397 vanita-

183 1442 200 1475 ι
238 1434 359 1487 tem,
386 1431 445 1478 et
483 1424 618 1480 estis
663 1425 786 1479 vaui
835 1423 1009 1492 lacti;
1058 1428 1151 1496 qui
1190 1444 1409 1484 rursum
1438 1431 1758 1501 cruciﬁgitis

183 1533 202 1565 ι
233 1515 421 1571 Filium
458 1516 579 1581 Dei,
624 1524 681 1572 et
723 1518 962 1572 ostentui
1006 1518 1237 1584 habetis,
1289 1528 1347 1575 et
1390 1535 1488 1591 per
1531 1523 1635 1577 hoc
1668 1538 1761 1578 ca-

182 1626 199 1655 ε
236 1609 483 1665 terratim
512 1610 723 1666 animas
752 1610 1074 1666 miserorum
1120 1612 1298 1668 socias
1346 1612 1519 1669 factas
1558 1614 1761 1671 daemo-

181 1718 198 1749 ι
227 1715 347 1753 num
375 1699 613 1766 habetis,
637 1701 921 1757 alienando
948 1717 1044 1757 eas
1086 1718 1185 1773 per
1206 1703 1436 1759 nefanda
1472 1706 1756 1776 sacrilegia

1858 536 2054 581 stantes
2081 530 2305 584 adorare
2349 533 2680 602 manipulum
2732 552 2925 591 meum.
2972 539 3104 594 Item
3136 542 3188 596 iu
3215 543 3443 599 eodem:

1857 616 2091 690 Cumque
2116 622 2423 676 adorassent
2451 634 2568 677 eum
2599 625 2791 695 fratres
2814 629 2915 691 sui,
2941 640 2990 684 et
3015 634 3309 702 agnovisset
3335 651 3443 699 eos,

1854 710 2007 780 quasi
2035 712 2104 765 ad
2133 711 2331 767 alienos
2360 714 2544 769 durius
2587 716 2917 788 loquebatur.
2949 719 3084 775 Item
3118 721 3172 777 in
3214 724 3442 779 eodem:

1856 802 2033 873 Igitur
2053 805 2316 875 ingressus
2343 816 2417 861 est
2442 808 2636 879 Ioseph
2676 811 2889 866 domum
2935 830 3085 869 suam
3123 802 3449 873 obtulerunt-

1855 913 1953 968 que
2001 897 2049 952 ei
2098 915 2316 953 munera
2358 909 2582 955 tenentes
2627 903 2681 956 in
2720 904 2960 958 manibus
2995 916 3044 960 et
3082 908 3444 964 adoraverunt

1855 985 2008 1057 proni
2031 988 2085 1040 in
2115 996 2330 1042 terram.
2357 988 2485 1043 Item
2512 1000 2632 1060 post
2661 1008 2831 1061 pauca
2857 1013 2870 1049 :
2899 996 3003 1062 Qui
3035 999 3442 1069 responderunt:

1858 1078 2049 1149 Sospes
2086 1088 2161 1132 est
2203 1095 2382 1133 servus
2421 1089 2565 1146 tuus,
2612 1094 2762 1151 pater
2789 1095 2964 1139 noster
3000 1087 3173 1141 adhuc
3216 1090 3369 1153 vicit;
3396 1099 3445 1144 et

1857 1170 2115 1225 incurrati
2135 1171 2485 1226 adoraverunt
2516 1190 2653 1226 eum.
2684 1172 2814 1229 Item
2837 1176 2891 1231 iu
2917 1176 3054 1234 libro
3083 1177 3281 1235 Iosue:
3311 1180 3442 1235 Cum

1857 1272 2030 1317 autem
2059 1274 2191 1317 esset
2212 1262 2377 1318 Iosue
2404 1266 2607 1336 inagro
2636 1264 2777 1321 urbis
2815 1268 2991 1322 Jcrico
3022 1269 3206 1326 levavit
3242 1272 3442 1337 oculos,

1857 1365 1904 1409 et
1929 1355 2056 1409 vidit
2087 1356 2255 1411 virum
2276 1366 2498 1411 stantem
2535 1370 2719 1413 contra
2745 1377 2799 1414 se
2839 1371 2885 1415 et
2916 1364 3245 1433 evaginatum
3268 1375 3448 1420 tenen-

1858 1455 1958 1499 tem
1994 1445 2227 1516 gladium
2252 1463 2273 1511 ;
2298 1450 2627 1519 perrexitque
2666 1451 2738 1505 ad
2762 1469 2880 1505 eum
2910 1461 2960 1507 et
2984 1454 3057 1507 ait
3084 1470 3101 1508 .'
3157 1454 3352 1509 Noster
3391 1472 3445 1509 es

1858 1554 1927 1592 an
1957 1537 2379 1591 adversariorum
2402 1539 2428 1592 .’
2461 1537 2565 1603 Qui
2607 1542 2909 1612 respondit:
2958 1540 3323 1614 Nequaquam,
3356 1545 3446 1599 sed

1856 1646 1972 1683 sum
2000 1630 2239 1701 princeps
2262 1632 2519 1684 exercitus
2565 1631 2798 1698 Domini,
2830 1643 2878 1686 et
2905 1650 3044 1687 nunc
3084 1636 3251 1689 venio.
3301 1634 3448 1689 Ceci-

1857 1721 1934 1776 dit
1959 1721 2122 1776 Iosue
2140 1737 2336 1792 pronus
2356 1722 2410 1775 in
2434 1731 2628 1776 terram
2656 1733 2704 1777 et
2735 1724 2966 1779 adorans
2993 1725 3065 1778 ait
3090 1739 3109 1777 .'
3157 1724 3297 1791 Quid
3342 1727 3449 1781 Do-

181 1808 199 1840 ε
226 1788 639 1886 simulacrorum
666 1809 695 1846 a
737 1792 998 1886 tlreatorc
1030 1810 1128 1850 suo
1152 1794 1367 1851 habetis
1397 1811 1491 1851 €35
1518 1796 1757 1866 deli-“3‘35
1785 1786 1832 1845 Β
1865 1811 2037 1866 minus
2069 1828 2213 1865 meus
2260 1810 2490 1881 loquitur
2519 1813 2588 1866 ad
2636 1830 2838 1867 servum
2884 1814 3087 1868 suum?
3131 1823 3185 1869 et
3214 1816 3444 1886 reliqua.

178 1900 195 1931 ε
237 1879 672 1952 etprojectasin
720 1883 1122 1940 damnationem
1172 1894 1555 1957 perpetuam.»
1616 1886 1760 1953 Nulli

173 1990 298 2046 ergo
330 1974 553 2030 dubium
598 1983 684 2029 est
725 1976 856 2046 quin
907 1977 1132 2046 spiritus
1179 1977 1339 2032 fallax
1384 1979 1762 2050 malignusque

174 2080 271 2132 per
294 2080 354 2120 os
376 2062 543 2135 huius
570 2065 747 2120 insani
783 2066 1193 2123 calumniatoris
1213 2078 1427 2123 eructat
1455 2078 1509 2125 et
1531 2070 1759 2142 inspirat

175 2157 241 2210 ad
265 2157 554 2228 ingerenda
586 2167 749 2228 atque
774 2159 1149 2229 exprobranda
1178 2162 1425 2218 lidelibus
1455 2162 1755 2219 inﬁdelium

175 2249 415 2315 crimina,
439 2247 891 2321 praevaricatores
928 2270 1022 2311 eos
1048 2264 1432 2326 apostatasque
1461 2273 1492 2312 a
1529 2259 1758 2314 veritate

178 2344 231 2391 et
272 2338 840 2399 maiuees‘vanitatis
895 2358 1001 2416 app
1034 2344 1232 2413 llaudo,
1285 2347 1521 2403 divinam
1575 2357 1755 2405 autem

180 2447 381 2487 erucem
423 2433 715 2490 nefandum
766 2452 831 2492 ac
866 2438 1190 2510 sacrilegum
1236 2441 1587 2497 simulacrum
1625 2458 1758 2498 cun-

179 2530 316 2576 ctam
358 2526 614 2594 preatcriti
641 2528 910 2584 excedens
940 2532 1202 2600 temporis
1232 2532 1627 2602 blasphemiam
1659 2550 1759 2590 no—

180 2613 355 2668 minat.
396 2614 476 2671 Ex
507 2631 615 2686 quo
642 2617 1045 2677 evidentissime
1088 2622 1536 2690 perversissimus
1562 2626 1753 2681 catho-

183 2702 290 2760 lica:
308 2707 592 2780 dissipator
615 2719 778 2781 atque
818 2725 1041 2767 eversor
1069 2714 1189 2769 ﬁdei
1230 2731 1351 2770 esse
1391 2717 1752 2782 convincitur,

184 2794 283 2855 Nos
306 2810 480 2857 autem
504 2817 535 2857 e
557 2804 774 2859 diverso
816 2805 1013 2875 quibus
1042 2807 1142 2862 has
1184 2816 1293 2862 tam
1334 2808 1530 2864 multas
1564 2818 1620 2865 et
1644 2821 1751 2866 tam

184 2892 451 2959 probrosas
510 2891 677 2948 infert
747 2895 1083 2964 calumnias,
1133 2907 1323 2954 contra
1396 2900 1529 2957 falsa
1582 2903 1753 2974 ipsius

184 2982 494 3049 testimonia,
522 2984 701 3038 divina
738 2984 1035 3053 opitulante
1064 2990 1259 3058 gratia,
1297 3000 1407 3046 toto
1437 2994 1599 3048 corde
1627 3010 1751 3050 cre-

185 3066 364 3136 dimus,
390 3081 445 3127 et
466 3086 562 3127 ore
593 3072 916 3132 conﬁtemur
936 3076 1203 3132 humiliati
1228 3080 1408 3135 animo
1428 3090 1484 3136 et
1505 3084 1749 3153 corporis

187 3158 355 3217 habitu
382 3164 661 3229 substrati,
701 3164 844 3234 quod
891 3164 1033 3222 Deus
1063 3168 1210 3224 solus
1235 3171 1305 3225 sit
1330 3172 1662 3239 adorandus,
1694 3185 1750 3230 et

185 3251 420 3310 colendus
475 3263 640 3325 prout
679 3257 955 3314 dominum
993 3268 1048 3314 et
1088 3268 1390 3317 creatorem
1440 3265 1682 3318 omnium
1721 3282 1753 3320 a

186 3356 274 3397 sua
294 3344 441 3401 decet
465 3347 681 3403 adorari
716 3358 965 3403 creatura
994 3357 1050 3404 et
1082 3348 1206 3415 coli,
1239 3351 1364 3406 dum
1411 3352 1463 3406 in
1508 3368 1635 3407 eum
1665 3371 1753 3411 so-

187 3432 285 3489 lum
307 3439 595 3504 credimus,
642 3449 695 3494 et
725 3456 1024 3511 speramus,
1056 3440 1214 3513 eique
1254 3444 1496 3514 quotidie
1538 3447 1750 3503 sacriﬁ-

182 3541 371 3584 camus.
421 3529 738 3586 Creaturam
787 3532 950 3587 etiam
1005 3533 1100 3587 Dei
1153 3540 1394 3588 sanctam
1449 3542 1503 3589 et
1533 3535 1749 3604 bonam,

180 3617 275 3672 hoc
296 3626 398 3684 est,
439 3614 692 3691 angelum
740 3631 985 3678 sanctum
1025 3623 1108 3678 vel
1157 3625 1428 3680 hominem
1479 3635 1751 3693 sanctum,

177 3717 264 3763 aut
289 3718 533 3766 sanctam
558 3727 776 3768 crucem
801 3727 900 3783 pro
929 3713 1242 3770 diversitate
1270 3717 1592 3787 dignitatum
1623 3717 1755 3774 alio,

174 3816 349 3857 ramus
391 3811 449 3857 et
494 3802 746 3871 colimus,
797 3806 900 3860 hoc
932 3813 1038 3872 est,
1083 3806 1361 3862 humiliter
1400 3809 1750 3875 honoramus,

172 3890 458 3963 diligimus,
490 3900 547 3949 et
576 3894 956 3964 amplectimur
981 3904 1200 3967 propter
1229 3898 1397 3953 Deum
1446 3908 1503 3955 et
1547 3902 1601 3955 in
1641 3900 1754 3956 Deo

171 3979 321 4053 longe
356 3983 559 4054 dispari
589 3984 769 4051 modo,
817 4000 981 4055 quam
1018 3985 1166 4041 illum
1207 3988 1435 4044 colimus
1475 3997 1530 4044 et
1560 3990 1750 4046 adora-

168 4087 323 4129 mus:
377 4074 485 4129 hoc
534 4082 714 4130 autem
764 4075 1130 4131 calumniatur
1182 4078 1448 4144 nesciens,
1502 4079 1753 4150 scireque

167 4178 406 4221 renuens
440 4164 607 4232 rabit,
635 4174 692 4221 et
721 4165 1052 4238 indignando
1091 4168 1467 4239 steviendoque
1511 4169 1643 4226 furit
1688 4187 1755 4227 ac

165 4256 482 4313 bacchatur.
509 4256 751 4313 Audiens
776 4257 831 4313 in
858 4258 1103 4314 Ecclesia
1133 4260 1331 4329 smpius
1349 4263 1588 4317 cantari:
1620 4264 1751 4318 Cru-

165 4365 275 4406 eeat
318 4357 466 4403 luant
507 4348 817 4414 adoramus,
852 4348 1091 4415 Domine,
1149 4360 1199 4404 et
1235 4360 1474 4406 sanctam
1520 4369 1753 4408 resurre-

166 4440 387 4493 ctionem
408 4447 553 4492 tuam
582 4437 864 4493 laudamus
883 4448 930 4492 et
957 4438 1338 4510 gloriﬁcamus,
1361 4448 1417 4495 et
1438 4441 1664 4512 reliqua.
1689 4442 1747 4498 Si
1775 4475 1828 4535 Β

167 4532 311 4587 enim
335 4531 450 4587 haec
478 4533 643 4586 verba
666 4533 933 4588 creaturis
951 4533 1103 4605 juugi
1130 4549 1239 4588 non
1265 4536 1609 4600 convenient,
1629 4536 1745 4606 jam

171 4639 267 4680 uec
293 4625 601 4696 legerentur
624 4626 678 4681 in
701 4625 839 4681 libro
863 4625 1133 4682 Geneseos
1153 4626 1220 4682 de
1245 4626 1383 4682 Loth
1408 4641 1423 4680 :
1459 4625 1747 4683 Venerunt-

169 4735 264 4788 que
283 4717 388 4770 duo
412 4716 582 4788 angeli
612 4715 896 4772 Sodomam
923 4735 1145 4789 vespere,
1187 4718 1396 4772 sedente
1430 4717 1560 4772 Loth
1592 4719 1645 4773 in
1666 4719 1748 4789 fo—

175 4809 311 4862 ribus
324 4807 570 4860 civitatis.
593 4805 696 4872 Qui
718 4823 836 4860 cum
858 4808 1087 4873 vidisset,
1103 4808 1349 4871 surrexit,
1369 4818 1415 4861 et
1439 4808 1527 4861 irit
1544 4808 1747 4863 obuiam

171 4899 265 4962 eis,
303 4908 354 4952 et
399 4897 639 4951 adoravit
679 4913 876 4967 pronus
918 4899 973 4952 in
1012 4907 1226 4952 terram.
1272 4897 1402 4952 Item
1435 4898 1488 4952 in
1519 4900 1744 4953 eodem:

177 4987 411 5041 Snrmrdt
431 4986 698 5043 Abraham
737 4996 785 5041 et
824 4987 1064 5042 adorauit
1103 4987 1353 5059 populum
1396 4996 1572 5053 terra',
1614 4986 1754 5057 filios

175 5077 404 5132 videlicet
448 5077 610 5135 Heth.
667 5078 799 5135 Item
844 5079 899 5134 in
946 5077 1137 5133 eodem
1170 5078 1236 5133 de
1271 5075 1476 5133 Iacob:
1530 5076 1599 5132 Et
1645 5079 1753 5150 ipse

176 5169 436 5240 egrediens
484 5170 721 5226 adorat-it
766 5186 964 5242 pronus
1006 5170 1064 5225 in
1107 5178 1298 5223 terram
1333 5170 1540 5239 septies,
1590 5170 1754 5223 donec

177 5261 607 5332 appropinquaret
627 5261 793 5331 frater
815 5261 951 5332 ejus.
979 5259 1125 5315 Idem
1147 5266 1274 5329 post
1295 5273 1499 5329 pauca:
1526 5258 1754 5314 Accessit

176 5366 372 5421 quoque
393 5349 492 5405 Lis
510 5366 628 5405 eum
648 5350 825 5406 liberis
845 5353 957 5406 suis
977 5358 1028 5405 et
1048 5364 1166 5407 cum
1181 5349 1425 5405 similiter
1444 5350 1751 5406 adorassent

174 5442 387 5497 cett-emi
404 5438 597 5512 Ioseph
619 5430 667 5497 et
689 5439 887 5497 Rachel
907 5441 1279 5496 adoraverunt.
1302 5439 1434 5496 Item
1458 5441 1511 5495 in
1527 5441 1745 5496 eodem:

174 5529 417 5603 Dicitque
461 5534 532 5586 ad
577 5548 684 5599 eos,
728 5534 833 5590 hoc
879 5543 962 5587 est
1000 5530 1197 5602 Ioseph
1249 5531 1316 5587 ad
1354 5529 1549 5587 fratres
1581 5546 1746 5589 suos:

176 5623 362 5677 Audite
381 5624 643 5678 somnium
682 5640 854 5679 meum
898 5624 1038 5696 quod
1082 5623 1224 5677 ridi:
1265 5619 1528 5677 Putabam
1567 5640 1659 5678 nos
1689 5623 1753 5677 li-

176 5732 298 5787 gare
341 5717 638 5788 manipulos
684 5719 738 5770 in
783 5733 915 5787 agro
960 5726 1009 5769 et
1048 5715 1198 5787 quasi
1238 5731 1546 5785 consurgere
1584 5717 1753 5770 mani-

1860 1901 1993 1956 ltcm
2018 1900 2070 1956 in
2096 1898 2234 1956 libro
2254 1898 2614 1967 Psalmorttm,
2641 1901 2705 1955 Et
2728 1902 3235 1957 adoratescabellum
3256 1906 3447 1974 pedum

1859 1991 1998 2061 ejus,
2033 1991 2158 2061 quia
2189 2000 2428 2044 sanctum
2454 1999 2551 2045 est.
2610 1991 2763 2047 Unde
2810 1992 3172 2063 Hieronymus
3202 2002 3399 2049 tractat
3428 2014 3442 2049 :

1864 2098 1885 2132 s
1914 2079 2053 2150 Quid
2091 2089 2175 2136 est
2202 2081 2303 2136 hoc
2333 2080 2626 2136 scabellum
2656 2081 2851 2152 pedum
2879 2080 3006 2138 Iesu
3037 2084 3294 2153 quoniam
3321 2099 3448 2139 san-

1859 2183 2005 2229 ctum
2031 2180 2117 2229 est
2139 2172 2412 2245 tlegimus
2443 2173 2495 2227 in
2526 2173 2632 2227 alio
2659 2192 2672 2228 :
2701 2172 2899 2227 Cretum
2927 2174 3054 2228 mihi
3097 2175 3319 2229 thronus
3343 2184 3441 2239 est,

1857 2272 1999 2318 terra
2027 2271 2201 2317 autem
2244 2261 2526 2317 scabellum
2567 2262 2760 2345 pedum
2806 2278 3060 2326 meorum,
3100 2272 3156 2319 et
3186 2279 3330 2318 nunc
3359 2264 3443 2318 di-

1856 2355 2000 2412 citur
2030 2355 2261 2410 adorare
2296 2351 2590 2410 scabellqu
2626 2355 2823 2424 pedum
2858 2353 2997 2423 ejus.
3034 2351 3095 2408 Si
3143 2360 3286 2407 terra
3324 2368 3440 2407 sca~

1854 2443 2055 2500 bellum
2079 2443 2278 2515 pedum
2328 2442 2476 2507 Iesu,
2509 2444 2709 2498 dicitur
2746 2451 2931 2498 autem
2971 2442 3198 2497 adorare
3235 2442 3445 2497 scabel-

1853 2534 1963 2590 lum
1991 2537 2187 2608 pedum
2213 2533 2331 2606 ejus
2355 2554 2369 2590 :
2398 2550 2527 2607 ergo
2554 2544 2700 2590 terra
2723 2534 2996 2591 adoranda
3023 2544 3126 2589 est.
3160 2532 3444 2602 Quomodo

1852 2627 2083 2699 legimus
2119 2627 2172 2682 in
2218 2626 2474 2697 Apostolo
2514 2627 2665 2695 quia,
2696 2633 2921 2693 excepto
2960 2622 3241 2689 Creatore,
3285 2638 3441 2677 crea—

1853 2727 2027 2773 turam
2054 2719 2281 2773 adorare
2311 2732 2415 2771 non
2442 2715 2737 2770 deluamus?
2774 2713 3017 2768 Adorare
3062 2714 3115 2767 in
3146 2711 3445 2784 Scripturis

1852 2810 2140 2881 dupliciter
2186 2808 2419 2863 dicitur:
2470 2806 2669 2862 dicitur
2715 2806 2859 2860 enim
2896 2805 3140 2860 adoratio
3184 2803 3341 2874 quasi
3386 2804 3439 2859 in

1852 2900 2021 2955 Deum
2051 2910 2106 2954 et
2151 2899 2352 2954 dicitur
2394 2899 2625 2953 adorare
2673 2898 2828 2968 quasi
2881 2898 3166 2952 honorare.
3218 2894 3444 2964 Quando

1851 2991 2082 3047 dicimur
2101 2990 2330 3044 adorare
2359 2989 2641 3043 Dominum
2671 2987 2888 3058 proprie
2914 2986 3156 3041 adoratio
3194 2985 3247 3041 in
3273 2986 3441 3041 Deum

1853 3081 2090 3151 ponitur.
2140 3080 2366 3147 Quando
2414 3085 2592 3134 autem
2640 3078 2695 3133 in
2754 3078 2972 3133 homine
3018 3076 3238 3143 dicitur,
3289 3077 3440 3132 verbi

1852 3186 2041 3234 causa,
2086 3169 2334 3224 adoravit
2384 3167 2518 3223 Sara
2564 3168 2859 3233 Abraham,
2905 3172 2959 3221 et
3005 3165 3253 3221 adoravit
3297 3166 3445 3221 Elias

1851 3259 2060 3325 Achab,
2092 3274 2197 3313 non
2226 3260 2381 3329 quasi
2412 3260 2604 3323 Deum,
2635 3257 2727 3313 sed
2761 3258 2850 3312 hic
2895 3257 3141 3313 adoratio
3173 3258 3328 3327 quasi
3355 3274 3442 3313 sa-

1851 3353 2039 3407 lutatio
2068 3351 2302 3421 ponitur.
2336 3349 2476 3420 Ergo
2506 3365 2649 3403 nunc
2695 3348 2971 3403 videamus
3001 3350 3101 3402 hoc
3130 3348 3272 3417 quod
3312 3348 3445 3402 dicit

1851 3452 1900 3497 et
1926 3441 2144 3495 adorate
2192 3438 2473 3492 scabellum
2525 3437 2714 3507 pedum
2761 3436 2897 3505 ejus,
2948 3436 3244 3490 secundum
3272 3450 3435 3505 quem

1852 3530 2070 3587 modum
2101 3529 2231 3585 dicit
2259 3528 2400 3583 sicut
2423 3527 2588 3581 Deum
2612 3526 2900 3579 adoramus
2929 3523 3222 3579 scabellum
3244 3525 3441 3594 pedum

1853 3624 1970 3688 Dei,
2000 3630 2092 3676 aut
2118 3621 2409 3676 adoramus
2424 3626 2479 3674 et
2504 3616 2804 3672 salutamus
2831 3616 2982 3685 quasi
3008 3615 3301 3670 hominem.
3333 3613 3439 3668 Le-

1852 3717 2029 3787 gimus
2057 3723 2111 3769 et
2135 3715 2188 3769 in
2217 3709 2694 3767 lamentationibus
2721 3706 3006 3772 Ieremiaa;
3046 3706 3276 3777 legimus
3302 3715 3357 3761 et
3384 3706 3437 3761 iu

1852 3807 1960 3862 alio
1990 3805 2289 3877 propheta:
2345 3799 2640 3868 Quomodo,
2691 3798 2885 3868 inquit,
2938 3797 3286 3866 sanctiﬁcarit
3330 3797 3439 3851 Do-

1852 3900 2024 3953 minus
2070 3895 2353 3952 scabellum
2406 3893 2596 3965 pedum
2651 3907 2867 3945 suorum
2918 3898 2975 3945 et
3022 3889 3095 3945 ibi
3146 3888 3439 3945 scabellum

1852 3989 2049 4062 pedum
2080 3989 2196 4059 ejus
2230 3984 2605 4055 Hierosolyma
2636 3982 2853 4047 dicitur,
2890 3981 3004 4037 sive
3032 3980 3310 4053 templum.
3338 3980 3440 4052 Igi-

1854 4091 1943 4136 tur
1964 4079 2255 4137 secundum
2285 4076 2568 4132 historiam
2619 4074 2848 4145 legimus
2873 4080 2927 4128 et
2969 4073 3024 4128 in
3070 4074 3178 4128 alio
3218 4074 3355 4137 loco,
3389 4084 3437 4126 et

1852 4171 2071 4227 adorato
2121 4167 2405 4224 scabellum
2445 4165 2634 4238 pedum
2673 4165 2811 4235 ejus.
2858 4162 2915 4219 Si
2954 4164 3117 4234 pedes
3147 4179 3253 4218 non
3289 4171 3438 4217 stant

1852 4263 1957 4317 nisi
2003 4262 2056 4315 in
2102 4258 2378 4315 scabello:
2419 4273 2549 4327 ergo
2594 4257 2699 4309 hoc
2727 4254 2941 4316 dicitur,
2994 4253 3063 4306 Et
3103 4253 3437 4307 adoravimns

1852 4355 1940 4409 ulti
1974 4359 2225 4407 steterunt
2270 4348 2424 4420 pedes
2469 4348 2604 4418 ejus,
2652 4345 2721 4400 de
2768 4343 3002 4400 scabello
3046 4343 3261 4398 dicitur.
3293 4343 3436 4416 Ergo

1853 4443 2147 4499 secundum
2175 4439 2411 4493 litteram
2442 4451 2728 4508 possumus
2756 4436 2860 4490 hoc
2894 4435 3095 4501 dicere,
3123 4434 3271 4490 verbi
3310 4450 3436 4489 cau-

1853 4549 1933 4600 sa,
1964 4532 2053 4587 ubi
2093 4538 2254 4585 natus
2292 4536 2396 4593 est,
2425 4529 2515 4582 ubi
2541 4525 2837 4582 cruciﬁxus
2861 4534 2965 4591 est,
2992 4526 3084 4581 ubi
3114 4526 3430 4580 resurrexit.

1851 4623 2118 4677 Caeterum
2142 4619 2434 4676 scabellum
2458 4617 2651 4689 pedum
2683 4614 2810 4672 Iesu
2833 4617 3013 4671 anima
3037 4616 3305 4671 credentis
3327 4625 3429 4672 est.

1852 4715 2003 4770 Felix
2030 4722 2114 4769 est
2145 4713 2233 4768 ille
2261 4713 2315 4767 in
2350 4710 2505 4780 cujus
2530 4718 2749 4781 pectore
2776 4709 2941 4780 pedes
2963 4709 3203 4779 quotidie
3225 4724 3434 4779 ponun-

1855 4814 1942 4859 tur
1964 4803 2111 4859 Iesu.
2136 4802 2357 4859 Utinam
2384 4809 2439 4857 et
2480 4801 2533 4855 in
2574 4813 2698 4855 meo
2735 4807 2955 4868 pectore
2988 4807 3254 4867 ponantur
3272 4798 3436 4866 pedes

1820 4895 1969 4966 “ejus
1993 4913 2009 4962 ;
2065 4897 2271 4951 utinam
2298 4893 2524 4966 vestigia
2547 4891 2663 4962 ejus
2690 4907 2903 4963 semper
2931 4891 3173 4947 haereant
3194 4891 3246 4946 in
3269 4893 3433 4948 cordo

1854 5003 2017 5053 meo;
2070 4988 2279 5043 utinam
2320 4994 2378 5040 et
2423 5000 2525 5056 ego
2569 4984 2745 5040 dicam
2787 4998 2912 5038 cum
2947 4998 3182 5053 sponsa:
3234 4981 3433 5037 Tenebo

1851 5095 1992 5143 eum,
2021 5089 2072 5134 et
2100 5095 2203 5134 non
2239 5078 2517 5132 dimittam.
2557 5074 2801 5145 Sponsus
2827 5072 2936 5129 cito
2958 5072 3264 5137 oﬂ'enditur,
3300 5087 3437 5126 sem-

1851 5185 1952 5242 per
1982 5164 2276 5224 munditias
2318 5174 2485 5232 amat,
2511 5165 2819 5235 ubicunque
2863 5162 3052 5219 sordes
3093 5160 3290 5217 viderit
3326 5161 3435 5216 cito

1853 5261 2079 5319 recedit.
2113 5260 2184 5315 Et
2211 5261 2427 5314 adorato
2474 5256 2757 5314 scabellum
2803 5255 2993 5320 pedum
3031 5254 3147 5325 ejus
3184 5253 3430 5324 quoniam

1856 5361 2095 5410 sanctum
2121 5361 2222 5417 est,
2263 5365 2371 5406 non
2410 5363 2571 5405 omne
2612 5347 2901 5404 scabellum
2928 5348 3122 5417 pedum
3163 5344 3298 5413 ejus,
3335 5343 3430 5397 sed

1856 5445 2215 5517 quodcunque
2261 5449 2510 5497 sanctum
2555 5448 2662 5505 est,
2699 5437 2842 5507 quod
2887 5437 2940 5491 in
2991 5433 3276 5490 sanctitate
3310 5445 3433 5501 per-

1856 5540 2092 5597 severat,
2117 5531 2266 5585 verbi
2294 5544 2479 5593 causa,
2511 5528 2733 5581 adorata
2776 5522 3067 5579 seahellum
3092 5519 3286 5592 pedum
3315 5519 3432 5590 ejus

1857 5622 2074 5681 Petrum
2104 5633 2159 5677 et
2182 5619 2426 5683 i‘aulum,
2454 5626 2509 5674 et
2528 5625 2751 5673 caeteros
2778 5610 3049 5684 apostolos
3066 5610 3303 5673 adorate,
3329 5610 3431 5663 hoc

1856 5723 1937 5768 est
1969 5713 2229 5767 honorate
2255 5729 2269 5771 ;
2298 5718 2534 5763 sanctum
2556 5715 2650 5769 est,
2692 5702 2809 5759 illos
2832 5702 3052 5757 adorato
3080 5699 3171 5772 qui
3213 5700 3266 5756 in
3300 5716 3427 5756 sau-
