3838 6144
333 305 438 359 435

1671 297 1970 352 ὓιῖΝϐΑιΙ
2013 297 2304 353 liElILliSl

3501 305 3604 356 484

333 417 521 470 ctitate
547 421 918 484 perseverant.
950 413 1214 466 Ctetcrum
1233 410 1322 479 qui
1355 409 1644 462 seabellum
1673 409 1912 468 fuerunt.
1945 410 1989 468 Α
2019 409 2084 464 de
2135 411 2240 465 hac
2297 412 2508 466 ratione
2553 415 2796 482 exempla
2837 416 3198 484 reperiuntur.
3249 414 3510 470 Paulinus
3553 421 3604 474 in

335 519 391 561 et
419 521 526 560 non
554 514 683 559 sunt
711 501 1065 568 sancti,pillos
1112 516 1178 554 ne
1221 501 1463 554 adoretis
1489 517 1520 564 ;,
1550 500 1702 554 verbi
1734 516 1916 561 causa,

334 597 500 651 ludas
528 595 772 665 proditor
797 591 1088 648 scabellum
1120 591 1215 644 Dei
1245 589 1364 653 fuit,
1400 591 1494 644 sed
1529 590 1784 658 quoniam
1814 605 1920 642 non

334 695 420 738 est
465 693 682 738 sanctus
731 698 839 736 non
889 697 1010 734 eum
1063 679 1346 733 adoretis.)
1381 677 1685 733 Secundum
1743 686 1920 732 autem

336 790 502 827 unum
537 772 826 838 supradicti
877 770 1024 822 verbi
1057 769 1388 823 intellectum
1418 770 1510 840 qui
1555 770 1621 826 ad
1649 771 1922 824 hominem

335 863 594 930 pertinet,
628 863 680 914 in
731 859 872 914 libro
930 860 1136 930 Regum
1183 861 1441 928 scriptum
1489 869 1610 914 est:
1683 859 1920 916 Videntes

335 963 510 1006 autem
537 953 637 1020 β’ἱὶ
660 951 1030 1021 prophetarum
1065 951 1154 1021 qui
1199 961 1348 1004 erant
1387 952 1438 1006 in
1483 949 1660 1004 Jeriro
1691 969 1717 1006 e
1738 964 1918 1008 contra

334 1045 578 1097 dixerunt
603 1057 621 1094 :
645 1041 908 1112 Requievit
936 1043 1150 1112 spiritus
1199 1041 1333 1094 Elin!
1359 1059 1514 1112 super
1553 1042 1804 1096 Elisarnm
1827 1060 1846 1106 ;
1871 1052 1921 1097 et

335 1135 589 1186 uenientes
619 1133 672 1185 in
697 1148 970 1186 occursum
1009 1131 1122 1200 ed'us
1152 1132 1499 1185 adorurernnt
1527 1149 1643 1185 eum
1689 1134 1838 1204 proni
1867 1135 1920 1186 in

333 1236 548 1276 terram.
584 1221 718 1276 Item
751 1221 804 1274 in
831 1219 1052 1274 Actibus
1082 1219 1442 1288 apostolorum
1471 1239 1482 1272 :
1535 1220 1596 1272 Et
1629 1221 1824 1290 factum
1846 1231 1920 1276 est

333 1335 450 1369 eum
471 1318 737 1370 introisset
765 1314 976 1378 Petrus,
1024 1313 1198 1366 obvius
1250 1313 1298 1366 ei
1338 1311 1612 1366 Cornelius
1645 1315 1920 1384 procidens

333 1407 615 1472 adoravit;
649 1405 838 1458 Petrus
886 1423 1002 1461 vero
1033 1403 1213 1458 levavit
1257 1423 1373 1458 eum
1414 1405 1589 1460 dicens
1617 1422 1634 1459 :
1662 1405 1830 1476 Surge
1870 1417 1920 1460 et

333 1513 425 1562 ego
451 1495 558 1563 ipse
583 1495 738 1548 homo
764 1512 878 1548 sum
891 1513 909 1560 ;
935 1497 1075 1566 quod
1091 1495 1228 1548 Beda
1257 1495 1477 1566 exponit
1501 1497 1704 1560 dicens,
1728 1517 1745 1546 ε
1767 1495 1932 1568 gestu

333 1587 580 1654 (πειι-ρονίε
611 1586 948 1640 demonstrat
984 1585 1266 1640 Cornelius
1311 1587 1438 1655 quid
1483 1588 1629 1642 intus
1675 1589 1726 1642 in
1757 1589 1919 1644 corde

335 1675 634 1732 devotionis
665 1677 934 1732 habuerit.
972 1677 1195 1732 Obviam
1225 1679 1368 1732 enim
1398 1695 1496 1732 suo
1536 1681 1743 1734 doctori
1775 1681 1919 1734 venit

2024 505 2162 560 libro
2187 523 2242 560 lx
2271 522 2432 575 quem
2473 509 2540 562 de
2577 509 2870 564 virtutibus
2915 511 3090 564 sancti
3137 507 3333 564 Felicis
3379 511 3614 564 metrico

2023 603 2170 650 textu
2197 597 2497 666 composuit
2531 615 2544 651 :

2093 687 2232 742 Ecce
2259 689 2560 744 sacerdotis
2591 689 2824 744 reditum
2854 691 3084 744 satiatus
3109 691 3276 746 adoro

2024 779 2338 848 Suscipiens
2367 779 2554 834 humili
2593 789 2882 836 metantem
2909 780 2964 834 in
2995 789 3212 850 pectore
3239 781 3542 840 Christum.

2735 890 2904 946 Idem.

2023 981 2090 1034 Et
2117 981 2242 1036 licet
2269 997 2298 1034 a
2319 981 2492 1035 veteri
2525 979 2744 1036 tumulis
2769 981 3119 1038 absconditus
3143 999 3255 1039 aevo
3291 995 3294 998 '

2021 1071 2136 1136 Qua
2177 1071 2420 1125 mortalis
2441 1079 2558 1124 erat
2583 1067 2744 1124 latuit
2771 1069 2983 1125 telluris
3009 1081 3217 1141 operto,

2023 1162 2156 1216 Vina
2189 1169 2370 1216 tamen
2392 1169 2678 1230 vegetante
2701 1157 2814 1215 Deo
2839 1162 3206 1233 membrisque
3225 1173 3504 1232 superstes

2020 1250 2229 1314 Gratia,
2265 1252 2506 1306 divinum
2531 1253 2797 1321 spirantia
2829 1253 3082 1322 martyris
3107 1269 3228 1310 ossa

2021 1341 2294 1396 Clariticat
2317 1343 2529 1412 populis
2551 1343 2748 1396 merito
2771 1342 2984 1396 vivente
3001 1343 3197 1412 sepulti

2021 1432 2088 1485 Et
2117 1433 2294 1502 magni
2325 1432 2514 1487 solium
2547 1434 2710 1487 breve
2731 1431 3060 1488 confessoris
3079 1437 3285 1488 adorat.

2019 1523 2228 1596 Jugiter
2255 1541 2284 1580 e
2313 1527 2479 1580 variis
2509 1537 2762 1596 congesta
2781 1527 3096 1597 frequentia
3127 1529 3302 1584 terris.

2021 1634 2157 1688 Item
2183 1633 2504 1689 Prudentius
2537 1637 2590 1689 in
2619 1637 2749 1690 libro
2778 1639 2866 1708 qui
2891 1637 3244 1708 pra'titnlntur
3279 1642 3616 1712 Apotheosis.

335 1764 566 1830 auditor,
598 1766 688 1834 qui
717 1767 912 1820 mundo
936 1775 1153 1835 pectore
1188 1775 1241 1820 et
1285 1768 1489 1822 intenta
1527 1770 1741 1824 sedulus
1765 1786 1916 1838 aure,
1948 1756 1996 1816 Β
2021 1743 2132 1838 uec
2161 1759 2417 1838 “ﬁrmis”
2436 1746 2614 1838 rere”
2645 1746 2861 1818 l‘ybiCiS
2887 1749 2940 1802 i“
2971 1747 3220 1821 Syrtibus
3250 1749 3534 1810 "nmmo"

337 1867 496 1924 atque
526 1857 756 1912 inhianti
787 1857 1057 1912 desiderio
1081 1858 1302 1912 verbum
1333 1859 1452 1914 fidei
1485 1860 1746 1929 suscipit;
1793 1877 1916 1916 nam

335 1947 426 2015 qui
457 1948 605 2001 tarde
640 1948 707 2002 ad
738 1948 1064 2003 credendum
1089 1950 1445 2019 pertrahitur,
1472 1951 1626 2022 quasi
1649 1968 1678 2006 a
1699 1953 1921 2008 doctore

329 2038 516 2104 jacens
543 2039 790 2110 erigitur.
845 2039 950 2094 Sed
979 2039 1070 2108 qui
1105 2039 1171 2094 de
1221 2057 1330 2096 sua:
1363 2041 1488 2095 vita:
1527 2042 1754 2110 maculis
1791 2059 1913 2100 eru-

333 2131 561 2186 bescens
589 2130 917 2202 procidendo
946 2131 996 2184 in
1034 2131 1230 2187 faciem
1259 2133 1576 2188 humilitatis
1619 2134 1826 2203 pariter
1865 2144 1922 2190 et

333 2221 558 2290 pudoris
588 2221 784 2277 indicia
820 2223 1059 2292 praefert,
1101 2224 1223 2294 jure
1251 2239 1280 2278 a
1322 2239 1420 2278 suo
1445 2235 1777 2294 prmceptore
1801 2242 1919 2282 me-

335 2319 489 2366 retur
515 2312 668 2384 erigi.
697 2311 890 2368 Petrus
909 2329 1038 2370 vero
1067 2315 1258 2385 inquit,
1283 2325 1336 2370 et
1371 2317 1595 2386 reliqua.
1622 2337 1640 2369 ι
1667 2317 1922 2374 Commu-

335 2403 552 2458 nioncm
575 2403 772 2474 quippe
799 2395 1124 2472 :cqualitatis
1151 2406 1350 2460 meruit
1388 2408 1646 2468 sanctitas
1670 2409 1918 2464 actionis.

335 2493 468 2548 Item
493 2493 548 2546 in
578 2494 900 2564 Apocalypsi
928 2513 940 2549 :
977 2495 1041 2549 Et
1067 2496 1204 2550 dixit
1231 2497 1358 2550 mihi
1381 2512 1399 2549 :
1441 2495 1569 2552 Vide
1601 2517 1663 2554 ne
1691 2501 1919 2570 fecerit;

331 2600 612 2636 conserens
643 2585 779 2638 enim
809 2594 932 2640 tuus
971 2602 1085 2639 smn
1130 2595 1178 2639 et
1216 2585 1442 2654 fratrum
1473 2599 1682 2656 tuorum
1727 2591 1924 2646 haben-

328 2674 464 2726 tium
511 2675 864 2730 testimonium
907 2675 1058 2732 Jeau.
1108 2677 1182 2732 De
1229 2679 1330 2734 hoc
1370 2691 1590 2736 sanctus
1631 2681 1924 2755 Gregorius

333 2769 536 2815 tractat
562 2764 746 2818 dicens
777 2781 789 2817 :
824 2784 842 2816 ι
872 2763 1005 2832 Quia
1029 2767 1173 2820 enim
1206 2768 1333 2822 cudi
1359 2785 1455 2823 rex
1490 2779 1692 2844 terram
1722 2783 1924 2830 nostra:

333 2851 516 2904 raruis
540 2855 854 2922 assumpsit,
881 2856 1245 2913 infirmitatem
1287 2869 1532 2916 nostram
1577 2862 1663 2917 illa
1689 2864 1798 2933 jam
1827 2881 1922 2920 au-

331 2941 501 3008 g~liea
529 2942 788 2998 celsitudo
819 2961 926 2999 non
955 2946 1200 3016 despicit.
1231 2949 1308 3002 Ad
1342 2967 1528 3020 pacem
1561 2963 1801 3008 nostram
1833 2971 1924 3010 an—

331 3034 440 3103 ειεΞί
468 3036 713 3102 νεξὶθιιιιι,
745 3037 1096 3095 ἰηιριιιίῡηθιιι
1141 3045 1337 3112 prioris
1384 3044 1666 3104 (iiSCOI'ditl‘
1705 3061 1920 3122 postpo-

2020 1835 2138 1906 lpsa
2176 1837 2288 1890 suis
2317 1835 2590 1891 Christum
2615 1837 2873 1908 Capitolia
2898 1839 3122 1896 Ronmla
3163 1853 3395 1900 maerent

2021 1925 2366 1994 Principibus
2393 1925 2576 1981 lucere
2605 1921 2792 1989 Deum,
2827 1929 3206 2002 destructaque
3231 1934 3423 2002 templa

2019 2011 2250 2086 imperio
2275 2016 2540 2071 cecidisse
2569 2019 2762 2072 ducum
2793 2017 2904 2086 jam
2935 2035 3170 2090 purpura
3201 2024 3426 2093 supplex

2022 2107 2296 2162 Sternitur
2323 2105 2582 2164 Encadm
2613 2109 2840 2164 rectoris
2866 2111 2932 2164 ad
2962 2111 3097 2164 atria
3125 2111 3326 2168 Christi

2021 2199 2400 2271 Vexillumque
2427 2199 2608 2255 erucis
2635 2215 2879 2254 summus
2916 2199 3220 2256 dominator
3248 2202 3460 2259 adorat.

2022 2309 2172 2365 Idem
2217 2311 2286 2365 ad
2345 2309 3024 2386 Valerianumnepiseopunt
3050 2315 3114 2370 de
3153 2319 3398 2386 passione
3437 2325 3621 2376 sant-ti

2669 2380 2958 2454 Hippolyti.

2021 2471 2174 2527 Mane
2197 2481 2490 2528 salutatum
2519 2473 2880 2538 concurritur,
2909 2475 3084 2530 omnis
3113 2476 3302 2532 adorat

2019 2561 2212 2625 Pubcs,
2256 2573 2405 2630 eunt,
2438 2563 2684 2624 redeunt.
2717 2563 2848 2619 solis
2875 2563 2940 2618 ad
2971 2580 3143 2635 usque
3166 2569 3390 2624 obitum.

2089 2655 2335 2710 Alterum
2365 2663 2543 2711 autem
2578 2659 2823 2720 verbum,
2851 2661 2993 2728 quod
3020 2668 3102 2714 est
3129 2661 3265 2726 colo,
3296 2663 3620 2724 Priscianus

2021 2745 2111 2815 qui
2139 2757 2362 2817 propter
2391 2747 2708 2804 nobilissimi
2731 2749 3029 2805 claritatem
3061 2752 3257 2822 ingenii
3296 2753 3476 2810 lumen
3507 2757 3621 2812 Ro-

2019 2851 2192 2889 mana,-
2243 2835 2507 2905 facrmdim
2547 2839 2741 2892 meruit
2785 2839 3026 2903 vocitari,
3069 2842 3330 2912 triplicem
3381 2861 3619 2903 sensum

2020 2927 2220 2982 habere
2249 2927 2582 2984 demonstrat
2610 2931 2682 2984 ita
2707 2931 2934 2986 dicendo
2961 2951 2973 2985 :
3013 2931 3140 2986 Coio
3166 2951 3366 3006 quoque
3394 2955 3493 3005 pro
3533 2939 3622 2992 di-

2022 3016 2146 3086 ligo,
2177 3027 2225 3070 et
2261 3019 2458 3082 habito,
2499 3031 2548 3073 et
2587 3037 2680 3073 aro
2722 3023 2997 3091 accipitur.
3033 3023 3168 3079 llinc
3195 3026 3534 3096 Augustinus
3567 3030 3624 3084 in

337 3135 494 3188 num,
521 3134 574 3180 et
603 3141 738 3196 quos
787 3128 1030 3184 infinitos
1081 3103 1232 3200 prius
1276 3133 1620 3206 abjcctosque
1665 3103 1921 3210 despeite-
1949 3103 1992 3164 Ο
2027 3105 2164 3160 “bro
2195 3123 2224 3160 Χ
2251 3107 2316 3160 de
2345 3107 2575 3210 civitate
2819 3109 3056 3168 Lamum
3077 3114 3274 3210 quippe
3297 3117 3468 3210 nos”?
3497 3120 3624 3173 ὧδ’

337 3223 482 3278 rant,
527 3214 642 3284 jam
683 3217 860 3273 socios
899 3231 1242 3276 venerantur.
1291 3223 1428 3278 llinc
1455 3235 1541 3280 est
1586 3229 1728 3284 enim
1779 3233 1922 3300 quod

333 3303 494 3370 Loth,
526 3307 608 3361 vel
638 3305 803 3364 Josue
827 3311 1047 3380 angelos
1075 3313 1322 3378 adorant,
1352 3330 1452 3370 nec
1487 3325 1666 3372 tamen
1696 3321 1924 3376 adorare

332 3397 726 3466 prohibentur:
775 3399 1012 3457 Joannes
1058 3420 1185 3460 vero
1230 3405 1284 3470 in
1325 3406 1644 3480 Apocalypsi
1694 3412 1922 3468 adorare

331 3489 583 3558 angelum
603 3492 800 3570 voluit,
840 3495 930 3550 sed
963 3503 1138 3550 tamen
1169 3497 1308 3552 idem
1341 3499 1485 3554 hunc
1522 3501 1742 3572 angelus
1771 3519 1838 3560 ne
1864 3521 1922 3562 se

336 3579 781 3640 debeatadorare
807 3587 1122 3656 compescit,
1155 3588 1377 3644 dicens:
1435 3587 1561 3644 Vide
1609 3609 1672 3644 ne
1711 3592 1918 3662 feceris,

333 3685 612 3724 conserens
641 3681 760 3725 tuus
790 3691 906 3726 sum
935 3685 980 3727 et
1013 3675 1239 3744 fratrum
1261 3686 1491 3730 (norum.
1523 3679 1658 3746 Quid
1681 3685 1922 3752 estquod

333 3767 464 3810 ante
513 3759 888 3832 Redemptoris
934 3765 1222 3818 adventum
1274 3768 1448 3835 angeli
1499 3771 1566 3824 ab
1615 3773 1922 3831 hominibus

336 3847 633 3900 adorantur
654 3861 709 3902 et
739 3859 939 3914 tacent,
977 3855 1319 3922 postmodum
1349 3865 1475 3912 vero
1521 3861 1732 3918 adorari
1773 3865 1920 3920 refu-

331 3935 512 4004 giunt,
543 3937 642 3991 nisi
672 3940 814 4007 quod
837 3949 1084 3995 naturam
1109 3952 1348 4000 nostram
1375 3962 1534 4016 (luam
1557 3951 1706 4018 prius
1727 3955 1920 4026 despc-

335 4035 551 4092 xerant,
607 4035 891 4097 postquam
942 4031 1082 4086 hanc
1123 4048 1286 4102 super
1331 4051 1390 4089 se
1433 4051 1763 4110 assumptum
1789 4061 1920 4102 con-

331 4117 592 4184 spiciunt,
637 4119 961 4175 substratam
1013 4123 1111 4176 sibi
1159 4123 1338 4179 videre
1369 4129 1775 4196 pertimescunt.
1811 4135 1921 4192 Nec

327 4207 443 4278 jam
487 4209 588 4263 sub
631 4225 690 4265 se
735 4211 881 4266 velut
913 4213 1180 4269 infirmam
1229 4230 1572 4277 contemnere
1606 4226 1722 4279 ausi
1771 4239 1916 4296 sunt,

335 4319 496 4370 quinm
547 4319 710 4374 super
755 4320 814 4359 se
861 4305 1107 4362 videlicet
1145 4309 1199 4363 in
1247 4305 1368 4368 celi
1405 4329 1531 4384 rege
1573 4329 1914 4377 venerantur.

335 4393 444 4448 Nec
474 4395 676 4449 habere
698 4396 1055 4468 dedignantur
1087 4401 1354 4458 hominem
1394 4407 1596 4462 socium
1639 4411 1730 4481 qui
1758 4428 1920 4484 super

337 4502 396 4540 se
439 4487 674 4541 adorant
701 4489 974 4546 hominem
1005 4493 1194 4548 Deum.
1227 4514 1244 4544 ι
1294 4495 1478 4566 Neque
1529 4501 1672 4556 enim
1727 4503 1915 4558 beatus

330 4575 570 4633 Joannes
599 4579 874 4648 apostolus
897 4590 952 4636 ct
972 4586 1298 4654 evangelista
1311 4586 1510 4644 Christi
1536 4581 1916 4650 dilectissimus

331 4671 666 4738 spiritalibus
694 4673 793 4727 sibi
825 4691 854 4728 a
895 4675 1005 4730 Deo
1029 4669 1278 4734 revelatis
1317 4681 1615 4738 visionibus
1635 4685 1860 4740 alienari
1885 4703 1914 4742 a

335 4757 449 4813 Deo
472 4761 658 4827 voluit,
682 4771 734 4816 et
762 4765 1018 4819 honorem
1053 4767 1154 4836 ipsi
1191 4768 1290 4822 soli
1340 4769 1578 4826 debitum
1623 4774 1918 4846 incongrue

335 4849 624 4905 deferendo
645 4853 980 4924 sacrilegium
1005 4859 1364 4923 committere,
1395 4871 1449 4914 et
1474 4865 1778 4920 contrarius
1803 4867 1914 4924 Deo

334 4940 452 4994 fieri
483 4949 571 5010 qui
599 4959 655 4996 se
680 4952 826 4998 tento
853 4946 1106 5000 exultavit
1138 4950 1359 5004 honore.
1383 4949 1491 5006 Nec
1511 4954 1676 5010 etiam
1704 4960 1924 5030 angelus

334 5046 594 5108 tanquam
621 5037 833 5094 divin—us
851 5041 954 5095 sibi
985 5041 1052 5096 ab
1077 5044 1317 5112 apostoio
1337 5045 1516 5100 cultus
1539 5059 1684 5104 esset
1707 5053 1926 5120 allatus,

339 5123 422 5182 ita'
443 5130 710 5184 recusavit
729 5132 822 5186 sed
848 5136 1218 5190 tantumnodo
1238 5152 1334 5206 per
1363 5139 1720 5198 humilitatem
1753 5145 1918 5213 ill.:m,

333 5228 394 5272 ut
421 5221 734 5292 prmdietum
757 5236 858 5292 est,
885 5227 1136 5284 humame
1157 5241 1360 5288 natnra‘
1383 5238 1468 5290 sul.
1486 5242 1736 5296 stantiam
1759 5257 1918 5311 quam

333 5325 366 5361 a
397 5311 505 5364 Deo
531 5312 581 5366 in
611 5315 872 5372 unitatem
903 5335 1146 5388 pet-sonte
1170 5326 1416 5392 cognovit
1443 5340 1798 5400 assumptum,
1823 5333 1922 5388 siti

335 5401 504 5458 noluit
531 5407 835 5462 venerando
865 5425 924 5464 se
947 5410 1130 5466 videre
1155 5415 1480 5470 substratam
1503 5427 1557 5470 et
1589 5421 1920 5478 inclinatam.

337 5489 486 5548 Licet
512 5505 570 5550 ut
591 5498 722 5552 solet
749 5501 1022 5572 multiplex
1048 5521 1164 5559 esse
1185 5522 1376 5560 sensus
1401 5507 1690 5576 Scriptum
1713 5511 1781 5564 ab
1803 5511 1926 5566 aliis

335 5580 645 5642 doctoribus
685 5589 799 5646 haec
827 5592 1048 5662 intelligi
1086 5595 1454 5660 cognovimus.
1509 5596 1619 5652 lloc
1655 5601 1816 5654 modo
1839 5602 1916 5656 si-

335 5670 535 5726 militer
555 5677 610 5730 in
629 5683 842 5736 (ueteris
867 5691 1176 5736 sanctorum
1205 5682 1354 5736 libris
1377 5694 1658 5740 auctorum
1687 5688 1914 5758 plurima

1944 4456 1996 4514 D

2026 3211 2238 3265 cuntpte
2266 3207 2574 3254 sanctarum
2607 3197 3011 3269 Scripturarum
3055 3205 3288 3272 positum
3317 3221 3404 3260 ρει
3453 3207 3624 3264 inter-

2026 3291 2220 3359 pretati
2252 3299 2378 3344 sunt
2403 3291 2717 3358 servitutem.
2760 3293 2864 3348 Sed
2890 3309 2950 3348 ea
2979 3295 3211 3350 servitus
3236 3312 3356 3368 qua:
3385 3301 3628 3356 debetur

2025 3379 2330 3434 lmminibus
2357 3381 2651 3435 scentulum
2682 3397 2843 3452 quam
2886 3383 3133 3454 prmcipit
3177 3385 3472 3456 Apostolus
3505 3405 3624 3444 ser-

2024 3485 2119 3524 vos
2145 3471 2376 3525 dontinis
2414 3471 2526 3525 suis
2552 3471 2793 3528 subditos
2831 3488 2952 3529 esse
2997 3473 3213 3540 debere,
3251 3476 3358 3530 alio
3392 3481 3620 3536 nomine

2023 3559 2209 3614 Gru'ce
2235 3561 2531 3630 nuncupari
2563 3561 2715 3616 solet.
2749 3561 2934 3616 Latria
2979 3579 3107 3617 vero
3141 3568 3436 3622 secun'ium
3487 3586 3622 3623 con-

2023 3650 2360 3704 suetudinem
2389 3665 2492 3720 qua
2531 3650 2692 3705 locuti
2723 3660 2848 3706 sunt
2878 3653 2968 3721 qui
2997 3653 3152 3708 nobis
3182 3655 3360 3710 divina
3394 3657 3616 3729 eloquia

2021 3741 2395 3805 condiderunt,
2428 3751 2519 3794 aut
2544 3757 2774 3812 semper,
2804 3753 2898 3798 aut
2923 3751 3031 3798 tam
3064 3745 3370 3815 frequenter
3395 3757 3456 3802 ut
3477 3766 3618 3819 pene

2023 3847 2254 3902 semper,
2286 3847 2348 3887 ea
2386 3834 2586 3888 dicitur
2629 3835 2864 3890 servitus
2902 3853 3020 3906 qua:
3049 3840 3282 3907 pertinet
3311 3841 3379 3895 ad
3425 3842 3617 3896 colen-

2023 3923 2148 3976 dum
2179 3923 2368 3977 Deum.
2401 3923 2633 3980 Proinde
2675 3925 2720 3980 si
2768 3927 3139 3982 tantummodo
3177 3931 3352 3985 cultus
3383 3932 3502 4002 ipse
3529 3935 3614 3986 di-

2021 4023 2196 4077 catur,
2243 4030 2351 4068 non
2401 4013 2498 4069 soli
2529 4015 2638 4070 Deo
2670 4015 2852 4071 deberi
2901 4017 3134 4072 videtur.
3187 4017 3428 4082 Dicimur
3457 4025 3608 4077 extim

2022 4103 2201 4159 colere
2227 4105 2474 4176 egregios
2499 4105 2768 4171 homines,
2813 4123 2946 4176 quos
2975 4109 3268 4166 honoriﬁca
3316 4111 3400 4166 vel
3431 4130 3616 4168 recor-

2021 4196 2255 4260 datione,
2283 4197 2370 4252 vel
2407 4198 2692 4266 prrescntia
2739 4197 3162 4268 frequentamus.
3198 4201 3307 4257 Nec
3337 4201 3512 4258 solum
3545 4224 3612 4262 ea

2021 4287 2217 4354 quibus
2247 4303 2344 4340 nos
2373 4287 2620 4358 religiosa
2645 4288 2950 4345 humilitate
2980 4291 3316 4362 subjicimus,
3341 4295 3436 4348 sed
3461 4314 3614 4366 que-

2022 4377 2143 4431 dam
2173 4379 2334 4432 etiam
2386 4395 2505 4448 qtae
2553 4381 2793 4450 subjecta
2849 4392 2974 4436 sunt
3022 4384 3196 4450 nobis,
3255 4387 3614 4455 perhibentur

2019 4467 2142 4523 coli.
2182 4469 2318 4524 Nam
2357 4487 2422 4524 ex
2457 4472 2558 4526 hoc
2605 4473 2772 4527 verbo
2817 4483 2871 4528 et
2925 4476 3192 4546 agricolm,
3225 4487 3278 4530 et
3327 4479 3528 4539 coloni.
3558 4493 3612 4536 et

2021 4559 2209 4612 incola!
2235 4571 2515 4626 vocantur,
2559 4571 2612 4616 et
2643 4564 2785 4633 ipsos
2817 4566 2948 4621 deos
2997 4584 3102 4620 non
3133 4569 3200 4620 ob
3228 4569 3372 4623 aliud
3420 4574 3612 4642 appel-

2021 4651 2131 4704 lant
2157 4667 2187 4705 c
2211 4653 2449 4714 rlicolas,
2484 4655 2584 4708 nisi
2617 4655 2758 4724 quod
2785 4657 2980 4711 coelum
3021 4659 3236 4724 colant;
3287 4677 3392 4714 non
3423 4664 3612 4731 utique

2020 4743 2345 4806 venerando,
2374 4745 2466 4798 sed
2499 4745 2868 4812 inhaiiitzmdo,
2911 4757 3162 4817 tanquam
3191 4751 3310 4805 cu-li
3343 4755 3608 4821 quosdam

2021 4832 2278 4896 colonos;
2316 4851 2420 4887 non
2456 4836 2596 4890 sicut
2633 4837 2967 4906 appellantur
2994 4839 3168 4892 eoloni
3213 4840 3302 4909 qui
3342 4843 3610 4896 conditio-

2019 4941 2143 4978 nem
2190 4926 2386 4979 t’elrcnt
2431 4927 2648 4996 genitali
2685 4927 2796 4983 solo
2823 4939 3042 5000 propter
3087 4931 3474 5002 agriculturam
3507 4937 3610 4988 sub

2021 5017 2258 5071 dominio
2287 5035 2676 5086 possessorum,
2726 5021 2840 5084 sed,
2874 5021 3012 5075 sicut
3041 5023 3112 5076 ait
3156 5023 3372 5091 quidam
3425 5023 3606 5080 Latini

2017 5107 2215 5177 eloquii
2291 5125 2515 5180 magnus
2587 5119 2776 5162 auctor
2851 5111 3038 5182 (Virg.
3093 5113 3306 5166 .aneid.
3361 5129 3400 5178 t,
3471 5116 3604 5186 J1‘2):

2272 5217 2396 5266 Urbs
2421 5223 2614 5282 antiqua
2641 5219 2750 5280 fuit,
2772 5219 2897 5284 ΤμῚί
2921 5229 3131 5271 tenuere
3153 5223 3328 5280 coloni,

2021 5332 2088 5384 ab
2117 5329 2397 5384 incolenzfo
2423 5330 2566 5382 enim
2613 5329 2833 5386 colonos
2861 5331 3076 5386 voravit
3116 5347 3223 5386 non
3263 5333 3332 5390 ab
3369 5333 3608 5400 agricul-

2021 5430 2162 5474 tura.
2189 5420 2326 5474 lliuc
2349 5430 2404 5474 ct
2447 5421 2694 5476 civitates
2731 5439 2758 5474 a
2803 5421 3098 5490 majoribus
3123 5422 3434 5480 civitatibus
3461 5425 3610 5480 velut

2019 5509 2337 5581 populorum
2375 5511 2716 5568 examinibus
2747 5515 3002 5580 conditae.
3030 5513 3256 5570 coloniae
3283 5530 3606 5586 nuncupan-

2022 5610 2128 5654 tur.
2157 5600 2234 5654 Ac
2265 5615 2362 5668 per
2389 5601 2491 5654 hoc
2516 5601 2719 5656 cultum
2749 5603 2964 5672 quidem
2989 5619 3094 5657 non
3117 5603 3300 5662 deberi
3331 5605 3434 5660 nisi
3469 5605 3606 5668 Deo.

2020 5692 2233 5764 propria
2271 5691 2502 5762 quadam
2543 5693 2750 5748 ratione
2780 5695 2924 5750 verbi
2953 5694 3112 5765 hujus
3135 5697 3358 5752 omnino
3379 5699 3606 5754 verissi-
