3838 6144
131 308 222 367 485
1106 300 1232 357 LIB.
1275 291 1646 356 ADVERSES
1681 293 2035 353 ClAUDlUM
2078 292 2352 350 TAUl‘th.
3289 294 3397 349 ‘86

127 434 263 477 mum
285 426 406 482 est;
438 414 535 470 sed
556 414 684 485 quia
711 422 767 468 et
795 412 1023 467 aliarum
1064 426 1248 467 rerum
1274 410 1474 466 dicitur
1499 406 1696 471 cultus,
1728 413 1775 470 Δ
1807 407 1880 460 De
1909 407 2053 476 [estis
2073 406 2635 485 sanctortunfolendia
2656 404 2975 460 Prudentius
2999 411 3065 464 de
3089 394 3398 485 amoliun-

129 512 239 567 itleo
264 475 454 563 Latine
481 475 589 559 uno
619 504 786 557 verbo
825 501 1119 572 signiﬁcari
1145 499 1324 555 cultus
1352 500 1463 554 Deo
1490 498 1708 552 debitus
1912 475 1917 476 γ
1986 488 2054 530 δι’
2082 477 2331 547 ηιίινίυ¹’ί³
2366 475 2635 547 Πὶμροέυίί
2657 492 3067 531 Commemorat“
3090 478 3161 530 αίι
3187 490 3206 527 -'

128 617 227 658 non
249 603 446 670 potest.
472 616 491 647 ι
523 594 672 649 Luce
690 608 822 648 vero
846 591 1049 647 clarius
1067 600 1173 656 est,
1195 590 1340 660 quod
1358 590 1463 644 hoc
1484 588 1707 643 verbum
1813 587 1870 640 Si
1900 586 2036 642 bene
2059 587 2429 652 commemini,
2456 586 2585 641 colit
2621 586 2764 641 hunc
2790 586 3157 656 pulcherrima
3202 586 3395 643 Roma.

131 708 228 745 non
253 688 425 743 solum
460 686 529 741 ad
563 683 903 748 Creatorem,
934 697 1121 736 verum
1143 681 1308 736 etiam
1337 680 1404 734 ad
1430 687 1711 734 creaturas
1811 680 1992 735 Idibus
2014 681 2239 751 Augusti
2267 680 2469 734 mensis
2490 687 2548 732 ut
2575 678 2687 749 ipsa
2722 685 2884 733 vocat

135 778 376 840 refertur,
408 776 505 829 sed
526 772 794 837 dissimili,
821 780 882 826 ut
905 771 1155 841 superius
1175 771 1432 835 diximus,
1464 769 1705 835 ratione;
1880 772 1953 827 Et
1976 773 2083 826 alia
2113 772 2278 826 multa
2307 786 2425 840 quae
2450 769 2694 842 proferre
2714 769 2931 840 longum
2959 776 3061 823 est.
3092 768 3244 824 Sicut
3271 784 3403 840 ergo

140 871 282 924 aliter
307 867 451 922 enim
480 864 678 919 colitur
714 865 877 928 Deus,
909 863 1068 917 aliter
1104 861 1348 933 angelus,
1400 861 1485 915 vel
1527 861 1708 925 homo,
1814 865 1868 920 in
1910 865 1998 921 his
2042 865 2222 920 verbis
2252 865 2473 925 erravit,
2511 865 2674 929 unde,
2710 872 2771 918 ut
2797 864 3054 927 arbitror,
3085 879 3197 919 sua:
3234 865 3404 935 cmpit

144 962 283 1014 aliter
308 969 450 1012 terra
478 970 579 1025 pro
609 954 872 1008 varietate
907 953 1128 1023 frugum
1155 961 1209 1007 et
1230 953 1487 1007 arborum
1512 966 1632 1020 quae
1657 952 1711 1004 in
1812 957 1966 1025 origo
1991 957 2384 1026 perversitatis,
2412 956 2484 1010 ita
2527 954 2640 1023 jam
2684 956 2738 1009 in
2767 955 2870 1010 hoc
2902 956 3121 1010 nomine
3147 958 3291 1026 quod
3318 964 3407 1012 est

143 1047 510 1110 eawudeudo,
558 1044 788 1108 orando,
831 1043 1171 1107 seminando,
1218 1041 1535 1111 plantando,
1583 1040 1711 1095 irric

1836 1048 2142 1119 lpostolicus
2170 1046 2295 1102 licet
2337 1046 2533 1101 minori
2584 1045 2842 1116 periculo,
2900 1047 3062 1102 simili
3095 1056 3273 1102 tamen
3320 1058 3407 1104 est

151 1140 321 1211 gaude,
347 1136 601 1208 potando,
647 1133 929 1204 multiplici
976 1142 1033 1187 et
1076 1132 1345 1186 laboriosa
1392 1137 1716 1186 exercentur

1836 1140 2074 1210 leceptus
2102 1138 2394 1209 imperitia.
2426 1135 2589 1191 Juxta
2616 1138 2818 1193 etenim
2849 1139 2984 1193 artis
3010 1138 3403 1210 professionem

147 1246 280 1285 cura.
306 1229 477 1295 Aliter
506 1227 559 1282 in
592 1233 780 1280 sancta
826 1223 1067 1279 Ecclesia
1108 1223 1389 1281 Dominica
1416 1238 1571 1287 crux,
1600 1221 1716 1276 olli-

1836 1230 2183 1301 grammatica:
2205 1229 2272 1284 de
2295 1243 2362 1283 eo
2384 1237 2617 1283 tractare
2640 1236 2870 1284 conatus
2888 1230 3232 1298 antiquorum
3257 1246 3408 1284 more

144 1325 240 1389 cia,
262 1331 314 1378 et
334 1322 471 1391 festa
495 1318 717 1383 Christi,
749 1325 803 1373 et
830 1324 1140 1373 sanctorum
1175 1316 1292 1387 ejus
1332 1331 1365 1370 a
1390 1314 1716 1370 Christianis
1817 1324 2126 1388 doctorum,
2154 1322 2244 1391 qui
2272 1337 2397 1378 cum
2421 1322 2678 1377 omnibus
2696 1322 2978 1390 sapientia:
2996 1322 3190 1378 studiis
3209 1324 3405 1379 eruditi

147 1415 375 1470 coluntur
395 1421 451 1467 et
473 1410 840 1465 celebrantur.
882 1406 941 1462 In
968 1414 1175 1461 tantum
1202 1406 1306 1463 ista
1354 1404 1481 1460 trita
1510 1412 1566 1459 Ct
1594 1418 1714 1459 01η·-
1819 1413 2015 1479 forent,
2031 1415 2250 1484 quando
2266 1414 2319 1467 in
2349 1413 2523 1476 libris.
2538 1411 2622 1466 vel
2644 1427 2834 1468 eorum
2854 1410 3282 1482 expositionibus
3309 1414 3408 1468 ali.

148 1505 289 1559 nibus
305 1517 445 1573 pene
489 1509 618 1555 nota
649 1510 794 1563 sunt,
835 1505 893 1552 ut
941 1496 1207 1568 exemplis
1253 1494 1593 1552 manifestari
1632 1493 1717 1549 vel
1819 1502 2060 1575 cujusde
2085 1504 2195 1560 iuis
2213 1518 2398 1566 causa,
2439 1503 2649 1557 ratione
2682 1501 3403 1573 repeririconiigissclmlc.

149 1592 410 1663 approbari
437 1603 632 1660 parum
667 1594 881 1663 egeant.
932 1584 1041 1641 Sed
1085 1592 1265 1639 tamen
1302 1598 1477 1654 pauca
1516 1582 1718 1638 conﬁr-

1836 1596 1964 1661 titer
1981 1603 2101 1650 eam
2131 1593 2373 1648 intimari
2402 1601 2564 1662 atque
2593 1594 2829 1647 euolare
2856 1609 2872 1654 ;
2906 1593 2981 1647 ita
3006 1600 3062 1648 et
3088 1595 3189 1647 iste
3216 1608 3407 1649 eorum

151 1685 381 1739 “talionis
399 1692 455 1739 ει
476 1680 829 1751 experimini”
848 1694 1016 1734 causa
1038 1675 1258 1746 majoris
1280 1684 1407 1731 sum
1428 1673 1720 1744 SUhliCien'
1822 1691 2086 1754 imitator,
2118 1688 2400 1743 autetiam
2422 1686 2675 1758 prmlator
2694 1684 2855 1753 hujus
2879 1682 3117 1741 nominis
3143 1688 3286 1756 quod
3329 1695 3416 1743 est

155 1777 229 1829 da.
255 1775 328 1830 De
364 1772 579 1829 Domini
621 1784 786 1826 cruce
827 1768 1053 1825 colenda
1097 1766 1351 1823 Sedulius
1396 1765 1452 1819 in
1496 1764 1636 1820 libro
1665 1779 1717 1819 tv

1836 1780 2141 1852 zpouolicua
2190 1792 2408 1834 sensum
2458 1778 2834 1847 rationemque
2882 1777 3066 1833 nitens
3109 1780 3415 1847 exprimere

152 1865 402 1921 Paschalis
425 1863 688 1920 carminis
716 1863 792 1917 ait
822 1881 836 1915 ε
1822 1886 1888 1928 ac
1911 1871 1961 1925 si
1992 1870 2123 1925 illud
2153 1884 2220 1924 ex
2260 1870 2472 1939 integro
2518 1875 2574 1923 et
2615 1875 2872 1938 corrupto
2897 1876 2981 1922 est
3027 1869 3410 1937 compositum,

155 1955 249 2010 Pax
274 1956 446 2011 crucis
474 1955 591 2024 ipse
620 1952 742 2019 fuit,
769 1952 1113 2021 violentaque
1142 1949 1341 2005 robora
1368 1947 1630 2003 membris

1836 1963 1977 2035 juasi
2007 1960 2231 2032 apostoli
2254 1970 2430 2015 custos
2457 1975 2564 2015 non
2592 1975 2721 2016 vere
2750 1975 2853 2015 nec
2882 1959 3281 2033 rationabiliter
3316 1960 3414 2017 sed

155 2044 406 2100 lllustrans
428 2042 692 2115 propriis,
722 2056 943 2112 pomum
963 2039 1182 2096 vestivit
1209 2040 1435 2104 honore,

1836 2063 2247 2127 nasumptuose
2298 2053 2664 2122 audacterque
2707 2052 2982 2124 incognita
3014 2051 3310 2117 allirmans,
3360 2059 3418 2107 et

160 2135 570 2205 Supplicimnque
603 2133 751 2188 dedit
772 2132 987 2203 signum
1013 2130 1185 2201 magis
1212 2144 1335 2185 esse
1362 2127 1576 2194 salutis,

1836 2150 1890 2204 ιθ
1917 2147 2145 2204 incertis
2192 2153 2341 2201 certa
2388 2144 2675 2201 dillinieus.
2714 2144 3057 2215 Apostolicus
3102 2144 3247 2199 enim
3276 2143 3409 2198 sim-

156 2224 351 2295 ¹Ρ⁵θίιί⁸ε
374 2224 723 2281 “neum”
744 2224 798 2277 ίθ
838 2237 900 2278 ⁸⁸
924 2229 1196 2278 tormenta
1224 2220 1430 2275 bea'i"
1820 2240 1943 2311 plex
1973 2252 2168 2295 nomen
2194 2246 2280 2293 est
2315 2246 2371 2294 et
2408 2237 2769 2292 derivativum
2802 2253 2832 2292 a
2882 2236 3104 2292 nomine
3138 2236 3283 2306 quod
3329 2244 3415 2291 est

157 2314 281 2371 Neve
303 2317 419 2387 quis
449 2318 664 2387 ignoret
690 2315 929 2386 speciem
955 2313 1135 2369 crucis
1175 2327 1297 2369 esse
1326 2312 1634 2379 colendam,

1836 2330 2110 2403 modulus,
2142 2330 2327 2385 adlita
2368 2347 2462 2385 cus
2498 2328 2617 2399 cjus
2639 2330 2899 2401 genitivo,
2923 2338 2981 2386 et
3010 2346 3119 2384 non
3156 2329 3323 2385 habet
3349 2330 3416 2384 il-

159 2405 268 2471 Quae
293 2404 573 2459 Dominum
598 2405 836 2473 portavit
858 2419 1052 2469 ovans,
1081 2403 1295 2457 ratione
1320 2404 1551 2473 potenti,

1836 2438 1933 2477 um
1979 2437 2198 2477 sensum
2229 2436 2392 2491 quem
2446 2421 2549 2476 iste
2599 2421 2849 2491 imperite
2895 2421 3243 2493 excogitavit.
3299 2420 3416 2475 Non

160 2501 369 2564 Quatuor
393 2498 519 2553 inde
542 2498 730 2569 plagas
754 2498 1007 2569 quadrati
1037 2497 1438 2570 collisitorbis.
1822 2520 1966 2575 enim
1989 2519 2186 2575 dicitur
2211 2518 2430 2573 Italicus
2476 2515 2647 2572 Italize
2685 2524 2892 2581 custos,
2947 2514 3185 2571 Gallicus
3230 2512 3419 2570 Galliae

163 2585 450 2655 Splendidus
477 2589 718 2643 ancoris
747 2588 813 2644 de
843 2589 1047 2643 vertice
1074 2587 1246 2660 fulget
1270 2589 1436 2657 Eous,

162 2675 366 2732 Occiduo
389 2691 559 2731 sacrm
583 2667 898 2732 lambuntur
919 2678 1098 2733 sidere
1125 2679 1323 2749 plantm
1347 2697 1362 2747 ;

162 2765 337 2821 Arcton
366 2767 556 2822 dextra
591 2776 762 2834 tenet,
791 2769 1027 2824 medium
1057 2769 1189 2825 heva
1216 2771 1378 2842 erigit
1406 2786 1586 2838 axem,

161 2852 446 2926 Cunctaque
472 2857 539 2911 de
567 2857 830 2911 membris
856 2856 990 2912 vivit
1019 2867 1213 2914 natura
1244 2860 1503 2927 creantis,

164 2943 374 3000 Etcruce
397 2947 741 3017 complexum
762 2946 1013 3003 Christus
1027 2949 1162 3020 regit
1189 2950 1424 3019 undique
1441 2951 1723 3007 mundum.

1821 2619 2024 2677 custos,
2050 2610 2407 2665 Germanicus
2433 2617 2617 2665 custos
2655 2608 2981 2671 Germaniae,
3017 2607 3111 2661 sed
3157 2608 3276 2661 haec
3318 2623 3419 2660 no-

1822 2702 1969 2756 mina
1991 2702 2062 2757 ad
2097 2716 2315 2757 sensum
2346 2715 2569 2755 suorum
2615 2700 2891 2769 pertinent
2927 2698 3291 2769 originalium.
3338 2697 3417 2753 De

1824 2791 1910 2847 his
1935 2799 2116 2847 autem
2146 2807 2254 2847 non
2285 2801 2616 2861 magnopere
2646 2805 2922 2846 curamus.
2972 2788 3108 2843 Nam
3144 2789 3190 2844 si
3220 2788 3418 2858 aliquis

1825 2883 2123 2939 studiosius
2164 2882 2486 2952 inquireret,
2518 2889 2712 2937 cuneta
2762 2894 2904 2951 pene
2946 2879 3224 2935 incondite
3262 2880 3418 2934 vitii»

1823 2991 1989 3046 seque
2024 2976 2470 3046 deprehendisset
2498 2989 2621 3030 esse
2650 2974 2872 3029 dictata.
2903 2973 2991 3028 Ad
3024 2986 3088 3027 ea
3115 2973 3279 3042 igitur
3298 2986 3419 3043 qua:

219 3059 339 3115 Item
365 3062 428 3115 de
452 3071 638 3116 sancta
675 3061 913 3118 Ecclesia
940 3062 1163 3118 colenda
1189 3062 1450 3120 Paulinus
1476 3067 1533 3120 in
1561 3065 1646 3120 10.
1762 3135 1792 3140 ﬂ
1825 3069 1998 3140 magis
2026 3069 2331 3124 necessaria
2364 3075 2493 3123 sunt
2523 3069 2591 3124 de
2633 3067 2831 3137 quibus
2880 3074 3006 3121 ante
3037 3065 3415 3131 disseruimus,

164 3146 278 3205 Nata
304 3167 488 3208 recens
521 3166 685 3222 opera
706 3152 931 3222 limoque
957 3154 1188 3209 molibus
1226 3155 1466 3226 undique
1491 3156 1652 3212 celsis
1747 3135 1793 3198 δ
1824 3135 2182 3217 revertamur.
2232 3161 2513 3229 Quomodo
2548 3135 2681 3232 ergo
2710 3160 2911 3213 nullam
2958 3172 3109 3228 spem
3149 3158 3414 3214 evadendi

161 3242 366 3302 Ceruitis
388 3247 677 3302 emicuisse
697 3248 815 3318 pari
840 3247 1176 3318 splendentia
1197 3249 1365 3305 cultu.
1824 3251 2244 3322 prosperaudive
2273 3259 2453 3321 potest
2476 3251 2679 3306 habere
2710 3250 2816 3315 ille,
2852 3249 2945 3319 qui
2992 3248 3290 3304 inevitabili
3315 3262 3413 3304 ne-

701 3338 834 3393 ltem
855 3348 970 3410 post
996 3356 1188 3410 pauca.
1824 3343 2082 3398 cessitate
2116 3341 2333 3410 aliquod
2382 3356 2535 3396 mare
2581 3341 2738 3396 valde
2787 3349 3078 3395 aestuosum
3124 3347 3179 3393 et
3206 3339 3420 3407 perieu-

161 3425 354 3484 £mula
380 3430 650 3486 consertis
672 3431 911 3501 jungunt
936 3429 1150 3502 fastigia
1175 3431 1341 3501 tignis
1826 3435 2000 3490 losum
2037 3433 2271 3487 transire
2300 3429 2662 3502 compellitur,
2706 3447 2815 3485 non
2845 3430 3053 3485 habens
3079 3445 3269 3485 navem
3310 3445 3417 3500 qua

161 3519 219 3574 Et
240 3523 444 3590 paribus
470 3524 636 3579 vat-ite
664 3524 920 3594 speciosae
946 3523 1182 3580 cultibus
1209 3533 1447 3579 exstant.
1828 3532 2111 3596 portetur:
2163 3522 2238 3577 ita
2282 3530 2337 3576 et
2362 3522 2672 3593 quicunque
2712 3534 3001 3591 perversus
3028 3526 3084 3573 et
3108 3519 3423 3574 incredulus

160 3607 296 3666 Idem
318 3614 379 3667 de
402 3613 590 3668 eadem
622 3614 751 3668 rein
793 3614 1014 3684 epistola
1038 3614 1108 3668 ad
1165 3612 1414 3669 Severum
1442 3612 1509 3668 de
1539 3613 1725 3669 Crura.
1827 3621 1931 3677 est,
1969 3612 2126 3667 alma:
2175 3610 2334 3666 ﬁdem
2381 3610 2563 3666 crucis
2613 3617 2797 3665 tenere
2842 3608 3051 3673 nolens,
3096 3616 3151 3662 et
3197 3622 3297 3678 per
3317 3610 3422 3664 hoc

222 3705 394 3773 Itaque
409 3712 663 3774 prompto
680 3703 779 3759 ﬁlii
800 3706 1150 3776 imperatoris
1171 3721 1397 3762 assensu
1416 3715 1596 3762 mater
1613 3708 1729 3762 Au-
1827 3701 1944 3772 ejus
1965 3717 2158 3759 carens
2179 3701 2460 3766 tutamine,
2485 3700 2551 3756 de
2572 3700 2709 3755 mari
2734 3699 2892 3771 hujus
2914 3699 3095 3754 δευουιί
3118 3699 3185 3754 ad
3204 3708 3418 3768 portum

159 3801 299 3860 gusta
316 3794 601 3862 patefactis
619 3796 687 3851 ad
710 3811 875 3866 opera
896 3805 1086 3852 sancta
1103 3797 1395 3862 thesauris,
1425 3805 1539 3853 toto
1561 3798 1729 3854 abusa
1829 3809 2080 3866 supernae
2101 3793 2293 3865 patria!
2338 3807 2622 3863 pervenire
2666 3807 2773 3848 non
2811 3791 3029 3862 poterit.
3065 3789 3202 3846 Hinc
3229 3792 3417 3861 Augu-

162 3882 278 3942 ἥξω
298 3898 416 3955 est;
455 3899 771 3960 quantoque
794 3900 1012 3960 sumptu
1057 3899 1221 3961 atque
1244 3891 1390 3946 cultu
1424 3892 1608 3962 regina
1633 3906 1732 3961 po-
1829 3886 2005 3941 stinus
2045 3885 2098 3939 in
2127 3884 2462 3953 expositione
2490 3883 2769 3954 Evangelii
2798 3881 3094 3938 secundum
3134 3881 3418 3939 Joannem.

162 3984 303 4041 terat,
331 3990 383 4034 et
410 3980 604 4050 religio
630 3980 895 4037 suadebat
921 3982 1205 4037 aediﬁcatis
1229 3980 1467 4037 basilicis
1488 3982 1732 4037 contexit
1901 3975 1995 4034 Sic
2030 3985 2115 4033 est
2158 3977 2302 4033 enim
2347 3985 2604 4046 tanquam
2636 3976 2816 4032 videat
2856 3976 3146 4047 quisquam
3172 3977 3239 4032 de
3264 3976 3422 4048 longe

161 4077 348 4135 euntes,
372 4078 428 4125 et
454 4070 884 4128 excoluitlocos.
1829 4068 2097 4139 patriam,
2147 4075 2203 4122 et
2249 4081 2401 4122 mare
2446 4064 2802 4134 interjaeeat:
2830 4065 2981 4120 videt
3019 4081 3128 4136 quo
3171 4074 3292 4131 eat,
3322 4067 3420 4121 80d

160 4173 232 4230 De
266 4181 454 4236 sanctis
492 4180 725 4236 colendis
775 4179 1101 4256 Prudentius
1136 4188 1192 4237 in
1232 4184 1475 4255 pastione
1504 4184 1723 4256 Aposto—

1836 4175 1940 4214 uon
1987 4159 2156 4214 habet
2192 4173 2297 4228 qua
2341 4166 2449 4213 eat.
2509 4157 2581 4212 Ut
2616 4171 2747 4227 ergo
2783 4164 2931 4211 esset
2966 4163 3024 4210 et
3057 4171 3163 4224 qua
3195 4156 3421 4219 iremus,

850 4252 1046 4307 lorum.
1232 4245 1244 4255 ’
1550 4245 1561 4256 ⁷
1834 4251 1983 4306 venit
2026 4249 2153 4305 inde
2202 4250 2270 4303 ad
2313 4263 2473 4320 quem
2522 4248 2602 4302 ire
2642 4248 2979 4310 volebamus,
3008 4246 3218 4315 etquid
3247 4245 3427 4300 fecit?

161 4332 285 4394 Ecce
309 4341 441 4399 duas
466 4342 593 4398 ﬁdei
620 4358 834 4400 suntme
866 4352 1018 4414 patre
1043 4344 1362 4399 conferente
1389 4346 1546 4399 dotes
1834 4341 2067 4397 instituit
2098 4340 2300 4411 lignum
2340 4353 2447 4408 quo
2483 4352 2634 4392 mare
2670 4347 3028 4392 transeamus.
3070 4335 3242 4391 Nemo
3275 4336 3424 4390 enim

166 4423 281 4487 Urbi
301 4431 552 4488 colendas
573 4447 710 4502 quas
730 4432 882 4495 dedit
903 4442 1120 4504 togatae.

679 4524 828 4580 Idem
856 4525 922 4580 de
944 4527 1065 4581 civi.
1091 4527 1189 4583 col.

1836 4440 2012 4500 potest
2042 4430 2277 4484 transire
2307 4442 2459 4483 mare
2492 4429 2649 4499 hujus
2677 4427 2858 4484 saeculi
2887 4429 2989 4484 nisi
3021 4442 3185 4485 cruce
3217 4426 3423 4483 Christi

1837 4530 2106 4592 portatus.
2179 4519 2331 4576 Hane
2381 4527 2597 4575 crucem
2647 4520 2938 4591 aliquando
2982 4521 3326 4592 amplectitur
3365 4533 3421 4578 et

163 4606 395 4669 Cet-mine
423 4615 622 4670 nobilis
640 4615 872 4682 Eulalia,
1839 4616 2085 4671 inﬁrmas
2120 4614 2319 4678 oculis,
2350 4623 2405 4668 et
2446 4614 2537 4684 qui
2567 4628 2673 4668 non
2700 4613 2847 4668 videt
2867 4613 3023 4685 longe
3055 4629 3167 4684 quo
3199 4623 3290 4669 eat
3313 4630 3426 4671 non

1760 4483 1817 4541 D

164 4696 336 4759 Mortis
360 4714 415 4759 et
444 4706 626 4761 indole
649 4707 923 4763 nobilior:
1837 4707 1905 4764 ab
1928 4706 2021 4761 ilio
2050 4705 2309 4771 excedat;
2353 4712 2409 4761 et
2447 4705 2562 4775 ipsa
2602 4704 2754 4759 illum
2779 4705 3028 4775 perducit
3057 4705 3124 4760 ad
3161 4706 3416 4776 patriam,

166 4787 435 4849 Emeritam
468 4812 625 4851 sacra
652 4797 804 4867 virgo
832 4810 984 4852 suam
1839 4798 1929 4853 ubi
1955 4797 2068 4867 jam
2111 4812 2218 4852 non
2261 4811 2399 4867 opus
2446 4797 2589 4863 erit,
2635 4797 2763 4866 quia
2794 4796 3001 4851 nullum
3039 4812 3191 4853 mare
3233 4776 3416 4863 trans-

167 4879 315 4949 Cujus
340 4887 405 4942 ab
428 4888 596 4943 ubere
618 4890 895 4959 progenita
927 4898 1012 4944 est
1838 4891 2023 4947 ibitur.
2049 4888 2238 4945 Melius
2259 4896 2343 4945 est
2361 4903 2490 4960 ergo
2518 4902 2625 4945 non
2646 4888 3037 4945 videre‘mente
3060 4888 3116 4945 id
3140 4890 3283 4961 quod
3313 4898 3417 4956 est,

164 4968 367 5031 Ossibus
395 4988 574 5042 ornat,
610 4994 795 5034 amore
820 4980 973 5034 colit.
1834 4989 1891 5035 et
1919 4992 2099 5035 tamen
2136 4994 2169 5033 a
2191 4994 2355 5035 cruce
2380 4980 2585 5035 Christi
2617 4995 2723 5035 non
2749 4979 3025 5045 recedere,
3051 4995 3212 5051 quam
3234 4980 3426 5037 videre

342 5068 475 5122 Item
504 5068 836 5125 Fortunatus
867 5071 937 5124 ad
961 5070 1158 5126 clerum
1190 5071 1548 5130 Parisiacum.
1835 5074 1987 5129 illum
2034 5082 2218 5129 mente
2260 5081 2317 5129 et
2364 5088 2585 5129 crucem
2620 5072 2821 5129 Christi
2866 5081 3234 5128 contemnere.
3305 5071 3418 5127 Hoc

164 5152 328 5212 (hctus
349 5159 635 5217 honoriﬁci
660 5164 827 5218 decus
850 5172 904 5218 et
924 5165 1134 5233 gradus
1149 5166 1356 5221 ordinis
1389 5169 1555 5237 ampli
1836 5179 1975 5236 ergo
2004 5165 2219 5235 signum
2260 5164 2603 5221 salutiferum
2642 5165 2695 5220 iu
2729 5166 2847 5233 lege
2875 5175 2930 5220 et
2959 5166 3238 5236 prophetis
3263 5164 3423 5233 longe

164 5247 301 5311 Quos
316 5253 431 5309 colo
465 5256 654 5321 corde,
686 5255 815 5321 ﬁde,
841 5256 1103 5328 religione
1131 5266 1341 5327 patres,
1716 5276 1727 5283 ·
1837 5266 1965 5313 ante
2007 5255 2414 5327 pmiiguratum
2457 5264 2560 5313 est.
2603 5256 2758 5313 Unde
2795 5257 2994 5327 legitur
3029 5258 3081 5311 in
3118 5254 3323 5312 Genesi
3353 5254 3423 5307 de

162 5334 271 5393 lam
292 5343 484 5398 dudum
512 5345 668 5400 obliti
698 5347 921 5402 desueto
957 5347 1199 5403 carmine
1229 5347 1390 5417 plecti
1839 5347 2111 5403 Abraham
2142 5356 2197 5403 et
2224 5346 2375 5403 Isaac
2409 5348 2522 5404 lilio
2557 5363 2676 5404 suo.
2717 5348 2864 5404 Tulit
2898 5362 3114 5418 quoque
3141 5346 3283 5415 ligna
3321 5344 3423 5397 ho-

164 5427 351 5502 Cogitis
374 5437 654 5507 antiquam
685 5454 772 5494 me
794 5452 1058 5494 renovare
1080 5439 1273 5510 lyram.
1837 5440 2068 5496 loeausti
2093 5447 2149 5495 et
2174 5440 2431 5509 imposuit
2451 5455 2616 5511 super
2633 5440 2785 5496 Isaac
2812 5440 2981 5494 lilium
3010 5448 3187 5493 suam.
3233 5433 3421 5488 Fascis

164 5517 301 5579 Idem
324 5526 388 5582 de
411 5527 559 5582 cultu
594 5527 867 5595 Ecclesiae,
893 5531 958 5585 de
980 5531 1127 5601 [exis
1155 5542 1459 5586 sanctorum
1484 5531 1734 5589 (alendis.
1837 5533 1982 5587 enim
2017 5532 2308 5602 tignorum,
2337 5546 2498 5603 quem
2525 5532 2676 5588 Isaac
2700 5539 2857 5603 patre
2899 5530 3207 5597 imponente
3241 5522 3310 5579 ad
3337 5523 3418 5580 lo-

165 5611 279 5677 Qiue
304 5616 580 5674 Placidina
604 5622 779 5677 sacris
800 5624 1019 5677 ornavit
1044 5623 1282 5679 culmina
1312 5624 1446 5679 velis
1838 5638 1962 5677 cum
1988 5638 2018 5676 a
2051 5623 2160 5677 Deo
2182 5621 2397 5692 jussum
2439 5624 2709 5693 portavit,
2740 5630 2800 5677 ut
2835 5635 3001 5691 super
3026 5632 3150 5673 eum
3180 5617 3424 5672 immola—

166 5702 541 5781 CertauteSque
566 5710 725 5768 simul
750 5712 843 5768 hic
871 5712 1025 5777 facit.
1058 5714 1149 5770 illa
1176 5714 1327 5771 colit.
1842 5723 2013 5781 retur,
2059 5728 2276 5770 crucem
2326 5715 2596 5787 signiﬁcat
2623 5729 2785 5787 quam
2814 5711 3076 5779 mysticus
3102 5710 3277 5777 Isaac,
3317 5710 3426 5767 hoc
