3838 6144
232 322 334 379 487

1553 314 1853 370 ηιῖκωω
1894 312 2190 369 RECLUSI

3403 316 3518 371 488

230 443 320 492 est
346 435 596 491 Christus
624 434 717 488 Dei
746 432 924 488 Patris
950 432 1229 486 voluntate
1257 432 1323 485 ad
1341 431 1517 484 locum
1550 428 1811 496 hajulavit
1840 438 1885 495 Α
1917 436 2093 481 torum
2124 444 2137 480 :
2176 428 2268 481 sed
2322 426 2394 481 illi
2439 427 2772 481 sanabuntur
2802 441 2831 479 a
2863 434 3035 479 :norte
3074 426 3141 479 ad
3174 426 3337 480 vitam
3368 437 3519 481 tem-

232 526 518 585 Calvariaa.
552 526 688 580 Iliiic
716 524 977 578 Paulinus
1008 524 1060 576 in
1092 522 1125 577 9
1160 541 1172 574 :

236 659 422 716 Hostia
448 660 569 714 viva
602 658 714 712 Deo
741 663 998 726 tanquam
1031 670 1166 725 puer
1190 654 1382 710 oll'erat
1408 650 1577 717 Isaac,

236 753 303 809 Et.
318 768 435 808 mea
454 752 594 822 ligna
620 764 815 821 gerens
838 763 1037 818 sequar
1059 746 1263 801 almum
1286 748 1386 802 suli
1402 763 1565 801 cruce
1586 756 1818 816 patrem.

304 888 439 942 Item
473 886 526 943 iii
558 882 784 937 Exodo:
834 880 1053 935 Voeouit
1091 890 1266 933 autem
1299 877 1505 949 Moyses
1541 894 1718 932 omnes
1746 893 1824 931 se-

237 983 411 1033 niores
440 975 611 1030 Israel
636 984 684 1028 et
709 973 845 1027 dixit
876 972 945 1025 ad
967 988 1054 1025 eos
1079 986 1096 1022 :
1120 970 1220 1033 Ite,
1246 970 1482 1025 tollentes
1506 970 1705 1024 animal
1734 980 1830 1040 per

238 1068 475 1138 familias
504 1074 726 1127 vestras,
754 1062 1023 1116 immolate
1051 1063 1241 1131 phase,
1270 1058 1683 1130 fasciculumque
1709 1058 1828 1128 Itys-

237 1159 350 1227 δορὶ
388 1156 569 1225 tingite
597 1154 855 1223 sanguine
887 1153 977 1223 qui
1001 1161 1075 1205 est
1108 1152 1162 1205 in
1197 1149 1362 1204 limite
1392 1160 1443 1203 et
1470 1151 1728 1219 aspergite
1761 1164 1827 1203 ea:

240 1266 300 1302 eo
330 1263 489 1317 super
514 1245 758 1298 liminare
780 1254 826 1297 et
846 1253 1128 1312 utrumque
1142 1252 1337 1312 postem
1367 1240 1568 1313 (Exod.
1596 1240 1823 1313 xrt,2l).

242 1337 398 1394 Unde
431 1334 769 1406 Augustinus
790 1333 843 1387 in
868 1332 1209 1402 expositione
1231 1332 1505 1401 Evangelii
1531 1333 1824 1387 secundum

238 1428 505 1482 Joannem
533 1442 547 1478 :
584 1424 682 1479 «1η
722 1440 820 1479 sua
844 1439 977 1493 ergo
1008 1424 1210 1494 lingva,
1244 1424 1346 1478 hoc
1375 1432 1461 1477 est
1497 1424 1550 1477 in
1578 1423 1822 1486 Hebraea,

241 1519 444 1589 pascha
477 1517 736 1571 transitus
770 1515 1005 1580 dicitur,
1050 1524 1339 1586 propterea
1379 1514 1505 1584 quia
1543 1525 1672 1569 tunc
1712 1514 1825 1584 pri-

242 1625 392 1665 mum
440 1608 641 1677 pascha
678 1606 974 1661 celebravit
1017 1606 1248 1676 populus
1298 1605 1550 1670 Domini,
1610 1605 1829 1674 quando

242 1700 484 1771 Egypto
514 1698 788 1769 fugientes
817 1697 1063 1751 Rubrum
1090 1695 1239 1751 Mare
1271 1696 1619 1750 transierunt.
1673 1694 1828 1749 Nunc

242 1808 374 1863 ergo
402 1791 571 1862 figura
606 1789 693 1843 illa
725 1788 1043 1859 prophetica
1075 1788 1131 1842 in
1166 1788 1392 1842 veritate
1429 1786 1697 1856 completa
1723 1795 1827 1851 est,
1860 1776 1917 1834 B'

245 1898 368 1938 cum
414 1882 559 1935 sicut
593 1879 715 1933 ovis
760 1879 828 1932 ad
866 1878 1257 1933 immolandum
1297 1878 1516 1933 ducitur
1556 1878 1827 1944 Christus,

244 1971 399 2040 cujus
429 1970 692 2040 sanguine
738 1968 890 2023 illitis
930 1969 1175 2039 postibus
1202 1968 1424 2033 nostris,
1463 1968 1647 2034 idest,
1677 1966 1832 2036 cujus

245 2064 402 2133 signo
440 2059 620 2115 crucis
664 2058 933 2113 frontibus
985 2058 1188 2113 nostris
1235 2074 1264 2112 a
1315 2059 1620 2128 perditione
1670 2058 1834 2129 hujus

244 2155 423 2211 saaculi
458 2164 717 2221 tanquam
733 2166 765 2205 a
786 2150 1100 2221 captivitate
1120 2150 1206 2205 vel
1229 2150 1648 2220 interemptione
1669 2148 1836 2221 .Egy-

245 2245 357 2317 ptia
390 2245 718 2308 liLeramur,
747 2252 803 2297 et
828 2242 1040 2313 agimus
1068 2242 1486 2297 saluberrimum
1514 2242 1831 2307 transitum,

245 2352 374 2391 cum
420 2350 451 2389 a
498 2334 716 2389 diabolo
752 2334 1046 2390 transimus
1093 2333 1161 2388 ad
1204 2332 1512 2399 Christum;
1556 2332 1704 2387 etab
1729 2332 1835 2388 isto

252 2425 491 2481 instabili
520 2424 720 2480 szcculo
767 2424 835 2477 ad
881 2424 1000 2494 ejus
1043 2423 1483 2478 fundatissimum
1529 2438 1776 2492 regnum.
1808 2442 1827 2477 ι

247 2516 397 2571 Idem
441 2518 508 2571 de
543 2517 648 2571 hac
678 2530 738 2571 re
781 2516 838 2570 iu
867 2515 1006 2571 libro
1034 2531 1074 2569 ιι
1101 2515 1170 2571 de
1194 2514 1451 2569 Doctrina
1481 2513 1791 2570 Christiana
1816 2532 1830 2569 :

259 2629 279 2662 ι
302 2608 603 2663 Meminerit
627 2624 749 2678 ergo
775 2622 955 2661 eorum
990 2608 1081 2677 qui
1110 2607 1311 2675 pascha
1336 2606 1430 2660 illo
1466 2614 1708 2674 tempore
1735 2620 1863 2675 per—

255 2700 573 2755 umbrarum
604 2697 923 2768 imaginaria
963 2696 1326 2758 celebrabant.
1358 2710 1481 2750 cum
1509 2695 1711 2766 signari
1739 2709 1836 2765 po-

251 2800 367 2847 stes
410 2791 674 2860 sanguiue
729 2789 853 2860 agni
892 2786 1237 2857 juberentur,
1283 2788 1515 2857 byssopo
1553 2787 1723 2842 fuisse
1761 2788 1837 2842 si-

252 2892 471 2954 gnatos.
512 2880 693 2936 Herba
734 2880 851 2936 haec
897 2880 1116 2935 humilis
1141 2920 1157 2944 ,
1193 2886 1247 2934 et
1292 2879 1440 2934 mitis
1463 2888 1576 2944 est,
1620 2886 1678 2934 et
1702 2879 1835 2933 nihil

254 2970 453 3027 fortius
476 2980 531 3028 et
573 2969 969 3041 peuetrabilius
1005 2969 1124 3038 ejus
1153 2966 1442 3023 radicibus.
1490 2966 1557 3022 Et
1581 2967 1639 3021 in
1665 2966 1836 3020 chari-

254 3072 361 3118 tate
387 3061 633 3126 radianti,
659 3070 708 3114 et
730 3059 939 3130 fundati
965 3075 1233 3130 possemus
1262 3057 1690 3128 comprehendere
1713 3072 1841 3111 cunt

253 3154 496 3211 cornibus
524 3125 745 3211 sanctis
791 3167 910 3223 qua:
953 3125 1021 3206 sit
1072 3149 1319 3213 latitudo,
1367 3125 1416 3203 et
1462 3148 1756 3219 longitudo,
1782 3158 1831 3204 et
1859 3125 1906 3188 δ

253 3245 504 3310 altitudo,
531 3255 581 3299 et
604 3243 924 3315 profundum
951 3282 965 3307 ,
1008 3242 1061 3296 id
1086 3250 1207 3307 est,
1236 3257 1457 3299 crucem
1495 3240 1729 3296 Domini.
1767 3242 1836 3298 Et

254 3340 420 3395 etiam
453 3339 506 3393 in
538 3339 773 3409 hyssopo
802 3336 883 3391 vis
908 3334 1237 3406 purgatoris,
1270 3350 1336 3388 ne
1362 3333 1581 3389 inflante
1610 3334 1836 3391 scientia

255 3429 324 3484 de
349 3428 557 3484 divitiis
581 3424 913 3497 abA'Zgypto
940 3424 1142 3479 ablatis
1169 3425 1401 3494 superbe
1422 3424 1626 3494 aliquid
1655 3425 1838 3495 pulmo

256 3521 520 3577 tumidius
554 3518 789 3575 anhelet.
839 3517 1093 3589 Asperges
1122 3532 1227 3582 nte,
1263 3517 1476 3588 inquit,
1511 3518 1757 3588 hyssopo,
1787 3527 1839 3572 et

256 3611 587 3676 mundabor;
633 3608 832 3664 lambis
878 3624 981 3674 me,
1032 3618 1081 3663 et
1126 3624 1283 3678 super
1331 3609 1499 3662 nivem
1532 3606 1836 3662 dealbabor.

257 3701 477 3756 Auditui
497 3718 608 3755 meo
633 3701 783 3754 dabis
810 3699 1248 3762 exsultationem,
1273 3707 1321 3751 et
1344 3697 1605 3753 ltetiliam.
1635 3695 1840 3751 Deinde

258 3799 656 3860 consequenter
704 3790 987 3852 annectit,
1033 3797 1093 3842 ut
1117 3789 1373 3842 ostendat
1410 3787 1784 3861 purgationem
1806 3801 1839 3840 a

260 3880 512 3949 superbis
539 3877 838 3948 significari
879 3878 1137 3947 hyssopo,
1165 3886 1214 3930 et
1251 3875 1559 3931 exultabant
1594 3892 1714 3931 ossa
1741 3877 1842 3931 liu-

262 3970 485 4025 miliatn.
510 3989 529 4022 ι
587 3968 922 4039 Augustinus
977 3967 1031 4022 in
1087 3967 1226 4023 libro
1254 3984 1290 4021 ι
1334 3970 1401 4022 de
1442 3966 1676 4022 Civitate
1704 3967 1839 4022 Dei:

270 4079 290 4112 ι
314 4059 415 4127 Qui
437 4057 616 4114 dicam
639 4057 827 4113 obvios
842 4058 1047 4121 hostes,
1064 4058 1462 4127 transitumque
1490 4058 1844 4129 prohibentes

263 4160 429 4222 atque
470 4149 782 4221 proeliantes
808 4160 1000 4206 orante
1035 4150 1216 4222 Moyse
1256 4150 1614 4221 manibusque
1641 4148 1760 4218 ejus
1788 4152 1843 4206 in

268 4242 440 4312 figura
472 4241 651 4297 crucis
693 4241 967 4306 extentis,
1031 4240 1177 4299 nullo
1226 4239 1572 4295 Hebraeorum
1616 4241 1847 4296 cadente

266 4328 605 4406 prostratos?
629 4351 648 4382 ι
685 4331 819 4387 Item
840 4334 894 4386 in
925 4331 1063 4386 libro
1090 4329 1491 4386 Numerorum:
1533 4329 1683 4386 Fecit
1722 4347 1846 4402 ergo

268 4422 476 4493 Moyses
503 4434 791 4493 serpentem
819 4439 1039 4479 teneam.
1072 4432 1123 4477 et
1150 4424 1323 4493 posuit
1351 4439 1445 4494 pro
1474 4424 1625 4494 signo
1651 4436 1670 4474 :
1692 4438 1847 4493 quem

266 4513 502 4586 percussi
551 4513 863 4582 aspicientes
911 4513 1259 4567 sanabuntur.
1293 4511 1667 4585 Augustinus:
1703 4531 1723 4566 i
1750 4512 1845 4568 Dio

269 4615 418 4663 ctum
456 4612 541 4660 est
578 4607 648 4660 ad
684 4603 902 4675 Moysen
947 4620 978 4658 a
1024 4604 1254 4659 Domino
1292 4613 1354 4659 ut
1387 4603 1592 4659 faceret
1636 4616 1851 4661 aeneum

270 4706 598 4770 serpentem,
631 4706 687 4751 et
713 4697 980 4752 exultaret
1005 4697 1057 4752 iii
1096 4697 1240 4768 ligno
1274 4697 1341 4751 iis
1354 4711 1539 4755 eremo
1572 4703 1631 4749 et
1659 4696 1850 4750 admo-

275 4796 430 4843 neret
466 4786 725 4856 populum
766 4786 1043 4841 Christum
1062 4827 1077 4851 ,
1106 4797 1164 4840 ut
1194 4786 1240 4841 si
1268 4786 1391 4855 quis
1414 4801 1628 4842 morsus
1650 4795 1796 4842 esset
1816 4803 1851 4841 a

274 4888 545 4949 serpente,
577 4878 725 4932 illum
748 4885 1055 4946 serpentem
1086 4876 1384 4932 exaltatum
1412 4878 1466 4932 in
1497 4878 1642 4948 ligno
1668 4885 1847 4933 atten-

275 4976 448 5029 deret.
477 4972 699 5027 Factum
723 4980 828 5026 est.
850 4970 1237 5026 Mordebantur
1261 4972 1542 5037 homines;
1569 4972 1855 5029 intueban-

278 5077 387 5133 tur,
421 5065 772 5121 sanabantur.
812 5063 1037 5119 Interim
1089 5064 1272 5128 modo,
1306 5064 1532 5131 fratres,
1580 5073 1699 5120 uta
1729 5079 1859 5136 pec-

277 5166 401 5214 cato
429 5170 709 5222 sanemur,
732 5154 1011 5211 Christum
1031 5154 1353 5211 crucifixum
1370 5155 1700 5222 intueamur,
1726 5157 1855 5227 quia

276 5250 421 5306 sicut
449 5247 682 5319 Moyses,
712 5246 907 5317 inquit.
948 5245 1207 5302 exultavit
1233 5253 1540 5315 serpentem
1569 5247 1621 5302 in
1646 5261 1851 5311 eremo,

278 5342 359 5399 sic
400 5339 630 5396 exaltari
670 5346 887 5411 oportet
917 5337 1112 5393 Filium
1158 5337 1416 5402 hominis,
1466 5345 1528 5392 ut
1550 5338 1732 5394 omnis
1761 5337 1856 5407 qui

280 5432 458 5491 credit
501 5432 557 5487 in
588 5446 711 5486 eum
762 5445 868 5485 non
903 5439 1111 5500 pereat,
1143 5430 1239 5484 sed
1277 5428 1473 5484 haheat
1507 5429 1672 5483 vitam
1699 5436 1858 5482 inter-

281 5539 429 5579 iiam.
459 5542 478 5576 ι
513 5521 794 5591 Quomodo
838 5522 929 5590 qui
970 5521 1317 5575 intuebantur
1347 5520 1495 5575 illiim
1524 5525 1855 5587 serpentem,

284 5629 392 5667 non
430 5614 680 5683 peribant
715 5610 985 5666 morsibus
1017 5620 1367 5679 serpentum:
1394 5611 1473 5664 sic
1513 5607 1607 5677 qui
1645 5608 1858 5662 intuen-

289 5709 376 5755 tur
403 5703 506 5757 fide
534 5710 761 5756 mortem
793 5701 991 5755 Christi
1020 5710 1281 5755 sanantur
1309 5716 1339 5752 a
1371 5700 1638 5754 morsibus
1664 5713 1858 5769 pecca-

1918 516 2185 587 poralem,
2218 517 2308 572 hic
2338 524 2520 571 autem
2552 518 2649 578 ait,
2681 523 2743 570 ut
2763 515 2999 571 habeant
3023 515 3191 570 vitam
3222 524 3515 571 aeternam.

1922 605 2036 661 Iloc
2063 607 2208 660 enim
2238 607 2465 661 interest
2494 607 2638 661 inter
2663 606 2950 677 ﬁguratam
2989 606 3277 677 imaginem
3313 616 3370 662 et
3395 624 3519 662 rem

1923 696 2096 764 ipsam
2125 713 2137 748 :
2171 696 2339 766 figura
2369 695 2665 765 pricstabat
2689 695 2857 749 vitam
2888 697 3256 766 temporalem,
3286 712 3375 752 res
3396 698 3517 768 ipsa

1923 786 2077 855 cujus
2108 785 2196 839 illa
2226 786 2397 856 figura
2419 797 2559 851 erat,
2587 794 2810 856 prirstat
2834 787 3003 840 vitam
3031 796 3313 841 aeternam.
3378 788 3519 844 Item

1925 875 1979 930 in
2007 877 2146 931 libro
2172 875 2336 931 Iosue
2362 877 2560 948 legitur
2589 879 2654 931 de
2682 877 2837 932 Raab
2860 878 3149 932 meretrice
3173 894 3295 948 quae
3325 879 3518 949 explo-

1925 978 2139 1021 ratores
2189 968 2461 1023 lsraelitas
2504 969 2809 1037 suscipiens
2842 984 2941 1039 per
2978 969 3189 1024 cruenti
3237 971 3519 1039 quoddam

1923 1057 2124 1111 coloris
2167 1057 2379 1128 signum
2408 1098 2421 1121 ,
2458 1059 2559 1113 hoc
2586 1067 2671 1112 est
2713 1059 3011 1113 funiculum
3037 1060 3357 1114 coccineum
3388 1075 3520 1114 cum

1927 1157 2040 1203 tota
2074 1160 2170 1201 sua
2195 1149 2387 1214 domo,
2434 1164 2465 1201 a
2506 1157 2682 1204 morte
2711 1148 2883 1203 fuerat
2913 1148 3163 1215 liberata,
3196 1150 3522 1219 significans

1926 1238 2226 1293 Ecclesium
2251 1238 2318 1293 de
2346 1239 2597 1309 gentibus
2626 1238 2957 1294 multimodis
2982 1239 3244 1295 idolorum
3276 1240 3523 1295 cultibus

1926 1328 2185 1382 violatam
2205 1368 2220 1393 ,
2276 1329 2430 1400 signo
2463 1332 2811 1399 postmodum
2854 1329 3011 1386 alma:
3043 1332 3220 1386 erucis
3249 1332 3526 1401 sanguine

1928 1420 2064 1476 illito
2094 1420 2315 1476 Christo
2341 1421 2625 1477 saliatam.
2650 1422 2779 1478 Inde
2804 1423 3061 1479 Paulinus
3090 1425 3180 1479 lib.
3214 1441 3333 1479 vui.

1931 1531 2056 1587 Sola
2082 1531 2233 1587 Raab
2262 1534 2518 1588 meretrix
2546 1544 2754 1592 castam
2783 1552 2903 1608 qua:
2926 1539 3094 1607 gessit
3119 1539 3303 1611 iniqua

1930 1616 2107 1678 Cente
2133 1616 2319 1691 fidem,
2353 1641 2460 1680 non
2489 1625 2628 1681 freta
2655 1629 2768 1683 suis
2796 1630 3028 1685 evadere
3050 1632 3239 1695 muris,

1933 1714 2042 1770 Sed
2072 1715 2274 1786 pietate
2302 1715 2395 1773 Dei
2427 1718 2679 1773 meritum
2710 1719 2927 1790 pietatis
2956 1720 3148 1791 adepta
3170 1731 3273 1778 est.

2480 1826 2616 1881 Item
2645 1837 2762 1898 post
2781 1846 2973 1901 pauca.

1930 1936 2168 1994 Puniceo
2200 1940 2478 2010 preprium
2510 1941 2748 2012 signavit
2772 1941 2975 1997 vellere
3002 1951 3221 2011 tectum,

1932 2027 2269 2099 Excepitque
2298 2046 2453 2085 suam
2478 2033 2651 2101 patria
2677 2042 2942 2102 pereunte
2965 2036 3213 2091 salutem.

1935 2119 2262 2192 Sigiiiticans
2291 2122 2412 2177 illos
2442 2123 2643 2178 mundo
2670 2123 2885 2180 labente
2908 2128 3165 2198 tegendos

1934 2213 2081 2281 Quos
2102 2216 2282 2268 crucis
2306 2216 2520 2271 invicta:
2542 2216 2725 2286 signat
2743 2232 2927 2273 cruor.
2952 2219 3088 2275 llinc
3107 2236 3241 2292 cape
3253 2234 3529 2294 quantum

1933 2302 2052 2373 Ipse
2078 2318 2240 2359 cruor
2265 2304 2443 2358 valeat
2471 2306 2626 2375 cujus
2644 2307 2896 2363 salvabat
2926 2309 3105 2380 imago

2547 2417 2679 2472 Item
2709 2418 2885 2474 Isaias

1937 2515 2202 2573 Parvulas
2246 2528 2404 2573 natus
2451 2529 2527 2573 est
2571 2518 2753 2586 nobis;
2803 2521 2946 2591 ﬁlius
2980 2523 3137 2578 datus
3161 2535 3239 2580 est
3265 2527 3441 2591 nobis,
3473 2538 3525 2582 et

1935 2608 2107 2679 factus
2135 2617 2209 2662 est
2235 2609 2561 2679 principatus
2587 2610 2702 2680 ejus
2729 2628 2888 2682 super
2913 2612 3187 2668 humerum
3209 2606 3345 2685 ejus.
3392 2617 3528 2673 Hic-

1937 2714 2194 2769 ronymus
2225 2718 2237 2752 :
2271 2718 2288 2750 ι
2315 2698 2467 2755 Licet
2492 2716 2561 2755 ex
2597 2714 2662 2756 eo
2698 2702 2841 2772 quod
2877 2718 3039 2773 supra
3063 2705 3273 2761 dixerat
3304 2706 3524 2763 Emma-

1935 2789 2084 2855 nuel,
2131 2790 2184 2846 id
2228 2802 2327 2854 est,
2373 2790 2654 2846 nobiscum
2685 2786 3002 2859 Dominum,
3038 2794 3186 2850 illum
3213 2812 3336 2853 esse
3371 2815 3533 2854 mon-

1937 2890 2227 2947 straverat,
2251 2891 2300 2935 ta
2310 2896 2429 2936 men
2447 2897 2589 2937 nunc
2604 2881 2736 2938 dicit
2759 2882 2963 2939 factum
2996 2885 3140 2941 illius
3159 2886 3533 2959 principatum

1936 2987 2103 3044 super
2140 2976 2425 3029 humerum
2474 2974 2591 3044 ejus
2624 2975 2771 3031 velut
2813 2978 2956 3047 quod
2984 2994 3202 3033 crucem
3228 2995 3385 3034 suam
3415 2981 3539 3052 ipse

1935 3067 2256 3136 portaverit,
2291 3068 2372 3121 vel
2398 3083 2497 3137 per
2520 3068 2804 3122 humerum
2830 3069 3122 3124 ostendens
3160 3069 3375 3126 brachii
3413 3071 3526 3127 for-

1940 3158 2249 3223 titudinem,
2274 3158 2463 3212 eodem
2488 3158 2625 3213 Isaia
2651 3158 2905 3215 dicente:
2945 3156 3220 3216 Revelavit
3264 3160 3529 3218 Dominus

1939 3248 2083 3304 Deus
2121 3248 2409 3303 brachium
2444 3257 2692 3304 sanctum
2718 3264 2890 3305 suum
2920 3250 3174 3307 omnibus
3199 3254 3471 3324 gentibus.
3501 3274 3519 3306 ι

1936 3340 2071 3397 Item
2100 3340 2420 3395 Ambrosius
2450 3341 2502 3394 in
2526 3341 2664 3395 libro
2691 3355 2852 3411 quem
2880 3342 2947 3399 de
2981 3351 3170 3398 sancta
3209 3344 3380 3399 edidit
3408 3344 3523 3399 Tri-

1937 3431 2147 3485 nitate:
2195 3449 2211 3477 ι
2241 3429 2399 3484 Crux’
2429 3429 2640 3484 Domini
2684 3438 2768 3486 est
2813 3431 3138 3502 principium
3169 3431 3516 3495 fortitudinis.

1939 3537 2045 3591 qua
2080 3520 2165 3575 via
2211 3521 2420 3575 sanctis
2463 3530 2549 3577 est
2594 3529 2835 3576 reserata
2883 3521 3242 3592 martyribus,
3290 3526 3357 3578 ad
3385 3524 3515 3579 sacri

1939 3612 2257 3669 certaminis
2283 3614 2613 3682 passionem.
2668 3612 2814 3667 Vidit
2856 3612 2957 3667 hoc
2995 3613 3320 3684 principium
3362 3614 3516 3669 Isaias

1940 3692 1996 3762 et
2018 3707 2140 3762 ideo
2170 3707 2285 3760 ait:
2316 3704 2582 3760 Parvulos
2608 3713 2768 3759 natus
2788 3713 2874 3760 est
2895 3704 3072 3769 nobis,
3102 3704 3244 3759 ﬁlius
3265 3706 3423 3759 datus
3444 3715 3516 3758 est

1942 3797 2118 3853 nobis.
2176 3796 2443 3851 Viderunt
2489 3807 2544 3849 et
2570 3796 2712 3866 magi
2759 3804 2815 3849 et
2854 3795 2976 3849 ideo
3010 3810 3133 3849 eum
3163 3796 3515 3865 parviiiumin

1942 3888 2210 3960 pnescpio
2235 3896 2555 3952 cernerent,
2603 3888 2968 3941 adoraverunt
3004 3887 3285 3942 dicentes:
3326 3887 3517 3941 Parru-

1946 3980 2029 4034 lus
2059 3988 2217 4034 natus
2257 3989 2332 4033 est
2363 3980 2553 4045 nobis;
2597 3995 2721 4034 cum
2751 3979 2959 4034 stellam
2996 3982 3376 4049 conspicerent
3395 3996 3520 4050 pra:-

1944 4072 2208 4136 dicantes,
2238 4070 2381 4140 ﬁlius
2402 4071 2559 4125 datus
2588 4081 2663 4126 est
2685 4072 2852 4126 nobis.
2882 4072 3041 4126 Aliud
3063 4088 3261 4127 munus
3286 4087 3318 4127 e
3343 4073 3519 4134 terris.

1946 4161 2091 4217 aliud
2118 4176 2314 4217 munus
2342 4177 2372 4216 e
2400 4160 2537 4215 cuilo
2566 4169 2621 4215 et
2646 4168 2935 4231 utrumque
2956 4177 3120 4216 unum
3141 4163 3518 4222 adoravi:an

1947 4252 2222 4321 iidemque
2259 4267 2484 4307 munera
2510 4251 2856 4318 obtulerunt,
2887 4260 2946 4305 ut
2975 4251 3329 4306 ostenderent
3354 4252 3523 4322 ipsum

1948 4356 2070 4397 esse
2100 4342 2224 4397 οωιί
2272 4342 2598 4407 Dominum,
2646 4342 2737 4410 qui
2780 4342 2833 4396 in
2875 4342 3137 4412 praesepio
3182 4341 3476 4398 videretur.
3506 4363 3520 4390 ι

1871 4468 1926 4528 D
1950 4432 2083 4488 Item
2126 4433 2295 4528 etiam
2340 4433 2397 4487 in
2440 4433 2579 4488 libro
2625 4432 2931 4489 Ezechielis
2961 4450 2974 4486 :
3011 4433 3079 4486 Et
3110 4434 3243 4487 dixit
3274 4433 3528 4528 Dominus

1951 4523 2021 4576 ad
2057 4539 2176 4577 eum
2201 4537 2219 4574 :
2252 4522 2443 4578 Transi
2476 4540 2570 4595 per
2596 4524 2822 4578 mediam
2857 4524 3117 4578 civitatein
3155 4525 3213 4577 in
3236 4524 3411 4578 medio
3442 4521 3529 4577 Je-

1953 4610 2182 4666 rusalem
2226 4623 2274 4667 et
2319 4614 2469 4684 signa
2499 4615 2626 4668 thau
2660 4630 2817 4685 super
2845 4614 3043 4684 frontes
3067 4615 3301 4668 uirorum
3325 4631 3529 4685 gemen-

1951 4703 2082 4757 tium
2108 4712 2157 4756 et
2179 4702 2488 4769 dolentium,
2516 4719 2676 4774 super
2699 4705 2898 4758 eunetis
2924 4703 3401 4759 nominationibus
3419 4720 3529 4777 qua:

1951 4804 2073 4848 sunt
2099 4794 2155 4848 in
2179 4794 2351 4849 medio
2380 4795 2494 4864 ejus
2517 4795 2733 4865 (Ezech.
2767 4812 2842 4861 ix,
2870 4794 2948 4867 4).

2025 4884 2178 4952 Quod
2202 4886 2563 4957 Hieronymus
2586 4890 2838 4958 exponit:
2874 4907 2893 4940 ι
2921 4889 3176 4947 Extrema
3200 4892 3331 4947 than
3355 4894 3527 4948 littera

1955 4977 2135 5031 crucis
2185 4976 2351 5032 habet
2399 4977 2805 5034 similitudinem
2852 4996 2971 5050 quae
3007 4981 3059 5034 in
3101 4983 3527 5037 Christianorum

1956 5066 2227 5123 frontiLus
2264 5068 2505 5139 pingitur
2547 5077 2604 5124 et
2652 5068 2921 5140 frequenti
2961 5086 3156 5125 manus
3183 5072 3529 5143 inscriptione

1956 5155 2221 5227 signatur.
2294 5156 2589 5213 Cernentes
2620 5158 2789 5229 igitur
2834 5159 3185 5230 dolentesque
3224 5161 3527 5219 salvantur.

1956 5247 2049 5319 qui
2078 5261 2188 5301 non
2217 5245 2390 5301 solum
2423 5247 2580 5305 malis
2621 5264 2727 5303 non
2754 5251 3100 5309 consentiunt
3122 5251 3407 5321 operibus,
3442 5249 3532 5305 sed

1959 5347 2016 5394 et
2036 5339 2210 5395 aliena
2243 5338 2506 5411 plangunt
2534 5350 2757 5411 peccata
2777 5383 2792 5409 ,
2840 5344 3260 5415 pracipiturquc
3285 5357 3383 5399 sex
3408 5343 3533 5397 viris

1962 5437 2020 5484 ut
2050 5438 2248 5498 praeter
2275 5446 2371 5485 eos
2400 5431 2491 5501 qui
2534 5433 2748 5502 possint
2785 5435 3006 5491 dicere:
3050 5434 3329 5506 Signatnm
3354 5443 3430 5490 est
3450 5450 3533 5489 sii-

1959 5537 2053 5591 per
2077 5537 2171 5576 uos
2193 5520 2369 5576 lumen
2394 5521 2679 5589 iiuliustui',
2701 5524 2947 5592 Domine,
2965 5538 3192 5582 cunctos
3213 5527 3348 5581 inter
3358 5525 3532 5581 licium

1963 5611 2164 5666 nemini
2210 5628 2396 5666 eorum
2442 5624 2730 5683 parcentes
2769 5617 2860 5686 qui
2890 5618 3094 5688 absque
3132 5616 3337 5672 Christi
3363 5614 3535 5685 signa.

1962 5702 2082 5758 culo
2119 5702 2317 5773 aliquid
2347 5718 2466 5758 esse.
2501 5720 2559 5761 se
2585 5706 2828 5762 credunt.
2856 5726 2873 5757 ι
2923 5706 3062 5773 Quid
3088 5721 3221 5778 ergo
3251 5711 3423 5760 restat
3447 5701 3534 5756 lio-
