3838 6144
247 241 351 298 489

1259 239 1385 301 LIB.
1428 237 1793 302 ADVERSUS
1827 243 2186 304 CLAUDIUM
2225 244 2506 304 TAURIN.

3411 241 3518 303 490

246 362 378 418 mini
411 363 532 418 sine
572 375 708 416 nave
749 362 1042 419 salutifera:
1078 365 1260 420 crucis
1286 365 1648 436 procellosum
1677 367 1837 437 huius
1864 369 1918 429 Α
1942 375 2000 419 ut
2033 367 2244 437 possitis
2285 365 2716 435 comprehendere
2747 379 2864 418 cum
2909 365 3145 418 omnibus
3176 370 3370 419 sanctis
3401 381 3520 436 qua!

245 451 434 507 seculi
477 468 631 508 mare
675 454 1014 508 transeunti?
1055 453 1198 510 Nihil
1237 464 1296 509 ut
1336 467 1416 511 est
1454 455 1835 510 arbitrantium

244 543 392 598 aliud
438 543 548 598 nisi
593 551 873 598 remaneat
921 543 978 598 in
1020 545 1211 599 mediis
1256 554 1478 600 necatus
1503 543 1758 598 ﬂuctibus
1782 552 1839 598 et

242 646 370 689 cum
413 632 583 688 terris
621 631 894 705 Egyptiis
932 634 986 687 in
1023 633 1352 703 profundum
1381 635 1729 703 demergatur
1757 635 1836 688 in-

245 722 428 777 ferni?
471 722 543 778 Et
581 723 711 791 quid
748 723 1015 789 imminet,
1053 731 1110 778 et
1133 722 1288 791 cujus
1328 723 1478 778 frons
1512 724 1701 778 eodem
1732 738 1839 777 non

246 821 501 867 armatur
540 828 717 882 neque
747 813 1061 868 inscribitur
1095 815 1286 884 signo?
1318 814 1462 868 Nihil
1490 823 1688 884 praeter
1714 814 1836 878 hoc,

245 913 304 957 ut
323 903 626 958 secundum
650 903 971 973 prophetam
995 920 1118 958 cum
1144 907 1652 974 praevaricatoribus
1675 905 1840 959 Israel

243 993 432 1064 gladio
467 993 666 1047 divinae
689 1003 962 1047 mactetur
994 994 1236 1050 ultionis.
1278 994 1404 1049 Veri
1428 1003 1612 1050 autem
1639 1010 1704 1049 ac
1734 979 1841 1048 sal-

245 1082 414 1136 vandi
456 1081 718 1136 Israelitaa
747 1081 998 1137 duodena
1032 1083 1260 1138 millium
1285 1100 1511 1139 numero
1543 1100 1608 1138 ex
1642 1085 1842 1139 duode-

242 1173 354 1229 cim
385 1171 643 1226 tribubus
670 1170 835 1226 Israel
861 1173 1018 1226 electi
1054 1174 1159 1228 hoc
1197 1181 1278 1228 est
1307 1173 1544 1228 universi
1575 1173 1760 1229 ﬁdeles
1786 1182 1842 1229 et

242 1261 546 1318 orthodoxi
573 1277 669 1331 per
698 1270 868 1316 totum
896 1266 1089 1317 orbem
1118 1273 1319 1319 sancta:
1345 1273 1399 1318 et
1421 1263 1700 1318 catholica:
1727 1279 1842 1318 ma-

247 1354 346 1407 tris
376 1351 644 1406 Ecclesice
673 1350 766 1405 ﬁlii
813 1361 959 1407 recta
991 1353 1097 1409 ﬁde
1141 1363 1199 1408 et
1236 1356 1437 1409 mundo
1462 1355 1625 1408 corde
1662 1353 1842 1408 Domi-

246 1461 377 1499 num
407 1445 709 1508 intuentes,
755 1459 1054 1514 sanamque
1096 1444 1376 1499 duodecim
1417 1444 1717 1498 doctrinam
1745 1443 1841 1498 ob-

245 1543 540 1592 servantes
589 1534 952 1603 apostolorum
980 1574 996 1599 ,
1050 1535 1118 1588 ab
1169 1534 1374 1604 angelis
1429 1533 1681 1598 Domini,
1737 1533 1840 1588 hoc

252 1627 659 1700 gloriosissimo
689 1634 745 1680 et
772 1625 1128 1680 saluberrimo
1155 1626 1452 1680 Dominicae
1478 1625 1658 1680 crucis
1685 1625 1839 1695 signo

1941 456 2006 510 sit
2035 455 2281 520 latitudo,
2306 464 2354 509 et
2382 455 2677 525 longitudo,
2707 465 2754 509 et
2776 455 3068 509 sublimitas
3089 464 3137 509 et
3160 455 3518 526 profundum;

1940 545 2074 597 scire
2101 545 2258 598 etiam
2295 545 2757 613 supereminentem
2781 545 3014 599 scientiae
3036 545 3345 598 charitatem
3368 541 3525 599 Chri-

1941 636 2008 688 sti
2032 675 2048 700 ,
2092 645 2142 688 et
2182 634 2506 704 impleamini
2544 637 2600 688 in
2639 653 2842 689 omnem
2886 635 3263 706 plenitudinem
3306 637 3522 691 Domini

1943 725 2157 797 (Ephes.
2203 743 2285 793 ιιι,
2331 727 2440 798 14).
2504 728 2656 782 Unde
2708 729 3038 798 Augustinus
3086 730 3140 784 in
3186 730 3522 800 expositione

1941 816 2216 888 Evangelii
2244 819 2538 872 secundum
2562 817 2824 874 Joannem
2859 838 2870 873 :
2905 837 2924 870 ‹
2951 818 3090 886 Quid
3128 820 3272 874 enim
3317 820 3382 874 de
3405 821 3518 889 ipsa

1942 923 2107 962 cruce
2134 909 2327 963 dicturi
2367 925 2552 964 sumus
2591 927 2709 978 qua:
2742 920 2889 968 certe
2916 912 3166 966 similiter
3186 914 3256 966 ab
3289 913 3523 968 inimicis

1942 1004 2106 1066 atque
2137 996 2317 1067 impiis
2355 998 2570 1052 Christo
2599 999 2740 1054 facta
2777 1009 2832 1054 et
2871 1002 3102 1070 impacta
3127 1003 3244 1056 est?
3276 1022 3294 1054 ι
3338 1003 3407 1056 Ει
3443 1013 3524 1056 ta-

1943 1104 2068 1143 men
2094 1105 2156 1143 ea
2179 1089 2468 1160 signiﬁcari
2497 1099 2644 1146 recte
2669 1092 2999 1163 intelligitur,
3021 1095 3163 1162 quod
3185 1095 3262 1148 ait
3284 1095 3518 1164 Aposto-

1943 1179 2028 1235 lus
2053 1195 2171 1249 quaa
2217 1181 2289 1235 sit
2329 1179 2572 1244 latitudo,
2623 1190 2678 1236 et
2714 1181 2989 1252 longitudo
3018 1223 3032 1246 ,
3077 1192 3129 1237 et
3176 1184 3434 1250 altitudo,
3470 1196 3521 1239 et

1943 1271 2290 1342 profundum.
2327 1272 2463 1328 Lata
2490 1282 2575 1327 est
2593 1273 2791 1342 quippe
2824 1273 2878 1327 in
2909 1281 3219 1328 transverso
3249 1275 3392 1345 ligno
3414 1291 3522 1345 quo

1945 1363 2312 1417 extenduntur
2355 1364 2653 1433 pendentes
2701 1379 2922 1429 manus,
2970 1375 3028 1419 et
3054 1365 3321 1434 signiﬁcat
3358 1382 3523 1435 opera

1944 1451 2085 1505 bona
2115 1451 2168 1505 in
2197 1451 2477 1507 latitudine
2507 1453 2809 1508 charitatis.
2837 1452 3018 1524 Longa
3048 1460 3133 1508 est
3154 1469 3184 1508 a
3212 1462 3521 1509 transverso

1943 1557 2117 1611 usque
2142 1543 2212 1598 ad
2243 1552 2442 1597 terram
2462 1585 2475 1607 ,
2507 1544 2596 1598 ubi
2622 1545 2842 1599 dorsum
2866 1546 3139 1616 pedesque
3178 1545 3438 1614 ﬁguntur,
3467 1557 3523 1601 et

1944 1631 2216 1701 signiﬁcat
2275 1634 2740 1701 perseverantiam
2782 1634 2836 1688 in
2887 1635 3221 1705 longitudine
3266 1637 3525 1707 temporis

248 1720 364 1774 suis
423 1717 798 1772 inscribuntur
830 1717 1123 1783 frontibus,
1163 1725 1220 1772 et
1260 1732 1360 1786 per
1403 1717 1508 1772 hoc
1540 1717 1838 1772 salvantur.
1871 1720 1918 1779 B
1947 1738 2117 1792 usque
2145 1724 2198 1776 in
2221 1723 2404 1778 ﬁnem.
2447 1723 2569 1778 Alta
2593 1734 2675 1779 est
2701 1725 2754 1778 in
2784 1727 3064 1780 cacumine
3084 1728 3225 1794 quod
3241 1741 3337 1795 per
3353 1735 3527 1781 trans-

247 1809 401 1877 Quos
445 1810 641 1863 beatus
683 1806 940 1874 Joannes,
979 1817 1040 1862 ut
1066 1809 1121 1862 in
1145 1809 1468 1880 Apocalypsi
1499 1809 1699 1881 legitur
1718 1817 1844 1864 ante

248 1903 519 1957 thronum
548 1909 604 1955 et
645 1901 700 1955 in
739 1909 1029 1970 conspectu
1060 1902 1182 1972 agni
1221 1902 1436 1958 stetisse
1462 1911 1842 1972 conspexerat,

246 1997 378 2052 hinc
411 1995 532 2048 ait:
569 1993 633 2048 Et
678 1995 782 2048 uidi
830 1994 1054 2049 alterum
1095 1994 1337 2065 angelum
1379 1995 1743 2050 ascendentem
1779 1995 1844 2049 ab

246 2098 371 2142 ortu
413 2085 545 2140 solis
566 2086 841 2139 habentem
868 2087 1076 2156 signum
1101 2085 1197 2140 Dei
1232 2086 1330 2140 vivi
1346 2103 1364 2151 ;
1389 2094 1437 2140 et
1461 2085 1702 2140 clamavit
1726 2104 1846 2141 voce

247 2194 451 2248 magna
497 2175 569 2229 ad
597 2185 826 2245 quatuor
867 2174 1080 2245 angelos
1123 2174 1312 2246 quibus
1356 2175 1540 2230 datum
1563 2185 1637 2229 est
1664 2192 1848 2230 nocere

248 2278 411 2322 terrm
457 2275 507 2320 et
549 2266 714 2330 mari,
769 2266 992 2319 dicens:
1024 2265 1205 2320 Nolite
1240 2282 1425 2320 nocere
1467 2275 1639 2331 terrai,
1686 2283 1849 2337 neque

249 2359 417 2423 mari,
449 2374 617 2428 neque
647 2357 921 2411 arboribus
942 2400 958 2424 ,
1005 2358 1345 2429 quoadusque
1378 2357 1640 2428 signemus
1677 2375 1848 2412 servos

251 2451 476 2506 Domini
527 2449 694 2503 nostri
721 2449 777 2502 in
808 2448 1068 2518 frontibus
1107 2465 1308 2504 eorum.
1368 2448 1438 2502 Et
1467 2449 1643 2503 audivi
1669 2464 1850 2502 nume-

251 2559 370 2595 rum
415 2543 749 2611 signatorum
788 2550 992 2594 centum
1028 2542 1382 2611 quadraginta
1415 2550 1643 2613 quatuor
1679 2541 1849 2594 millia

253 2634 453 2704 signati
481 2647 549 2685 ea:
590 2632 732 2686 omni
772 2632 911 2684 tribu
955 2631 1188 2701 ﬁliorum
1222 2631 1394 2686 Israel
1426 2632 1610 2704 (Apoc.
1642 2648 1741 2696 vn,
1771 2630 1846 2705 2).

254 2725 527 2780 Dominus
561 2721 616 2776 in
645 2737 808 2776 carne
850 2730 1010 2776 natus
1039 2723 1129 2792 qui
1169 2723 1352 2793 magni
1379 2722 1590 2778 consilii
1623 2723 1848 2793 angelus

255 2828 331 2873 est
360 2825 613 2888 paterna:
654 2813 862 2869 scilicet
902 2813 1194 2869 voluntatis
1235 2815 1457 2874 nuntius
1485 2814 1726 2868 visitavit
1752 2829 1850 2869 nos

255 2911 445 2965 oriens
482 2922 554 2961 ex
584 2904 712 2971 alto,
739 2896 994 2959 vexillum
1030 2899 1209 2960 crucis
1251 2920 1358 2974 quo
1388 2920 1607 2960 suorum
1645 2903 1851 2959 frontes

257 3001 505 3072 signaret
553 2995 802 3051 afferens.
865 2995 934 3048 Et
961 2994 1202 3050 clamavit
1227 3014 1346 3050 voce
1373 3014 1563 3068 magna
1584 3037 1599 3063 ,
1644 3004 1702 3051 et
1725 2995 1853 3052 reli-

255 3109 382 3163 qua.
433 3083 552 3144 Iloc
599 3096 684 3143 est
729 3085 1114 3158 prtedicatione
1151 3087 1366 3143 sublimi
1410 3108 1422 3143 :

257 3184 437 3254 agite;
466 3178 904 3250 appropinquavit
943 3180 1081 3232 enim
1109 3195 1324 3249 regnum
1356 3178 1622 3234 caelorum.
1680 3178 1861 3235 Nolite

258 3288 474 3335 nocere,
507 3280 571 3325 ἐι
603 3269 810 3339 reliqua
832 3309 846 3334 ,
877 3270 1216 3340 quoadusque
1238 3271 1500 3340 signemus
1538 3287 1712 3325 servos
1747 3271 1859 3325 Do-

256 3361 393 3418 nini
431 3362 599 3416 nostri
627 3362 680 3415 in
708 3360 967 3430 frontibus
987 3376 1188 3414 eorum.
1221 3361 1304 3414 Ad
1337 3362 1438 3414 hoc
1464 3361 1702 3431 gentium
1733 3376 1860 3415 con-

260 3455 510 3511 fractum
541 3461 626 3508 est
650 3453 936 3522 imperium
958 3491 973 3516 ,
1010 3459 1069 3506 ut
1096 3452 1250 3523 signo
1279 3451 1402 3506 ﬁdei
1429 3452 1514 3506 cui
1546 3452 1863 3506 restiterant

255 3548 437 3603 facies
460 3551 666 3601 sancta:
699 3543 869 3600 libere
906 3553 1251 3600 notarentur.
1284 3542 1418 3596 Nam
1454 3551 1510 3598 et
1536 3543 1650 3614 ipsa
1677 3544 1857 3599 crucis

255 3639 440 3711 ﬁgura
465 3637 758 3692 dilatatum
802 3635 1004 3706 ubique
1042 3635 1256 3690 Domini
1307 3635 1576 3706 signiﬁcat
1609 3650 1857 3706 regnum.

259 3731 429 3789 Sicut
455 3740 613 3787 vetus
639 3730 911 3786 distichon
942 3731 1136 3801 probat
1167 3747 1182 3784 :

517 3839 729 3905 Respice
751 3841 990 3905 distinctis
1012 3841 1296 3904 quadratum
1326 3843 1544 3905 partibus
1567 3842 1759 3905 orbem,

587 3903 645 3952 Ut
664 3907 857 3965 signum
881 3904 992 3952 ﬁdei
1017 3903 1188 3954 cuncta
1209 3903 1386 3955 tenere
1411 3907 1607 3968 probet;

251 4004 457 4077 Neque
491 4003 637 4057 enim
682 4001 885 4057 frustra
919 4003 970 4058 in
1011 4002 1190 4058 fronte
1224 4005 1498 4074 pontiﬁcis
1526 4019 1723 4060 nomen
1748 4004 1855 4060 Do-

251 4099 394 4153 mini
435 4104 919 4166 tetragrammaton
950 4096 1311 4162 scribebatur,
1343 4097 1450 4152 nisi
1488 4097 1613 4166 quia
1639 4098 1742 4154 hoc
1774 4106 1859 4153 est

251 4190 482 4260 signum
534 4185 752 4239 unicum
785 4183 944 4239 simul
985 4192 1042 4238 et
1075 4185 1396 4255 quadratum
1431 4186 1486 4241 in
1530 4186 1706 4242 fronte
1727 4186 1860 4242 ﬁde-

248 4279 422 4343 lium,
469 4275 539 4330 de
577 4290 684 4344 quo
727 4275 786 4329 in
825 4274 1044 4329 Psalmo
1071 4289 1170 4345 pro
1200 4275 1565 4330 torcularibus
1594 4278 1811 4330 canitur
1841 4290 1856 4330 :

251 4367 495 4422 Domine
530 4363 788 4419 Dominus
816 4374 1011 4431 noster,
1039 4382 1198 4433 quam
1225 4365 1540 4420 admirabile
1564 4375 1641 4420 est
1668 4382 1858 4421 nomen

1947 1828 2163 1868 versum
2191 1814 2396 1885 lignum
2429 1831 2644 1870 sursum
2684 1831 2873 1872 versus
2918 1817 3132 1871 excedit
3167 1824 3222 1870 et
3259 1817 3529 1888 signiﬁcat

1947 1922 2240 1977 supernum
2264 1907 2450 1973 ﬁnem,
2480 1923 2586 1977 quo
2614 1915 2808 1964 cuncta
2832 1924 2996 1980 opera
3027 1908 3357 1964 referuntur.
3383 1910 3527 1977 Quo-

1947 1997 2094 2050 niam
2119 2005 2314 2052 cuncta
2343 1997 2629 2054 latitudine
2674 2013 2739 2054 ac
2782 1999 3116 2070 longitudine
3157 1997 3294 2054 bene
3318 2014 3382 2054 ac
3404 2014 3528 2070 per-

1949 2095 2264 2143 severanter
2288 2088 2460 2153 ﬁunt,
2495 2096 2719 2159 propter
2742 2089 3082 2145 altitudinem
3117 2090 3420 2145 divinorum
3451 2091 3530 2146 fa-

1950 2181 2139 2234 cienda
2181 2189 2308 2236 sunt
2333 2182 2701 2252 prmmiorum.
2761 2181 3035 2236 Profunda
3073 2191 3158 2238 est
3190 2184 3244 2238 in
3277 2199 3340 2238 ea
3375 2194 3532 2255 parte

1951 2269 2077 2338 quia
2104 2271 2157 2324 in
2191 2278 2334 2325 terra
2360 2270 2562 2342 ﬁgitur.
2618 2271 2696 2326 lbi
2732 2272 2928 2342 quippe
2965 2282 3020 2326 et
3052 2273 3259 2328 occulta
3287 2282 3398 2337 est,
3430 2289 3532 2328 nec

1950 2360 2124 2415 videri
2151 2368 2347 2430 potest,
2376 2361 2472 2416 sed
2499 2369 2693 2417 cuncta
2721 2357 2840 2430 ejus
2861 2363 3177 2432 apparentia
3201 2371 3255 2417 et
3283 2364 3528 2418 eminen-

1952 2451 2027 2505 tia
2060 2451 2184 2507 inde
2221 2461 2577 2524 consurgunt,
2629 2453 2769 2508 sicut
2811 2454 2954 2508 bona
2993 2462 3179 2508 nostra
3218 2454 3281 2508 de
3310 2453 3532 2522 profun-

1954 2539 2124 2594 ditate
2157 2541 2346 2610 gratiae
2371 2540 2489 2604 Dei,
2518 2557 2638 2611 quae
2659 2541 3038 2612 comprehendi
3069 2554 3130 2595 ac
3161 2541 3388 2595 indicari
3425 2556 3532 2594 non

1949 2638 2132 2700 potest
2161 2631 2413 2686 universa
2441 2634 2761 2702 procedunt.

2023 2721 2158 2777 Item
2189 2723 2254 2779 de
2303 2740 2370 2780 eo
2400 2726 2543 2794 quod
2592 2741 2753 2796 supra
2796 2727 2848 2782 in
2896 2727 3256 2798 Apocalypsi:
3289 2723 3532 2781 Postha’c

1954 2813 2062 2867 vidi
2096 2814 2306 2869 turbam
2339 2831 2586 2886 magnam
2608 2857 2623 2882 ,
2669 2833 2824 2888 quam
2848 2816 3182 2871 dinumerare
3210 2832 3359 2871 nemo
3391 2825 3538 2886 pote-

1956 2913 2062 2970 rat,
2087 2919 2152 2958 εκ
2182 2906 2422 2959 omnibus
2460 2907 2697 2976 gentibus
2722 2947 2736 2972 ,
2784 2916 2832 2960 et
2865 2905 3100 2960 tribubus
3120 2947 3134 2971 ,
3163 2915 3210 2960 et
3231 2905 3456 2976 papulis,
3485 2914 3536 2959 et

1955 2994 2176 3066 linguis,
2218 3004 2418 3050 stantes
2461 3005 2584 3051 ante
2629 2996 2875 3051 thronum
2918 3007 2965 3051 et
2992 2997 3050 3051 in
3081 3007 3357 3067 conspectu
3388 2997 3533 3066 agni,

1480 3087 1849 3144 Paenitentiam
1879 3106 1924 3168 ρ
1955 3091 2138 3144 amicti
2170 3088 2318 3144 stolis
2358 3088 2512 3157 albis,
2557 3098 2607 3144 et
2643 3088 2833 3158 palma:
2876 3090 2937 3144 in’
2972 3089 3216 3144 manibus
3246 3105 3458 3152 eorum;
3485 3097 3537 3140 et

1961 3175 2262 3234 clamabant
2311 3196 2430 3234 uoce
2473 3195 2665 3249 magna
2709 3179 2937 3232 dicentes
2963 3195 2982 3233 :
3032 3178 3194 3232 Salus
3227 3178 3336 3233 Deo
3361 3189 3538 3232 nostro

1959 3270 2049 3338 qui
2091 3269 2235 3322 sedet
2280 3285 2437 3338 super
2484 3271 2751 3334 thronum,
2793 3277 2842 3321 et
2886 3285 3022 3337 agno
3062 3268 3246 3338 (Apoc.
3270 3284 3367 3334 vn,
3407 3267 3532 3337 15);

1958 3359 2172 3414 cunctis
2202 3366 2257 3413 et
2283 3359 2337 3412 in
2361 3357 2631 3413 frontibus
2658 3366 2714 3412 et
2734 3359 2790 3412 in
2817 3359 3066 3412 manibus
3093 3360 3195 3413 hoc.
3221 3368 3306 3413 est
3332 3361 3384 3413 in
3409 3374 3536 3428 pro-

1962 3451 2199 3507 fessione
2219 3458 2274 3505 et
2305 3450 2518 3506 actione
2544 3449 2766 3520 signari.
2806 3449 2883 3504 Ita
2923 3450 3067 3504 enim
3101 3449 3362 3504 Dominus
3387 3450 3440 3504 in
3473 3463 3538 3504 ea

1961 3539 2138 3595 forma
2164 3539 2218 3594 in
2265 3555 2370 3610 qua
2413 3553 2512 3608 pro
2558 3539 2715 3594 nobis
2743 3538 2854 3614 pati
2891 3537 3140 3609 dignatus
3166 3548 3272 3604 est,
3301 3540 3540 3594 creditur

1960 3647 2082 3687 esse
2127 3640 2389 3688 venturus
2419 3631 2486 3686 ad
2511 3631 2797 3703 judicium,
2842 3630 3090 3701 bajulans
3125 3647 3340 3687 crucem
3383 3648 3539 3689 suam

1963 3726 2214 3781 omnibus
2246 3726 2552 3780 obscuratis
2581 3723 2830 3780 ﬁdelibus
2854 3723 3025 3779 solam
3054 3724 3290 3780 mirabili
3317 3735 3371 3781 et
3397 3723 3536 3781 inef-

1963 3816 2109 3872 fabili
2140 3816 2349 3889 fulgore
2391 3825 2770 3874 coruscantem
2805 3819 2945 3874 sicut
2983 3819 3036 3874 in
3075 3819 3369 3892 Evangelio
3395 3820 3534 3891 legi-

1962 3918 2048 3964 tur
2073 3927 2086 3962 :
2122 3899 2214 3964 Sbl
2237 3908 2623 3975 obscurabitur,
2648 3918 2694 3963 et
2721 3907 2848 3964 luna
2872 3926 2975 3964 non
2999 3910 3142 3965 dabit
3167 3910 3343 3968 lumen
3362 3928 3539 3978 suum,

1959 4011 2008 4054 et
2035 3999 2187 4055 stella
2214 4001 2399 4056 cadent
2437 4001 2504 4056 de
2539 4000 2688 4065 calo,
2711 4010 2760 4056 et
2800 4001 3013 4056 virtutes
3042 4002 3288 4058 caelorum
3307 4021 3539 4062 commo-

1961 4091 2215 4146 vebuntur
2237 4105 2255 4142 :
2299 4101 2348 4144 et
2375 4101 2498 4146 tunc
2527 4090 2793 4162 apparebit
2837 4093 3044 4161 signum
3080 4092 3182 4160 ﬁlii
3218 4093 3448 4148 hominis
3484 4095 3540 4148 in

1960 4183 2086 4236 celo
2115 4180 2330 4253 (Matth.
2355 4198 2504 4245 xxiv,
2535 4181 2650 4251 29).

2028 4273 2156 4328 Inde
2202 4273 2439 4330 Joannes
2489 4274 2544 4328 in
2594 4273 2926 4343 Evangelio:
2982 4273 3235 4328 Videbunt
3287 4274 3344 4329 in
3388 4291 3541 4346 quem

1960 4362 2336 4431 transﬁxerunt
2374 4362 2556 4432 (Joan.
2585 4362 2836 4431 itm-57).
2879 4362 2980 4426 Ita,
3004 4363 3245 4432 inquam,
3275 4364 3458 4420 veniet
3485 4371 3543 4420 et

247 4470 417 4513 tuum
451 4458 508 4509 in
548 4457 790 4510 universa
825 4466 966 4510 terra
995 4455 1166 4527 (Psal.
1192 4456 1332 4528 VIII),
1372 4464 1429 4512 et
1463 4465 1660 4513 caetera
1685 4473 1858 4526 usque
1882 4453 1935 4512 D
1962 4452 2425 4507 numerosissimis
2447 4461 2502 4507 et
2527 4451 2932 4523 gloriosissimis
2955 4468 3312 4523 supernorum
3339 4455 3541 4510 civium

247 4549 387 4602 dum
429 4547 530 4609 ait,
566 4555 620 4600 ut
639 4547 881 4600 destruas
913 4547 1183 4600 inimicum
1211 4557 1259 4600 et
1289 4546 1614 4616 defensorem
1663 4546 1857 4618 Sequi-

247 4647 364 4701 tur,
403 4637 593 4689 amicti
631 4636 777 4690 stolis
802 4635 935 4690 albis
971 4645 1022 4690 et
1057 4635 1249 4706 palma:
1277 4637 1332 4690 in
1371 4637 1613 4691 manibus
1638 4653 1855 4691 eorum:

245 4729 441 4784 Stolis
491 4726 838 4796 baptismum,
888 4727 1084 4796 palmis
1126 4727 1458 4795 triumphum
1508 4728 1688 4781 crucis
1729 4729 1861 4783 insi-

1958 4551 2014 4597 et
2044 4542 2286 4596 omnium
2329 4541 2562 4597 ﬁdelium
2605 4543 2868 4608 vallatus,
2907 4552 2962 4599 et
2997 4545 3285 4601 comitatus
3313 4547 3543 4617 agmini-

1958 4633 2059 4688 bus
2088 4633 2313 4703 singulis
2353 4647 2540 4687 eorum
2575 4635 2678 4688 hoc
2709 4634 3032 4705 triumphale
3058 4635 3315 4690 vexillum
3344 4637 3398 4691 in
3429 4638 3542 4693 suis

1960 4722 2258 4776 ferentibus
2290 4722 2548 4776 humeris.

2033 4816 2170 4869 Hinc
2209 4814 2447 4870 Joannes
2476 4796 2898 4887 Chrysostomus
2933 4816 2985 4870 in
3027 4816 3248 4872 homilia
3279 4817 3345 4873 de
3381 4833 3545 4874 cruce

1963 4915 2017 4960 et
2044 4905 2269 4959 latrone.
2309 4923 2326 4954 ‹
2352 4905 2484 4959 Volo
2519 4914 2578 4959 ut
2613 4905 2749 4960 alias
2789 4908 3029 4962 rationes
3057 4922 3376 4976 cognoscas.
3411 4909 3545 4963 Cru-

1965 5013 2082 5052 cem
2119 4997 2286 5052 solam
2338 5013 2444 5051 non
2493 4997 2711 5067 reliquit
2758 4999 2812 5053 in
2846 5009 3022 5066 terra,
3075 5003 3168 5055 sed
3207 5016 3387 5056 secum
3419 5002 3541 5057 eam

1964 5091 2160 5145 levavit
2181 5091 2250 5166 ad
2269 5089 2485 5144 cmlum.
2519 5090 2646 5153 Sed,
2675 5092 2774 5156 ais,
2803 5093 2907 5147 hoc
2934 5095 3076 5148 unde
3105 5094 3542 5148 demonstratur?

1964 5182 2032 5237 Et
2062 5181 2182 5237 ideo
2209 5182 2335 5235 audi
2365 5199 2376 5233 :
2411 5181 2544 5236 Cum
2575 5184 2689 5253 ipsa
2714 5185 2926 5248 veniet,
2956 5201 3078 5240 cum
3112 5186 3225 5256 ipsa
3251 5185 3542 5240 secundam

1965 5289 2116 5329 suam
2167 5273 2535 5342 praesentabit.
2591 5276 2713 5329 Ideo
2759 5275 3047 5346 gloriosam
3085 5291 3305 5331 crucem
3334 5287 3543 5327 nuncud

1961 5366 2106 5435 pavi.
2145 5366 2277 5420 Item
2310 5375 2431 5436 post
2456 5381 2644 5435 pauca.
2689 5366 2757 5420 Et
2783 5378 2893 5421 tum
2924 5368 3128 5437 signum
3163 5364 3421 5418 videbitur
3441 5362 3540 5431 ﬁli'

1962 5463 2187 5517 hominis
2216 5462 2272 5517 in
2295 5461 2441 5516 caelo.
2482 5461 2672 5516 Vidisti
2697 5463 2922 5532 gloriam
2951 5461 3110 5529 signi,
3141 5458 3191 5511 id
3220 5464 3304 5510 est
3321 5456 3539 5510 crucis:

238 4830 422 4878 nuat.
479 4818 585 4874 Pro
627 4835 734 4889 quo
779 4819 1012 4874 mirabili
1062 4828 1116 4874 et
1162 4818 1418 4873 ineffabili
1451 4819 1647 4873 divina:
1684 4820 1860 4873 crucis

240 4923 618 4972 sacramento
655 4923 779 4967 orat
833 4913 1123 4982 Apostolus
1167 4929 1265 4968 sua
1313 4915 1379 4968 ad
1423 4914 1589 4968 Deum
1637 4913 1857 4969 ﬂectens

239 5021 468 5080 genua,
497 5004 808 5060 utdonetur
845 5005 1124 5072 fidelibus,
1172 5007 1276 5061 hoc
1305 5006 1634 5077 intelligere,
1671 5008 1857 5063 dicens

242 5099 305 5152 in
337 5095 590 5164 Epistola
619 5097 684 5149 ad
711 5096 989 5165 Ephesios.

323 5191 527 5259 Hujus
553 5191 627 5243 rei
670 5191 841 5259 gratia
871 5193 1022 5260 ﬂecto
1050 5208 1220 5262 genua
1251 5208 1364 5245 mea
1402 5191 1472 5244 ad
1514 5191 1728 5245 Patrem
1755 5191 1858 5245 Do-

234 5285 396 5342 mini
444 5284 613 5338 nostri
659 5284 786 5338 Jesu
817 5283 1044 5350 Christi,
1088 5301 1154 5338 ea:
1179 5302 1282 5356 quo
1308 5286 1547 5338 omnibus
1571 5285 1856 5354 paternitas

232 5379 302 5434 in
331 5376 495 5431 cazlis
518 5387 566 5429 et
591 5377 645 5430 in
671 5386 813 5430 terra
842 5379 1166 5443 nominatur,
1199 5387 1256 5431 ut
1292 5378 1377 5431 det
1409 5379 1549 5431 vobis
1570 5377 1855 5431 secundum

232 5470 481 5527 divitias
504 5468 687 5537 gloria:
713 5487 826 5524 suae
856 5471 1096 5524 virtutem
1129 5469 1460 5524 corroborari
1493 5486 1586 5539 per
1616 5469 1857 5539 spiritum

232 5565 377 5636 ejus
409 5563 464 5615 in
487 5563 737 5616 interiore
763 5563 972 5616 homine
994 5562 1233 5615 habitare
1272 5558 1538 5614 Christum
1579 5577 1670 5630 per
1698 5558 1855 5627 ﬁdem
1961 5555 2091 5610 solis
2137 5556 2315 5610 lumen
2362 5555 2616 5609 reddetur
2642 5556 2954 5618 obscurum,
3010 5552 3148 5603 lunae
3184 5565 3289 5603 non
3327 5549 3543 5604 dabitur

233 5657 305 5711 in
331 5653 598 5709 cordibus
648 5655 850 5716 vestris,
899 5654 955 5706 in
1001 5654 1258 5707 cltarilate
1282 5652 1506 5706 radicati
1549 5660 1596 5706 et
1623 5649 1853 5720 fundati,
1963 5652 2159 5721 gratia,
2184 5651 2277 5706 sed
2302 5649 2432 5704 illud
2464 5647 2696 5702 radiabit
2726 5657 2780 5702 et
2810 5646 3034 5707 lucebit,
3066 5652 3120 5697 et
3142 5643 3283 5700 sicut
3311 5644 3538 5715 impera-

769 5749 1047 5806 I’arnor..
1105 5745 1230 5804 CV.
3032 5737 3107 5795 16
