3838 6144
273 267 277 272 ·
323 240 422 296 491

1642 220 1943 282 DUNGALI
1983 221 2280 307 unumst

3477 224 3574 286 493

327 367 504 409 torem
549 348 748 423 regalis
792 361 988 420 pompa
1033 343 1328 418 praecedit,
1378 347 1434 394 et
1478 339 1731 396 militaris
1765 337 1901 395 ordo
1927 343 1977 403 Α
2004 300 2184 393 delum
2219 333 2484 409 sumpsit,
2542 299 2684 395 unde
2711 338 2878 395 etiam
2909 338 3030 409 plus
3056 339 3215 394 debet
3252 337 3370 396 ﬁeri
3395 349 3456 395 ut
3485 342 3576 396 ho-

331 440 622 516 prazeundo
661 437 853 495 vexilla
889 435 1131 491 humeris
1155 440 1372 504 portare
1404 430 1710 497 consuevit,
1736 437 1792 485 et
1819 429 1907 484 his

330 533 451 604 ejus
477 531 788 588 declaratur
810 517 1113 590 adventus,
1161 523 1243 578 sic
1283 521 1512 577 Domino
1547 521 1614 576 de
1641 520 1782 576 coelo
1809 535 1907 577 ve-

330 627 516 681 niente
553 621 865 691 angelorum
912 624 1106 681 cattus,
1155 623 1211 669 et
1237 613 1692 684 archangelorum
1725 611 1907 667 multi-

331 714 480 778 tudo,
513 711 643 766 illud
671 709 882 780 signum
910 705 1154 761 humeris
1179 711 1399 774 portant
1427 702 1657 758 excelsis
1677 742 1693 768 ,
1730 709 1787 756 et
1823 717 1910 757 re-

329 803 504 872 galem
559 800 714 856 nobis
773 799 1063 854 adventum
1125 796 1465 852 denuntiant.
1497 813 1518 848 ι
1567 795 1705 850 lline
1743 795 1917 850 etiam

328 891 586 948 Paulinus
607 891 662 945 in
690 889 784 944 lib.
819 904 876 943 ιχ
905 908 920 942 ι

329 984 433 1053 Qui
461 997 624 1039 cruce
644 994 916 1053 purpurea
943 978 1166 1049 pretiosi
1190 977 1469 1049 sanguinis
1492 984 1666 1041 ostro,

328 1076 546 1132 Arduus
565 1089 795 1131 ascensu
821 1073 1052 1128 voluerit
1075 1071 1381 1141 penetravit
1407 1071 1463 1124 in
1490 1071 1620 1124 alta.

611 1164 762 1220 Idem
792 1165 848 1218 in
877 1163 1110 1217 carmine
1139 1161 1200 1215 11
1238 1161 1302 1214 de
1326 1161 1507 1216 eadem
1537 1177 1612 1215 re.

329 1260 452 1316 Alia
479 1260 666 1315 itidem
695 1257 832 1312 mihi
861 1255 1109 1311 Christus
1135 1261 1190 1308 et
1218 1277 1260 1310 ω
1282 1253 1374 1324 qui
1404 1268 1615 1308 summa
1638 1253 1909 1324 supremis

333 1352 576 1416 Finibus,
608 1349 812 1406 excelsi
836 1347 1042 1419 pariter
1070 1345 1386 1416 complexus
1412 1353 1469 1399 et
1491 1345 1606 1410 imi,

337 1443 526 1497 Victor
548 1447 605 1495 et
634 1438 843 1494 inferna
870 1446 924 1492 et
944 1437 1148 1508 pariter
1180 1435 1423 1491 omlestia
1450 1435 1624 1504 cepit,

331 1532 692 1601 Eil‘raetisque
722 1529 929 1600 abyssis
959 1526 1124 1583 cmlos
1146 1526 1450 1596 penetravit
1473 1534 1710 1594 apertos,

333 1625 626 1682 Victricem
656 1624 898 1678 referens
924 1628 1174 1692 superata
1204 1628 1379 1674 morte
1408 1619 1657 1674 salutem.

335 1719 516 1789 thue
540 1717 691 1772 illum
720 1716 913 1786 patria:
934 1713 1116 1784 junxit
1143 1713 1371 1768 victoria
1403 1713 1608 1767 dextrae

338 1809 718 1877 Vexillumque
741 1805 921 1861 crucis
950 1821 1112 1875 super
1131 1804 1312 1859 omnia
1345 1803 1523 1857 sidera
1549 1802 1685 1857 ﬁxit.

333 1899 667 1969 Corporeum
689 1895 879 1951 statuit
899 1893 1110 1950 caelesti
1135 1893 1190 1947 in
1216 1893 1344 1947 sede
1369 1893 1694 1962 trophaeum.

332 1989 474 2058 Quid
499 2003 628 2059 ergo
655 1988 760 2042 erit
789 1984 1032 2040 facturus
1055 1983 1110 2038 in
1135 1984 1227 2038 illa
1257 1984 1343 2040 die
1374 1984 1624 2040 inimicus
1653 1991 1708 2040 et
1729 1996 1912 2056 perse-

335 2089 492 2134 cutor
542 2075 722 2130 crucis
766 2073 1007 2139 Christi,
1065 2073 1282 2142 quando
1324 2087 1388 2128 ea
1423 2074 1602 2128 omnis
1639 2075 1912 2130 exercitus

333 2168 549 2224 Domini
584 2168 827 2239 signatus
861 2176 918 2220 et
959 2173 1185 2220 ornatus
1231 2165 1573 2236 apparuerit?
1611 2165 1704 2221 Ille
1731 2173 1912 2221 autem

335 2259 512 2330 ipsam
545 2271 760 2326 semper
786 2270 984 2311 exosus
1024 2263 1079 2310 et
1109 2263 1429 2325 persecutus
1469 2269 1578 2310 non
1616 2255 1915 2312 merebitur

337 2367 464 2406 cum
510 2347 723 2406 caeteris
775 2347 1114 2417 consignari;
1161 2354 1385 2417 pr0pter
1431 2347 1536 2402 hoc
1583 2355 1764 2400 tamen
1804 2361 1912 2402 non

337 2442 643 2499 remanebit
671 2455 781 2495 non
803 2439 1076 2511 signatus;
1108 2439 1213 2495 duo
1249 2439 1393 2494 enim
1415 2439 1568 2510 signa
1591 2446 1770 2505 erunt,
1795 2439 1914 2509 qui-

335 2539 438 2594 bus
478 2534 661 2591 cuncti
703 2534 759 2588 in
788 2533 879 2588 illa
906 2534 994 2588 die
1017 2548 1116 2603 pro
1150 2533 1466 2588 diversitate
1491 2532 1809 2586 meritorum
1838 2532 1914 2586 si-

336 2627 534 2700 gnandi
564 2632 709 2681 sunt.
758 2624 936 2681 Unum
961 2622 1184 2690 Christi,
1207 2623 1437 2678 alterum
1465 2622 1684 2678 diaboli.
1733 2621 1913 2678 Unum

338 2717 408 2773 ad
436 2717 794 2782 salvandum,
848 2713 1080 2770 alterum
1129 2715 1196 2770 ad
1241 2714 1594 2784 perdendum.
1640 2713 1817 2769 Unum
1845 2713 1913 2768 ad

338 2809 737 2866 defendendum
760 2848 775 2874 ,
824 2807 1055 2862 alterum
1082 2807 1150 2862 ad
1189 2807 1586 2876 decipiendum.
1628 2805 1806 2862 Unum
1845 2806 1914 2861 ad

340 2901 678 2972 dirigendum
699 2939 716 2964 ,
748 2899 978 2955 alterum
1009 2899 1078 2955 ad
1108 2899 1471 2954 seducendum
1514 2906 1571 2953 et
1615 2897 1915 2969 depravan-

340 2994 491 3049 dum.
531 2991 710 3048 Unum
736 2991 805 3046 ad
834 2990 1244 3064 gloriﬁcandum
1271 2997 1327 3046 et
1351 2989 1696 3045 exaltandum
1717 3031 1732 3056 ,
1776 2989 1912 3044 alte-

2010 439 2315 483 noraretur.
2340 430 2536 484 Debuit
2556 430 2699 484 enim
2724 437 2876 485 tanto
2897 430 3158 485 Dominus
3180 430 3250 484 ab
3277 431 3575 488 hominibus

2008 519 2223 591 dignius
2250 519 2600 575 honorandus
2631 536 2783 587 esse,
2823 529 3030 590 quanto
3055 537 3154 591 pro
3184 522 3492 580 hominibus
3525 534 3575 581 et

2010 615 2226 687 indigna
2277 623 2608 686 susceperat.
2669 615 2809 682 Quid
2854 624 2938 671 est
2968 629 3099 686 ergo
3134 615 3318 672 dicere
3352 635 3365 671 :
3395 617 3574 673 Beatus

2007 706 2100 776 qui
2136 721 2241 758 non
2263 705 2423 774 fuerit
2457 705 2850 760 scandalizatus
2875 708 2930 760 in
2963 723 3072 771 me,
3104 706 3208 760 nisi
3244 716 3436 777 aperta
3459 723 3579 764 voce

2007 796 2368 866 abjectionem
2406 797 2601 853 mortis
2648 812 2759 852 sua:
2811 797 3280 866 humilitatequ
3334 798 3586 868 signare?

2008 887 2165 944 Unde
2189 889 2522 961 Augustinus
2547 890 2602 944 in
2623 889 2962 958 expositione
2987 888 3265 958 Evangelii
3289 889 3594 944 secundum

2006 976 2310 1034 Joannem:
2341 977 2637 1048 Oportebat
2679 979 2825 1033 enim
2871 987 2932 1032 ut
2977 987 3455 1044 contemneretur;
3491 981 3596 1037 nisi

2008 1069 2153 1123 enim
2183 1077 2624 1125 contemneretur
2651 1085 2758 1125 non
2781 1067 3220 1138 cruciﬁgeretur;
3253 1070 3296 1125 si
3325 1085 3439 1125 non
3463 1086 3595 1126 eru-

2008 1156 2319 1228 ciﬁgeretur
2354 1174 2462 1214 non
2512 1158 2762 1215 funderet
2789 1168 2844 1214 et
2874 1160 3193 1231 sanguinem
3220 1201 3236 1225 ,
3268 1177 3379 1231 quo
3417 1164 3596 1232 pretio

2010 1263 2111 1303 nos
2168 1250 2416 1306 redemit.
2482 1250 2554 1307 Ut
2597 1260 2779 1306 autem
2811 1251 2969 1306 daret
3006 1266 3105 1322 pro
3144 1252 3302 1308 nobis
3351 1254 3595 1324 pretium

2011 1340 2304 1398 cruciﬁxus
2337 1350 2447 1408 est;
2479 1352 2540 1397 ut
2571 1343 2980 1414 cruciﬁgeretur
3005 1355 3350 1414 contemptus
3385 1354 3510 1411 est;
3549 1358 3597 1402 ut

2011 1440 2471 1498 contemneretur,
2509 1433 2730 1487 humilis
2773 1434 3044 1503 apparuit.
3107 1433 3261 1489 Unde
3297 1435 3595 1504 Apostolus

2010 1523 2065 1577 in
2089 1523 2327 1593 Epistola
2370 1525 2437 1579 ad
2473 1524 2884 1595 Philippenses:
2916 1524 3231 1580 Humiliavit
3254 1529 3592 1600 semetipsum

2011 1615 2185 1684 factus
2206 1614 2447 1670 obediens
2476 1633 2640 1687 usque
2661 1616 2730 1669 ad
2753 1625 2970 1670 mortem
2989 1657 3004 1683 ,
3031 1626 3246 1672 mortem
3273 1629 3456 1673 autem
3483 1637 3597 1674 cru-

1935 1711 1982 1771 B
2009 1707 2104 1759 cis.
2149 1705 2303 1761 Unde
2348 1705 2683 1778 Augustinus
2712 1707 2766 1761 in
2797 1706 2937 1762 libro
2983 1707 3278 1775 Qumstion.
3309 1725 3440 1780 cap.
3487 1711 3594 1766 78:

2013 1798 2267 1871 Cruciﬁgi
2302 1815 2433 1871 ergo
2463 1815 2524 1856 se
2549 1802 2816 1871 permisit,
2848 1810 2907 1855 ut
2938 1802 3118 1871 passio
3145 1800 3262 1870 ejus
3297 1803 3593 1872 proﬁceret

2012 1889 2188 1954 nobis,
2225 1897 2286 1943 ut
2321 1889 2448 1945 hinc
2494 1905 2617 1945 eum
2667 1891 2824 1962 signo
2860 1891 2978 1961 ejus
3012 1901 3274 1948 exeuntes
3296 1909 3326 1947 a
3355 1898 3593 1951 secunda

2013 1989 2188 2037 morte
2216 1981 2442 2038 minime
2467 1989 2792 2038 tenerentur.
2849 1983 3040 2038 Metuit
3068 1984 3213 2039 enim
3242 1999 3392 2039 mors
3426 1987 3592 2042 etiam

2012 2087 2199 2129 servos
2226 2073 2343 2142 ejus
2385 2089 2414 2129 a
2457 2085 2564 2144 Quo
2591 2075 2736 2130 victa
2759 2083 2864 2132 est.
2904 2075 3019 2131 Hoc
3047 2076 3359 2147 triumphali
3393 2077 3591 2134 vexillo

2012 2163 2214 2233 inclyta
2240 2163 2492 2218 bellatrix
2513 2165 2803 2230 sobrietas,
2831 2165 3100 2236 placidam
3133 2166 3392 2222 virtutem
3421 2176 3599 2224 cater-

2011 2268 2136 2308 vam
2167 2254 2363 2310 cedere
2387 2269 2555 2326 seque
2579 2255 2647 2310 de
2673 2256 2789 2311 acie
2813 2257 3124 2312 molientem
3154 2257 3490 2314 subtrahere
3516 2275 3615 2314 re-

2011 2346 2228 2401 vocavit
2255 2347 2309 2400 in
2327 2346 2597 2417 praelium,
2617 2355 2672 2402 et
2687 2347 2754 2402 de
2777 2349 2951 2413 hoste,
2967 2348 3260 2403 multorum
3285 2349 3615 2422 deceptrice

1989 2437 2224 2494 luxuria
2244 2479 2259 2505 ,
2309 2439 2523 2494 facilem
2555 2455 2978 2512 prosperamque
3015 2442 3248 2497 obtinuit
3280 2443 3605 2503 victoriam.

2021 2529 2170 2585 Unde
2202 2530 2534 2586 Prudentius
2578 2531 2633 2586 in
2659 2530 2799 2587 libro
2820 2533 2911 2602 qui
2941 2532 3370 2604 Psychomachia
3408 2535 3603 2591 titula-

2014 2631 2107 2676 tur
2132 2622 2360 2694 ﬁgurate
2386 2623 2614 2694 loquens
2647 2624 2760 2679 ait:

2012 2735 2275 2806 Ingemuit
2301 2745 2412 2791 tam
2451 2737 2607 2793 triste
2635 2735 2810 2806 nefas,
2845 2738 3136 2794 fortissima
3166 2740 3359 2808 virtus,

2017 2827 2315 2894 Sobrietas,
2340 2829 2530 2884 dextro
2565 2830 2742 2886 socios
2769 2831 3030 2886 decedere
3051 2847 3242 2900 cornu,

2013 2921 2381 2992 Invictamque
2414 2939 2635 2978 manum
2677 2924 2951 2995 quondam
2981 2926 3097 2982 sine
3127 2927 3274 2982 caede
3301 2928 3506 2998 perire,

2016 3013 2283 3068 Vexillum
2315 3013 2545 3070 sublime
2573 3015 2774 3082 crucis,
2799 3017 2939 3086 quod
2969 3017 3023 3071 in
3047 3017 3262 3089 agmine
3285 3019 3459 3088 primo

335 3099 463 3141 rum
508 3083 577 3139 ad
619 3083 1088 3140 condemnandum
1132 3093 1189 3138 et
1233 3082 1286 3138 in
1337 3082 1657 3137 barathrum
1695 3089 1912 3137 aeterna:
1940 3064 1984 3126 C

335 3177 534 3233 mortis
555 3176 1022 3248 prmcipitandum.
1047 3175 1116 3230 Et
1143 3175 1448 3244 quicunque
1468 3189 1578 3229 uno
1603 3173 1760 3244 signo
1788 3189 1912 3229 cum

332 3268 559 3324 #Christo
591 3276 646 3323 et
669 3267 858 3322 electis
878 3267 992 3322 suis
1013 3281 1121 3321 non
1151 3265 1315 3320 fuerit
1343 3265 1712 3336 consignatus,
1741 3264 1914 3320 altero

340 3376 463 3416 cum
492 3359 695 3416 Satana
726 3368 781 3416 et
825 3359 942 3430 ejus
967 3360 1293 3416 satellitibus
1323 3359 1492 3429 ipsius
1521 3359 1676 3428 signo
1705 3366 1760 3413 et
1784 3359 1916 3412 cha-

339 3459 553 3506 ractere
583 3451 788 3506 notatis
830 3452 1150 3523 signabitur.
1213 3450 1352 3507 Hinc
1397 3450 1595 3522 legitur
1623 3450 1677 3504 in
1705 3449 1916 3520 Apoca-

341 3542 477 3614 lypsi
503 3561 515 3596 :
547 3541 610 3598 Si
629 3545 747 3614 quis
784 3543 1079 3599 adoraven't
1109 3543 1322 3598 bestiam
1357 3551 1406 3597 et
1426 3543 1704 3614 imaginem
1731 3543 1844 3613 ejus
1867 3552 1915 3597 ct

342 3634 595 3704 acceperit
616 3635 966 3688 characterem
1003 3635 1058 3688 in
1083 3633 1253 3703 fronte
1280 3649 1377 3687 sua
1418 3641 1508 3687 aut
1545 3634 1601 3686 in
1630 3647 1791 3687 manu
1817 3649 1915 3687 sua

341 3733 391 3777 et
432 3725 517 3777 hic
554 3723 688 3779 bibet
733 3724 798 3778 de
839 3727 956 3780 uino
989 3726 1082 3778 ira
1120 3725 1218 3778 Dei
1247 3725 1337 3796 qui
1377 3724 1570 3779 mixtus
1593 3733 1667 3778 est
1690 3741 1832 3778 mero
1859 3726 1916 3779 in

342 3812 506 3867 calice
542 3813 638 3867 ira:
653 3814 829 3884 ipsius
851 3853 868 3880 ,
912 3824 958 3868 et
1003 3813 1326 3867 cruciabitur
1362 3815 1480 3884 igne
1514 3823 1563 3868 et
1586 3814 1834 3885 sulphure
1861 3817 1914 3870 in

344 3911 622 3974 conspectu
661 3902 964 3974 angelorum
991 3897 1322 3968 sanctorum,
1371 3912 1420 3958 et
1441 3913 1562 3959 ante
1583 3915 1914 3975 conspectum

343 3994 470 4063 agni
494 4003 542 4047 et
572 3993 750 4063 fumus
777 4001 1152 4048 tormentorum
1173 4010 1352 4047 eorum
1373 3995 1612 4049 ascendet
1640 3995 1695 4049 in
1718 3995 1914 4051 sarcula

342 4084 656 4140 saeculorum
679 4084 861 4158 (Apoc.
889 4073 1002 4149 xlv,
1027 4085 1104 4157 9).
1143 4086 1553 4142 lmmanissimaa
1578 4103 1710 4142 vero
1735 4097 1790 4142 et
1815 4089 1918 4142 mi-

344 4174 590 4230 serrima:
617 4175 847 4230 vesania:
875 4185 992 4241 est,
1044 4176 1469 4246 certissimaeque
1492 4177 1812 4247 perditionis
1833 4178 1917 4233 in-

340 4263 565 4329 dicium,
590 4263 862 4320 hominem
888 4263 1203 4320 Christiano
1237 4275 1491 4321 vocatum
1521 4268 1770 4335 nomine,
1801 4268 1914 4338 epi-

342 4355 723 4426 scopalemque
765 4355 941 4412 locum
967 4365 1341 4427 occupantem.
1405 4358 1519 4414 Hoc
1557 4360 1662 4415 tale
1697 4361 1910 4432 signum

2012 3199 2390 3269 lnstauratque
2411 3198 2585 3254 levem
2612 3199 2772 3255 dictis
2801 3200 3145 3256 mordacibus
3169 3202 3332 3270 alam,

2015 3290 2380 3347 Exstimulans
2397 3291 2606 3347 animos
2624 3307 2767 3347 nunc
2786 3292 3022 3362 probris,
3038 3307 3182 3349 nunc
3209 3309 3370 3364 prece
3396 3293 3565 3349 mixta.

2542 3409 2692 3466 Idem
2713 3421 2827 3483 post
2847 3429 3038 3483 pauca.

2016 3521 2096 3576 En
2124 3535 2226 3592 ego
2244 3520 2529 3587 sobrietas,
2553 3521 2598 3576 si
2618 3521 2932 3591 conspirare
2956 3523 3185 3593 paratis,

2015 3611 2200 3665 Pande
2225 3611 2368 3664 viam
2393 3611 2602 3666 cunctis
2632 3611 2946 3676 virtutibus,
2973 3620 3032 3667 ut
3073 3613 3382 3670 malesuada

2014 3700 2306 3767 Luxuries,
2328 3701 2497 3756 multo
2522 3702 2723 3770 stipata
2749 3703 3002 3768 satellite,
3032 3717 3225 3774 poenas

2014 3793 2146 3848 Cum
2172 3793 2384 3864 legione
2409 3809 2507 3848 sua
2539 3793 2757 3850 Christo
2796 3796 2896 3850 sub
2915 3795 3098 3866 judice
3121 3798 3342 3866 pendat.

2016 3887 2108 3944 Sic
2158 3887 2339 3954 effata,
2363 3902 2577 3943 crucem
2600 3887 2812 3943 Domini
2841 3887 3180 3944 ferventibus
3211 3890 3366 3946 oliert

2014 3977 2183 4034 Obvia
2221 3977 2583 4049 quadri—jugis
2610 3978 2812 4049 lignum
2844 3980 3154 4034 venerabile
3179 3982 3234 4035 in
3265 3981 3412 4052 ipsos

2013 4069 2288 4125 lntcutans
2313 4069 2526 4125 frenos:
2551 4071 2695 4140 quod
2725 4079 2784 4125 ut
2814 4087 3082 4142 expavere
3119 4073 3329 4129 feroces

2015 4162 2281 4218 Cornibus
2302 4163 2558 4233 oppansis
2577 4173 2632 4217 et
2656 4179 2866 4219 summa
2912 4163 3090 4219 fronte
3115 4181 3423 4232 coruscum,

2014 4253 2250 4309 Vertunt
2274 4254 2604 4323 praecipitem
2633 4269 2778 4308 caeca
2805 4253 3097 4312 formidine
3129 4255 3242 4312 fusi

2014 4345 2121 4402 Per
2157 4354 2430 4416 praerupta
2458 4344 2662 4418 fugam.
2689 4346 2883 4401 Fertur
2908 4349 3161 4419 resupina
3199 4351 3434 4406 reductis

341 4414 652 4517 despicere:
673 4454 726 4503 et
750 4448 902 4503 asino
932 4414 1132 4518 vilique
1162 4450 1383 4505 cuilibet
1417 4451 1718 4506 assimilare
1744 4414 1906 4520 ligno,

2016 4414 2388 4508 Nequidquam
2420 4414 2553 4493 loris
2574 4438 2786 4509 auriga,
2821 4414 3141 4508 comamque
3171 4441 3476 4496 madentem

342 4547 404 4593 ut
430 4539 592 4595 veluti
635 4540 900 4597 adulando
941 4551 997 4598 et
1047 4544 1344 4600 indiscrete
1395 4545 1664 4600 laudando
1709 4544 1914 4601 Christi

341 4633 572 4698 gratiam
598 4634 666 4688 ob
698 4634 801 4689 hoc
825 4642 1066 4690 meretur
1097 4649 1248 4690 suam
1284 4635 1666 4705 blasphemans
1699 4644 1755 4692 et
1781 4651 1912 4691 con-

343 4729 591 4777 temnens
633 4737 880 4789 crucem,
923 4725 1074 4792 quasi
1102 4725 1165 4778 de
1185 4725 1302 4795 ejus
1325 4724 1483 4780 laude
1512 4733 1566 4779 et
1589 4739 1917 4781 commemo-

341 4812 554 4866 ratione
579 4813 679 4882 ipsi
702 4822 846 4868 esset
883 4814 1242 4884 ignominiosa
1282 4823 1338 4869 et
1372 4815 1764 4870 contumeliosa
1792 4829 1916 4870 eru-

339 4902 616 4958 bescentia
640 4943 655 4968 ,
704 4904 799 4958 sed
845 4903 934 4972 qui
966 4905 1068 4958 hoc
1102 4903 1336 4959 aestimat
1377 4904 1498 4974 plus
1549 4905 1596 4959 ei
1647 4905 1912 4976 displicet,

343 5009 508 5066 quam
537 4995 746 5066 placet,
773 5005 831 5052 et
869 4998 1043 5067 magis
1073 4997 1235 5052 infert
1265 4996 1517 5064 injuriam
1544 5013 1706 5067 quam
1744 4999 1916 5054 hono-

342 5099 479 5139 rem.
520 5085 672 5142 Unde
713 5086 1051 5158 Gregorius:
1097 5085 1202 5142 Sed
1249 5087 1540 5156 inﬁdelium
1574 5105 1720 5144 mens
1758 5106 1915 5160 grave

342 5175 400 5229 in
427 5175 519 5228 illo
540 5175 850 5230 scandalum
871 5175 1079 5247 pertulit
1103 5193 1221 5231 cum
1242 5193 1360 5230 eum
1382 5187 1432 5232 et
1452 5187 1565 5249 post
1586 5189 1657 5233 tot
1679 5181 1912 5234 miracu-

243 5267 248 5274 ‘
337 5263 397 5318 la
417 5267 720 5320 morientem
761 5266 906 5320 vidit.
981 5267 1129 5323 Unde
1155 5277 1209 5323 et
1240 5268 1438 5325 Paulus
1466 5271 1596 5326 dicit
1624 5289 1636 5324 :
1672 5271 1787 5326 Nos
1823 5289 1917 5326 au-

345 5365 447 5409 tem
488 5357 836 5427 prwdicamus
878 5357 1144 5414 Christum
1185 5363 1495 5431 cruciﬁxum
1520 5404 1537 5430 ,
1580 5363 1785 5420 Iudaeis
1806 5367 1918 5436 φής

344 5446 461 5502 dem
500 5449 838 5515 scandalum,
879 5453 1119 5522 gentibus
1144 5463 1319 5508 autem
1340 5455 1641 5510 stultitiam.
1680 5455 1916 5513 Stultum

346 5540 544 5609 quippe
572 5541 879 5595 hominibus
919 5543 1093 5597 visum
1119 5552 1203 5600 est
1221 5585 1236 5609 ,
1283 5553 1345 5598 ut
1371 5561 1469 5616 pro
1491 5546 1799 5603 hominibus
1821 5564 1918 5604 au-

346 5635 464 5682 ctor
487 5629 613 5685 vitae
641 5639 965 5698 moreretur,
985 5639 1040 5686 et
1064 5632 1187 5688 inde
1213 5641 1399 5689 contra
1423 5650 1544 5690 eum
1577 5637 1738 5693 homo
1761 5653 1918 5695 scan-

2015 4527 2244 4583 Pulvere
2282 4526 2548 4593 ﬁndatur;
2604 4535 2736 4583 tunc
2779 4537 2834 4583 et
2878 4529 3088 4598 vertigo
3111 4539 3353 4585 rotarum

2015 4615 2279 4686 implicat,
2305 4625 2534 4673 excusat
2569 4617 2875 4682 dominam;
2901 4633 3029 4672 nam
3062 4633 3236 4687 prona
3262 4621 3363 4676 sub
3385 4633 3536 4674 axem

2016 4705 2258 4772 Labitur,
2296 4716 2353 4762 et
2373 4707 2554 4763 lacero
2579 4708 2760 4763 tardat
2792 4706 3096 4763 sufﬂamine
3131 4723 3372 4764 currum.

2089 4816 2165 4870 De
2185 4829 2292 4885 quo
2316 4816 2482 4871 etiam
2507 4817 2899 4887 gloriosissimo
2930 4825 2985 4874 et
3014 4820 3405 4875 sublimissimo
3421 4831 3578 4873 vene-

2015 4906 2200 4961 randa:
2233 4914 2287 4961 et
2312 4906 2550 4963 colendae
2574 4909 2754 4964 crucis
2779 4909 2956 4979 signo,
3011 4910 3172 4964 simul
3195 4926 3320 4965 cum
3351 4908 3585 4980 reliquiis

2017 5005 2328 5052 sanctorum
2371 5000 2864 5067 reverendissimis,
2912 4999 3172 5057 Paulinus
3216 5001 3287 5057 ad
3331 5001 3585 5058 Severum

2016 5088 2262 5144 scribens
2281 5090 2359 5144 ait
2382 5109 2394 5144 :
2428 5110 2446 5143 ι
2465 5090 2661 5146 Frater
2689 5093 2896 5158 Victor,
2915 5093 3059 5148 inter
3079 5093 3214 5148 alias
3227 5109 3446 5165 operum
3470 5101 3589 5147 tuo-

2016 5195 2137 5236 rum
2171 5190 2227 5236 et
2252 5191 2500 5238 votorum
2538 5185 2901 5249 narrationes,
2952 5186 3137 5241 retulit
3187 5188 3344 5243 nobis
3382 5185 3591 5242 deside-

2020 5286 2143 5327 rare
2169 5282 2220 5327 te
2241 5273 2308 5327 ad
2331 5273 2608 5329 basilicam
2637 5290 2799 5345 quam
2835 5277 2996 5331 modo
3023 5277 3164 5346 apud
3189 5278 3443 5333 Primoliu
3463 5286 3591 5330 cum

2021 5371 2261 5418 nostram
2290 5365 2550 5436 majorem
2574 5367 2757 5435 priore
2790 5368 3118 5434 condideris,
3173 5370 3240 5424 de
3270 5373 3436 5425 sacris
3465 5381 3593 5422 san-

2022 5464 2231 5512 ctorum
2265 5457 2510 5529 reliquiis
2534 5460 2996 5528 benedictionem,
3035 5476 3144 5531 qua
3174 5464 3468 5518 adornctur
3497 5459 3597 5514 do-

2021 5549 2244 5602 mestica
2281 5558 2370 5604 tua
2399 5550 2646 5615 ecclesia,
2701 5560 2762 5605 ut
2791 5551 2898 5606 ﬁde
2928 5561 2984 5607 et
3031 5555 3206 5624 gratia
3237 5563 3329 5609 tua
3373 5554 3599 5626 dignum

2020 5651 2102 5696 est
2133 5655 2148 5694 :
2174 5640 2351 5698 Testis
2376 5651 2461 5700 est
2499 5651 2680 5699 autem
2709 5643 2972 5700 Dominus
3019 5646 3161 5716 quod
3192 5646 3240 5701 si
3263 5645 3348 5704 vel
3371 5654 3603 5714 scrupu-
