3838 6144
302 283 407 342 493

1287 276 1415 337 LIB.
1457 275 1828 338 ADVERSUS
1865 275 2219 337 CLAUDIUM
2259 275 2538 336 TAURIN.

3445 288 3548 347 498

305 399 414 454 lum
445 396 587 451 sacri
638 395 836 452 cineris
873 393 1274 460 habuissemus,
1336 408 1498 464 supra
1517 409 1679 463 quam
1724 393 1880 448 nobis
1909 394 1959 454 Α
1986 389 2112 461 ligni
2138 399 2362 458 tactum,
2413 403 2588 449 morte
2625 394 2873 466 profuga,
2934 397 3093 454 funus
3135 417 3446 468 excussum,
3501 413 3555 458 et

308 491 374 545 ad
398 490 678 545 basilicam
716 503 837 558 quae
862 487 1107 556 proxime
1137 487 1190 541 in
1243 487 1463 542 nomine
1492 487 1707 542 Domini
1755 501 1884 542 con-

312 581 668 638 summabitur
695 579 1068 643 dedicandam,
1109 577 1475 632 necessarium
1521 578 1647 642 erit,
1706 577 1884 633 misis-

311 689 490 728 semus
527 670 868 725 unanimitati
904 678 1025 724 tua).
1057 667 1162 723 Sed
1183 669 1312 738 quia
1336 684 1442 723 non
1467 669 1757 724 habuimus
1782 670 1884 724 hu-

307 764 394 836 jus
445 763 686 819 muneris
717 763 948 831 copiam,
997 770 1051 817 et
1082 761 1172 816 ille
1195 775 1254 814 se
1293 776 1442 830 spem
1471 760 1713 828 ejusdem
1763 779 1886 833 gra-

312 861 398 914 tite
427 856 704 926 copiosam
730 854 931 908 habere
955 853 1111 918 dixit,
1154 868 1183 906 a
1212 862 1401 907 sancta
1448 851 1616 907 Silvia
1646 868 1764 923 quae
1807 851 1884 906 illi

313 951 376 1005 de
409 947 703 1002 multorum
725 960 791 1000 ex
841 943 1059 1000 Oriente
1110 953 1406 1014 martyrum
1465 943 1711 1013 reliquiis
1763 958 1885 1012 spo-

311 1041 588 1112 pondisset
625 1037 908 1093 inveniunt
928 1038 1072 1106 quod
1098 1037 1277 1106 digne,
1313 1044 1368 1091 et
1408 1036 1474 1091 ad
1497 1035 1735 1090 basilicae
1764 1051 1886 1090 san-

314 1132 691 1188 ctiﬁcationem
716 1129 866 1182 vobis
908 1137 962 1183 et
989 1128 1058 1182 ad
1079 1136 1386 1183 sanctorum
1417 1128 1661 1183 cinerum
1699 1143 1887 1182 cumu-

313 1221 522 1276 landam
577 1219 1008 1275 benedictionem
1053 1219 1396 1274 mitteremus
1442 1226 1654 1287 partem
1719 1219 1887 1289 parti-

313 1311 440 1366 culre
466 1312 531 1366 de
552 1311 696 1381 ligno
729 1309 923 1364 divina:
955 1309 1152 1373 crucis,
1186 1309 1329 1379 quod
1363 1310 1520 1364 nobis
1563 1310 1766 1364 bonum
1792 1309 1888 1364 be-

313 1401 523 1456 nedicta
575 1398 808 1454 Melania
840 1399 908 1454 ad
951 1397 1253 1454 Jerusalem
1298 1413 1523 1453 munere
1554 1400 1726 1455 sancti
1764 1400 1886 1454 inde

312 1493 543 1563 episcopi
585 1491 813 1546 Joannis
864 1490 1067 1544 attulit.
1117 1489 1362 1560 Accipite
1391 1505 1521 1561 ergo
1545 1505 1799 1561 magnum
1830 1490 1885 1544 in

311 1583 520 1638 modico
565 1597 764 1636 munus
795 1589 850 1636 et
877 1582 932 1635 in
965 1588 1246 1650 segmento
1284 1595 1423 1650 pene
1468 1589 1652 1636 atomo
1698 1579 1886 1636 astulae

309 1675 487 1730 brevis
513 1674 711 1727 sumite
723 1673 1114 1726 munimentum
1131 1672 1413 1742 prmsentis
1437 1681 1492 1726 et
1517 1673 1709 1743 pignus
1729 1680 1887 1726 aeter—

1988 497 2185 552 corpus
2224 493 2464 540 erectum
2504 495 2603 551 est,
2661 491 3097 562 tremefactisque
3123 495 3424 551 viventibus
3447 505 3556 552 ste-

1983 571 2050 624 tit
2074 581 2409 638 mortuus,et
2432 575 2748 634 funebribus
2780 587 2841 633 ut
2869 579 3111 636 Lazarus
3139 585 3411 652 quondam
3444 586 3561 640 vin-

1985 662 2119 717 culis
2155 665 2437 732 expeditus
2468 666 2611 722 illico
2632 669 2775 723 inter
2829 679 3163 740 spectatores
3200 689 3328 729 suos
3364 674 3563 728 redivi-

1983 767 2085 808 vus
2130 753 2371 809 incessit.
2405 756 2546 827 Ergo
2573 773 2706 812 crux
2736 757 2950 815 Domini
2975 771 3054 816 tot
3091 771 3277 832 operta
3306 764 3559 818 aetatibus

1985 852 2041 898 et
2082 860 2112 898 a
2141 845 2340 901 Iudaeis
2365 847 2421 902 in
2439 845 2685 919 tempore
2714 853 2982 921 passionis
3003 853 3337 918 abscondita,
3381 871 3559 925 neque

1987 936 2238 1004 gentibus
2289 937 2342 991 in
2398 938 2758 996 aediﬁcatione
2782 941 2893 997 fani
2923 951 3125 999 terram
3154 945 3271 1000 sine
3297 945 3460 1001 dubio
3488 947 3558 1001 ad

1986 1027 2158 1097 ipsam
2189 1027 2449 1084 fabricam
2474 1033 2817 1102 egerentibus
2846 1035 3080 1090 revelata
3111 1047 3213 1092 est.
3256 1037 3447 1094 Nonne
3474 1040 3557 1094 di-

1985 1117 2111 1172 vina
2141 1134 2308 1172 manu
2343 1119 2520 1186 latuit,
2574 1130 2636 1176 ut
2684 1139 2829 1179 nunc
2881 1126 3231 1193 inveniretur,
3271 1145 3395 1184 cum
3430 1130 3560 1184 reli»

1985 1207 2135 1277 giose
2159 1218 2516 1278 quaereretur,
2544 1209 2620 1263 ita
2666 1219 2728 1265 ut
2754 1228 2971 1267 crucem
2997 1214 3198 1270 Christi
3227 1217 3424 1272 decuit.
3454 1218 3560 1272 Ex-

1985 1299 2288 1369 perimento
2338 1303 2754 1359 resurrectionis
2809 1305 3028 1360 inventa
3070 1316 3126 1362 et
3172 1311 3397 1377 probata
3425 1325 3558 1365 crux

1987 1389 2190 1444 Christi
2240 1399 2342 1456 est,
2377 1391 2645 1462 dignoque
2666 1409 2793 1448 mox
2820 1396 3027 1451 ambitu
3053 1407 3400 1454 consecratur
3432 1415 3562 1454 con-

1984 1480 2096 1536 dita
2131 1482 2185 1535 in
2209 1483 2477 1551 passionis
2498 1484 2618 1538 loco
2637 1485 2885 1552 basilica,
2936 1502 3057 1558 qua:
3097 1490 3305 1545 auratis
3336 1506 3561 1546 corusca

1986 1571 2332 1642 laquearibus
2376 1583 2430 1629 et
2467 1576 2649 1630 aureis
2669 1576 2819 1632 dives
2863 1578 3145 1646 altaribus,
3188 1597 3387 1636 arcano
3409 1597 3563 1652 repo-

1988 1663 2150 1718 sitam
2185 1664 2426 1719 sacrario
2475 1681 2693 1721 crucem
2729 1674 2932 1721 servat.
2963 1667 3134 1733 Quam
3164 1671 3448 1741 episcopus
3472 1687 3563 1725 ur-

309 1780 388 1818 nae
425 1763 638 1818 salutis.
701 1760 818 1816 Non
849 1771 1168 1832 angustetur
1190 1761 1323 1817 ﬁdes
1359 1771 1540 1817 vestra
1576 1764 1887 1819 carnalibus

1991 1752 2074 1808 bis
2100 1751 2217 1822 ejus
2240 1755 2550 1824 quotannis,
2591 1770 2713 1810 cum
2766 1754 2974 1810 Pascha
3001 1758 3213 1812 Domini
3252 1761 3448 1830 agitur,
3471 1761 3564 1815 ad-

306 1853 477 1908 oculis
522 1867 692 1922 parva
715 1851 1082 1918 cernentibus,
1113 1852 1209 1907 sed
1235 1853 1446 1907 interna
1480 1853 1597 1909 acie
1621 1860 1789 1909 totam
1831 1855 1888 1908 in

309 1944 411 1998 hoc
447 1943 679 1997 minimo
713 1943 822 1995 vim
851 1941 1032 1996 crucis
1053 1941 1254 1997 videat.
1299 1942 1436 1998 Dum
1463 1943 1647 1998 videre
1678 1959 1774 1999 vos
1802 1961 1890 2002 co-

308 2031 492 2102 gitatis
513 2029 716 2100 lignum
748 2029 878 2084 illud
919 2045 1026 2099 quo
1052 2031 1198 2086 salus
1227 2041 1435 2098 nostra,
1490 2048 1598 2102 quo
1627 2032 1890 2090 Dominus

309 2121 609 2191 majestatis
655 2118 853 2174 afﬁxus
898 2129 1166 2177 tremente
1194 2125 1393 2179 mundo
1418 2127 1756 2196 pependerit,
1792 2142 1888 2182 ex-

308 2214 520 2269 sultetis
576 2229 702 2269 cum
741 2223 994 2280 tremore,
1035 2214 1389 2270 recordemur
1433 2225 1490 2270 et
1533 2226 1718 2286 petras
1755 2217 1891 2274 scis-

311 2320 398 2360 sas
423 2304 490 2359 ad
532 2303 694 2372 hujus
736 2311 1016 2374 aspectum
1059 2305 1266 2371 crucis,
1314 2314 1370 2360 et
1407 2306 1584 2362 saltim
1632 2323 1888 2364 saxorum

310 2393 652 2448 aemulatione
687 2394 987 2463 praecordia
1009 2402 1196 2449 nostra
1228 2394 1496 2452 ﬁndamus
1522 2398 1713 2453 timore
1753 2399 1888 2454 divi-

313 2497 400 2537 no.
447 2482 779 2552 Reputemus
802 2491 856 2538 et
883 2483 1062 2538 velum
1092 2484 1278 2555 templi
1330 2486 1520 2542 eodem
1551 2488 1729 2543 crucis
1767 2503 1886 2559 my-

315 2572 478 2627 sterio
520 2573 770 2639 scissum,
799 2584 853 2628 et
879 2573 1245 2645 intelligamus
1273 2575 1417 2632 illius
1458 2577 1563 2633 veli
1591 2579 1888 2634 scissuram

311 2678 378 2719 eo
406 2663 579 2718 fuisse
626 2673 966 2735 praetentam,
1011 2674 1071 2721 ut
1107 2667 1387 2724 audientes
1415 2685 1603 2725 vocem
1650 2670 1884 2737 Domini,

311 2763 370 2808 et
418 2754 741 2825 mysterium
793 2754 1012 2824 pietatis
1059 2756 1354 2823 immensae,
1407 2773 1514 2814 non
1562 2760 1890 2818 obduremus

310 2845 477 2899 corda
528 2851 740 2911 nostra,
790 2845 884 2899 sed
909 2860 941 2900 a
962 2845 1272 2903 carnalibus
1321 2846 1627 2905 dividamur
1648 2858 1704 2906 et
1737 2852 1884 2907 scin-

315 2935 509 2989 damus
575 2933 907 2990 inﬁdelitatis
963 2936 1211 2992 velamen
1236 2977 1252 3004 ,
1309 2946 1371 2994 ut
1414 2941 1654 2998 revelata
1705 2944 1887 3000 cordis

315 3018 460 3081 facie"
501 3024 822 3080 salutarium
857 3026 1072 3082 Domini
1107 3043 1390 3084 munerum
1420 3041 1763 3090 sacramenta
1803 3034 1888 3090 vi-

317 3117 559 3173 deamus.

385 3208 506 3264 Non
534 3219 716 3265 autem
743 3211 896 3267 vobis
936 3219 992 3267 et
1023 3213 1128 3269 hoc
1157 3213 1467 3283 scribimus,
1509 3224 1570 3272 ut
1605 3217 1890 3274 imitemini

318 3302 764 3372 compositionem
788 3303 966 3370 istam,
995 3320 1098 3375 qua
1127 3307 1325 3362 tubello
1348 3309 1567 3365 aureolo
1591 3325 1704 3365 rem
1728 3320 1892 3368 tantae

319 3393 708 3448 benedictionis
735 3395 1082 3464 inclusimus;
1112 3399 1283 3468 magis
1305 3400 1449 3455 enim
1475 3417 1574 3456 nos
1612 3402 1702 3456 tali
1731 3418 1893 3472 para-

322 3492 378 3536 tu
411 3483 570 3538 [idem
604 3493 844 3539 vestram
871 3486 1065 3542 imitati
1092 3504 1299 3555 sumus,
1323 3498 1384 3544 ut
1412 3499 1649 3547 vestram
1679 3493 1889 3550 formu-

319 3573 422 3629 lam
472 3576 810 3632 mitteremus
867 3578 922 3632 in
971 3579 1153 3650 specie
1191 3581 1332 3647 auri,
1394 3583 1522 3652 quia
1560 3585 1762 3640 scimus
1791 3603 1890 3642 vos

323 3673 379 3719 ut
401 3681 594 3720 aurum
624 3666 871 3738 ignitum,
933 3669 1074 3727 intra
1115 3687 1210 3727 vos
1259 3673 1459 3729 habere
1504 3691 1731 3747 regnum
1772 3677 1890 3747 Dei,

321 3759 422 3814 hoc
446 3769 532 3814 est
598 3758 759 3816 ﬁdem
784 3762 962 3818 crucis
991 3778 1096 3832 qua
1146 3780 1366 3835 regnum
1397 3766 1658 3823 caelorum
1688 3770 1894 3826 invadi-

323 3860 429 3906 tur.
463 3872 482 3905 ι
509 3852 656 3908 Idem
692 3862 816 3922 post
871 3871 1041 3927 pauca
1082 3875 1096 3911 :
1135 3875 1154 3908 ‹
1193 3857 1301 3913 Sed
1339 3859 1393 3912 in
1438 3860 1668 3916 historia
1715 3863 1893 3918 crucis

323 3944 550 4013 accipite
570 3959 822 4015 magnum
871 3954 926 4001 et
949 3962 1077 4002 vere
1107 3949 1343 4003 divinum
1372 3951 1711 4006 miraculum.
1739 3952 1897 4026 Regi-

321 4048 389 4087 na
417 4032 510 4087 illa
545 4035 892 4102 venerabilis,
915 4045 975 4090 ut
1011 4038 1626 4113 venitHierosolymam,
1669 4044 1894 4116 diligen-

322 4136 405 4179 ter
437 4131 494 4180 et
537 4125 626 4195 pie
677 4125 779 4181 loci
816 4127 981 4192 illius,
1044 4135 1098 4183 et
1128 4131 1275 4186 circa
1308 4135 1549 4190 omnium
1589 4137 1894 4194 divinorum

317 4216 535 4270 curiosa
575 4216 884 4287 insignium,
923 4228 978 4274 et
1015 4220 1188 4277 oculis
1220 4221 1438 4279 haurire
1465 4228 1704 4298 gestiens
1732 4229 1894 4286 fidem

315 4322 480 4376 quam
509 4307 616 4376 piis
665 4309 886 4365 auribus
920 4309 1229 4383 litterisque
1278 4324 1615 4386 perceperat,
1673 4335 1889 4376 crucem

318 4398 536 4454 Domini
591 4402 984 4460 studiosissime
1018 4406 1293 4477 inquirere
1333 4410 1528 4466 adorsa
1557 4423 1658 4469 est.
1696 4434 1714 4467 ι
1758 4415 1889 4470 Item

317 4487 370 4541 in
412 4488 809 4556 sequentibus:
853 4510 872 4543 ‹
903 4492 1010 4549 Sed
1041 4509 1161 4549 cum
1204 4504 1314 4552 tres
1336 4499 1537 4568 pariter
1575 4517 1786 4571 cruces,
1835 4513 1895 4560 ut

315 4578 593 4646 quondam
635 4579 753 4636 lixae
775 4581 1006 4639 Domino
1049 4593 1104 4639 et
1134 4585 1437 4645 latronibus
1463 4600 1744 4659 steterant,
1804 4612 1892 4652 re-

313 4683 489 4742 pertae
536 4673 782 4739 fuissent,
814 4679 1100 4748 gratulatio
1144 4690 1480 4751 repertarum
1519 4688 1684 4756 coepit
1730 4689 1890 4744 anxia

313 4763 656 4821 dubitatione
684 4765 957 4835 confundi,
999 4769 1147 4839 justo
1195 4772 1408 4842 piorum
1448 4783 1617 4843 metu,
1651 4792 1720 4832 ne
1739 4778 1895 4836 forsi-

316 4860 411 4906 tan
441 4862 538 4908 aut
580 4870 677 4924 pro
706 4872 868 4912 cruce
890 4858 1104 4914 Domini
1137 4862 1433 4932 patibulum
1470 4863 1696 4924 latronis
1728 4868 1891 4940 elige-

315 4957 461 5012 rent,
506 4957 602 5003 aut
645 4950 883 5007 salutare
928 4953 1132 5024 lignum
1167 4973 1266 5027 pro
1301 4960 1485 5030 stipite
1513 4961 1742 5020 latronis
1763 4964 1896 5035 abji—

317 5035 512 5094 ﬁendo
543 5038 826 5094 violarent.
862 5041 1120 5113 Respexit
1147 5045 1266 5115 pias
1294 5046 1524 5104 fideliter
1549 5054 1894 5110 aestuantium

313 5144 483 5184 curas
506 5129 784 5197 Dominus,
809 5141 865 5188 et
897 5133 999 5205 ipsi
1025 5137 1368 5205 potissimum
1392 5156 1512 5211 quae
1542 5149 1649 5197 tam
1673 5144 1774 5214 piae
1794 5145 1896 5200 sol-

311 5217 616 5276 licitudinis
650 5222 902 5295 princeps
942 5232 1084 5292 erat,
1134 5226 1292 5296 hujus
1337 5231 1546 5286 consilii
1583 5231 1762 5288 lumen
1812 5235 1896 5290 in-

313 5307 481 5375 fudit,
535 5318 597 5365 ut
621 5311 855 5382 aliquem
878 5329 1070 5371 recens
1099 5328 1367 5374 mortuum
1410 5321 1578 5390 quaeri
1617 5330 1672 5379 et
1701 5322 1890 5380 inferri

305 5400 550 5472 iuberet.
617 5403 732 5461 Nec
774 5421 949 5473 mora,
993 5407 1218 5464 verbum
1245 5409 1468 5467 factum.
1503 5413 1747 5472 Cadaver
1779 5417 1894 5473 illa-

313 5501 435 5548 tum
466 5503 570 5560 est,
621 5496 928 5566 deponitur,
950 5498 1154 5568 jacenti
1184 5519 1290 5558 una
1320 5505 1386 5560 de
1419 5506 1672 5564 crucibus
1709 5511 1894 5566 admo-

311 5592 508 5652 vetur;
538 5585 633 5640 scd
663 5602 853 5642 eorum
879 5588 1023 5662 ligna
1054 5607 1201 5648 mors
1229 5595 1452 5664 sprevit.
1486 5597 1765 5654 Postremo
1789 5599 1891 5658 Do-

315 5675 578 5732 minicam
603 5692 820 5734 crucem
848 5682 1048 5750 prodiit
1084 5688 1427 5754 resurrectio,
1452 5697 1506 5744 et
1535 5691 1599 5746 ad
1641 5691 1889 5749 salutaris

1988 1845 2248 1898 orandam
2280 1844 2476 1914 populo
2508 1846 2760 1916 princeps
2790 1846 2902 1916 ipse
2931 1849 3305 1902 venerantium
3329 1850 3562 1920 promit;

1988 1950 2164 2005 neque
2214 1945 2412 2005 praeter
2433 1936 2572 1992 hanc
2598 1937 2739 1992 diem
2782 1953 2888 2008 qua
2932 1941 3112 1994 crucis
3141 1941 3308 2009 ipsius
3354 1952 3558 2013 myste—

1989 2026 2132 2080 rium
2190 2027 2520 2092 celebratur,
2566 2030 2702 2100 ipsa,
2745 2045 2865 2099 qua:
2895 2040 3359 2087 sacramentorum
3398 2049 3564 2089 causa

1987 2125 2092 2183 est,
2125 2118 2279 2187 quasi
2307 2119 2574 2188 quoddam
2606 2135 2776 2176 sacra:
2805 2119 3165 2176 solemnitatis
3201 2122 3411 2193 insigne
3436 2137 3565 2192 pro-

1988 2205 2203 2262 fertur:
2241 2209 2348 2264 nisi
2392 2209 2662 2265 interdum
2717 2210 3113 2280 religiosissimi
3160 2211 3433 2281 postulent
3472 2212 3565 2281 qui

1991 2306 2202 2353 tantum
2253 2314 2418 2354 causa
2469 2299 2561 2354 illo
2606 2299 3060 2372 peregrinationis
3116 2300 3454 2367 advenerim,
3503 2309 3566 2354 ut

1990 2389 2093 2443 sibi
2122 2389 2239 2460 ejus
2269 2390 2526 2446 revelatio
2574 2392 2729 2460 quasi
2774 2391 2829 2446 in
2859 2392 3089 2461 pretium
3119 2391 3425 2464 longinquae
3471 2407 3564 2463 ρει

1990 2480 2373 2549 regrinationis
2397 2479 2692 2547 deferatur,
2722 2484 2866 2552 quod
2901 2483 3016 2538 solo
3040 2483 3275 2553 episcopi
3301 2483 3565 2538 beneﬁcio

1989 2571 2223 2626 obtineri
2257 2571 2456 2636 ferunt,
2509 2573 2664 2642 cujus
2693 2581 2749 2628 et
2773 2581 2982 2629 tantum
3003 2588 3226 2628 munere
3278 2575 3344 2628 de
3374 2575 3559 2629 eadem

1990 2678 2152 2718 cruce
2165 2665 2280 2719 hmc
2293 2665 2500 2720 minuta
2522 2667 2664 2720 sacri
2685 2665 2817 2736 ligni
2841 2667 2907 2722 ad
2929 2682 3180 2738 magnam
3196 2665 3320 2722 fidei
3331 2676 3388 2722 et
3407 2667 3565 2723 bene-

1990 2758 2245 2814 dictionis
2266 2760 2494 2830 gratiam
2516 2759 2706 2815 haberi
2731 2761 2907 2816 datur.

2061 2849 2192 2917 Quae
2219 2849 2436 2921 quidem
2468 2865 2601 2906 crux
2630 2851 2686 2906 in
2727 2850 2954 2906 materia
2990 2851 3420 2908 insensata‘vim
3479 2853 3566 2908 vi-

1989 2946 2116 2999 v’am
2153 2950 2366 3011 tenens,
2414 2943 2491 3000 ita
2548 2959 2616 2998 ex
2650 2943 2742 3000 illo
2795 2951 3037 3013 tempore
3095 2944 3393 3000 innumeris
3427 2959 3568 3016 pene

1995 3037 2236 3107 quotidie
2283 3037 2562 3092 hominum
2611 3037 2754 3093 votis
2806 3036 3010 3108 lignum
3058 3052 3214 3092 suum
3255 3039 3567 3094 commodat

1994 3136 2054 3183 ut
2077 3128 2397 3184 detrimenta
2448 3143 2557 3185 non
2584 3119 2825 3194 sentiat,
2845 3136 2899 3183 et
2946 3129 3102 3200 quasi
3132 3129 3333 3186 intacta
3355 3146 3570 3200 perma-

1994 3225 2140 3283 neat,
2190 3218 2431 3288 quotidie
2471 3219 2690 3274 dividua
2739 3220 3098 3285 sumentibus,
3160 3230 3216 3276 et
3253 3235 3466 3292 semper
3493 3231 3573 3279 to-

1996 3315 2107 3362 tam
2173 3311 2591 3373 venerantibus;
2644 3312 2739 3367 sed
2792 3313 2894 3366 ista
2943 3314 3332 3382 imputribilem
3398 3315 3570 3369 virtu—

1997 3407 2106 3454 tem
2143 3408 2198 3454 et
2250 3401 2613 3458 indetribilem
2642 3403 2994 3468 soliditatem,
3022 3405 3089 3460 de
3138 3405 3280 3462 illius
3322 3406 3568 3477 profecto

1991 3489 2172 3544 carnis
2209 3491 2470 3559 sanguine
2498 3493 2656 3560 bibit,
2707 3509 2829 3565 quae
2859 3509 3021 3565 passa
3044 3505 3275 3553 mortem
3298 3514 3405 3554 non
3432 3499 3567 3556 vidit

1993 3581 2416 3650 corruptionem.

2063 3670 2207 3726 Idem
2239 3671 2513 3730 Paulinus.

1999 3781 2137 3840 Hinc
2157 3785 2341 3841 titulus
2380 3786 2582 3842 indicat
2635 3789 2871 3861 deposita
2906 3792 3000 3848 sub
3025 3793 3183 3849 altari
3219 3807 3402 3852 sancta
3441 3814 3566 3853 san-

2704 3872 2923 3918 ctorum.

1997 3965 2096 4022 Hic
2121 3967 2317 4037 pietas,
2359 3970 2447 4026 hic
2469 3972 2610 4028 alma
2636 3974 2788 4042 fides,
2817 3977 2907 4033 hic
2935 3978 3101 4049 gloria
3124 3979 3323 4037 Christi
3359 4001 3372 4036 :

2069 4058 2170 4114 Hic
2215 4069 2300 4116 est
2327 4064 2657 4134 martyribus
2683 4081 2818 4121 crux
2867 4071 3071 4124 sociata
3107 4071 3237 4126 suis.

1996 4149 2132 4204 Nam
2163 4153 2342 4207 crucis
2385 4153 2581 4224 eligno
2623 4170 2878 4226 magnum
2923 4157 3105 4214 brevis
3149 4162 3321 4217 astula
3349 4163 3564 4235 pignus,

2069 4241 2312 4314 Totaque
2338 4244 2392 4298 in
2417 4246 2614 4316 exiguo
2639 4249 2882 4318 segmine
2903 4250 2985 4304 vis
3018 4253 3197 4307 crucis
3225 4261 3327 4308 est.

1997 4331 2112 4387 Hoc
2139 4332 2334 4388 Melani
2364 4342 2554 4390 sancto
2583 4336 2819 4392 delatum
2848 4355 3073 4396 munere
3098 4341 3287 4397 Nolam

2071 4424 2353 4480 Summum
2381 4426 2765 4499 Hierosolyma:
2807 4432 2954 4486 venit
3000 4433 3068 4488 ab
3090 4433 3224 4490 urbe
3251 4436 3470 4491 bonum.

1999 4517 2198 4573 Sancta
2227 4518 2337 4574 Deo
2389 4519 2664 4589 geminum
2713 4521 2895 4578 velant
2914 4523 3106 4580 altaria
3141 4525 3402 4582 honorem

2064 4607 2197 4661 Cum
2222 4623 2384 4664 cruce
2441 4610 2767 4680 apostolicos
2794 4628 2914 4682 quae
2937 4615 3149 4670 sociant
3187 4618 3420 4683 cineres,

1993 4696 2167 4765 Quam
2211 4699 2348 4754 bene
2365 4699 2665 4772 junguntur
2695 4701 2840 4774 ligno
2872 4706 3054 4760 crucis
3077 4721 3201 4762 ossa
3229 4709 3464 4779 piorum,

2059 4788 2165 4844 Pro
2188 4803 2349 4846 cruce
2390 4799 2450 4846 ut
2480 4792 2678 4848 occisis
2706 4794 2762 4849 in
2783 4811 2946 4854 cruce
2995 4799 3067 4854 sit
3113 4801 3351 4871 requies.

2001 4923 2152 4980 Idem
2180 4927 2244 4980 de
2263 4928 2412 4998 signa
2437 4928 2650 5010 Domini
2679 4949 2833 5001 super
2851 4935 3140 5012 ingressum
3160 4940 3297 5008 picto
3334 4907 3433 4994 Iiac
3459 4957 3574 5012 spe-

2417 4999 2493 5053 cie
2531 5015 2635 5072 qua
2672 4999 2849 5058 versus
2887 4999 3142 5063 indicant.

2001 5105 2180 5162 Cerne
2205 5117 2518 5164 coronatam
2544 5112 2755 5168 Domini
2784 5130 2947 5187 super
2971 5120 3109 5175 atria
3142 5121 3344 5178 Christi

2001 5197 2162 5254 Stare
2190 5214 2405 5256 crucem
2456 5203 2592 5258 duro
2620 5206 2970 5276 spondentem
3015 5212 3158 5269 celsa
3185 5214 3356 5270 labori

1999 5285 2231 5344 Praemia
2259 5307 2273 5345 :
2302 5290 2427 5348 tolle
2453 5307 2671 5350 crucem
2714 5296 2807 5368 qui
2837 5299 2920 5354 vis
2949 5300 3162 5358 auferre
3192 5317 3467 5360 coronam.

2000 5424 2138 5482 Item
2161 5425 2344 5483 dextra
2371 5427 2602 5512 lataque
2638 5432 2878 5512 crucibus
2919 5434 3082 5488 minio
3119 5435 3426 5506 superpictis
3453 5440 3565 5497 tur:

2513 5511 2882 5570 epigrammata
2900 5512 3042 5557 sunt.

1994 5604 2179 5660 Ardua
2205 5604 2452 5662 Ποῖ-πονε
2479 5622 2611 5663 crux
2649 5608 2880 5677 cingitur
2901 5611 3033 5666 orbe
3051 5625 3287 5683 coronae,

2072 5697 2139 5754 Et
2179 5697 2392 5756 Domini
2433 5699 2554 5758 fuso
2603 5702 2769 5758 tincta
2793 5719 2984 5762 cruore
3012 5707 3186 5764 rubet.
