3838 6144
281 287 388 353 las

281 411 508 479 Quaque
537 423 700 476 super
730 407 940 474 signum
973 401 1213 456 resident
1237 399 1454 452 caeleste
1485 399 1746 452 columbae

353 497 702 568 Simplicibus
746 495 979 566 produnt
1009 506 1173 562 regna
1201 497 1385 559 patere
1435 489 1548 543 Dei.

989 581 1147 636 Item.

282 685 396 742 liae
419 699 578 738 cruce
615 696 711 735 nos
733 677 931 732 mundo
953 685 1006 730 et
1030 674 1186 728 nobis
1216 664 1460 727 interfice
1506 669 1765 724 mundum

355 775 576 831 lnteritu
593 773 760 842 eulpae
784 768 1063 824 vivificans
1087 766 1354 829 animam;

282 867 391 920 Nos
405 877 616 933 quoque
629 858 876 930 perficies
897 855 1128 926 placitas
1151 854 1269 919 tibi,
1287 852 1525 919 Christe,
1556 852 1859 916 columbas,

330 953 412 1008 'Si
447 952 624 1020 vigeat
651 949 799 1020 puris
839 962 965 1018 pars
994 953 1086 999 tua
1113 944 1444 1014 pectoribus.

494 1042 665 1111 Super
689 1037 987 1093 medianum
1014 1051 1198 1089 arcum
1229 1033 1283 1086 hi
1311 1049 1491 1087 versus
1515 1041 1657 1086 sunt.

283 1136 354 1190 Ut
401 1133 638 1188 medium
675 1129 798 1184 valli
826 1143 928 1198 pax
956 1135 1139 1180 neSLra
1163 1123 1388 1178 resolvit
1412 1121 1568 1178 Iesus

267 1221 350 1282 'Et
383 1240 543 1280 cruce
594 1221 872 1277 dissidium
914 1218 1186 1287 perimens
1248 1215 1355 1268 duo
1406 1211 1536 1268 fecit
1574 1213 1629 1267 in
1669 1225 1859 1273 unum,

279 1315 375 1375 'Sic
402 1333 539 1373 nova
587 1315 848 1370 distructo
876 1309 1080 1364 veteris
1120 1307 1430 1362 discriminc
1452 1305 1585 1360 tecti

283 1414 528 1469 Culmina
567 1407 930 1478 conspicimus
961 1409 1244 1473 portarum
1288 1398 1493 1454 madere
1513 1397 1689 1468 jungi.

283 1505 483 1557 Sancta
508 1499 690 1553 nitens
717 1494 930 1550 famulis
961 1491 1206 1546 interluit
1235 1489 1378 1543 atria
1408 1487 1645 1558 lymphis

283 1594 611 1658 Cantharus,
667 1589 1076 1652 intrantumque
1131 1595 1323 1635 manus
1342 1579 1492 1634 lavat
1517 1593 1676 1632 amne
1703 1575 1860 1631 mini-

1697 1666 1855 1741 [stro.

281 1774 440 1828 Plebs
469 1766 984 1843 gemina'Christum
1028 1764 1225 1819 Felicis
1247 1763 1437 1818 adorat
1471 1760 1525 1814 in
1552 1759 1672 1814 aula

282 1865 480 1919 Paulus
531 1860 829 1931 apostolico
865 1874 1028 1927 quam
1066 1862 1334 1926 temperat
1360 1867 1455 1909 ore
1477 1855 1752 1908 sacerdos.

465 1953 613 2008 Idem
637 1953 690 2005 in
720 1949 811 2004 lib.
835 1965 930 2003 vin
961 1948 1025 2001 de
1066 1947 1252 2001 virtute
1280 1954 1476 2000 sancta:
1497 1943 1688 1996 crucis.

281 2046 390 2102 Nos
433 2044 610 2099 crucis
637 2042 851 2096 invictae
895 2040 1109 2110 signum
1139 2046 1196 2092 et
1225 2034 1498 2092 confessio
1522 2035 1721 2100 munit,

281 2135 599 2202 Armatique
621 2132 730 2186 Deo
759 2137 993 2183 mentem
1024 2143 1131 2182 non
1163 2127 1458 2197 quierimus
1479 2141 1632 2179 arma

281 2223 572 2293 Corporis;
603 2229 658 2276 et
679 2233 990 2289 quanquam
1014 2217 1276 2272 membris
1298 2216 1579 2272 videamur
1607 2215 1860 2280 inermes,

281 2319 447 2372 Arma
470 2324 648 2370 tamen
684 2312 920 2383 gerimus
949 2309 1147 2379 quibus
1177 2316 1233 2363 et
1261 2307 1365 2362 sub
1390 2321 1525 2375 pace
1555 2320 1746 2360 serena

282 2407 485 2465 Contra
516 2405 866 2474 ineorporcos
901 2400 1096 2453 animis
1120 2397 1465 2453 decernimus
1489 2397 1694 2451 hostes.

915 2493 1049 2548 Item
1070 2494 1123 2547 in
1149 2491 1233 2545 10.

280 2592 563 2648 Currimus
592 2601 722 2659 ergo
752 2586 855 2641 fide
882 2593 1088 2639 tantum
1118 2591 1173 2637 et
1199 2597 1361 2652 prece
1394 2580 1637 2651 supplice
1666 2579 1798 2644 nixi,

279 2683 362 2739 Ad
398 2682 577 2737 vicina
605 2679 710 2733 mei
740 2677 934 2732 Felicis
987 2675 1195 2738 limina,
1220 2684 1275 2728 et
1302 2674 1425 2729 inde

281 2777 601 2860 Contiguqm
630 2773 854 2843 paribus
893 2769 1034 2823 votis
1065 2767 1401 2822 accurrimus
1441 2767 1646 2829 aulam,

282 2871 458 2939 Atque
483 2866 550 2922 ab
577 2863 858 2935 apostolici
884 2861 1085 2917 cineris
1128 2861 1330 2914 virtute
1353 2860 1620 2914 medelam

263 2960 581 3023 'Poscimus,
627 2954 894 3026 impositis
919 2950 1146 3018 subjecti
1168 2951 1428 3004 altaribus
1448 2965 1567 3004 ora.

282 3052 402 3121 Ipse
449 3049 667 3104 domum
712 3059 962 3100 remeans
1011 3042 1284 3097 modicum
1326 3041 1420 3096 sed
1443 3040 1649 3112 grande
1699 3039 1860 3094 saluti

1564 281 1792 340 DUNCA
1802 285 1862 340 Ll
1902 283 2195 342 RECLUSI

1884 403 1936 460 Α
1961 397 2040 450 cis
2067 395 2265 451 Christi
2291 396 2431 450 hanc
2458 397 2693 452 arbitror
2716 403 2869 451 actim
2905 411 3010 466 qua
3048 389 3172 450 vitae
3213 403 3416 451 nostrae
3440 397 3543 454 ba-

3440 283 3546 344 £96

1962 487 2107 541 bitus
2130 488 2435 552 innovatur,
2465 502 2612 542 mors
2644 494 2831 542 nostra
2864 485 3263 557 compungitur.
3325 486 3547 558 Nosque

1962 578 2066 648 ipsi
2087 578 2198 632 Deo
2212 593 2310 648 per
2330 579 2692 634 interventum
2719 580 2888 649 ipsius
2909 579 3223 634 mediatoris
3245 581 3541 634 assuimur.

1962 688 2113 743 Idem
2153 692 2210 744 in
2239 692 2468 745 carmine
2494 692 2579 757 11,
2618 691 2774 745 laude
2793 702 2989 746 sanctae
3014 691 3184 746 crucis
3219 693 3390 757 ipsum
3411 711 3544 747 con-

2638 761 2878 815 eludens.

1961 846 2117 904 Nunc
2144 851 2212 905 ad
2241 858 2314 916 te,
2346 851 2652 907 veneranda
2677 852 2772 906 Dei
2802 867 2958 918 crux,
2988 862 3141 907 verto
3168 852 3413 922 loquelas

1961 939 2359 1012 Gratantesque
2400 951 2489 996 tua
2539 943 2856 998 concludam
2883 943 3040 998 laude
3069 943 3332 1014 profatus.

1961 1031 2007 1085 0
2031 1047 2163 1086 crux
2190 1047 2380 1102 magna
2399 1031 2497 1087 Dei
2526 1034 2719 1103 pietas,
2752 1049 2886 1088 crux
2931 1034 3101 1104 gloria
3140 1035 3284 1097 coeli,

1962 1121 2106 1177 Crux
2149 1133 2349 1178 aeterna
2377 1124 2522 1179 salus
2546 1125 2844 1190 hominum,
2876 1141 3008 1180 crux
3040 1135 3218 1180 terror
3256 1125 3456 1195 iniquis

1963 1215 2030 1268 Et
2051 1216 2222 1270 virtus
2247 1215 2433 1284 justis,
2456 1217 2635 1270 lumen
2665 1216 2913 1272 fidelibus
2933 1258 2948 1282 ,
2984 1233 3018 1271 ο
3042 1233 3199 1283 crux,

1963 1305 2093 1373 Quae
2119 1309 2278 1362 terris
2299 1309 2354 1362 in
2377 1324 2540 1363 carne
2566 1308 2737 1362 Deum
2766 1309 2973 1363 servire
2997 1307 3182 1374 saluti,

1960 1395 2127 1464 Inque
2157 1395 2268 1450 Deo
2289 1395 2441 1452 cmlis
2463 1397 2736 1450 hominem
2770 1411 2999 1467 regnare
3027 1395 3248 1452 dedisti.

1960 1484 2068 1538 Per
2097 1494 2149 1538 te
2180 1485 2267 1539 lux
2305 1487 2481 1555 patuit
2526 1485 2661 1549 veri,
2696 1501 2803 1540 nox
2833 1486 2995 1556 impia
3029 1485 3184 1556 fugit.

1963 1574 2043 1628 Tu
2074 1575 2390 1630 destruxisti
2420 1574 2764 1631 credentibus
2792 1584 2946 1629 eruta
2977 1574 3134 1640 fana,

1965 1663 2227 1721 Gentibus
2247 1667 2496 1721 humanae
2524 1681 2753 1721 concors
2783 1676 2837 1718 tu
2865 1666 3028 1720 ﬁbula
3065 1666 3250 1734 pacis;

1891 1754 1939 1812 B
1967 1756 2275 1812 Concilians
2302 1756 2577 1811 hominem
2619 1755 2856 1810 medium
2883 1770 2979 1824 per
3005 1755 3210 1810 foedera
3239 1754 3472 1810 Christi.

1963 1848 2130 1904 Facta
2159 1849 2396 1904 hominis
2417 1848 2616 1917 gradus
2637 1863 2715 1911 es,
2741 1863 2849 1917 quo
2877 1845 3049 1917 possit
3073 1848 3124 1901 in
3152 1847 3355 1902 (ethera
3391 1847 3558 1904 ferri.

1964 1941 2095 1996 Esto
2119 1941 2365 1996 columna
2392 1941 2497 2012 piis
2523 1948 2580 1996 tu
2609 1956 2845 2012 semper,
2876 1947 2932 1994 et
2961 1941 3198 1995 anchora
3225 1939 3401 1995 nobis.

1966 2033 2037 2089 Ut
2064 2033 2200 2088 bene
2231 2041 2418 2087 nostra
2440 2033 2636 2088 domus
2685 2040 2920 2096 maneat,
2952 2032 3090 2086 bene
3105 2031 3293 2087 classis
3326 2041 3553 2104 agatur,

1964 2130 2022 2185 In
2053 2145 2216 2187 cruce
2239 2129 2347 2185 fixa
2369 2129 2554 2195 fidem,
2600 2129 2684 2183 vel
2715 2129 2781 2184 de
2802 2144 2962 2184 cruce
2986 2135 3140 2182 nacta
3172 2142 3454 2183 coronam.

1965 2224 2050 2278 Et'
2083 2231 2277 2278 cartera
2303 2237 2464 2293 quam
2492 2221 2726 2293 plurima
2755 2236 2876 2291 qua:
2898 2221 2964 2276 de
2989 2220 3239 2275 laudibus
3263 2228 3319 2276 et
3343 2237 3569 2291 praeco-

1965 2316 2072 2371 niis
2106 2316 2372 2369 virtutum
2402 2314 2561 2384 hujus
2609 2314 2776 2369 divini
2809 2314 2948 2386 signi
2970 2315 3024 2369 in
3053 2315 3335 2385 scripturis
3363 2316 3571 2385 copio—

1965 2407 2179 2462 sissime
2217 2406 2594 2471 continentur;
2653 2422 2772 2475 quae
2819 2406 2942 2476 quia
2973 2421 3294 2475 percurrere
3317 2406 3560 2478 longum

1964 2507 2018 2554 et
2046 2507 2239 2554 cuncta
2267 2498 2726 2569 comprehendere
2753 2499 3083 2569 impossibile
3107 2508 3209 2564 est,
3261 2500 3314 2553 in
3339 2501 3448 2555 hoc
3473 2501 3574 2554 in-

1966 2588 2125 2642 terim
2171 2589 2412 2644 sinamus
2437 2588 2708 2654 articulo;
2761 2597 2820 2642 ut
2881 2589 3066 2644 statim
3109 2605 3232 2644 cum
3281 2589 3566 2662 suffragio

1963 2689 2019 2736 et
2062 2681 2454 2735 interventione
2484 2679 2701 2751 gloriosi
2742 2680 3004 2751 principis
3029 2680 3424 2750 apostolorum,
3445 2697 3567 2752 pro

1963 2789 2070 2844 quo
2093 2788 2235 2828 nunc
2262 2773 2553 2828 decernere
2581 2773 2895 2839 statuimus,
2924 2773 2992 2828 ad
3021 2775 3236 2828 tertiam
3257 2774 3572 2832 veniamus

1964 2868 2336 2938 quaestionem.
2394 2867 2471 2922 De
2501 2867 2674 2921 tribus
2715 2867 2860 2922 enim
2911 2867 3177 2937 praecipue
3218 2866 3400 2921 causis
3458 2868 3568 2924 ille

1964 2958 2246 3028 impudens
2297 2958 2652 3012 calumniator
2704 2957 2759 3011 in
2801 2972 2897 3012 sua
2943 2957 3235 3026 disputavit
3281 2958 3565 3028 epistola,

1965 3051 2071 3106 hoc
2105 3057 2189 3105 est
2232 3049 2408 3119 primo
2437 3048 2502 3102 de
2529 3048 2854 3118 imaginibus
2887 3046 3295 3119 confringendis
3323 3064 3389 3103 ac
3417 3065 3568 3119 pro-

282 3145 362 3197 De
392 3141 571 3196 crucis
591 3148 807 3194 aeterna:
837 3145 1110 3207 sumptum
1139 3135 1272 3189 mihi
1293 3133 1557 3206 fragmine
1587 3135 1822 3205 lignum;
1890 3106 1934 3167 Ο
1959 3141 2230 3210 jiciendis.
2277 3139 2526 3195 Secundo
2554 3139 2619 3194 de
2643 3154 2804 3194 cruce
2828 3155 2936 3195 non
2964 3140 3276 3194 honoranda
3313 3141 3573 3211 amplius

283 3234 481 3289 Promo
539 3239 838 3299 tenerisque
897 3243 1059 3281 manu
1131 3225 1375 3281 adversis
1427 3225 1618 3296 procul
1673 3226 1863 3295 iugero

1586 3315 1861 3388 [flammis,

265 3413 358 3471 "Ut
402 3413 650 3485 clypeum
674 3411 916 3466 retinens
953 3424 1052 3480 pro
1081 3417 1301 3479 pectore
1333 3421 1441 3479 quo
1473 3415 1712 3478 tegerem
1751 3424 1860 3472 me,

283 3505 654 3573 Arceremque
680 3502 910 3568 hostem,
935 3499 1137 3555 collato
1159 3496 1393 3552 umbone
1423 3496 1665 3551 relisum.

284 3593 520 3659 Credite,
560 3607 662 3647 nec
685 3592 879 3646 donate
920 3589 1078 3653 mihi,
1104 3587 1200 3642 sed
1245 3585 1455 3641 reddite
1477 3586 1697 3642 Christo

285 3685 502 3750 Grates,
536 3691 591 3738 et
609 3681 786 3750 justas
813 3681 938 3734 date
972 3678 1158 3731 laudes
1186 3675 1574 3744 Omnipotenti.

223 3753 226 3756 l
285 3774 481 3828 Nostra
507 3771 653 3826 salus
677 3770 878 3825 etenim
905 3781 1068 3822 cruce
1087 3766 1290 3822 Christi
1303 3773 1358 3818 et
1378 3767 1596 3822 nomine
1612 3775 1859 3822 constat:

284 3867 413 3920 lnde
435 3865 568 3919 fides
593 3863 747 3917 nobis
769 3870 823 3917 et
846 3862 900 3916 in
922 3861 1027 3916 hoc
1049 3875 1210 3916 cruce
1232 3861 1356 3914 nixa
1379 3861 1583 3930 periclo

286 3956 496 4011 Profuit
516 3961 570 4008 et
594 3960 833 4007 nostram
863 3951 1116 4022 cognovit
1140 3950 1356 4006 flamma
1399 3952 1647 4008 salutem.

284 4048 397 4102 Nec
425 4060 545 4101 mea
575 4059 675 4098 vox
707 4051 800 4097 aut
822 4044 1013 4098 dextra
1053 4043 1222 4108 illum,
1263 4044 1357 4099 sed
1379 4045 1459 4099 vis
1483 4046 1659 4102 crucis
1684 4047 1862 4118 ignem

285 4143 523 4206 Terruit,
570 4141 733 4209 inque
759 4139 876 4194 loco
917 4141 982 4194 de
1004 4154 1110 4209 quo
1131 4146 1444 4194 surrexerat
1468 4139 1584 4208 ipso

286 4233 356 4287 Ut
398 4229 862 4298 circumscriptam
885 4228 1202 4299 praescripto
1244 4228 1416 4282 limite
1445 4228 1717 4282 ﬂammam

288 4325 498 4390 Sidere,
527 4330 581 4376 et
609 4321 883 4391 exstingui
919 4320 1139 4374 fremitu
1180 4321 1448 4376 moriente
1467 4321 1663 4392 coegit,

279 4415 350 4469 Et
375 4415 558 4470 cinere
583 4421 828 4467 exortam
870 4412 1040 4467 cineri
1080 4427 1324 4468 remeare
1347 4413 1660 4483 procellam.

284 4506 496 4572 Quanta
528 4503 705 4559 crucis
723 4502 894 4557 virtus
918 4510 978 4556 ut
1003 4517 1062 4557 se
1082 4511 1276 4558 natura
1304 4503 1605 4574 relinquat!

284 4597 479 4652 Omnia
505 4593 653 4665 ligna
681 4607 879 4649 vorans
898 4592 1044 4664 ligno
1064 4593 1249 4648 crucis
1271 4594 1450 4648 uritur
1474 4594 1634 4664 ignis,

284 4687 452 4744 Multa
487 4699 682 4740 manus
709 4685 916 4739 crebris
943 4692 1070 4738 tunc
1098 4683 1188 4738 illa
1211 4684 1464 4739 incendia
1487 4684 1647 4748 vasis,

283 4779 590 4847 Aspergens
626 4775 790 4844 largis
831 4773 1082 4842 cupiebat
1132 4773 1353 4827 vincere
1374 4772 1630 4843 lymphis.

285 4868 394 4924 Sed
436 4867 560 4922 licet
609 4865 885 4920 exhaustis
904 4872 1192 4934 pensarent
1220 4862 1460 4918 fontibus
1494 4863 1717 4929 imbres,

285 4959 353 5016 V'i
381 4957 582 5027 majore
630 4965 808 5011 tamen
836 4954 992 5010 lassis
1033 4953 1408 5026 spargentibus
1433 4969 1646 5009 omnem

291 5051 506 5106 Vicerat
534 5049 670 5119 ignis
694 5063 908 5118 aquam,
940 5062 1038 5101 nos
1075 5046 1222 5118 ligno
1248 5046 1608 5102 exstinximus
1638 5047 1816 5118 ignem
1843 5065 1853 5099 :

288 5139 566 5211 Quamque
589 5154 726 5208 aqua
749 5152 855 5191 non
879 5145 1104 5207 poterat,
1130 5137 1259 5192 vicit
1297 5137 1476 5192 brevis
1507 5137 1681 5192 astuta
1710 5135 1860 5191 llam-

1667 5231 1854 5304 [mam.

446 5322 596 5377 Idem
622 5323 675 5375 in
706 5322 938 5393 epistolis
969 5323 1036 5375 ad
1057 5321 1302 5377 Severum
1341 5323 1405 5376 de
1433 5323 1663 5393 palliolis
1695 5340 1711 5376 :

359 5412 710 5468 Interveniunt
737 5414 996 5467 orationes
1023 5423 1148 5477 (me,
1171 5423 1230 5466 ut
1250 5413 1480 5466 animam
1503 5429 1668 5466 meam
1691 5413 1857 5467 multa

288 5505 614 5571 corruptione
641 5505 944 5568 descissam,
973 5513 1021 5558 et
1047 5506 1209 5575 spinis
1235 5521 1467 5558 meorum
1491 5519 1746 5558 sensuum
1781 5515 1859 5560 te-

291 5605 436 5644 mere
457 5600 782 5657 consertam,
835 5594 1128 5648 Dominicaa
1153 5595 1330 5648 crucis
1359 5609 1488 5647 acus
1509 5594 1709 5648 inserto
1736 5610 1856 5649 ver-

291 5681 342 5734 bi
375 5679 622 5735 salutaris
641 5681 733 5736 ﬁlo
774 5686 1004 5750 sareial;
1057 5685 1214 5738 fidem
1241 5687 1382 5738 enim
1409 5694 1462 5740 et
1487 5685 1708 5741 verbum
1740 5703 1858 5742 cru-

1963 3247 2126 3303 quam
2151 3233 2334 3286 asinus
2360 3230 2605 3300 quilibet,
2638 3238 2732 3284 aut
2752 3231 2967 3301 spinosa
2991 3231 3177 3284 rubus.
3209 3229 3565 3299 Novissime,

1965 3325 2019 3379 id
2044 3333 2128 3378 est
2155 3324 2317 3378 tertio
2361 3322 2508 3388 loco,
2556 3320 2848 3376 memorias
2875 3330 3182 3376 sanctorum
3209 3331 3263 3377 et
3299 3325 3574 3392 speciali-

1966 3426 2048 3471 ter
2095 3415 2378 3471 ecclesiam
2427 3415 2600 3469 sancti
2647 3413 2792 3467 Petri
2842 3413 3032 3468 orandi
3083 3429 3247 3469 causa
3291 3416 3573 3486 prohibet

1965 3507 2122 3571 adiri,
2170 3507 2357 3561 dicens
2386 3507 2532 3560 hunc
2555 3503 2797 3558 laborem
2819 3519 3018 3558 vanum
3047 3518 3168 3559 esse
3202 3513 3256 3558 et
3292 3505 3562 3563 inutilem

1963 3599 2080 3652 sine
2106 3596 2284 3666 aliquo
2331 3595 2596 3666 proli-ctu,
2638 3609 2945 3664 vocansque
2971 3608 3064 3648 eos
3101 3595 3193 3664 qui
3242 3595 3398 3650 illum
3456 3613 3565 3653 ar-

1964 3689 2384 3759 ripiuntcaacos,
2436 3686 2776 3757 insipientes,
2817 3696 2870 3740 et
2893 3684 3105 3741 stultos.
3130 3685 3381 3742 Affirmat
3401 3688 3569 3746 enim

1968 3778 2250 3849 reliquias,
2277 3777 2331 3832 id
2356 3786 2439 3832 est
2461 3792 2582 3832 ossa
2606 3777 2884 3831 hominum
2913 3775 3210 3846 quamlibet
3231 3785 3569 3835 sanctorum

1965 3873 2179 3928 ossibus
2217 3884 2500 3941 pecorum,
2558 3869 2645 3922 vel
2697 3869 2879 3923 verius
2925 3867 3109 3940 lignis,
3164 3877 3219 3922 et
3275 3867 3571 3939 lapidibus

1966 3961 2139 4018 aliave
2164 3961 2416 4032 quapiam
2458 3969 2603 4015 terra
2632 3975 2741 4014 non
2769 3974 2908 4014 esse
2934 3959 3324 4014 reverentiora.
3378 3959 3567 4032 Cujus

1963 4055 2233 4110 haereseos
2266 4052 2562 4106 Eunomius
2610 4051 2818 4121 primus
2854 4051 3068 4105 exstitit
3115 4058 3325 4104 auctor.
3382 4049 3567 4107 Dein-

1965 4146 2032 4201 de
2073 4144 2395 4214 Vigilantius
2423 4142 2582 4198 istius
2608 4141 2818 4196 vicinus
2862 4149 2916 4194 et
2943 4140 3122 4196 afﬁnis
3144 4141 3209 4195 de
3235 4149 3400 4212 gente
3451 4159 3564 4198 na-

1963 4245 2052 4290 tus
2097 4234 2494 4298 Convenarum,
2537 4245 2674 4302 quos
2706 4245 2804 4300 per
2854 4229 3096 4300 Pyrenaai
3133 4231 3262 4301 juga
3306 4231 3551 4288 latroci-

1965 4335 2158 4380 nantes
2181 4326 2369 4380 consul
2400 4325 2704 4394 Pompeius,
2730 4323 2965 4378 edomita
2989 4323 3268 4393 Hispania,
3300 4323 3435 4378 inde
3465 4325 3566 4380 de-

1888 4446 1941 4505 D
1965 4416 2172 4486 posuit,
2198 4416 2323 4470 etin
2351 4431 2514 4470 unum
2529 4415 2873 4485 congregavit
2891 4429 2905 4478 ;
2922 4414 3063 4467 unde
3091 4421 3146 4467 et
3165 4412 3563 4470 Convenarum

1966 4507 2096 4562 urbs
2133 4521 2330 4561 nomen
2363 4507 2593 4576 accepit.
2624 4504 2820 4559 Contra
2849 4519 3011 4573 quam
3038 4504 3286 4558 haeresim
3322 4515 3567 4561 sanctus

1965 4595 2182 4667 scripsit
2247 4594 2628 4664 Hieronymus,
2654 4602 2709 4648 et
2735 4593 3034 4648 orthodoxa
3075 4607 3196 4647 eam
3221 4600 3434 4650 sanctae
3460 4609 3565 4648 au-

1964 4689 2216 4744 ctoritate
2251 4687 2543 4756 Scriptura:
2595 4685 2828 4756 pleniter
2873 4685 3149 4755 superavit
3189 4693 3244 4739 et
3272 4683 3560 4740 confudit.

1964 4778 2120 4845 Quod
2149 4786 2328 4832 autem
2364 4776 2453 4832 ille
2476 4787 2787 4833 sanctorum
2820 4776 3060 4830 omnium
3094 4773 3347 4829 basilicas
3373 4777 3566 4830 maxi-

1965 4875 2166 4939 meque‘
2195 4871 2366 4924 sancti
2393 4870 2539 4925 Petri
2571 4870 2759 4926 orandi
2793 4885 2955 4924 causa
2999 4869 3204 4924 visitati
3257 4869 3561 4935 abhorret,

1967 4961 2095 5015 dum
2136 4975 2256 5014 eam
2285 4961 2628 5015 numerosior
2673 4959 2902 5030 populus
2942 4975 3102 5028 quam
3146 4958 3283 5012 alias
3338 4962 3566 5029 appetit

1967 5051 2248 5118 ecclesias,
2280 5061 2501 5122 propter
2534 5051 2910 5106 excellentiam
2941 5051 3145 5105 scilicet
3169 5051 3560 5121 apostolorum

1967 5153 2022 5198 et
2064 5144 2537 5198 innumerabilium
2589 5153 2883 5213 martyrum
2933 5144 3130 5198 ibidem
3198 5145 3561 5212 requiescen-

1965 5238 2124 5302 tium,
2186 5236 2400 5289 invidiae
2453 5245 2515 5288 ut
2566 5237 2802 5289 arbitror
2843 5243 2897 5288 et
2943 5235 3250 5304 cupiditatis
3305 5235 3559 5289 stimulis

1966 5328 2196 5397 agitatus
2229 5329 2331 5380 hoc
2374 5327 2523 5391 facit,
2573 5329 2712 5396 quod
2757 5329 2934 5382 votiva
2968 5327 3092 5380 illuc
3121 5327 3354 5396 plurima
3413 5343 3558 5380 con-

1963 5416 2134 5473 fluunt
2163 5419 2404 5474 donaria.
2463 5419 2598 5473 Nam
2630 5421 2675 5474 si
2701 5421 2768 5475 ad
2809 5420 3199 5474 Taurinensem
3254 5420 3555 5473 ecclesiam

1966 5508 2039 5562 ita
2067 5509 2429 5574 deferrentur,
2474 5519 2623 5564 certe
2650 5511 2971 5564 crediderim
3027 5509 3170 5578 quod
3201 5523 3308 5562 non
3363 5509 3560 5562 minus

1964 5598 2055 5652 isti
2092 5601 2466 5654 consuetudini
2491 5601 2717 5655 favendo
2747 5611 2801 5655 et
2831 5616 2948 5655 eam
2978 5600 3247 5654 laudando
3279 5599 3551 5654 desudas-

1965 5697 2069 5754 set,
2107 5706 2268 5759 quam
2327 5707 2469 5746 nunc
2496 5677 2916 5762 blasphemando
2944 5699 2996 5746 et
3027 5690 3361 5746 dehortando
3394 5688 3560 5742 labo-
