3838 6144
315 206 415 261 497

1314 196 1441 251 LIB.
1485 195 1856 253 ADVERSUS
1891 197 2248 254 CLAUDIUM
2285 196 2564 253 TAURIN.

3456 203 3565 258 4-03

312 330 440 382 rat,
479 326 535 372 et
580 331 689 371 non
742 314 1042 370 remissiori
1085 314 1265 370 studio
1302 315 1474 370 libros
1517 321 1885 384 componeret,
1916 319 1968 377 Α
1993 312 2155 368 etiam
2182 313 2237 368 in
2264 327 2360 368 sua
2390 310 2666 383 subjungit
2698 309 2926 382 epistola
2948 311 3176 369 dicens:
3246 332 3263 366 ‹
3301 315 3493 374 Audite
3517 329 3576 374 ct

312 410 378 465 ad
409 407 846 480 persuadendum
899 409 1172 475 omnibus,
1210 423 1316 478 quo
1347 415 1661 462 sanctorum
1697 406 1892 460 Tauri-

313 501 564 557 nensium
609 498 870 568 reliquias
899 499 1165 563 colerent,
1225 513 1521 567 eorumque
1543 513 1602 552 se
1630 497 1891 550 interces-

312 589 552 646 sionibus
579 590 1040 654 commendarent,
1066 605 1230 659 quam
1269 590 1430 644 modo
1455 596 1648 644 contra
1677 597 1894 659 aposto-

315 684 392 739 los
438 680 751 735 rebellando
802 683 1072 752 congerit,
1139 691 1193 736 et
1247 697 1504 752 perverse
1554 681 1893 750 obloquendo

317 775 602 846 depromit.
667 775 876 832 Idcirco
944 778 1048 832 hoc
1103 779 1386 832 teterrimo
1443 775 1675 831 infectus
1726 776 1894 830 livore

314 866 618 937 prorumpit
672 867 860 922 dicens
900 887 913 920 :
963 885 982 918 ι
1026 867 1182 923 Hunc
1227 868 1356 923 inde
1401 867 1689 922 inolevisse
1744 882 1895 921 erro-

323 974 342 1009 ι
383 972 519 1022 rem,
549 956 695 1026 quod
721 957 1029 1027 imperitum
1055 958 1337 1013 hominum
1361 974 1530 1028 genus
1559 973 1666 1012 non
1695 955 1894 1010 intelli-

324 1069 346 1104 ι
385 1066 514 1120 gens
542 1050 759 1105 Domini
787 1053 950 1106 verba
981 1051 1180 1121 quibus
1230 1052 1306 1105 ait
1347 1050 1510 1105 Petro
1542 1069 1554 1104 :
1593 1049 1671 1104 Tu
1695 1066 1748 1104 es
1791 1047 1894 1102 Pe-

327 1157 345 1190 ι
388 1149 496 1194 trus
543 1149 593 1194 et
644 1157 802 1211 super
849 1142 985 1195 hanc
1029 1152 1231 1212 petram
1277 1142 1550 1211 wdi/icabo
1599 1141 1891 1196 Ecclesiam

327 1246 347 1280 ι
372 1244 574 1292 meam;
601 1236 650 1281 et
678 1227 768 1282 tibi
783 1228 919 1282 dabo
943 1228 1113 1282 claves
1139 1229 1283 1300 regni
1317 1229 1588 1295 calorum,
1606 1239 1660 1283 et
1685 1229 1892 1300 reliqua

328 1335 346 1367 ι
390 1315 605 1388 (Matth.
649 1316 876 1387 xvtl8),
922 1319 1370 1375 consuetudinem
1411 1320 1706 1390 assumpsit
1742 1320 1894 1375 adire

330 1425 346 1456 ι
387 1406 684 1460 Romanam
715 1406 870 1475 quasi
920 1407 995 1462 ibi
1018 1408 1140 1478 plus
1173 1424 1335 1478 quam
1371 1407 1498 1462 alibi
1528 1410 1703 1479 possit
1729 1409 1894 1477 proﬁ-

329 1515 347 1546 ε
388 1509 509 1550 cere
541 1513 554 1548 :
585 1509 710 1549 cum
741 1495 937 1550 Petrus
960 1497 1093 1550 nihil
1121 1497 1245 1552 inde
1268 1498 1407 1552 sciat
1428 1513 1530 1552 nec
1568 1497 1744 1552 valeat
1772 1513 1895 1554 suc-

332 1606 348 1637 ι
390 1600 633 1652 currere,
655 1598 832 1657 neque
866 1585 1140 1656 adjuvare.
1184 1587 1252 1642 Et
1274 1588 1400 1658 quia
1428 1603 1534 1643 non
1561 1587 1761 1643 dixerit
1790 1587 1894 1642 Do-

1999 423 2018 455 ‹
2052 406 2155 460 hoc
2177 405 2490 475 insipientes
2519 405 2574 458 in
2601 405 2796 474 populo
2819 414 2872 460 et
2896 405 3044 461 stulti
3069 407 3356 478 aliquando
3379 409 3574 479 sapite,

1999 513 2016 546 ι
2054 496 2146 566 qui
2173 497 2612 551 intercessionem
2630 497 2857 566 apostoli
2886 496 3124 553 Romam.
3138 502 3410 570 pergendo
3429 517 3578 575 qure-

1999 604 2018 638 ‹
2050 587 2188 642 ritis.
2212 585 2290 641 Ac
2310 588 2358 641 si
2378 587 2533 655 juxta
2556 587 2639 642 sui
2662 589 2903 657 magistri
2918 605 2982 643 ac
3001 591 3287 662 propinqui
3302 593 3578 664 Vigilantii

1993 694 2233 744 sensum,
2277 681 2404 734 dum
2439 680 2689 744 vivimus,
2744 688 2801 734 ut
2828 681 2904 736 ait
2955 681 3336 753 Hieronymus,
3389 697 3578 741 mutuo

1991 785 2091 840 pro
2119 770 2274 824 nobis
2308 785 2466 826 orare
2503 785 2804 840 possemus.
2850 771 3140 841 Postquam
3165 783 3344 829 autem
3379 779 3581 831 mortui

1992 860 2275 927 fuerimus,
2327 862 2524 917 nullius
2578 863 2649 917 sit
2689 879 2788 932 pro
2819 863 2930 921 alio,
2973 865 3311 920 exaudienda
3357 869 3578 924 oratio:

1991 952 2296 1019 praesertim
2333 968 2456 1006 cum
2485 960 2753 1024 martyres
2780 953 3039 1012 ultionem
3069 957 3150 1010 sui
3179 957 3460 1028 sanguinis
3482 960 3582 1014 ob~

1994 1048 2288 1106 sacrantes,
2343 1041 2638 1110 impetrare
2663 1058 2769 1097 non
2798 1044 3086 1112 quiverint.
3147 1044 3216 1101 Si.
3261 1048 3488 1118 apostoli
3526 1057 3584 1104 et

1995 1140 2260 1204 martyres
2291 1134 2468 1189 adhuc
2491 1135 2546 1188 in
2577 1150 2803 1204 corpore
2843 1138 3120 1192 constituti
3153 1148 3379 1208 possunt
3421 1157 3581 1199 orare

1993 1239 2091 1293 pro
2116 1226 2348 1290 caeteris,
2399 1227 2616 1296 quando
2646 1227 2713 1282 de
2742 1243 2800 1282 se
2827 1228 3004 1283 adhuc
3041 1230 3237 1285 debent
3280 1247 3400 1286 esse
3437 1234 3583 1288 solli.-

1995 1319 2112 1384 citi,
2144 1327 2344 1388 quanto
2380 1321 2554 1390 magis
2581 1328 2704 1390 post
2730 1336 2978 1386 coronas,
3025 1323 3280 1378 victorias
3301 1334 3355 1380 et
3384 1327 3581 1381 trium-

1992 1410 2166 1478 phos!
2219 1409 2371 1465 Unus
2392 1411 2555 1465 homo
2609 1410 2819 1482 Moyses
2848 1413 3118 1467 sexcentis
3148 1415 3382 1470 millibus
3403 1431 3584 1471 arma-

1996 1508 2174 1553 torum
2208 1499 2464 1567 impetrat
2491 1515 2520 1553 a
2538 1499 2899 1566 Deoveniam,
2926 1512 2981 1554 et
3004 1501 3310 1570 Stephanus
3340 1505 3586 1562 imitator

1996 1590 2214 1646 Domini
2241 1591 2321 1645 sui
2349 1598 2403 1644 et
2433 1591 2645 1661 primus
2670 1600 2878 1661 martyr
2923 1592 2978 1647 in
3005 1592 3224 1649 Christo
3265 1611 3381 1664 pro.
3402 1611 3586 1666 perse—

332 1696 350 1728 r
391 1677 568 1733 minus
600 1677 763 1732 Petro
794 1696 806 1730 :
836 1677 1195 1750 Quodcunque
1207 1679 1422 1735 solveris
1446 1681 1503 1734 in
1542 1679 1668 1735 caelo
1695 1680 1792 1734 erit
1812 1697 1899 1734 so—
1925 1677 1974 1738 B
2001 1682 2278 1737 cutoribus
2300 1683 2516 1737 veniam
2537 1683 2893 1752 deprecatur:
2919 1693 3201 1754 postquam
3223 1703 3345 1742 cum
3373 1687 3588 1744 Christo

333 1786 350 1820 ι
391 1768 555 1824 lutum
599 1779 646 1823 et
675 1770 729 1824 in
753 1778 916 1835 terra,
946 1780 995 1824 et
1036 1771 1380 1844 quodcunque
1405 1771 1647 1843 ligaveris
1677 1774 1734 1826 in
1769 1771 1897 1827 caelo

331 1879 351 1911 ι
389 1863 482 1914 erit
521 1860 746 1931 ligatum
779 1877 938 1931 super
979 1870 1196 1928 terram,
1225 1862 1294 1918 ob
1339 1863 1440 1918 hoc
1463 1863 1660 1918 Petrus
1683 1863 1751 1918 de
1791 1871 1900 1917 ter-

329 1971 348 2004 ι
389 1969 446 2008 ra
473 1954 713 2024 migrans
742 1955 810 2009 ad
838 1955 1040 2010 malum
1075 1956 1296 2027 reliquit
1342 1957 1474 2014 illud
1507 1957 1897 2023 ministerium,

332 2062 356 2098 ι
391 2044 534 2114 quod
557 2044 609 2098 ei
639 2045 878 2113 quandiu
911 2044 977 2100 in
1007 2054 1153 2101 terra
1190 2047 1531 2102 habitaverat
1579 2062 1901 2103 concessum

329 2156 350 2189 ο
394 2144 499 2202 est,
537 2145 596 2191 et
631 2136 753 2191 aliis
811 2135 1232 2193 succedentibus
1291 2147 1376 2194 est
1426 2139 1703 2195 traditum.
1737 2159 1756 2192 ι
1792 2137 1903 2194 Sed

325 2228 427 2282 ista
477 2228 785 2298 excogitata
840 2229 1113 2299 oppositio
1171 2236 1285 2285 tota
1337 2245 1618 2300 perversa,
1670 2238 1782 2286 tota
1820 2238 1905 2287 est

325 2335 480 2373 vana.
534 2319 728 2374 Omnia
787 2321 942 2375 enim.
981 2321 1036 2375 in
1093 2336 1158 2376 ea
1215 2323 1487 2378 contraria
1536 2323 1902 2390 insinuantur,

325 2411 531 2465 scilicet
583 2422 643 2464 ut
687 2411 983 2466 scabellum
1046 2413 1244 2481 pedum
1283 2413 1379 2468 Dei
1420 2411 1665 2481 iudicum
1713 2412 1907 2482 iudicis

325 2519 418 2557 sua
457 2518 580 2558 esse
624 2504 780 2558 sedes
814 2504 1118 2569 decuisset;
1175 2512 1230 2559 et
1283 2505 1564 2560 hominum
1607 2505 1909 2574 terrigena-

323 2614 443 2654 rum
472 2599 693 2669 propria
725 2598 987 2654 habitatio
1018 2599 1214 2655 coelum
1246 2599 1453 2654 haberi.
1479 2597 1550 2654 Ut
1579 2599 1908 2666 ibijudicia-

325 2687 408 2743 rio
432 2697 650 2744 utentes
680 2687 804 2758 jure
835 2689 1002 2761 ligent
1032 2705 1175 2756 reos,
1233 2698 1288 2744 et
1317 2690 1528 2746 solvant
1557 2691 1904 2756 emendatos;

267 2832 273 2838 .
322 2780 501 2835 ethoc
526 2779 793 2834 Dominus
825 2779 982 2849 quasi
1015 2781 1070 2834 in
1095 2787 1242 2834 terra
1265 2779 1491 2836 inferius
1513 2780 1800 2836 subsidens
1823 2796 1910 2836 as-

323 2871 609 2925 sentiendo
635 2879 691 2924 et
708 2870 1054 2940 perdonando
1081 2871 1382 2926 conﬁrmet.

393 2961 504 3016 Sed
531 2963 648 3016 haec
673 2962 747 3016 ita
781 2977 902 3017 esse
930 2978 1036 3017 non
1073 2962 1257 3017 deberi
1283 2978 1458 3032 neque
1481 2964 1770 3020 convenire
1797 2979 1912 3020 om-

324 3050 482 3105 nibus
544 3058 692 3105 recte
759 3051 1096 3121 sapientibus
1156 3059 1212 3106 et
1268 3052 1692 3123 intelligentibus
1742 3061 1906 3123 patet.

323 3140 496 3210 Ipsius
524 3154 654 3210 ergo
686 3140 866 3209 potius
918 3155 982 3195 ac
1007 3156 1227 3195 suorum
1273 3141 1483 3211 parium
1513 3143 1652 3197 hanc
1677 3156 1796 3203 esse
1817 3157 1911 3211 po-

326 3237 579 3283 testatem
636 3228 876 3283 solvendi
931 3245 996 3284 ac
1029 3230 1230 3301 ligandi
1284 3231 1759 3300 intercedendique
1812 3247 1912 3301 pro

326 3318 446 3374 aliis
475 3319 714 3388 quandiu
741 3321 1157 3390 peregrinantur
1188 3320 1242 3380 in
1268 3322 1373 3376 hoc
1398 3321 1611 3375 mortali
1663 3336 1908 3390 corpore,

324 3410 682 3480 pronuntiat,
741 3418 797 3466 et
848 3412 1132 3467 conﬁrmat
1179 3413 1264 3468 bis
1298 3413 1516 3478 verbis;
1565 3427 1629 3467 ac
1676 3429 1775 3483 per
1808 3414 1911 3470 hoc

326 3501 608 3556 sciendum
630 3510 716 3558 est
753 3504 895 3574 quod
928 3504 1113 3558 tandiu
1143 3503 1472 3558 antistitibus
1494 3503 1748 3558 Ecclesiae
1769 3503 1912 3558 istud

327 3593 694 3648 ministerium
743 3608 1063 3650 concessum
1094 3601 1193 3657 est,
1247 3607 1418 3662 usque
1458 3593 1588 3647 dum
1627 3592 1728 3663 ipsi
1755 3606 1914 3662 pere-

327 3684 614 3753 grinantur
641 3683 696 3737 in
724 3683 827 3742 hoc
878 3683 1095 3739 mortali
1143 3698 1387 3754 corpore.
1445 3683 1579 3740 Cum
1607 3698 1738 3739 vero
1763 3683 1912 3740 debi-

328 3782 439 3828 tum
466 3774 662 3828 mortis
685 3774 1050 3840 reddiderunt,
1078 3775 1167 3828 alii
1190 3777 1480 3831 succedunt
1509 3777 1626 3832 loco
1646 3778 1906 3848 ipsorum,

327 3863 418 3932 qui
450 3864 701 3918 eamdem
749 3865 993 3920 obtinent
1032 3864 1374 3935 judiciariam
1421 3876 1743 3938 potestatem
1772 3868 1912 3924 sicut

328 3955 592 4023 scriptum
622 3961 705 4009 est
737 3972 750 4007 :
793 3954 899 4009 Pro
944 3957 1182 4026 patribus
1225 3958 1327 4012 tuis
1375 3960 1486 4012 nati
1513 3967 1633 4014 sunt
1663 3960 1756 4013 tibi
1789 3958 1909 4028 ﬁlii,

329 4045 610 4100 constitues
640 4061 725 4100 eos
750 4046 1009 4117 principes
1056 4064 1213 4120 super
1253 4065 1455 4104 omnem
1499 4059 1694 4104 terram
1738 4048 1910 4121 (Psal.

327 4151 477 4200 κων,
511 4135 625 4206 Π).
656 4135 821 4202 Quasi
865 4139 1137 4208 peregrini
1165 4140 1365 4210 quique
1387 4181 1402 4206 ,
1449 4141 1633 4196 miseri
1661 4141 1914 4212 abjectis-

327 4228 562 4298 simique
610 4230 921 4299 pauperculi
969 4232 1089 4302 plus
1138 4233 1384 4290 obtinere
1435 4243 1594 4306 atque
1623 4237 1915 4306 impetrare

329 4321 644 4376 debuissent
691 4325 758 4378 ab
789 4324 1136 4394 imperatore,
1189 4341 1349 4398 quam
1400 4329 1483 4384 sui
1535 4329 1911 4401 gloriosissimi

2000 1786 2122 1826 esse
2165 1772 2450 1841 coeperint,
2509 1772 2686 1827 minus
2740 1773 3038 1831 valebunt?
3086 1777 3282 1832 Paulus
3313 1780 3589 1848 apostolus

2000 1861 2262 1917 ducentas
2316 1863 2656 1934 septuaginta
2687 1878 2788 1918 sex
2821 1863 2922 1919 sibi
2959 1864 3088 1919 dicit
3115 1866 3168 1920 in
3203 1869 3325 1922 navi
3381 1870 3590 1925 animas

2001 1953 2354 2020 condonatas,
2385 1962 2440 2008 et
2464 1963 2748 2023 postquam
2775 1955 3044 2010 resolutus
3063 1959 3289 2027 coeperit
3315 1974 3436 2015 csse
3464 1976 3587 2014 cum

2002 2040 2240 2109 Christo,
2269 2050 2398 2098 tunc
2427 2059 2525 2099 ora
2571 2044 2852 2100 clausurus
2895 2055 3000 2112 est,
3051 2054 3104 2101 et
3133 2063 3231 2116 pro
3261 2047 3345 2103 his
3398 2051 3488 2119 qui
3536 2052 3590 2104 in

2002 2141 2118 2188 toto
2139 2134 2271 2189 orbe
2299 2133 2367 2188 ad
2394 2149 2549 2189 suum
2576 2135 2925 2206 Evangelium
2973 2136 3338 2202 crediderunt,
3390 2141 3590 2195 mutire

2004 2243 2117 2283 non
2135 2228 2377 2297 poterit?
2404 2248 2426 2280 ι
2461 2227 2662 2284 Sancto
2683 2237 2862 2284 autem
2882 2229 3186 2300 Augustino
3210 2231 3409 2287 lascive
3436 2234 3590 2288 blan-

2005 2317 2166 2382 ditur,
2214 2327 2270 2372 et
2303 2318 2552 2373 adulatur
2586 2319 2843 2390 singulari
2892 2335 3017 2375 eum
3061 2321 3356 2390 praeferens
3409 2324 3589 2390 laude,

2005 2407 2160 2476 quasi
2206 2423 2317 2462 sua:
2344 2406 2614 2463 fautorem
2658 2410 2944 2477 vecordiae,
2999 2418 3055 2466 et
3078 2426 3200 2466 cum
3251 2412 3324 2468 sit
3351 2414 3594 2470 omnium

2007 2497 2202 2550 artium
2225 2498 2428 2554 inscius
2463 2497 2765 2554 liberalium
2788 2501 2980 2556 nititur
3010 2503 3392 2572 procacissime
3417 2505 3587 2574 ipsius

2007 2585 2287 2643 dialectica
2315 2604 2413 2660 per
2456 2605 2515 2645 se
2551 2591 2729 2660 ipsum
2757 2607 2874 2646 sme
2901 2591 3008 2646 ullo
3050 2593 3126 2646 uti
3154 2593 3483 2662 magisterio,
3534 2603 3592 2650 et

2009 2677 2079 2732 ad
2101 2692 2163 2731 ea
2189 2693 2308 2747 qua:
2333 2677 2603 2735 atlirmare
2631 2679 2884 2735 maluerit
2909 2680 3080 2750 ipsam
3099 2681 3592 2750 iniprudentissime

2011 2768 2352 2837 detorquere.
2392 2769 2544 2824 Sicut
2587 2784 2686 2839 per
2709 2770 2812 2825 hoc
2839 2769 3078 2840 ejusdem
3109 2771 3412 2841 exemplum
3443 2777 3589 2843 quod

2011 2875 2180 2931 pravo
2215 2874 2376 2915 sensu
2415 2876 2482 2916 ex
2510 2861 2648 2917 libro
2672 2861 2740 2917 de
2785 2861 3051 2918 Trinitate
3075 2880 3169 2918 vm
3196 2865 3442 2933 arripuit,
3477 2881 3594 2920 me-

2013 2953 2216 3008 morias
2235 2963 2547 3010 sanctorum
2571 2970 2676 3010 non
2697 2971 2818 3012 esse
2845 2957 3108 3012 orationis
3135 2959 3313 3013 studio
3338 2968 3597 3029 appeten-

2014 3045 2132 3112 das,
2163 3060 2458 3118 eorumque
2498 3046 2754 3118 reliquias
2776 3049 3053 3119 despectui
3101 3057 3265 3119 atque
3307 3049 3432 3104 odio
3477 3064 3596 3105 esse

2013 3135 2291 3194 habendas
2329 3137 2498 3194 voluit
2536 3147 2816 3206 astruere,
2857 3141 3044 3196 dicens
3076 3158 3088 3194 :
3133 3157 3154 3190 ι
3183 3126 3380 3198 Audite
3407 3148 3461 3196 et
3493 3143 3596 3196 hoc

2013 3229 2329 3300 insipientes
2367 3232 2421 3284 in
2451 3231 2650 3300 populo
2699 3241 2754 3287 et
2782 3233 2930 3286 stulti
2967 3232 3261 3301 aliquando
3281 3234 3476 3304 sapite,
3504 3236 3598 3303 qui

2014 3321 2458 3376 intercessionem
2487 3321 2713 3389 apostoli
2759 3321 2985 3375 Romam
3025 3324 3298 3393 pergendo
3335 3324 3594 3392 quaeritis,

2015 3409 2144 3478 quid
2172 3415 2360 3463 contra
2383 3424 2482 3463 vos
2522 3409 2666 3464 dicat
2707 3408 2848 3463 idem
2876 3425 3016 3479 saepe
3043 3411 3216 3465 dictus
3252 3412 3599 3467 beatissimus

2015 3499 2365 3571 Augustinus.
2402 3499 2459 3553 In
2486 3499 2626 3554 libro
2644 3501 2789 3554 enim
2817 3500 2883 3555 de
2911 3501 3172 3554 Trinitate
3203 3517 3299 3556 vtn
3326 3503 3466 3556 inter
3495 3519 3600 3557 cae-

2015 3601 2132 3648 tera
2160 3591 2239 3648 sic
2273 3591 2445 3647 dixit:
2495 3591 2631 3645 Redi
2670 3605 2800 3662 ergo
2841 3607 3053 3646 mecum
3093 3599 3148 3645 et
3193 3593 3596 3647 consideremus

2016 3699 2114 3739 cur
2141 3683 2427 3753 diligamus
2451 3682 2800 3752 apostolum?
2826 3681 3225 3751 Numquidnam
3247 3689 3466 3752 propter
3495 3683 3597 3736 hu-

2015 3787 2230 3827 manam
2268 3772 2502 3842 speciem
2529 3787 2693 3842 quam
2717 3773 3055 3828 notissimam
3083 3772 3346 3829 habemus
3367 3789 3432 3828 eo
3453 3775 3598 3842 quod

2016 3865 2287 3920 credimus
2313 3879 2436 3920 eum
2467 3865 2741 3920 hominem
2767 3865 2976 3921 fuisse?
3006 3865 3124 3920 Non
3149 3865 3334 3937 utique
3361 3865 3601 3935 alioquin

2016 3971 2159 4010 nunc
2184 3971 2291 4010 non
2315 3963 2399 4010 est
2416 3971 2579 4026 quem
2626 3957 2934 4026 diligamus,
2973 3957 3405 4026 quandoquidem
3435 3958 3596 4012 homo

2016 4046 2108 4102 ille
2128 4046 2243 4115 jam
2281 4063 2386 4104 non
2413 4056 2497 4102 est
2544 4046 2747 4119 (anima
2794 4049 2938 4103 enim
2966 4047 3081 4116 ejus
3108 4064 3138 4101 a
3169 4064 3396 4118 corpore
3446 4064 3602 4116 sepa-

2016 4149 2133 4194 rata
2161 4139 2265 4211 est)
2290 4156 2304 4206 ;
2353 4140 2448 4195 sed
2478 4139 2534 4194 id
2576 4140 2719 4210 quod
2750 4139 2804 4194 in
2835 4139 2925 4193 illo
2973 4154 3219 4192 amamus
3267 4140 3430 4192 etiam
3459 4155 3602 4192 nunc

2016 4229 2198 4284 vivere
2241 4229 2532 4283 credimus.
2572 4249 2591 4282 ›
2657 4228 2792 4284 Cum
2839 4229 2927 4283 ille
2973 4243 3081 4282 non
3125 4228 3450 4282 intellexerit
3493 4243 3601 4296 quo

2018 4334 2181 4375 sensu
2231 4320 2563 4390 Augustinus
2615 4319 2814 4374 dixerit
2859 4319 3161 4388 apostolum
3220 4336 3326 4374 non
3380 4330 3602 4388 propter

329 4411 606 4482 principes
640 4420 696 4466 et
731 4415 1133 4471 honoratissimi
1160 4418 1419 4483 seniores,
1455 4421 1580 4490 quia
1618 4422 1905 4476 secundum

2020 4388 2609 4480 humanam—speciem,
2672 4425 2848 4478 neque
2883 4411 2952 4464 ob
2981 4410 3083 4465 hoc
3125 4411 3270 4479 quod
3317 4411 3477 4466 homo
3505 4412 3604 4465 ali-

327 4500 495 4554 istum
559 4499 1003 4558 calumniatorem
1051 4506 1277 4574 apostoli
1330 4508 1484 4577 quasi
1527 4507 1800 4579 longinqui
1851 4523 1916 4564 ac

329 4590 538 4646 detenti
584 4600 644 4646 ut
691 4602 817 4664 pote
866 4596 1064 4651 mortui
1102 4596 1371 4666 supplices
1427 4613 1554 4653 suas
1602 4607 1917 4669 appetentes

327 4684 650 4749 memorias,
697 4685 858 4751 scire,
891 4685 970 4740 vel
999 4688 1207 4753 audire,
1241 4688 1323 4740 vel
1358 4704 1457 4756 pro
1483 4690 1561 4743 eis
1592 4690 1917 4745 intervenire

327 4781 645 4843 nequeunt,
693 4791 815 4830 cum
853 4791 882 4830 e
933 4779 1205 4833 contrario
1253 4779 1448 4854 legitur
1483 4780 1537 4833 in
1589 4779 1912 4851 Evangelio:

329 4865 479 4921 Deus
519 4867 805 4932 Abraham,
851 4867 990 4922 Deus
1022 4867 1179 4923 Isaac
1213 4877 1262 4923 et
1301 4869 1442 4924 Deus
1472 4869 1660 4935 Jacob,
1691 4887 1795 4924 non
1843 4880 1918 4926 est

329 4955 478 5011 Deus
503 4967 851 5023 mortuorum,
871 4957 961 5012 sed
989 4959 1424 5031 vivorum(ll1arc.
1444 4977 1541 5026 ιιι,
1562 4961 1673 5033 2'7).
1705 4962 1780 5015 De
1801 4962 1920 5031 qui-

329 5049 440 5104 bus
471 5047 669 5102 dicitur
689 5048 994 5120 Sequuntur
1018 5066 1211 5120 agnum
1237 5069 1544 5124 quocunque
1568 5053 1708 5108 vadit
1733 5052 1916 5126 (Apoc.

330 5155 454 5205 xxv,
479 5139 556 5212 4).
587 5140 740 5196 Unde
784 5140 1143 5213 Hieronymus
1168 5162 1180 5198 :
1211 5162 1229 5195 ι
1266 5143 1325 5199 Si
1349 5160 1517 5215 agnus
1546 5145 1766 5214 ubique,
1793 5162 1922 5216 ergo

331 5242 396 5289 et
419 5233 474 5288 hi
496 5233 588 5303 qui
617 5250 740 5289 cum
773 5249 910 5303 agno
939 5243 1084 5301 sunt,
1125 5236 1321 5304 ubique
1350 5251 1469 5290 esse
1493 5236 1748 5291 credendi
1776 5246 1920 5292 sunt.

330 5325 410 5384 Et
441 5341 565 5379 cum
589 5325 835 5381 diabolus
857 5335 912 5381 et
959 5327 1230 5382 daemones
1259 5334 1368 5382 toto
1406 5334 1668 5397 vagentur
1692 5327 1840 5394 orbe,
1872 5337 1927 5383 et

333 5417 618 5473 celeritate
671 5419 838 5472 nimia
883 5419 1082 5488 ubique
1129 5430 1425 5490 praesentes
1473 5419 1613 5484 sint,
1660 5427 1927 5491 martyres

334 5515 466 5578 post
489 5507 805 5566 eﬂ‘usionem
839 5511 1118 5583 sanguinis
1148 5512 1248 5576 sui,
1275 5510 1509 5580 quadam
1535 5509 1779 5565 custodia
1801 5527 1928 5581 ope-

337 5599 580 5668 riuntur,
619 5599 832 5669 inclusi,
879 5613 934 5658 et
962 5603 1085 5658 inde
1111 5602 1260 5657 exire
1289 5616 1394 5656 non
1433 5601 1728 5672 poterunt?
1763 5621 1781 5656 ›
1814 5602 1928 5661 Hoc

2019 4499 2234 4569 quando
2259 4497 2426 4556 fuerit
2457 4515 2578 4555 esse
2606 4499 2949 4570 diligendum.
2983 4500 3152 4556 Nemo
3180 4503 3322 4556 enim
3364 4512 3455 4557 aut
3479 4520 3602 4574 pro-

2020 4598 2140 4661 pter
2166 4590 2647 4661 pulchritudinem,
2681 4600 2774 4645 aut
2802 4601 3024 4661 propter
3067 4593 3303 4649 carnalis
3349 4592 3601 4649 allectum

2020 4679 2376 4752 cognationis,
2393 4679 2752 4735 voluntatisve
2780 4681 3095 4750 appetitum,
3121 4681 3205 4736 vel
3231 4683 3391 4736 aliam
3421 4699 3604 4752 quam-

2021 4771 2152 4826 libet
2179 4786 2399 4827 causam
2420 4772 2694 4828 hominem
2725 4773 2882 4827 debet
2931 4773 3170 4844 diligere,
3223 4775 3326 4828 nisi
3365 4783 3604 4829 tantum-

2024 4863 2184 4918 modo
2207 4870 2431 4933 propter
2454 4863 2645 4929 Deum,
2668 4864 2721 4917 in
2751 4878 2863 4933 quo
2887 4870 2942 4916 et
2970 4864 3040 4919 ob
3066 4881 3224 4934 quem
3248 4873 3392 4923 totus
3421 4867 3605 4932 homo,

2025 4956 2118 5025 qui
2163 4971 2230 5011 ex
2252 4957 2460 5012 duabus
2495 4955 2810 5012 substantiis
2839 4957 3017 5011 anima
3045 4965 3101 5013 et
3124 4971 3349 5027 corpore
3372 4967 3602 5021 constat,

2027 5055 2112 5102 est
2151 5045 2452 5118 diligendus
2487 5062 2552 5102 eo
2586 5049 2746 5104 modo
2769 5055 2826 5103 et
2869 5064 3139 5112 mensura,
3189 5064 3293 5118 qua
3318 5057 3605 5115 utramque

2028 5141 2282 5197 convenit
2301 5141 2542 5211 diligere.
2584 5142 2737 5197 Unde
2764 5142 2904 5196 idem
2941 5142 3271 5213 Augustinus
3294 5142 3346 5196 in
3374 5141 3511 5195 libro
3540 5141 3605 5192 de

2031 5232 2283 5288 Doctrina
2332 5232 2639 5288 Christiana
2693 5234 2884 5302 primo.
2937 5252 2955 5285 ι
2991 5233 3097 5289 Sed
3133 5233 3394 5303 quaeritur
3417 5240 3603 5284 utrum

2023 5331 2247 5393 propter
2267 5338 2325 5378 se
2351 5323 2513 5377 homo
2533 5323 2601 5378 ab
2625 5324 2840 5378 homine
2861 5323 3160 5394 diligendus
3179 5321 3268 5384 sit,
3294 5334 3362 5372 an
3383 5327 3608 5387 propter

2027 5416 2190 5471 aliud.
2243 5414 2299 5471 Si
2327 5418 2470 5472 enim
2501 5425 2721 5487 propter
2771 5433 2849 5482 se,
2881 5415 3235 5478 fruimureo;
3285 5411 3331 5464 si
3383 5423 3607 5481 propter

2028 5510 2190 5574 aliud,
2224 5510 2427 5565 utimur
2451 5525 2535 5566 eo.
2582 5509 2807 5566 Videtur
2835 5517 3016 5562 autem
3053 5505 3184 5562 mihi
3212 5513 3434 5575 propter
3461 5505 3606 5563 aliud

2029 5603 2348 5672 diligendus.
2396 5602 2551 5670 Quod
2589 5602 2732 5659 enim
2776 5605 2997 5672 propter
3021 5612 3080 5654 se
3126 5595 3453 5669 diligendum
3497 5605 3607 5665 est,
