  <div class='ocr_page' id='page_1' title='image "/cluster/home/n/w/nwhite01/storage/ocr_20150623/105/hvd.32044054759709/255.png"; bbox 0 0 3838 6144; ppageno 0'>
   <div class='ocr_carea' id='block_1_1' title="bbox 218 273 327 330">
    <p class='ocr_par' dir='ltr' id='par_1_1' title="bbox 218 273 327 330">
     <span class='ocr_line' id='line_1_1' title="bbox 218 273 327 330; baseline 0 -1"><span class='ocrx_word' id='word_1_1' title='bbox 218 273 327 330; x_wconf 66' lang='grc'><strong>699</strong></span> 
     </span>
    </p>
   </div>
   <div class='ocr_carea' id='block_1_2' title="bbox 1544 258 2180 319">
    <p class='ocr_par' dir='ltr' id='par_1_2' title="bbox 1544 258 2180 319">
     <span class='ocr_line' id='line_1_2' title="bbox 1544 258 2180 319; baseline -0.006 -1"><span class='ocrx_word' id='word_1_2' title='bbox 1544 259 1847 319; x_wconf 81' lang='lat' dir='ltr'><strong>DUNGALI</strong></span> <span class='ocrx_word' id='word_1_3' title='bbox 1883 258 2180 318; x_wconf 77' lang='lat' dir='ltr'><strong>RECLUSI</strong></span> 
     </span>
    </p>
   </div>
   <div class='ocr_carea' id='block_1_3' title="bbox 3388 264 3496 319">
    <p class='ocr_par' dir='ltr' id='par_1_3' title="bbox 3388 264 3496 319">
     <span class='ocr_line' id='line_1_3' title="bbox 3388 264 3496 319; baseline 0.019 -2"><span class='ocrx_word' id='word_1_4' title='bbox 3388 264 3496 319; x_wconf 75' lang='lat'><strong>500</strong></span> 
     </span>
    </p>
   </div>
   <div class='ocr_carea' id='block_1_4' title="bbox 149 372 3500 457">
    <p class='ocr_par' dir='ltr' id='par_1_4' title="bbox 149 372 3500 457">
     <span class='ocr_line' id='line_1_4' title="bbox 149 372 3500 457; baseline -0.005 -9"><span class='ocrx_word' id='word_1_5' title='bbox 149 444 168 457; x_wconf 69' lang='grc'><strong>,</strong></span> <span class='ocrx_word' id='word_1_6' title='bbox 221 394 276 450; x_wconf 91' lang='lat' dir='ltr'><strong>in</strong></span> <span class='ocrx_word' id='word_1_7' title='bbox 328 405 393 447; x_wconf 90' lang='lat' dir='ltr'><strong>eo</strong></span> <span class='ocrx_word' id='word_1_8' title='bbox 421 387 765 444; x_wconf 73' lang='lat' dir='ltr'><strong>constituitur</strong></span> <span class='ocrx_word' id='word_1_9' title='bbox 783 385 940 441; x_wconf 88' lang='lat' dir='ltr'><strong>beata</strong></span> <span class='ocrx_word' id='word_1_10' title='bbox 967 383 1075 436; x_wconf 88' lang='lat' dir='ltr'><strong>vita</strong></span> <span class='ocrx_word' id='word_1_11' title='bbox 1101 400 1113 434; x_wconf 90' lang='lat'>:</span> <span class='ocrx_word' id='word_1_12' title='bbox 1144 378 1298 450; x_wconf 90' lang='lat' dir='ltr'><strong>cujus</strong></span> <span class='ocrx_word' id='word_1_13' title='bbox 1323 375 1533 433; x_wconf 88' lang='lat' dir='ltr'><strong>etiamsi</strong></span> <span class='ocrx_word' id='word_1_14' title='bbox 1563 375 1803 431; x_wconf 89' lang='lat' dir='ltr'><strong>nondum</strong></span> <span class='ocrx_word' id='word_1_15' title='bbox 1827 377 1880 440; x_wconf 81' lang='grc' dir='ltr'><strong>Α</strong></span> <span class='ocrx_word' id='word_1_16' title='bbox 1904 389 1996 430; x_wconf 89' lang='lat' dir='ltr'><strong>sus</strong></span> <span class='ocrx_word' id='word_1_17' title='bbox 2023 388 2184 445; x_wconf 89' lang='lat' dir='ltr'><strong>quam</strong></span> <span class='ocrx_word' id='word_1_18' title='bbox 2211 372 2434 444; x_wconf 79' lang='lat' dir='ltr'><strong>spiritus</strong></span> <span class='ocrx_word' id='word_1_19' title='bbox 2459 373 2809 444; x_wconf 83' lang='lat' dir='ltr'><strong>concupiscit,</strong></span> <span class='ocrx_word' id='word_1_20' title='bbox 2844 389 2953 430; x_wconf 90' lang='lat' dir='ltr'><strong>non</strong></span> <span class='ocrx_word' id='word_1_21' title='bbox 2982 383 3043 430; x_wconf 90' lang='lat' dir='ltr'><strong>ut</strong></span> <span class='ocrx_word' id='word_1_22' title='bbox 3064 373 3345 432; x_wconf 76' lang='lat' dir='ltr'><strong>interimat</strong></span> <span class='ocrx_word' id='word_1_23' title='bbox 3373 395 3500 434; x_wconf 58' lang='lat' dir='ltr'><strong>cor-</strong></span> 
     </span>
    </p>
   </div>
   <div class='ocr_carea' id='block_1_5' title="bbox 223 463 1799 548">
    <p class='ocr_par' dir='ltr' id='par_1_5' title="bbox 223 463 1799 548">
     <span class='ocr_line' id='line_1_5' title="bbox 223 463 1799 548; baseline -0.013 -10"><span class='ocrx_word' id='word_1_24' title='bbox 223 497 334 547; x_wconf 89' lang='lat' dir='ltr'><strong>res,</strong></span> <span class='ocrx_word' id='word_1_25' title='bbox 381 488 561 535; x_wconf 86' lang='lat' dir='ltr'><strong>tamen</strong></span> <span class='ocrx_word' id='word_1_26' title='bbox 596 491 720 548; x_wconf 85' lang='lat' dir='ltr'><strong>spes</strong></span> <span class='ocrx_word' id='word_1_27' title='bbox 747 473 863 544; x_wconf 89' lang='lat' dir='ltr'><strong>ejus</strong></span> <span class='ocrx_word' id='word_1_28' title='bbox 911 487 1012 527; x_wconf 90' lang='lat' dir='ltr'><strong>nos</strong></span> <span class='ocrx_word' id='word_1_29' title='bbox 1042 471 1147 526; x_wconf 90' lang='lat' dir='ltr'><strong>hoc</strong></span> <span class='ocrx_word' id='word_1_30' title='bbox 1197 477 1436 538; x_wconf 87' lang='lat' dir='ltr'><strong>tempore</strong></span> <span class='ocrx_word' id='word_1_31' title='bbox 1473 463 1799 521; x_wconf 77' lang='lat' dir='ltr'><strong>consolatur.</strong></span> 
     </span>
    </p>
   </div>
   <div class='ocr_carea' id='block_1_6' title="bbox 222 557 1799 637">
    <p class='ocr_par' dir='ltr' id='par_1_6' title="bbox 222 557 1799 637">
     <span class='ocr_line' id='line_1_6' title="bbox 222 557 1799 637; baseline -0.013 -7"><span class='ocrx_word' id='word_1_32' title='bbox 222 573 539 630; x_wconf 82' lang='lat' dir='ltr'><strong>Maledictus</strong></span> <span class='ocrx_word' id='word_1_33' title='bbox 563 578 740 625; x_wconf 88' lang='lat' dir='ltr'><strong>autem</strong></span> <span class='ocrx_word' id='word_1_34' title='bbox 778 567 869 637; x_wconf 87' lang='lat' dir='ltr'><strong>qui</strong></span> <span class='ocrx_word' id='word_1_35' title='bbox 903 580 1052 635; x_wconf 85' lang='lat' dir='ltr'><strong>spem</strong></span> <span class='ocrx_word' id='word_1_36' title='bbox 1083 578 1234 619; x_wconf 88' lang='lat' dir='ltr'><strong>suam</strong></span> <span class='ocrx_word' id='word_1_37' title='bbox 1286 560 1440 632; x_wconf 87' lang='lat' dir='ltr'><strong>ponit</strong></span> <span class='ocrx_word' id='word_1_38' title='bbox 1468 559 1524 614; x_wconf 92' lang='lat' dir='ltr'><strong>in</strong></span> <span class='ocrx_word' id='word_1_39' title='bbox 1560 557 1799 613; x_wconf 84' lang='lat' dir='ltr'><strong>homine.</strong></span> 
     </span>
    </p>
   </div>
   <div class='ocr_carea' id='block_1_7' title="bbox 224 647 1806 730">
    <p class='ocr_par' dir='ltr' id='par_1_7' title="bbox 224 647 1806 730">
     <span class='ocr_line' id='line_1_7' title="bbox 224 647 1806 730; baseline -0.014 -9"><span class='ocrx_word' id='word_1_40' title='bbox 224 664 334 721; x_wconf 84' lang='lat' dir='ltr'><strong>Sed</strong></span> <span class='ocrx_word' id='word_1_41' title='bbox 356 677 457 718; x_wconf 91' lang='lat' dir='ltr'><strong>nec</strong></span> <span class='ocrx_word' id='word_1_42' title='bbox 496 661 673 730; x_wconf 84' lang='lat' dir='ltr'><strong>seipse</strong></span> <span class='ocrx_word' id='word_1_43' title='bbox 709 657 936 726; x_wconf 91' lang='lat' dir='ltr'><strong>quisque</strong></span> <span class='ocrx_word' id='word_1_44' title='bbox 965 653 1069 708; x_wconf 88' lang='lat' dir='ltr'><strong>frui</strong></span> <span class='ocrx_word' id='word_1_45' title='bbox 1092 652 1270 717; x_wconf 85' lang='lat' dir='ltr'><strong>debet,</strong></span> <span class='ocrx_word' id='word_1_46' title='bbox 1313 650 1360 705; x_wconf 89' lang='lat' dir='ltr'><strong>si</strong></span> <span class='ocrx_word' id='word_1_47' title='bbox 1384 648 1585 718; x_wconf 85' lang='lat' dir='ltr'><strong>liquide</strong></span> <span class='ocrx_word' id='word_1_48' title='bbox 1614 647 1806 701; x_wconf 85' lang='lat' dir='ltr'><strong>adver-</strong></span> 
     </span>
    </p>
   </div>
   <div class='ocr_carea' id='block_1_8' title="bbox 223 739 1808 824">
    <p class='ocr_par' dir='ltr' id='par_1_8' title="bbox 223 739 1808 824">
     <span class='ocr_line' id='line_1_8' title="bbox 223 739 1808 824; baseline -0.012 -13"><span class='ocrx_word' id='word_1_49' title='bbox 223 765 309 811; x_wconf 89' lang='lat' dir='ltr'><strong>tas</strong></span> <span class='ocrx_word' id='word_1_50' title='bbox 337 773 352 822; x_wconf 92' lang='lat'><strong>;</strong></span> <span class='ocrx_word' id='word_1_51' title='bbox 399 753 524 824; x_wconf 90' lang='lat' dir='ltr'><strong>quia</strong></span> <span class='ocrx_word' id='word_1_52' title='bbox 556 765 656 806; x_wconf 92' lang='lat' dir='ltr'><strong>nec</strong></span> <span class='ocrx_word' id='word_1_53' title='bbox 684 749 925 817; x_wconf 87' lang='lat' dir='ltr'><strong>seipsum</strong></span> <span class='ocrx_word' id='word_1_54' title='bbox 958 746 1117 801; x_wconf 87' lang='lat' dir='ltr'><strong>debet</strong></span> <span class='ocrx_word' id='word_1_55' title='bbox 1148 750 1373 814; x_wconf 85' lang='lat' dir='ltr'><strong>propter</strong></span> <span class='ocrx_word' id='word_1_56' title='bbox 1420 741 1657 810; x_wconf 90' lang='lat' dir='ltr'><strong>seipsum</strong></span> <span class='ocrx_word' id='word_1_57' title='bbox 1686 739 1808 794; x_wconf 83' lang='lat' dir='ltr'><strong>dili-</strong></span> 
     </span>
    </p>
   </div>
   <div class='ocr_carea' id='block_1_9' title="bbox 224 831 1809 919">
    <p class='ocr_par' dir='ltr' id='par_1_9' title="bbox 224 831 1809 919">
     <span class='ocr_line' id='line_1_9' title="bbox 224 831 1809 919; baseline -0.013 -16"><span class='ocrx_word' id='word_1_58' title='bbox 224 862 370 919; x_wconf 89' lang='lat' dir='ltr'><strong>gere,</strong></span> <span class='ocrx_word' id='word_1_59' title='bbox 407 843 500 900; x_wconf 89' lang='lat' dir='ltr'><strong>sed</strong></span> <span class='ocrx_word' id='word_1_60' title='bbox 530 848 754 912; x_wconf 85' lang='lat' dir='ltr'><strong>propter</strong></span> <span class='ocrx_word' id='word_1_61' title='bbox 776 838 923 892; x_wconf 90' lang='lat' dir='ltr'><strong>illum</strong></span> <span class='ocrx_word' id='word_1_62' title='bbox 953 852 1061 908; x_wconf 88' lang='lat' dir='ltr'><strong>quo</strong></span> <span class='ocrx_word' id='word_1_63' title='bbox 1108 834 1393 890; x_wconf 85' lang='lat' dir='ltr'><strong>fruendum</strong></span> <span class='ocrx_word' id='word_1_64' title='bbox 1422 840 1522 888; x_wconf 91' lang='lat' dir='ltr'><strong>est.</strong></span> <span class='ocrx_word' id='word_1_65' title='bbox 1551 831 1703 886; x_wconf 86' lang='lat' dir='ltr'><strong>Tunc</strong></span> <span class='ocrx_word' id='word_1_66' title='bbox 1723 837 1809 886; x_wconf 89' lang='lat' dir='ltr'><strong>est</strong></span> 
     </span>
    </p>
   </div>
   <div class='ocr_carea' id='block_1_10' title="bbox 224 921 1806 1006">
    <p class='ocr_par' dir='ltr' id='par_1_10' title="bbox 224 921 1806 1006">
     <span class='ocr_line' id='line_1_10' title="bbox 224 921 1806 1006; baseline -0.009 -15"><span class='ocrx_word' id='word_1_67' title='bbox 224 937 420 1006; x_wconf 87' lang='lat' dir='ltr'><strong>quippe</strong></span> <span class='ocrx_word' id='word_1_68' title='bbox 455 932 692 1002; x_wconf 89' lang='lat' dir='ltr'><strong>optimus</strong></span> <span class='ocrx_word' id='word_1_69' title='bbox 736 930 921 993; x_wconf 90' lang='lat' dir='ltr'><strong>homo,</strong></span> <span class='ocrx_word' id='word_1_70' title='bbox 950 942 1073 982; x_wconf 92' lang='lat' dir='ltr'><strong>cum</strong></span> <span class='ocrx_word' id='word_1_71' title='bbox 1100 933 1216 982; x_wconf 89' lang='lat' dir='ltr'><strong>tota</strong></span> <span class='ocrx_word' id='word_1_72' title='bbox 1244 925 1357 979; x_wconf 91' lang='lat' dir='ltr'><strong>vita</strong></span> <span class='ocrx_word' id='word_1_73' title='bbox 1383 939 1480 978; x_wconf 88' lang='lat' dir='ltr'><strong>sua</strong></span> <span class='ocrx_word' id='word_1_74' title='bbox 1522 921 1700 992; x_wconf 78' lang='lat' dir='ltr'><strong>pergit</strong></span> <span class='ocrx_word' id='word_1_75' title='bbox 1750 921 1806 976; x_wconf 91' lang='lat' dir='ltr'><strong>in</strong></span> 
     </span>
    </p>
   </div>
   <div class='ocr_carea' id='block_1_11' title="bbox 223 1012 1803 1085">
    <p class='ocr_par' dir='ltr' id='par_1_11' title="bbox 223 1012 1803 1085">
     <span class='ocr_line' id='line_1_11' title="bbox 223 1012 1803 1085; baseline -0.012 1"><span class='ocrx_word' id='word_1_76' title='bbox 223 1023 719 1085; x_wconf 83' lang='lat' dir='ltr'><strong>incommutabilem</strong></span> <span class='ocrx_word' id='word_1_77' title='bbox 748 1022 942 1085; x_wconf 89' lang='lat' dir='ltr'><strong>vitam,</strong></span> <span class='ocrx_word' id='word_1_78' title='bbox 991 1027 1046 1075; x_wconf 92' lang='lat' dir='ltr'><strong>et</strong></span> <span class='ocrx_word' id='word_1_79' title='bbox 1079 1026 1192 1074; x_wconf 88' lang='lat' dir='ltr'><strong>toto</strong></span> <span class='ocrx_word' id='word_1_80' title='bbox 1225 1015 1422 1072; x_wconf 80' lang='lat' dir='ltr'><strong>affectu</strong></span> <span class='ocrx_word' id='word_1_81' title='bbox 1453 1015 1680 1070; x_wconf 83' lang='lat' dir='ltr'><strong>inhaeret</strong></span> <span class='ocrx_word' id='word_1_82' title='bbox 1707 1012 1803 1067; x_wconf 89' lang='lat' dir='ltr'><strong>illi.</strong></span> 
     </span>
    </p>
   </div>
   <div class='ocr_carea' id='block_1_12' title="bbox 229 1105 1810 1190">
    <p class='ocr_par' dir='ltr' id='par_1_12' title="bbox 229 1105 1810 1190">
     <span class='ocr_line' id='line_1_12' title="bbox 229 1105 1810 1190; baseline -0.009 -14"><span class='ocrx_word' id='word_1_83' title='bbox 229 1121 288 1177; x_wconf 90' lang='lat' dir='ltr'><strong>Si</strong></span> <span class='ocrx_word' id='word_1_84' title='bbox 312 1133 442 1190; x_wconf 89' lang='lat' dir='ltr'><strong>ergo</strong></span> <span class='ocrx_word' id='word_1_85' title='bbox 483 1125 539 1172; x_wconf 88' lang='lat' dir='ltr'><strong>te</strong></span> <span class='ocrx_word' id='word_1_86' title='bbox 563 1117 739 1186; x_wconf 88' lang='lat' dir='ltr'><strong>ipsum</strong></span> <span class='ocrx_word' id='word_1_87' title='bbox 771 1130 878 1169; x_wconf 92' lang='lat' dir='ltr'><strong>non</strong></span> <span class='ocrx_word' id='word_1_88' title='bbox 904 1119 1122 1184; x_wconf 90' lang='lat' dir='ltr'><strong>propter</strong></span> <span class='ocrx_word' id='word_1_89' title='bbox 1167 1119 1220 1166; x_wconf 92' lang='lat' dir='ltr'><strong>te</strong></span> <span class='ocrx_word' id='word_1_90' title='bbox 1246 1110 1426 1177; x_wconf 66' lang='lat' dir='ltr'><strong>,debes</strong></span> <span class='ocrx_word' id='word_1_91' title='bbox 1449 1107 1692 1177; x_wconf 78' lang='lat' dir='ltr'><strong>diligere,</strong></span> <span class='ocrx_word' id='word_1_92' title='bbox 1715 1105 1810 1161; x_wconf 89' lang='lat' dir='ltr'><strong>sed</strong></span> 
     </span>
    </p>
   </div>
   <div class='ocr_carea' id='block_1_13' title="bbox 223 1195 1810 1285">
    <p class='ocr_par' dir='ltr' id='par_1_13' title="bbox 223 1195 1810 1285">
     <span class='ocr_line' id='line_1_13' title="bbox 223 1195 1810 1285; baseline -0.012 -16"><span class='ocrx_word' id='word_1_93' title='bbox 223 1220 447 1285; x_wconf 85' lang='lat' dir='ltr'><strong>propter</strong></span> <span class='ocrx_word' id='word_1_94' title='bbox 475 1207 626 1264; x_wconf 90' lang='lat' dir='ltr'><strong>illum</strong></span> <span class='ocrx_word' id='word_1_95' title='bbox 673 1206 768 1261; x_wconf 87' lang='lat' dir='ltr'><strong>ubi</strong></span> <span class='ocrx_word' id='word_1_96' title='bbox 805 1203 1112 1260; x_wconf 81' lang='lat' dir='ltr'><strong>dilectionis</strong></span> <span class='ocrx_word' id='word_1_97' title='bbox 1163 1209 1271 1255; x_wconf 74' lang='lat' dir='ltr'><strong>tuae</strong></span> <span class='ocrx_word' id='word_1_98' title='bbox 1317 1199 1656 1255; x_wconf 86' lang='lat' dir='ltr'><strong>rectissimus</strong></span> <span class='ocrx_word' id='word_1_99' title='bbox 1686 1195 1810 1250; x_wconf 83' lang='lat' dir='ltr'><strong>finis</strong></span> 
     </span>
    </p>
   </div>
   <div class='ocr_carea' id='block_1_14' title="bbox 223 1290 1810 1368">
    <p class='ocr_par' dir='ltr' id='par_1_14' title="bbox 223 1290 1810 1368">
     <span class='ocr_line' id='line_1_14' title="bbox 223 1290 1810 1368; baseline -0.012 -9"><span class='ocrx_word' id='word_1_100' title='bbox 223 1312 331 1368; x_wconf 92' lang='lat' dir='ltr'><strong>est,</strong></span> <span class='ocrx_word' id='word_1_101' title='bbox 361 1317 467 1357; x_wconf 90' lang='lat' dir='ltr'><strong>non</strong></span> <span class='ocrx_word' id='word_1_102' title='bbox 508 1302 825 1354; x_wconf 86' lang='lat' dir='ltr'><strong>succenseat</strong></span> <span class='ocrx_word' id='word_1_103' title='bbox 847 1297 1031 1360; x_wconf 90' lang='lat' dir='ltr'><strong>homo,</strong></span> <span class='ocrx_word' id='word_1_104' title='bbox 1082 1293 1128 1348; x_wconf 91' lang='lat' dir='ltr'><strong>si</strong></span> <span class='ocrx_word' id='word_1_105' title='bbox 1168 1291 1330 1348; x_wconf 89' lang='lat' dir='ltr'><strong>etiam</strong></span> <span class='ocrx_word' id='word_1_106' title='bbox 1382 1290 1559 1360; x_wconf 90' lang='lat' dir='ltr'><strong>ipsum</strong></span> <span class='ocrx_word' id='word_1_107' title='bbox 1590 1294 1810 1356; x_wconf 83' lang='lat' dir='ltr'><strong>propter</strong></span> 
     </span>
    </p>
   </div>
   <div class='ocr_carea' id='block_1_15' title="bbox 227 1377 1809 1457">
    <p class='ocr_par' dir='ltr' id='par_1_15' title="bbox 227 1377 1809 1457">
     <span class='ocr_line' id='line_1_15' title="bbox 227 1377 1809 1457; baseline -0.009 -11"><span class='ocrx_word' id='word_1_108' title='bbox 227 1393 399 1447; x_wconf 88' lang='lat' dir='ltr'><strong>Deum</strong></span> <span class='ocrx_word' id='word_1_109' title='bbox 443 1386 642 1457; x_wconf 84' lang='lat' dir='ltr'><strong>diligis,</strong></span> <span class='ocrx_word' id='word_1_110' title='bbox 673 1385 790 1439; x_wconf 64' lang='lat' dir='ltr'><strong>haec</strong></span> <span class='ocrx_word' id='word_1_111' title='bbox 821 1383 966 1439; x_wconf 91' lang='lat' dir='ltr'><strong>enim</strong></span> <span class='ocrx_word' id='word_1_112' title='bbox 988 1381 1174 1451; x_wconf 90' lang='lat' dir='ltr'><strong>regula</strong></span> <span class='ocrx_word' id='word_1_113' title='bbox 1218 1379 1520 1435; x_wconf 88' lang='lat' dir='ltr'><strong>dilectionis</strong></span> <span class='ocrx_word' id='word_1_114' title='bbox 1551 1377 1809 1433; x_wconf 88' lang='lat' dir='ltr'><strong>divinitus</strong></span> 
     </span>
    </p>
   </div>
   <div class='ocr_carea' id='block_1_16' title="bbox 225 1471 1808 1544">
    <p class='ocr_par' dir='ltr' id='par_1_16' title="bbox 225 1471 1808 1544">
     <span class='ocr_line' id='line_1_16' title="bbox 225 1471 1808 1544; baseline -0.01 -8"><span class='ocrx_word' id='word_1_115' title='bbox 225 1479 517 1536; x_wconf 87' lang='lat' dir='ltr'><strong>constituta</strong></span> <span class='ocrx_word' id='word_1_116' title='bbox 547 1483 664 1531; x_wconf 88' lang='lat' dir='ltr'><strong>est:</strong></span> <span class='ocrx_word' id='word_1_117' title='bbox 710 1473 927 1544; x_wconf 75' lang='lat' dir='ltr'><strong>Diliges,</strong></span> <span class='ocrx_word' id='word_1_118' title='bbox 961 1473 1158 1543; x_wconf 89' lang='lat' dir='ltr'><strong>inquit,</strong></span> <span class='ocrx_word' id='word_1_119' title='bbox 1186 1471 1484 1542; x_wconf 72' lang='lat' dir='ltr'><strong>proximum</strong></span> <span class='ocrx_word' id='word_1_120' title='bbox 1505 1477 1652 1523; x_wconf 88' lang='lat' dir='ltr'><strong>tuum</strong></span> <span class='ocrx_word' id='word_1_121' title='bbox 1690 1477 1808 1521; x_wconf 86' lang='lat' dir='ltr'><strong>tan-</strong></span> 
     </span>
    </p>
   </div>
   <div class='ocr_carea' id='block_1_17' title="bbox 224 1561 1808 1644">
    <p class='ocr_par' dir='ltr' id='par_1_17' title="bbox 224 1561 1808 1644">
     <span class='ocr_line' id='line_1_17' title="bbox 224 1561 1808 1644; baseline -0.009 -18"><span class='ocrx_word' id='word_1_122' title='bbox 224 1579 456 1644; x_wconf 79' lang='lat' dir='ltr'><strong>quam-te</strong></span> <span class='ocrx_word' id='word_1_123' title='bbox 479 1569 691 1640; x_wconf 84' lang='lat' dir='ltr'><strong>ipsum;</strong></span> <span class='ocrx_word' id='word_1_124' title='bbox 729 1565 899 1620; x_wconf 89' lang='lat' dir='ltr'><strong>Deum</strong></span> <span class='ocrx_word' id='word_1_125' title='bbox 938 1579 1067 1620; x_wconf 89' lang='lat' dir='ltr'><strong>vero</strong></span> <span class='ocrx_word' id='word_1_126' title='bbox 1093 1579 1157 1618; x_wconf 77' lang='lat' dir='ltr'><strong>ea:</strong></span> <span class='ocrx_word' id='word_1_127' title='bbox 1197 1570 1304 1616; x_wconf 87' lang='lat' dir='ltr'><strong>toto</strong></span> <span class='ocrx_word' id='word_1_128' title='bbox 1345 1561 1500 1616; x_wconf 85' lang='lat' dir='ltr'><strong>corde</strong></span> <span class='ocrx_word' id='word_1_129' title='bbox 1539 1569 1589 1614; x_wconf 83' lang='lat' dir='ltr'><strong>et</strong></span> <span class='ocrx_word' id='word_1_130' title='bbox 1614 1575 1678 1614; x_wconf 79' lang='lat' dir='ltr'><strong>ea:</strong></span> <span class='ocrx_word' id='word_1_131' title='bbox 1697 1567 1808 1612; x_wconf 87' lang='lat' dir='ltr'><strong>tota</strong></span> 
     </span>
    </p>
   </div>
   <div class='ocr_carea' id='block_1_18' title="bbox 225 1652 1808 1722">
    <p class='ocr_par' dir='ltr' id='par_1_18' title="bbox 225 1652 1808 1722">
     <span class='ocr_line' id='line_1_18' title="bbox 225 1652 1808 1722; baseline -0.007 -5"><span class='ocrx_word' id='word_1_132' title='bbox 225 1664 405 1718; x_wconf 84' lang='lat' dir='ltr'><strong>anima</strong></span> <span class='ocrx_word' id='word_1_133' title='bbox 429 1669 477 1714; x_wconf 87' lang='lat' dir='ltr'><strong>et</strong></span> <span class='ocrx_word' id='word_1_134' title='bbox 504 1675 568 1714; x_wconf 78' lang='lat' dir='ltr'><strong>ea:</strong></span> <span class='ocrx_word' id='word_1_135' title='bbox 595 1665 703 1712; x_wconf 85' lang='lat' dir='ltr'><strong>tota</strong></span> <span class='ocrx_word' id='word_1_136' title='bbox 735 1664 922 1720; x_wconf 80' lang='lat' dir='ltr'><strong>mente,</strong></span> <span class='ocrx_word' id='word_1_137' title='bbox 956 1663 1018 1709; x_wconf 88' lang='lat' dir='ltr'><strong>ut</strong></span> <span class='ocrx_word' id='word_1_138' title='bbox 1059 1668 1248 1710; x_wconf 90' lang='lat' dir='ltr'><strong>omnes</strong></span> <span class='ocrx_word' id='word_1_139' title='bbox 1275 1652 1634 1722; x_wconf 81' lang='lat' dir='ltr'><strong>cogitationes</strong></span> <span class='ocrx_word' id='word_1_140' title='bbox 1687 1657 1808 1706; x_wconf 89' lang='lat' dir='ltr'><strong>tuas</strong></span> 
     </span>
    </p>
   </div>
   <div class='ocr_carea' id='block_1_19' title="bbox 1902 463 3502 535">
    <p class='ocr_par' dir='ltr' id='par_1_19' title="bbox 1902 463 3502 535">
     <span class='ocr_line' id='line_1_19' title="bbox 1902 463 3502 535; baseline 0.002 -16"><span class='ocrx_word' id='word_1_141' title='bbox 1902 480 2026 535; x_wconf 92' lang='lat' dir='ltr'><strong>pus,</strong></span> <span class='ocrx_word' id='word_1_142' title='bbox 2070 463 2166 520; x_wconf 89' lang='lat' dir='ltr'><strong>sed</strong></span> <span class='ocrx_word' id='word_1_143' title='bbox 2207 473 2268 518; x_wconf 90' lang='lat' dir='ltr'><strong>ut</strong></span> <span class='ocrx_word' id='word_1_144' title='bbox 2296 464 2735 534; x_wconf 86' lang='lat' dir='ltr'><strong>concupiscentia</strong></span> <span class='ocrx_word' id='word_1_145' title='bbox 2771 463 2892 534; x_wconf 83' lang='lat' dir='ltr'><strong>ejus</strong></span> <span class='ocrx_word' id='word_1_146' title='bbox 2915 504 2930 530; x_wconf 90' lang='lat'><strong>,</strong></span> <span class='ocrx_word' id='word_1_147' title='bbox 2987 464 3042 520; x_wconf 92' lang='lat' dir='ltr'><strong>id</strong></span> <span class='ocrx_word' id='word_1_148' title='bbox 3079 473 3165 521; x_wconf 90' lang='lat' dir='ltr'><strong>est</strong></span> <span class='ocrx_word' id='word_1_149' title='bbox 3204 478 3502 523; x_wconf 85' lang='lat' dir='ltr'><strong>consuetu-</strong></span> 
     </span>
    </p>
   </div>
   <div class='ocr_carea' id='block_1_20' title="bbox 1904 557 3502 631">
    <p class='ocr_par' dir='ltr' id='par_1_20' title="bbox 1904 557 3502 631">
     <span class='ocr_line' id='line_1_20' title="bbox 1904 557 3502 631; baseline 0.003 -18"><span class='ocrx_word' id='word_1_150' title='bbox 1904 558 2031 613; x_wconf 89' lang='lat' dir='ltr'><strong>dine</strong></span> <span class='ocrx_word' id='word_1_151' title='bbox 2056 557 2199 613; x_wconf 86' lang='lat' dir='ltr'><strong>mala</strong></span> <span class='ocrx_word' id='word_1_152' title='bbox 2228 558 2487 626; x_wconf 88' lang='lat' dir='ltr'><strong>edomita,</strong></span> <span class='ocrx_word' id='word_1_153' title='bbox 2524 557 2688 613; x_wconf 81' lang='lat' dir='ltr'><strong>faciat</strong></span> <span class='ocrx_word' id='word_1_154' title='bbox 2721 559 2936 628; x_wconf 87' lang='lat' dir='ltr'><strong>spiritui</strong></span> <span class='ocrx_word' id='word_1_155' title='bbox 2959 559 3326 631; x_wconf 87' lang='lat' dir='ltr'><strong>subjugatum,</strong></span> <span class='ocrx_word' id='word_1_156' title='bbox 3351 562 3502 630; x_wconf 79' lang='lat' dir='ltr'><strong>quod</strong></span> 
     </span>
    </p>
   </div>
   <div class='ocr_carea' id='block_1_21' title="bbox 1904 651 3503 725">
    <p class='ocr_par' dir='ltr' id='par_1_21' title="bbox 1904 651 3503 725">
     <span class='ocr_line' id='line_1_21' title="bbox 1904 651 3503 725; baseline 0.001 -18"><span class='ocrx_word' id='word_1_157' title='bbox 1904 652 2166 707; x_wconf 84' lang='lat' dir='ltr'><strong>naturalis</strong></span> <span class='ocrx_word' id='word_1_158' title='bbox 2217 651 2352 707; x_wconf 89' lang='lat' dir='ltr'><strong>ordo</strong></span> <span class='ocrx_word' id='word_1_159' title='bbox 2398 653 2708 718; x_wconf 87' lang='lat' dir='ltr'><strong>desiderat;</strong></span> <span class='ocrx_word' id='word_1_160' title='bbox 2760 652 2888 722; x_wconf 89' lang='lat' dir='ltr'><strong>quia</strong></span> <span class='ocrx_word' id='word_1_161' title='bbox 2916 653 3060 707; x_wconf 89' lang='lat' dir='ltr'><strong>enim</strong></span> <span class='ocrx_word' id='word_1_162' title='bbox 3102 654 3204 708; x_wconf 89' lang='lat' dir='ltr'><strong>hoc</strong></span> <span class='ocrx_word' id='word_1_163' title='bbox 3229 655 3335 709; x_wconf 89' lang='lat' dir='ltr'><strong>erit</strong></span> <span class='ocrx_word' id='word_1_164' title='bbox 3376 663 3503 725; x_wconf 83' lang='lat' dir='ltr'><strong>post</strong></span> 
     </span>
    </p>
   </div>
   <div class='ocr_carea' id='block_1_22' title="bbox 1905 743 3504 815">
    <p class='ocr_par' dir='ltr' id='par_1_22' title="bbox 1905 743 3504 815">
     <span class='ocr_line' id='line_1_22' title="bbox 1905 743 3504 815; baseline 0.001 -17"><span class='ocrx_word' id='word_1_165' title='bbox 1905 743 2360 799; x_wconf 90' lang='lat' dir='ltr'><strong>resurrectionem</strong></span> <span class='ocrx_word' id='word_1_166' title='bbox 2388 785 2403 809; x_wconf 95' lang='lat'><strong>,</strong></span> <span class='ocrx_word' id='word_1_167' title='bbox 2439 751 2504 799; x_wconf 86' lang='lat' dir='ltr'><strong>ut</strong></span> <span class='ocrx_word' id='word_1_168' title='bbox 2543 758 2742 814; x_wconf 90' lang='lat' dir='ltr'><strong>corpus</strong></span> <span class='ocrx_word' id='word_1_169' title='bbox 2788 743 3100 799; x_wconf 88' lang='lat' dir='ltr'><strong>omnimodo</strong></span> <span class='ocrx_word' id='word_1_170' title='bbox 3149 759 3274 798; x_wconf 89' lang='lat' dir='ltr'><strong>cum</strong></span> <span class='ocrx_word' id='word_1_171' title='bbox 3313 747 3504 815; x_wconf 87' lang='lat' dir='ltr'><strong>quiete</strong></span> 
     </span>
    </p>
   </div>
   <div class='ocr_carea' id='block_1_23' title="bbox 1905 835 3505 909">
    <p class='ocr_par' dir='ltr' id='par_1_23' title="bbox 1905 835 3505 909">
     <span class='ocr_line' id='line_1_23' title="bbox 1905 835 3505 909; baseline 0.003 -20"><span class='ocrx_word' id='word_1_172' title='bbox 1905 848 2115 890; x_wconf 88' lang='lat' dir='ltr'><strong>summa</strong></span> <span class='ocrx_word' id='word_1_173' title='bbox 2161 835 2376 905; x_wconf 89' lang='lat' dir='ltr'><strong>spiritui</strong></span> <span class='ocrx_word' id='word_1_174' title='bbox 2407 835 2678 891; x_wconf 89' lang='lat' dir='ltr'><strong>subditum</strong></span> <span class='ocrx_word' id='word_1_175' title='bbox 2724 836 3103 892; x_wconf 88' lang='lat' dir='ltr'><strong>immortaliter</strong></span> <span class='ocrx_word' id='word_1_176' title='bbox 3129 836 3339 909; x_wconf 84' lang='lat' dir='ltr'><strong>vigeat,</strong></span> <span class='ocrx_word' id='word_1_177' title='bbox 3393 839 3505 893; x_wconf 89' lang='lat' dir='ltr'><strong>hoc</strong></span> 
     </span>
    </p>
   </div>
   <div class='ocr_carea' id='block_1_24' title="bbox 1906 926 3505 992">
    <p class='ocr_par' dir='ltr' id='par_1_24' title="bbox 1906 926 3505 992">
     <span class='ocr_line' id='line_1_24' title="bbox 1906 926 3505 992; baseline 0.003 -11"><span class='ocrx_word' id='word_1_178' title='bbox 1906 927 2070 981; x_wconf 87' lang='lat' dir='ltr'><strong>etiam</strong></span> <span class='ocrx_word' id='word_1_179' title='bbox 2112 926 2167 981; x_wconf 94' lang='lat' dir='ltr'><strong>in</strong></span> <span class='ocrx_word' id='word_1_180' title='bbox 2195 927 2299 981; x_wconf 90' lang='lat' dir='ltr'><strong>hac</strong></span> <span class='ocrx_word' id='word_1_181' title='bbox 2348 927 2458 982; x_wconf 92' lang='lat' dir='ltr'><strong>vita</strong></span> <span class='ocrx_word' id='word_1_182' title='bbox 2487 926 2856 982; x_wconf 87' lang='lat' dir='ltr'><strong>meditandum</strong></span> <span class='ocrx_word' id='word_1_183' title='bbox 2901 936 3027 992; x_wconf 91' lang='lat' dir='ltr'><strong>est,</strong></span> <span class='ocrx_word' id='word_1_184' title='bbox 3077 935 3134 982; x_wconf 90' lang='lat' dir='ltr'><strong>ut</strong></span> <span class='ocrx_word' id='word_1_185' title='bbox 3164 931 3505 985; x_wconf 89' lang='lat' dir='ltr'><strong>consuetudo</strong></span> 
     </span>
    </p>
   </div>
   <div class='ocr_carea' id='block_1_25' title="bbox 1906 1019 3502 1087">
    <p class='ocr_par' dir='ltr' id='par_1_25' title="bbox 1906 1019 3502 1087">
     <span class='ocr_line' id='line_1_25' title="bbox 1906 1019 3502 1087; baseline 0.001 -12"><span class='ocrx_word' id='word_1_186' title='bbox 1906 1019 2142 1075; x_wconf 85' lang='lat' dir='ltr'><strong>carnalis</strong></span> <span class='ocrx_word' id='word_1_187' title='bbox 2180 1028 2420 1076; x_wconf 87' lang='lat' dir='ltr'><strong>mutetur</strong></span> <span class='ocrx_word' id='word_1_188' title='bbox 2458 1021 2513 1076; x_wconf 92' lang='lat' dir='ltr'><strong>in</strong></span> <span class='ocrx_word' id='word_1_189' title='bbox 2544 1021 2758 1087; x_wconf 90' lang='lat' dir='ltr'><strong>melius,</strong></span> <span class='ocrx_word' id='word_1_190' title='bbox 2788 1036 2890 1077; x_wconf 91' lang='lat' dir='ltr'><strong>nee</strong></span> <span class='ocrx_word' id='word_1_191' title='bbox 2917 1022 3239 1078; x_wconf 88' lang='lat' dir='ltr'><strong>inordinatis</strong></span> <span class='ocrx_word' id='word_1_192' title='bbox 3259 1022 3502 1077; x_wconf 89' lang='lat' dir='ltr'><strong>motibus</strong></span> 
     </span>
    </p>
   </div>
   <div class='ocr_carea' id='block_1_26' title="bbox 1905 1111 3505 1186">
    <p class='ocr_par' dir='ltr' id='par_1_26' title="bbox 1905 1111 3505 1186">
     <span class='ocr_line' id='line_1_26' title="bbox 1905 1111 3505 1186; baseline 0.004 -21"><span class='ocrx_word' id='word_1_193' title='bbox 1905 1111 2125 1167; x_wconf 89' lang='lat' dir='ltr'><strong>resistat</strong></span> <span class='ocrx_word' id='word_1_194' title='bbox 2162 1113 2397 1182; x_wconf 91' lang='lat' dir='ltr'><strong>spiritui.</strong></span> <span class='ocrx_word' id='word_1_195' title='bbox 2447 1112 2601 1180; x_wconf 84' lang='lat' dir='ltr'><strong>Quod</strong></span> <span class='ocrx_word' id='word_1_196' title='bbox 2639 1113 2810 1169; x_wconf 91' lang='lat' dir='ltr'><strong>donec</strong></span> <span class='ocrx_word' id='word_1_197' title='bbox 2834 1115 2949 1181; x_wconf 85' lang='lat' dir='ltr'><strong>fiat,</strong></span> <span class='ocrx_word' id='word_1_198' title='bbox 2991 1130 3120 1171; x_wconf 90' lang='lat' dir='ltr'><strong>caro</strong></span> <span class='ocrx_word' id='word_1_199' title='bbox 3163 1116 3505 1186; x_wconf 83' lang='lat' dir='ltr'><strong>concupiscit</strong></span> 
     </span>
    </p>
   </div>
   <div class='ocr_carea' id='block_1_27' title="bbox 1907 1205 3500 1278">
    <p class='ocr_par' dir='ltr' id='par_1_27' title="bbox 1907 1205 3500 1278">
     <span class='ocr_line' id='line_1_27' title="bbox 1907 1205 3500 1278; baseline 0.005 -20"><span class='ocrx_word' id='word_1_200' title='bbox 1907 1205 2166 1260; x_wconf 89' lang='lat' dir='ltr'><strong>adversus</strong></span> <span class='ocrx_word' id='word_1_201' title='bbox 2222 1206 2475 1276; x_wconf 87' lang='lat' dir='ltr'><strong>spiritum</strong></span> <span class='ocrx_word' id='word_1_202' title='bbox 2502 1247 2516 1271; x_wconf 94' lang='lat'><strong>,</strong></span> <span class='ocrx_word' id='word_1_203' title='bbox 2565 1214 2621 1262; x_wconf 92' lang='lat' dir='ltr'><strong>et</strong></span> <span class='ocrx_word' id='word_1_204' title='bbox 2666 1207 2892 1278; x_wconf 88' lang='lat' dir='ltr'><strong>spiritus</strong></span> <span class='ocrx_word' id='word_1_205' title='bbox 2940 1209 3201 1265; x_wconf 88' lang='lat' dir='ltr'><strong>adversus</strong></span> <span class='ocrx_word' id='word_1_206' title='bbox 3231 1225 3500 1266; x_wconf 86' lang='lat' dir='ltr'><strong>carnem:</strong></span> 
     </span>
    </p>
   </div>
   <div class='ocr_carea' id='block_1_28' title="bbox 1907 1296 3505 1372">
    <p class='ocr_par' dir='ltr' id='par_1_28' title="bbox 1907 1296 3505 1372">
     <span class='ocr_line' id='line_1_28' title="bbox 1907 1296 3505 1372; baseline 0.004 -22"><span class='ocrx_word' id='word_1_207' title='bbox 1907 1303 2135 1365; x_wconf 88' lang='lat' dir='ltr'><strong>non&#39;per</strong></span> <span class='ocrx_word' id='word_1_208' title='bbox 2161 1296 2344 1351; x_wconf 90' lang='lat' dir='ltr'><strong>odium</strong></span> <span class='ocrx_word' id='word_1_209' title='bbox 2375 1299 2663 1354; x_wconf 79' lang='lat' dir='ltr'><strong>resistente</strong></span> <span class='ocrx_word' id='word_1_210' title='bbox 2691 1299 2884 1369; x_wconf 90' lang='lat' dir='ltr'><strong>spiritu</strong></span> <span class='ocrx_word' id='word_1_211' title='bbox 2906 1340 2919 1364; x_wconf 96' lang='lat'><strong>,</strong></span> <span class='ocrx_word' id='word_1_212' title='bbox 2972 1302 3066 1356; x_wconf 91' lang='lat' dir='ltr'><strong>sed</strong></span> <span class='ocrx_word' id='word_1_213' title='bbox 3096 1317 3196 1371; x_wconf 90' lang='lat' dir='ltr'><strong>per</strong></span> <span class='ocrx_word' id='word_1_214' title='bbox 3227 1303 3505 1372; x_wconf 77' lang='lat' dir='ltr'><strong>principa-</strong></span> 
     </span>
    </p>
   </div>
   <div class='ocr_carea' id='block_1_29' title="bbox 1908 1387 3504 1460">
    <p class='ocr_par' dir='ltr' id='par_1_29' title="bbox 1908 1387 3504 1460">
     <span class='ocr_line' id='line_1_29' title="bbox 1908 1387 3504 1460; baseline 0.006 -21"><span class='ocrx_word' id='word_1_215' title='bbox 1908 1393 2052 1451; x_wconf 91' lang='lat' dir='ltr'><strong>tum,</strong></span> <span class='ocrx_word' id='word_1_216' title='bbox 2102 1387 2228 1456; x_wconf 86' lang='lat' dir='ltr'><strong>quia</strong></span> <span class='ocrx_word' id='word_1_217' title='bbox 2270 1389 2445 1458; x_wconf 85' lang='lat' dir='ltr'><strong>magis</strong></span> <span class='ocrx_word' id='word_1_218' title='bbox 2490 1389 2636 1460; x_wconf 90' lang='lat' dir='ltr'><strong>quod</strong></span> <span class='ocrx_word' id='word_1_219' title='bbox 2672 1389 2849 1460; x_wconf 84' lang='lat' dir='ltr'><strong>diligit</strong></span> <span class='ocrx_word' id='word_1_220' title='bbox 2894 1390 3009 1445; x_wconf 90' lang='lat' dir='ltr'><strong>vult</strong></span> <span class='ocrx_word' id='word_1_221' title='bbox 3055 1392 3326 1447; x_wconf 89' lang='lat' dir='ltr'><strong>subditum</strong></span> <span class='ocrx_word' id='word_1_222' title='bbox 3373 1407 3504 1448; x_wconf 89' lang='lat' dir='ltr'><strong>esse</strong></span> 
     </span>
    </p>
   </div>
   <div class='ocr_carea' id='block_1_30' title="bbox 1907 1476 3506 1556">
    <p class='ocr_par' dir='ltr' id='par_1_30' title="bbox 1907 1476 3506 1556">
     <span class='ocr_line' id='line_1_30' title="bbox 1907 1476 3506 1556; baseline 0.007 -25"><span class='ocrx_word' id='word_1_223' title='bbox 1907 1476 2157 1544; x_wconf 88' lang='lat' dir='ltr'><strong>meliori;</strong></span> <span class='ocrx_word' id='word_1_224' title='bbox 2212 1493 2313 1536; x_wconf 90' lang='lat' dir='ltr'><strong>nec</strong></span> <span class='ocrx_word' id='word_1_225' title='bbox 2340 1495 2442 1549; x_wconf 90' lang='lat' dir='ltr'><strong>per</strong></span> <span class='ocrx_word' id='word_1_226' title='bbox 2483 1481 2665 1536; x_wconf 90' lang='lat' dir='ltr'><strong>odium</strong></span> <span class='ocrx_word' id='word_1_227' title='bbox 2715 1484 3000 1540; x_wconf 88' lang='lat' dir='ltr'><strong>resistente</strong></span> <span class='ocrx_word' id='word_1_228' title='bbox 3026 1499 3214 1551; x_wconf 86' lang='lat' dir='ltr'><strong>carne,</strong></span> <span class='ocrx_word' id='word_1_229' title='bbox 3262 1485 3354 1540; x_wconf 88' lang='lat' dir='ltr'><strong>sed</strong></span> <span class='ocrx_word' id='word_1_230' title='bbox 3399 1501 3506 1556; x_wconf 82' lang='lat' dir='ltr'><strong>per</strong></span> 
     </span>
    </p>
   </div>
   <div class='ocr_carea' id='block_1_31' title="bbox 1909 1568 3502 1644">
    <p class='ocr_par' dir='ltr' id='par_1_31' title="bbox 1909 1568 3502 1644">
     <span class='ocr_line' id='line_1_31' title="bbox 1909 1568 3502 1644; baseline 0.006 -24"><span class='ocrx_word' id='word_1_231' title='bbox 1909 1568 2313 1623; x_wconf 91' lang='lat' dir='ltr'><strong>consuetudinis</strong></span> <span class='ocrx_word' id='word_1_232' title='bbox 2365 1569 2681 1636; x_wconf 84' lang='lat' dir='ltr'><strong>vinculum,</strong></span> <span class='ocrx_word' id='word_1_233' title='bbox 2733 1574 2877 1641; x_wconf 90' lang='lat' dir='ltr'><strong>quod</strong></span> <span class='ocrx_word' id='word_1_234' title='bbox 2927 1588 2958 1628; x_wconf 92' lang='lat' dir='ltr'><strong>a</strong></span> <span class='ocrx_word' id='word_1_235' title='bbox 3003 1583 3290 1644; x_wconf 89' lang='lat' dir='ltr'><strong>parentum</strong></span> <span class='ocrx_word' id='word_1_236' title='bbox 3329 1576 3502 1630; x_wconf 89' lang='lat' dir='ltr'><strong>etiam</strong></span> 
     </span>
    </p>
   </div>
   <div class='ocr_carea' id='block_1_32' title="bbox 1907 1658 3506 1738">
    <p class='ocr_par' dir='ltr' id='par_1_32' title="bbox 1907 1658 3506 1738">
     <span class='ocr_line' id='line_1_32' title="bbox 1907 1658 3506 1738; baseline 0.009 -28"><span class='ocrx_word' id='word_1_237' title='bbox 1907 1658 2204 1728; x_wconf 89' lang='lat' dir='ltr'><strong>propagine</strong></span> <span class='ocrx_word' id='word_1_238' title='bbox 2234 1659 2597 1716; x_wconf 83' lang='lat' dir='ltr'><strong>inveteratum</strong></span> <span class='ocrx_word' id='word_1_239' title='bbox 2620 1673 2830 1718; x_wconf 58' lang='lat' dir='ltr'><strong>natura:</strong></span> <span class='ocrx_word' id='word_1_240' title='bbox 2861 1662 2977 1735; x_wconf 87' lang='lat' dir='ltr'><strong>lege</strong></span> <span class='ocrx_word' id='word_1_241' title='bbox 3007 1664 3248 1720; x_wconf 90' lang='lat' dir='ltr'><strong>inolevit.</strong></span> <span class='ocrx_word' id='word_1_242' title='bbox 3290 1665 3346 1720; x_wconf 92' lang='lat' dir='ltr'><strong>Id</strong></span> <span class='ocrx_word' id='word_1_243' title='bbox 3367 1683 3506 1738; x_wconf 87' lang='lat' dir='ltr'><strong>ergo</strong></span> 
     </span>
    </p>
   </div>
   <div class='ocr_carea' id='block_1_33' title="bbox 227 1733 3506 1821">
    <p class='ocr_par' dir='ltr' id='par_1_33' title="bbox 227 1733 3506 1821">
     <span class='ocr_line' id='line_1_33' title="bbox 227 1733 3506 1821; baseline -0.004 -11"><span class='ocrx_word' id='word_1_244' title='bbox 227 1763 285 1811; x_wconf 89' lang='lat' dir='ltr'><strong>et</strong></span> <span class='ocrx_word' id='word_1_245' title='bbox 313 1767 529 1808; x_wconf 86' lang='lat' dir='ltr'><strong>omnem</strong></span> <span class='ocrx_word' id='word_1_246' title='bbox 559 1751 725 1804; x_wconf 89' lang='lat' dir='ltr'><strong>vitam</strong></span> <span class='ocrx_word' id='word_1_247' title='bbox 755 1757 810 1803; x_wconf 90' lang='lat' dir='ltr'><strong>et</strong></span> <span class='ocrx_word' id='word_1_248' title='bbox 836 1761 1052 1803; x_wconf 88' lang='lat' dir='ltr'><strong>omnem</strong></span> <span class='ocrx_word' id='word_1_249' title='bbox 1081 1744 1408 1800; x_wconf 86' lang='lat' dir='ltr'><strong>intellectum</strong></span> <span class='ocrx_word' id='word_1_250' title='bbox 1432 1744 1488 1798; x_wconf 93' lang='lat' dir='ltr'><strong>in</strong></span> <span class='ocrx_word' id='word_1_251' title='bbox 1510 1742 1660 1798; x_wconf 91' lang='lat' dir='ltr'><strong>illum</strong></span> <span class='ocrx_word' id='word_1_252' title='bbox 1689 1756 1814 1797; x_wconf 81' lang='lat' dir='ltr'><strong>con-</strong></span> <span class='ocrx_word' id='word_1_253' title='bbox 1840 1733 1888 1793; x_wconf 88' lang='lat' dir='ltr'><strong>B</strong></span> <span class='ocrx_word' id='word_1_254' title='bbox 1916 1751 2027 1821; x_wconf 64' lang='lat' dir='ltr'><strong>agit</strong></span> <span class='ocrx_word' id='word_1_255' title='bbox 2045 1750 2266 1820; x_wconf 64' lang='lat' dir='ltr'><strong>spiritus</strong></span> <span class='ocrx_word' id='word_1_256' title='bbox 2294 1750 2349 1805; x_wconf 80' lang='lat' dir='ltr'><strong>in</strong></span> <span class='ocrx_word' id='word_1_257' title='bbox 2385 1751 2650 1807; x_wconf 70' lang='lat' dir='ltr'><strong>domanda</strong></span> <span class='ocrx_word' id='word_1_258' title='bbox 2679 1768 2860 1818; x_wconf 61' lang='lat' dir='ltr'><strong>came,</strong></span> <span class='ocrx_word' id='word_1_259' title='bbox 2910 1733 2969 1809; x_wconf 58' lang='grc' dir='ltr'>ἧι</span> <span class='ocrx_word' id='word_1_260' title='bbox 2999 1755 3173 1810; x_wconf 59' lang='lat' dir='ltr'><strong>solvat</strong></span> <span class='ocrx_word' id='word_1_261' title='bbox 3195 1755 3349 1811; x_wconf 58' lang='lat' dir='ltr'><strong>mala;</strong></span> <span class='ocrx_word' id='word_1_262' title='bbox 3372 1733 3506 1812; x_wconf 66' lang='grc' dir='ltr'>εοῖι.</span> 
     </span>
    </p>
   </div>
   <div class='ocr_carea' id='block_1_34' title="bbox 228 1833 1812 1912">
    <p class='ocr_par' dir='ltr' id='par_1_34' title="bbox 228 1833 1812 1912">
     <span class='ocr_line' id='line_1_34' title="bbox 228 1833 1812 1912; baseline -0.008 -11"><span class='ocrx_word' id='word_1_263' title='bbox 228 1845 380 1901; x_wconf 79' lang='lat' dir='ltr'><strong>feras</strong></span> <span class='ocrx_word' id='word_1_264' title='bbox 424 1859 456 1898; x_wconf 90' lang='lat' dir='ltr'><strong>a</strong></span> <span class='ocrx_word' id='word_1_265' title='bbox 491 1857 598 1912; x_wconf 88' lang='lat' dir='ltr'><strong>quo</strong></span> <span class='ocrx_word' id='word_1_266' title='bbox 623 1841 791 1895; x_wconf 87' lang='lat' dir='ltr'><strong>habes</strong></span> <span class='ocrx_word' id='word_1_267' title='bbox 835 1854 900 1894; x_wconf 91' lang='lat' dir='ltr'><strong>ea</strong></span> <span class='ocrx_word' id='word_1_268' title='bbox 930 1839 1043 1908; x_wconf 91' lang='lat' dir='ltr'><strong>ipsa</strong></span> <span class='ocrx_word' id='word_1_269' title='bbox 1090 1852 1209 1907; x_wconf 70' lang='lat' dir='ltr'><strong>qua:</strong></span> <span class='ocrx_word' id='word_1_270' title='bbox 1257 1835 1494 1892; x_wconf 83' lang='lat' dir='ltr'><strong>confers.</strong></span> <span class='ocrx_word' id='word_1_271' title='bbox 1555 1833 1812 1902; x_wconf 84' lang='lat' dir='ltr'><strong>Quisquis</strong></span> 
     </span>
    </p>
   </div>
   <div class='ocr_carea' id='block_1_35' title="bbox 226 1928 1810 2009">
    <p class='ocr_par' dir='ltr' id='par_1_35' title="bbox 226 1928 1810 2009">
     <span class='ocr_line' id='line_1_35' title="bbox 226 1928 1810 2009; baseline -0.009 -15"><span class='ocrx_word' id='word_1_272' title='bbox 226 1952 356 2009; x_wconf 86' lang='lat' dir='ltr'><strong>ergo</strong></span> <span class='ocrx_word' id='word_1_273' title='bbox 384 1942 529 1991; x_wconf 90' lang='lat' dir='ltr'><strong>recte</strong></span> <span class='ocrx_word' id='word_1_274' title='bbox 551 1933 722 2004; x_wconf 83' lang='lat' dir='ltr'><strong>diligit</strong></span> <span class='ocrx_word' id='word_1_275' title='bbox 748 1932 1056 2002; x_wconf 86' lang='lat' dir='ltr'><strong>proximum</strong></span> <span class='ocrx_word' id='word_1_276' title='bbox 1085 1931 1191 1984; x_wconf 89' lang='lat' dir='ltr'><strong>hoc</strong></span> <span class='ocrx_word' id='word_1_277' title='bbox 1217 1944 1343 1984; x_wconf 92' lang='lat' dir='ltr'><strong>cum</strong></span> <span class='ocrx_word' id='word_1_278' title='bbox 1364 1944 1430 1984; x_wconf 92' lang='lat' dir='ltr'><strong>eo</strong></span> <span class='ocrx_word' id='word_1_279' title='bbox 1445 1928 1605 1984; x_wconf 91' lang='lat' dir='ltr'><strong>debet</strong></span> <span class='ocrx_word' id='word_1_280' title='bbox 1627 1941 1810 1997; x_wconf 84' lang='lat' dir='ltr'><strong>agere,</strong></span> 
     </span>
    </p>
   </div>
   <div class='ocr_carea' id='block_1_36' title="bbox 226 2016 1814 2094">
    <p class='ocr_par' dir='ltr' id='par_1_36' title="bbox 226 2016 1814 2094">
     <span class='ocr_line' id='line_1_36' title="bbox 226 2016 1814 2094; baseline -0.008 -11"><span class='ocrx_word' id='word_1_281' title='bbox 226 2037 288 2083; x_wconf 89' lang='lat' dir='ltr'><strong>ut</strong></span> <span class='ocrx_word' id='word_1_282' title='bbox 311 2027 474 2082; x_wconf 89' lang='lat' dir='ltr'><strong>etiam</strong></span> <span class='ocrx_word' id='word_1_283' title='bbox 509 2025 624 2094; x_wconf 87' lang='lat' dir='ltr'><strong>ipse</strong></span> <span class='ocrx_word' id='word_1_284' title='bbox 654 2030 768 2077; x_wconf 89' lang='lat' dir='ltr'><strong>toto</strong></span> <span class='ocrx_word' id='word_1_285' title='bbox 787 2021 971 2085; x_wconf 89' lang='lat' dir='ltr'><strong>corde,</strong></span> <span class='ocrx_word' id='word_1_286' title='bbox 1003 2027 1114 2074; x_wconf 87' lang='lat' dir='ltr'><strong>tota</strong></span> <span class='ocrx_word' id='word_1_287' title='bbox 1141 2020 1344 2084; x_wconf 89' lang='lat' dir='ltr'><strong>anima,</strong></span> <span class='ocrx_word' id='word_1_288' title='bbox 1375 2026 1489 2073; x_wconf 90' lang='lat' dir='ltr'><strong>tota</strong></span> <span class='ocrx_word' id='word_1_289' title='bbox 1524 2025 1706 2073; x_wconf 89' lang='lat' dir='ltr'><strong>mente</strong></span> <span class='ocrx_word' id='word_1_290' title='bbox 1731 2016 1814 2071; x_wconf 87' lang='lat' dir='ltr'><strong>di-</strong></span> 
     </span>
    </p>
   </div>
   <div class='ocr_carea' id='block_1_37' title="bbox 225 2109 1813 2188">
    <p class='ocr_par' dir='ltr' id='par_1_37' title="bbox 225 2109 1813 2188">
     <span class='ocr_line' id='line_1_37' title="bbox 225 2109 1813 2188; baseline -0.007 -15"><span class='ocrx_word' id='word_1_291' title='bbox 225 2118 360 2188; x_wconf 83' lang='lat' dir='ltr'><strong>ligat</strong></span> <span class='ocrx_word' id='word_1_292' title='bbox 415 2116 604 2170; x_wconf 69' lang='lat' dir='ltr'><strong>Deum.</strong></span> <span class='ocrx_word' id='word_1_293' title='bbox 664 2111 757 2167; x_wconf 92' lang='lat' dir='ltr'><strong>Sic</strong></span> <span class='ocrx_word' id='word_1_294' title='bbox 792 2112 935 2166; x_wconf 89' lang='lat' dir='ltr'><strong>enim</strong></span> <span class='ocrx_word' id='word_1_295' title='bbox 983 2125 1109 2166; x_wconf 91' lang='lat' dir='ltr'><strong>eum</strong></span> <span class='ocrx_word' id='word_1_296' title='bbox 1161 2109 1392 2182; x_wconf 85' lang='lat' dir='ltr'><strong>diligens</strong></span> <span class='ocrx_word' id='word_1_297' title='bbox 1448 2115 1706 2179; x_wconf 86' lang='lat' dir='ltr'><strong>tanquam</strong></span> <span class='ocrx_word' id='word_1_298' title='bbox 1754 2123 1813 2163; x_wconf 89' lang='lat' dir='ltr'><strong>se</strong></span> 
     </span>
    </p>
   </div>
   <div class='ocr_carea' id='block_1_38' title="bbox 229 2199 1813 2278">
    <p class='ocr_par' dir='ltr' id='par_1_38' title="bbox 229 2199 1813 2278">
     <span class='ocr_line' id='line_1_38' title="bbox 229 2199 1813 2278; baseline -0.005 -14"><span class='ocrx_word' id='word_1_299' title='bbox 229 2209 429 2278; x_wconf 89' lang='lat' dir='ltr'><strong>ipsum,</strong></span> <span class='ocrx_word' id='word_1_300' title='bbox 458 2213 628 2260; x_wconf 90' lang='lat' dir='ltr'><strong>totam</strong></span> <span class='ocrx_word' id='word_1_301' title='bbox 654 2203 999 2259; x_wconf 89' lang='lat' dir='ltr'><strong>dilectionem</strong></span> <span class='ocrx_word' id='word_1_302' title='bbox 1033 2202 1118 2256; x_wconf 86' lang='lat' dir='ltr'><strong>sui</strong></span> <span class='ocrx_word' id='word_1_303' title='bbox 1139 2209 1195 2257; x_wconf 88' lang='lat' dir='ltr'><strong>et</strong></span> <span class='ocrx_word' id='word_1_304' title='bbox 1222 2201 1366 2256; x_wconf 90' lang='lat' dir='ltr'><strong>illius</strong></span> <span class='ocrx_word' id='word_1_305' title='bbox 1392 2199 1561 2256; x_wconf 77' lang='lat' dir='ltr'><strong>refert</strong></span> <span class='ocrx_word' id='word_1_306' title='bbox 1587 2201 1642 2255; x_wconf 91' lang='lat' dir='ltr'><strong>in</strong></span> <span class='ocrx_word' id='word_1_307' title='bbox 1667 2201 1813 2256; x_wconf 89' lang='lat' dir='ltr'><strong>illam</strong></span> 
     </span>
    </p>
   </div>
   <div class='ocr_carea' id='block_1_39' title="bbox 229 2291 1815 2364">
    <p class='ocr_par' dir='ltr' id='par_1_39' title="bbox 229 2291 1815 2364">
     <span class='ocr_line' id='line_1_39' title="bbox 229 2291 1815 2364; baseline -0.006 -8"><span class='ocrx_word' id='word_1_308' title='bbox 229 2298 575 2356; x_wconf 89' lang='lat' dir='ltr'><strong>dilectionem</strong></span> <span class='ocrx_word' id='word_1_309' title='bbox 600 2294 696 2350; x_wconf 88' lang='lat' dir='ltr'><strong>Dei</strong></span> <span class='ocrx_word' id='word_1_310' title='bbox 725 2309 844 2364; x_wconf 76' lang='lat' dir='ltr'><strong>qua:</strong></span> <span class='ocrx_word' id='word_1_311' title='bbox 864 2294 1070 2348; x_wconf 91' lang='lat' dir='ltr'><strong>nullum</strong></span> <span class='ocrx_word' id='word_1_312' title='bbox 1094 2308 1125 2348; x_wconf 89' lang='lat' dir='ltr'><strong>a</strong></span> <span class='ocrx_word' id='word_1_313' title='bbox 1151 2309 1210 2349; x_wconf 90' lang='lat' dir='ltr'><strong>se</strong></span> <span class='ocrx_word' id='word_1_314' title='bbox 1237 2293 1470 2348; x_wconf 88' lang='lat' dir='ltr'><strong>rivulum</strong></span> <span class='ocrx_word' id='word_1_315' title='bbox 1511 2291 1637 2347; x_wconf 90' lang='lat' dir='ltr'><strong>duci</strong></span> <span class='ocrx_word' id='word_1_316' title='bbox 1659 2301 1815 2347; x_wconf 80' lang='lat' dir='ltr'><strong>extra</strong></span> 
     </span>
    </p>
   </div>
   <div class='ocr_carea' id='block_1_40' title="bbox 227 2384 1816 2464">
    <p class='ocr_par' dir='ltr' id='par_1_40' title="bbox 227 2384 1816 2464">
     <span class='ocr_line' id='line_1_40' title="bbox 227 2384 1816 2464; baseline -0.004 -19"><span class='ocrx_word' id='word_1_317' title='bbox 227 2387 624 2464; x_wconf 88' lang='lat' dir='ltr'><strong>patitur,cujus</strong></span> <span class='ocrx_word' id='word_1_318' title='bbox 645 2387 978 2442; x_wconf 87' lang='lat' dir='ltr'><strong>derivatione</strong></span> <span class='ocrx_word' id='word_1_319' title='bbox 989 2387 1282 2441; x_wconf 91' lang='lat' dir='ltr'><strong>minuatur.</strong></span> <span class='ocrx_word' id='word_1_320' title='bbox 1307 2384 1424 2441; x_wconf 89' lang='lat' dir='ltr'><strong>Non</strong></span> <span class='ocrx_word' id='word_1_321' title='bbox 1445 2392 1625 2439; x_wconf 89' lang='lat' dir='ltr'><strong>autem</strong></span> <span class='ocrx_word' id='word_1_322' title='bbox 1637 2384 1816 2440; x_wconf 85' lang='lat' dir='ltr'><strong>omnia</strong></span> 
     </span>
    </p>
   </div>
   <div class='ocr_carea' id='block_1_41' title="bbox 229 2476 1818 2554">
    <p class='ocr_par' dir='ltr' id='par_1_41' title="bbox 229 2476 1818 2554">
     <span class='ocr_line' id='line_1_41' title="bbox 229 2476 1818 2554; baseline -0.005 -16"><span class='ocrx_word' id='word_1_323' title='bbox 229 2483 435 2554; x_wconf 82' lang='lat' dir='ltr'><strong>quibus</strong></span> <span class='ocrx_word' id='word_1_324' title='bbox 449 2480 708 2536; x_wconf 89' lang='lat' dir='ltr'><strong>utendum</strong></span> <span class='ocrx_word' id='word_1_325' title='bbox 737 2485 840 2545; x_wconf 92' lang='lat' dir='ltr'><strong>est,</strong></span> <span class='ocrx_word' id='word_1_326' title='bbox 879 2477 1151 2549; x_wconf 88' lang='lat' dir='ltr'><strong>diligenda</strong></span> <span class='ocrx_word' id='word_1_327' title='bbox 1181 2486 1327 2542; x_wconf 88' lang='lat' dir='ltr'><strong>sunt,</strong></span> <span class='ocrx_word' id='word_1_328' title='bbox 1349 2477 1444 2532; x_wconf 90' lang='lat' dir='ltr'><strong>sed</strong></span> <span class='ocrx_word' id='word_1_329' title='bbox 1471 2491 1535 2531; x_wconf 91' lang='lat' dir='ltr'><strong>ea</strong></span> <span class='ocrx_word' id='word_1_330' title='bbox 1565 2476 1674 2531; x_wconf 90' lang='lat' dir='ltr'><strong>sola</strong></span> <span class='ocrx_word' id='word_1_331' title='bbox 1699 2490 1818 2545; x_wconf 70' lang='lat' dir='ltr'><strong>quae</strong></span> 
     </span>
    </p>
   </div>
   <div class='ocr_carea' id='block_1_42' title="bbox 229 2567 1813 2639">
    <p class='ocr_par' dir='ltr' id='par_1_42' title="bbox 229 2567 1813 2639">
     <span class='ocr_line' id='line_1_42' title="bbox 229 2567 1813 2639; baseline -0.008 -7"><span class='ocrx_word' id='word_1_332' title='bbox 229 2586 324 2632; x_wconf 85' lang='lat' dir='ltr'><strong>aut</strong></span> <span class='ocrx_word' id='word_1_333' title='bbox 351 2573 633 2629; x_wconf 88' lang='lat' dir='ltr'><strong>nobiscum</strong></span> <span class='ocrx_word' id='word_1_334' title='bbox 659 2569 920 2625; x_wconf 85' lang='lat' dir='ltr'><strong>societate</strong></span> <span class='ocrx_word' id='word_1_335' title='bbox 949 2567 1182 2639; x_wconf 91' lang='lat' dir='ltr'><strong>quadam</strong></span> <span class='ocrx_word' id='word_1_336' title='bbox 1208 2568 1522 2624; x_wconf 91' lang='lat' dir='ltr'><strong>referuntur</strong></span> <span class='ocrx_word' id='word_1_337' title='bbox 1545 2568 1600 2622; x_wconf 94' lang='lat' dir='ltr'><strong>in</strong></span> <span class='ocrx_word' id='word_1_338' title='bbox 1625 2568 1813 2632; x_wconf 91' lang='lat' dir='ltr'><strong>Deum,</strong></span> 
     </span>
    </p>
   </div>
   <div class='ocr_carea' id='block_1_43' title="bbox 232 2657 1818 2733">
    <p class='ocr_par' dir='ltr' id='par_1_43' title="bbox 232 2657 1818 2733">
     <span class='ocr_line' id='line_1_43' title="bbox 232 2657 1818 2733; baseline -0.007 -11"><span class='ocrx_word' id='word_1_339' title='bbox 232 2666 395 2722; x_wconf 89' lang='lat' dir='ltr'><strong>sicuti</strong></span> <span class='ocrx_word' id='word_1_340' title='bbox 412 2671 498 2719; x_wconf 91' lang='lat' dir='ltr'><strong>est</strong></span> <span class='ocrx_word' id='word_1_341' title='bbox 522 2665 685 2719; x_wconf 91' lang='lat' dir='ltr'><strong>homo</strong></span> <span class='ocrx_word' id='word_1_342' title='bbox 697 2661 782 2716; x_wconf 86' lang='lat' dir='ltr'><strong>vel</strong></span> <span class='ocrx_word' id='word_1_343' title='bbox 810 2661 1064 2733; x_wconf 87' lang='lat' dir='ltr'><strong>angelus;</strong></span> <span class='ocrx_word' id='word_1_344' title='bbox 1089 2667 1185 2716; x_wconf 87' lang='lat' dir='ltr'><strong>aut</strong></span> <span class='ocrx_word' id='word_1_345' title='bbox 1207 2659 1274 2716; x_wconf 90' lang='lat' dir='ltr'><strong>ad</strong></span> <span class='ocrx_word' id='word_1_346' title='bbox 1296 2675 1396 2715; x_wconf 92' lang='lat' dir='ltr'><strong>nos</strong></span> <span class='ocrx_word' id='word_1_347' title='bbox 1407 2658 1594 2725; x_wconf 89' lang='lat' dir='ltr'><strong>relata,</strong></span> <span class='ocrx_word' id='word_1_348' title='bbox 1617 2657 1818 2714; x_wconf 83' lang='lat' dir='ltr'><strong>beneﬁ-</strong></span> 
     </span>
    </p>
   </div>
   <div class='ocr_carea' id='block_1_44' title="bbox 233 2746 1816 2823">
    <p class='ocr_par' dir='ltr' id='par_1_44' title="bbox 233 2746 1816 2823">
     <span class='ocr_line' id='line_1_44' title="bbox 233 2746 1816 2823; baseline -0.006 -13"><span class='ocrx_word' id='word_1_349' title='bbox 233 2754 320 2810; x_wconf 92' lang='lat' dir='ltr'><strong>cio</strong></span> <span class='ocrx_word' id='word_1_350' title='bbox 345 2752 443 2808; x_wconf 87' lang='lat' dir='ltr'><strong>Dei</strong></span> <span class='ocrx_word' id='word_1_351' title='bbox 463 2766 560 2822; x_wconf 90' lang='lat' dir='ltr'><strong>per</strong></span> <span class='ocrx_word' id='word_1_352' title='bbox 583 2766 681 2806; x_wconf 90' lang='lat' dir='ltr'><strong>nos</strong></span> <span class='ocrx_word' id='word_1_353' title='bbox 704 2750 972 2823; x_wconf 81' lang='lat' dir='ltr'><strong>indigent,</strong></span> <span class='ocrx_word' id='word_1_354' title='bbox 995 2749 1156 2804; x_wconf 89' lang='lat' dir='ltr'><strong>sicuti</strong></span> <span class='ocrx_word' id='word_1_355' title='bbox 1183 2757 1270 2805; x_wconf 90' lang='lat' dir='ltr'><strong>est</strong></span> <span class='ocrx_word' id='word_1_356' title='bbox 1298 2763 1511 2819; x_wconf 89' lang='lat' dir='ltr'><strong>corpus.</strong></span> <span class='ocrx_word' id='word_1_357' title='bbox 1557 2746 1692 2801; x_wconf 87' lang='lat' dir='ltr'><strong>Nam</strong></span> <span class='ocrx_word' id='word_1_358' title='bbox 1716 2746 1816 2800; x_wconf 84' lang='lat' dir='ltr'><strong>uti-</strong></span> 
     </span>
    </p>
   </div>
   <div class='ocr_carea' id='block_1_45' title="bbox 231 2840 1814 2916">
    <p class='ocr_par' dir='ltr' id='par_1_45' title="bbox 231 2840 1814 2916">
     <span class='ocr_line' id='line_1_45' title="bbox 231 2840 1814 2916; baseline -0.005 -14"><span class='ocrx_word' id='word_1_359' title='bbox 231 2862 339 2916; x_wconf 89' lang='lat' dir='ltr'><strong>que</strong></span> <span class='ocrx_word' id='word_1_360' title='bbox 348 2853 621 2915; x_wconf 82' lang='lat' dir='ltr'><strong>martyres</strong></span> <span class='ocrx_word' id='word_1_361' title='bbox 643 2859 749 2898; x_wconf 92' lang='lat' dir='ltr'><strong>non</strong></span> <span class='ocrx_word' id='word_1_362' title='bbox 762 2843 1068 2898; x_wconf 87' lang='lat' dir='ltr'><strong>dilexerunt</strong></span> <span class='ocrx_word' id='word_1_363' title='bbox 1080 2842 1256 2898; x_wconf 90' lang='lat' dir='ltr'><strong>scelus</strong></span> <span class='ocrx_word' id='word_1_364' title='bbox 1271 2840 1710 2912; x_wconf 88' lang='lat' dir='ltr'><strong>persequentium</strong></span> <span class='ocrx_word' id='word_1_365' title='bbox 1725 2855 1814 2905; x_wconf 91' lang='lat' dir='ltr'><strong>se;</strong></span> 
     </span>
    </p>
   </div>
   <div class='ocr_carea' id='block_1_46' title="bbox 233 2929 1818 3008">
    <p class='ocr_par' dir='ltr' id='par_1_46' title="bbox 233 2929 1818 3008">
     <span class='ocr_line' id='line_1_46' title="bbox 233 2929 1818 3008; baseline -0.003 -19"><span class='ocrx_word' id='word_1_366' title='bbox 233 2950 343 3008; x_wconf 86' lang='lat' dir='ltr'><strong>quo</strong></span> <span class='ocrx_word' id='word_1_367' title='bbox 369 2943 548 2989; x_wconf 89' lang='lat' dir='ltr'><strong>tamen</strong></span> <span class='ocrx_word' id='word_1_368' title='bbox 572 2935 656 2989; x_wconf 90' lang='lat' dir='ltr'><strong>usi</strong></span> <span class='ocrx_word' id='word_1_369' title='bbox 679 2940 806 2988; x_wconf 89' lang='lat' dir='ltr'><strong>sunt</strong></span> <span class='ocrx_word' id='word_1_370' title='bbox 831 2933 898 2988; x_wconf 88' lang='lat' dir='ltr'><strong>ad</strong></span> <span class='ocrx_word' id='word_1_371' title='bbox 926 2932 1343 3002; x_wconf 89' lang='lat' dir='ltr'><strong>promerendum</strong></span> <span class='ocrx_word' id='word_1_372' title='bbox 1370 2931 1559 2986; x_wconf 90' lang='lat' dir='ltr'><strong>Deum.</strong></span> <span class='ocrx_word' id='word_1_373' title='bbox 1606 2951 1624 2983; x_wconf 86' lang='grc'><strong>›</strong></span> <span class='ocrx_word' id='word_1_374' title='bbox 1671 2929 1818 2985; x_wconf 88' lang='lat' dir='ltr'><strong>Idem</strong></span> 
     </span>
    </p>
   </div>
   <div class='ocr_carea' id='block_1_47' title="bbox 231 3021 1812 3096">
    <p class='ocr_par' dir='ltr' id='par_1_47' title="bbox 231 3021 1812 3096">
     <span class='ocr_line' id='line_1_47' title="bbox 231 3021 1812 3096; baseline -0.002 -18"><span class='ocrx_word' id='word_1_375' title='bbox 231 3024 288 3083; x_wconf 91' lang='lat' dir='ltr'><strong>in</strong></span> <span class='ocrx_word' id='word_1_376' title='bbox 315 3028 506 3083; x_wconf 90' lang='lat' dir='ltr'><strong>eodem</strong></span> <span class='ocrx_word' id='word_1_377' title='bbox 528 3025 665 3081; x_wconf 80' lang='lat' dir='ltr'><strong>lib.t</strong></span> <span class='ocrx_word' id='word_1_378' title='bbox 699 3043 713 3081; x_wconf 88' lang='lat'><strong>:</strong></span> <span class='ocrx_word' id='word_1_379' title='bbox 747 3043 766 3077; x_wconf 83' lang='grc'><strong>‹</strong></span> <span class='ocrx_word' id='word_1_380' title='bbox 801 3024 937 3080; x_wconf 88' lang='lat' dir='ltr'><strong>Cum</strong></span> <span class='ocrx_word' id='word_1_381' title='bbox 961 3039 1096 3096; x_wconf 90' lang='lat' dir='ltr'><strong>ergo</strong></span> <span class='ocrx_word' id='word_1_382' title='bbox 1124 3032 1356 3096; x_wconf 89' lang='lat' dir='ltr'><strong>quatuor</strong></span> <span class='ocrx_word' id='word_1_383' title='bbox 1373 3022 1494 3078; x_wconf 84' lang='lat' dir='ltr'><strong>sint</strong></span> <span class='ocrx_word' id='word_1_384' title='bbox 1523 3021 1812 3093; x_wconf 90' lang='lat' dir='ltr'><strong>diligenda,</strong></span> 
     </span>
    </p>
   </div>
   <div class='ocr_carea' id='block_1_48' title="bbox 231 3082 1888 3187">
    <p class='ocr_par' dir='ltr' id='par_1_48' title="bbox 231 3082 1888 3187">
     <span class='ocr_line' id='line_1_48' title="bbox 231 3082 1888 3187; baseline -0.004 -15"><span class='ocrx_word' id='word_1_385' title='bbox 231 3134 408 3173; x_wconf 88' lang='lat' dir='ltr'><strong>unum</strong></span> <span class='ocrx_word' id='word_1_386' title='bbox 426 3117 571 3187; x_wconf 86' lang='lat' dir='ltr'><strong>quod</strong></span> <span class='ocrx_word' id='word_1_387' title='bbox 592 3130 753 3185; x_wconf 85' lang='lat' dir='ltr'><strong>supra</strong></span> <span class='ocrx_word' id='word_1_388' title='bbox 784 3131 884 3170; x_wconf 89' lang='lat' dir='ltr'><strong>nos</strong></span> <span class='ocrx_word' id='word_1_389' title='bbox 906 3123 1008 3180; x_wconf 85' lang='lat' dir='ltr'><strong>est,</strong></span> <span class='ocrx_word' id='word_1_390' title='bbox 1041 3113 1274 3170; x_wconf 87' lang='lat' dir='ltr'><strong>alterum</strong></span> <span class='ocrx_word' id='word_1_391' title='bbox 1303 3112 1448 3183; x_wconf 86' lang='lat' dir='ltr'><strong>quod</strong></span> <span class='ocrx_word' id='word_1_392' title='bbox 1483 3127 1583 3168; x_wconf 92' lang='lat' dir='ltr'><strong>nos</strong></span> <span class='ocrx_word' id='word_1_393' title='bbox 1606 3125 1814 3177; x_wconf 90' lang='lat' dir='ltr'><strong>sumus,</strong></span> <span class='ocrx_word' id='word_1_394' title='bbox 1843 3082 1888 3147; x_wconf 62' lang='grc' dir='ltr'><strong>(ἶ</strong></span> 
     </span>
    </p>
   </div>
   <div class='ocr_carea' id='block_1_49' title="bbox 234 3202 1819 3277">
    <p class='ocr_par' dir='ltr' id='par_1_49' title="bbox 234 3202 1819 3277">
     <span class='ocr_line' id='line_1_49' title="bbox 234 3202 1819 3277; baseline -0.001 -15"><span class='ocrx_word' id='word_1_395' title='bbox 234 3209 462 3263; x_wconf 86' lang='lat' dir='ltr'><strong>tertium</strong></span> <span class='ocrx_word' id='word_1_396' title='bbox 482 3205 628 3277; x_wconf 32' lang='lat' dir='ltr'><strong>quod.</strong></span> <span class='ocrx_word' id='word_1_397' title='bbox 638 3207 792 3277; x_wconf 81' lang='lat' dir='ltr'><strong>juxta</strong></span> <span class='ocrx_word' id='word_1_398' title='bbox 822 3220 923 3262; x_wconf 89' lang='lat' dir='ltr'><strong>nos</strong></span> <span class='ocrx_word' id='word_1_399' title='bbox 951 3214 1063 3271; x_wconf 89' lang='lat' dir='ltr'><strong>est,</strong></span> <span class='ocrx_word' id='word_1_400' title='bbox 1096 3211 1351 3276; x_wconf 88' lang='lat' dir='ltr'><strong>quartum</strong></span> <span class='ocrx_word' id='word_1_401' title='bbox 1383 3205 1525 3273; x_wconf 87' lang='lat' dir='ltr'><strong>quod</strong></span> <span class='ocrx_word' id='word_1_402' title='bbox 1556 3202 1696 3258; x_wconf 90' lang='lat' dir='ltr'><strong>infra</strong></span> <span class='ocrx_word' id='word_1_403' title='bbox 1719 3219 1819 3260; x_wconf 91' lang='lat' dir='ltr'><strong>nos</strong></span> 
     </span>
    </p>
   </div>
   <div class='ocr_carea' id='block_1_50' title="bbox 233 3292 1819 3365">
    <p class='ocr_par' dir='ltr' id='par_1_50' title="bbox 233 3292 1819 3365">
     <span class='ocr_line' id='line_1_50' title="bbox 233 3292 1819 3365; baseline -0.004 -12"><span class='ocrx_word' id='word_1_404' title='bbox 233 3306 356 3363; x_wconf 90' lang='lat' dir='ltr'><strong>est;</strong></span> <span class='ocrx_word' id='word_1_405' title='bbox 414 3297 480 3352; x_wconf 91' lang='lat' dir='ltr'><strong>de</strong></span> <span class='ocrx_word' id='word_1_406' title='bbox 511 3299 749 3351; x_wconf 90' lang='lat' dir='ltr'><strong>secundo</strong></span> <span class='ocrx_word' id='word_1_407' title='bbox 802 3302 856 3350; x_wconf 90' lang='lat' dir='ltr'><strong>et</strong></span> <span class='ocrx_word' id='word_1_408' title='bbox 899 3301 1096 3365; x_wconf 89' lang='lat' dir='ltr'><strong>quarto</strong></span> <span class='ocrx_word' id='word_1_409' title='bbox 1148 3292 1293 3349; x_wconf 91' lang='lat' dir='ltr'><strong>nulla</strong></span> <span class='ocrx_word' id='word_1_410' title='bbox 1329 3300 1597 3363; x_wconf 82' lang='lat' dir='ltr'><strong>praecepta</strong></span> <span class='ocrx_word' id='word_1_411' title='bbox 1643 3293 1819 3348; x_wconf 89' lang='lat' dir='ltr'><strong>danda</strong></span> 
     </span>
    </p>
   </div>
   <div class='ocr_carea' id='block_1_51' title="bbox 235 3383 1814 3454">
    <p class='ocr_par' dir='ltr' id='par_1_51' title="bbox 235 3383 1814 3454">
     <span class='ocr_line' id='line_1_51' title="bbox 235 3383 1814 3454; baseline -0.004 -12"><span class='ocrx_word' id='word_1_412' title='bbox 235 3394 416 3442; x_wconf 91' lang='lat' dir='ltr'><strong>erant.</strong></span> <span class='ocrx_word' id='word_1_413' title='bbox 462 3384 869 3454; x_wconf 80' lang='lat' dir='ltr'><strong>Quantumlibet</strong></span> <span class='ocrx_word' id='word_1_414' title='bbox 896 3385 1038 3439; x_wconf 90' lang='lat' dir='ltr'><strong>enim</strong></span> <span class='ocrx_word' id='word_1_415' title='bbox 1080 3385 1242 3439; x_wconf 92' lang='lat' dir='ltr'><strong>homo</strong></span> <span class='ocrx_word' id='word_1_416' title='bbox 1273 3383 1488 3438; x_wconf 82' lang='lat' dir='ltr'><strong>excidat</strong></span> <span class='ocrx_word' id='word_1_417' title='bbox 1513 3397 1545 3436; x_wconf 89' lang='lat' dir='ltr'><strong>a</strong></span> <span class='ocrx_word' id='word_1_418' title='bbox 1568 3383 1814 3449; x_wconf 85' lang='lat' dir='ltr'><strong>veritate,</strong></span> 
     </span>
    </p>
   </div>
   <div class='ocr_carea' id='block_1_52' title="bbox 235 3473 1821 3543">
    <p class='ocr_par' dir='ltr' id='par_1_52' title="bbox 235 3473 1821 3543">
     <span class='ocr_line' id='line_1_52' title="bbox 235 3473 1821 3543; baseline -0.004 -9"><span class='ocrx_word' id='word_1_419' title='bbox 235 3485 484 3534; x_wconf 87' lang='lat' dir='ltr'><strong>remanet</strong></span> <span class='ocrx_word' id='word_1_420' title='bbox 510 3476 584 3531; x_wconf 91' lang='lat' dir='ltr'><strong>illi</strong></span> <span class='ocrx_word' id='word_1_421' title='bbox 614 3476 834 3532; x_wconf 90' lang='lat' dir='ltr'><strong>dilectio</strong></span> <span class='ocrx_word' id='word_1_422' title='bbox 859 3476 941 3531; x_wconf 91' lang='lat' dir='ltr'><strong>sui</strong></span> <span class='ocrx_word' id='word_1_423' title='bbox 963 3483 1020 3530; x_wconf 91' lang='lat' dir='ltr'><strong>et</strong></span> <span class='ocrx_word' id='word_1_424' title='bbox 1043 3475 1259 3531; x_wconf 85' lang='lat' dir='ltr'><strong>dilectio</strong></span> <span class='ocrx_word' id='word_1_425' title='bbox 1283 3474 1526 3543; x_wconf 88' lang='lat' dir='ltr'><strong>corporis</strong></span> <span class='ocrx_word' id='word_1_426' title='bbox 1555 3474 1658 3529; x_wconf 90' lang='lat' dir='ltr'><strong>sui.</strong></span> <span class='ocrx_word' id='word_1_427' title='bbox 1695 3493 1714 3526; x_wconf 78' lang='grc' dir='ltr'><strong>ι</strong></span> <span class='ocrx_word' id='word_1_428' title='bbox 1754 3473 1821 3528; x_wconf 84' lang='grc' dir='ltr'>Ει</span> 
     </span>
    </p>
   </div>
   <div class='ocr_carea' id='block_1_53' title="bbox 234 3563 1820 3640">
    <p class='ocr_par' dir='ltr' id='par_1_53' title="bbox 234 3563 1820 3640">
     <span class='ocr_line' id='line_1_53' title="bbox 234 3563 1820 3640; baseline -0.003 -18"><span class='ocrx_word' id='word_1_429' title='bbox 234 3577 359 3640; x_wconf 92' lang='lat' dir='ltr'><strong>post</strong></span> <span class='ocrx_word' id='word_1_430' title='bbox 399 3582 592 3638; x_wconf 90' lang='lat' dir='ltr'><strong>pauca.</strong></span> <span class='ocrx_word' id='word_1_431' title='bbox 649 3584 667 3616; x_wconf 72' lang='grc' dir='ltr'><strong>ι</strong></span> <span class='ocrx_word' id='word_1_432' title='bbox 703 3565 871 3620; x_wconf 85' lang='lat' dir='ltr'><strong>Nemo</strong></span> <span class='ocrx_word' id='word_1_433' title='bbox 909 3582 1037 3638; x_wconf 83' lang='lat' dir='ltr'><strong>ergo</strong></span> <span class='ocrx_word' id='word_1_434' title='bbox 1087 3581 1145 3621; x_wconf 89' lang='lat' dir='ltr'><strong>se</strong></span> <span class='ocrx_word' id='word_1_435' title='bbox 1172 3566 1304 3620; x_wconf 90' lang='lat' dir='ltr'><strong>odit.</strong></span> <span class='ocrx_word' id='word_1_436' title='bbox 1349 3566 1415 3619; x_wconf 90' lang='lat' dir='ltr'><strong>Et</strong></span> <span class='ocrx_word' id='word_1_437' title='bbox 1447 3565 1575 3620; x_wconf 91' lang='lat' dir='ltr'><strong>hinc</strong></span> <span class='ocrx_word' id='word_1_438' title='bbox 1601 3563 1820 3635; x_wconf 89' lang='lat' dir='ltr'><strong>quidem</strong></span> 
     </span>
    </p>
   </div>
   <div class='ocr_carea' id='block_1_54' title="bbox 236 3655 1820 3726">
    <p class='ocr_par' dir='ltr' id='par_1_54' title="bbox 236 3655 1820 3726">
     <span class='ocr_line' id='line_1_54' title="bbox 236 3655 1820 3726; baseline 0.001 -14"><span class='ocrx_word' id='word_1_439' title='bbox 236 3657 381 3712; x_wconf 91' lang='lat' dir='ltr'><strong>nulla</strong></span> <span class='ocrx_word' id='word_1_440' title='bbox 427 3673 550 3714; x_wconf 82' lang='lat' dir='ltr'><strong>cum</strong></span> <span class='ocrx_word' id='word_1_441' title='bbox 599 3657 779 3726; x_wconf 89' lang='lat' dir='ltr'><strong>aliqua</strong></span> <span class='ocrx_word' id='word_1_442' title='bbox 833 3667 980 3712; x_wconf 87' lang='lat' dir='ltr'><strong>secta</strong></span> <span class='ocrx_word' id='word_1_443' title='bbox 1025 3659 1251 3726; x_wconf 76' lang='lat' dir='ltr'><strong>quaestio</strong></span> <span class='ocrx_word' id='word_1_444' title='bbox 1309 3656 1432 3711; x_wconf 82' lang='lat' dir='ltr'><strong>fuit.</strong></span> <span class='ocrx_word' id='word_1_445' title='bbox 1497 3655 1604 3711; x_wconf 89' lang='lat' dir='ltr'><strong>Sed</strong></span> <span class='ocrx_word' id='word_1_446' title='bbox 1643 3672 1820 3726; x_wconf 89' lang='lat' dir='ltr'><strong>neque</strong></span> 
     </span>
    </p>
   </div>
   <div class='ocr_carea' id='block_1_55' title="bbox 238 3747 1821 3820">
    <p class='ocr_par' dir='ltr' id='par_1_55' title="bbox 238 3747 1821 3820">
     <span class='ocr_line' id='line_1_55' title="bbox 238 3747 1821 3820; baseline -0.003 -15"><span class='ocrx_word' id='word_1_447' title='bbox 238 3764 436 3820; x_wconf 88' lang='lat' dir='ltr'><strong>corpus</strong></span> <span class='ocrx_word' id='word_1_448' title='bbox 470 3764 628 3804; x_wconf 89' lang='lat' dir='ltr'><strong>suum</strong></span> <span class='ocrx_word' id='word_1_449' title='bbox 655 3749 940 3817; x_wconf 89' lang='lat' dir='ltr'><strong>quisquam</strong></span> <span class='ocrx_word' id='word_1_450' title='bbox 973 3747 1122 3812; x_wconf 89' lang='lat' dir='ltr'><strong>odit;</strong></span> <span class='ocrx_word' id='word_1_451' title='bbox 1165 3762 1353 3802; x_wconf 90' lang='lat' dir='ltr'><strong>verum</strong></span> <span class='ocrx_word' id='word_1_452' title='bbox 1383 3754 1467 3801; x_wconf 89' lang='lat' dir='ltr'><strong>est</strong></span> <span class='ocrx_word' id='word_1_453' title='bbox 1489 3747 1633 3800; x_wconf 91' lang='lat' dir='ltr'><strong>enim</strong></span> <span class='ocrx_word' id='word_1_454' title='bbox 1678 3747 1821 3816; x_wconf 90' lang='lat' dir='ltr'><strong>quod</strong></span> 
     </span>
    </p>
   </div>
   <div class='ocr_carea' id='block_1_56' title="bbox 238 3834 1822 3908">
    <p class='ocr_par' dir='ltr' id='par_1_56' title="bbox 238 3834 1822 3908">
     <span class='ocr_line' id='line_1_56' title="bbox 238 3834 1822 3908; baseline -0.003 -14"><span class='ocrx_word' id='word_1_455' title='bbox 238 3839 316 3895; x_wconf 85' lang='lat' dir='ltr'><strong>ait</strong></span> <span class='ocrx_word' id='word_1_456' title='bbox 336 3837 626 3908; x_wconf 78' lang='lat' dir='ltr'><strong>Apostolus</strong></span> <span class='ocrx_word' id='word_1_457' title='bbox 655 3851 670 3888; x_wconf 90' lang='lat'><strong>:</strong></span> <span class='ocrx_word' id='word_1_458' title='bbox 700 3834 868 3890; x_wconf 83' lang='lat' dir='ltr'><strong>Nemo</strong></span> <span class='ocrx_word' id='word_1_459' title='bbox 888 3851 1117 3906; x_wconf 84' lang='lat' dir='ltr'><strong>unquam</strong></span> <span class='ocrx_word' id='word_1_460' title='bbox 1157 3850 1362 3888; x_wconf 88' lang='lat' dir='ltr'><strong>carnem</strong></span> <span class='ocrx_word' id='word_1_461' title='bbox 1389 3850 1538 3888; x_wconf 83' lang='lat' dir='ltr'><strong>suam</strong></span> <span class='ocrx_word' id='word_1_462' title='bbox 1584 3835 1703 3889; x_wconf 87' lang='lat' dir='ltr'><strong>odio</strong></span> <span class='ocrx_word' id='word_1_463' title='bbox 1725 3836 1822 3890; x_wconf 73' lang='grc' dir='ltr'>Ιιιιο</span> 
     </span>
    </p>
   </div>
   <div class='ocr_carea' id='block_1_57' title="bbox 241 3922 1821 3995">
    <p class='ocr_par' dir='ltr' id='par_1_57' title="bbox 241 3922 1821 3995">
     <span class='ocr_line' id='line_1_57' title="bbox 241 3922 1821 3995; baseline -0.001 -14"><span class='ocrx_word' id='word_1_464' title='bbox 241 3930 370 3982; x_wconf 82' lang='lat' dir='ltr'><strong>buit.</strong></span> <span class='ocrx_word' id='word_1_465' title='bbox 417 3926 485 3981; x_wconf 82' lang='lat' dir='ltr'><strong>Et</strong></span> <span class='ocrx_word' id='word_1_466' title='bbox 534 3925 677 3995; x_wconf 88' lang='lat' dir='ltr'><strong>quod</strong></span> <span class='ocrx_word' id='word_1_467' title='bbox 711 3923 953 3978; x_wconf 91' lang='lat' dir='ltr'><strong>nonnulli</strong></span> <span class='ocrx_word' id='word_1_468' title='bbox 992 3923 1196 3989; x_wconf 91' lang='lat' dir='ltr'><strong>dicunt,</strong></span> <span class='ocrx_word' id='word_1_469' title='bbox 1239 3922 1400 3978; x_wconf 87' lang='lat' dir='ltr'><strong>malle</strong></span> <span class='ocrx_word' id='word_1_470' title='bbox 1446 3939 1504 3979; x_wconf 91' lang='lat' dir='ltr'><strong>se</strong></span> <span class='ocrx_word' id='word_1_471' title='bbox 1535 3937 1656 3978; x_wconf 90' lang='lat' dir='ltr'><strong>esse</strong></span> <span class='ocrx_word' id='word_1_472' title='bbox 1705 3923 1821 3980; x_wconf 86' lang='lat' dir='ltr'><strong>sine</strong></span> 
     </span>
    </p>
   </div>
   <div class='ocr_carea' id='block_1_58' title="bbox 239 4011 1819 4085">
    <p class='ocr_par' dir='ltr' id='par_1_58' title="bbox 239 4011 1819 4085">
     <span class='ocr_line' id='line_1_58' title="bbox 239 4011 1819 4085; baseline -0.001 -13"><span class='ocrx_word' id='word_1_473' title='bbox 239 4030 488 4085; x_wconf 90' lang='lat' dir='ltr'><strong>corpore,</strong></span> <span class='ocrx_word' id='word_1_474' title='bbox 538 4012 757 4068; x_wconf 90' lang='lat' dir='ltr'><strong>omnino</strong></span> <span class='ocrx_word' id='word_1_475' title='bbox 777 4011 1051 4066; x_wconf 81' lang='lat' dir='ltr'><strong>falluntur.</strong></span> <span class='ocrx_word' id='word_1_476' title='bbox 1101 4011 1218 4068; x_wconf 87' lang='lat' dir='ltr'><strong>Non</strong></span> <span class='ocrx_word' id='word_1_477' title='bbox 1245 4013 1389 4068; x_wconf 91' lang='lat' dir='ltr'><strong>enim</strong></span> <span class='ocrx_word' id='word_1_478' title='bbox 1419 4029 1616 4083; x_wconf 92' lang='lat' dir='ltr'><strong>corpus</strong></span> <span class='ocrx_word' id='word_1_479' title='bbox 1641 4030 1819 4082; x_wconf 90' lang='lat' dir='ltr'><strong>suum,</strong></span> 
     </span>
    </p>
   </div>
   <div class='ocr_carea' id='block_1_59' title="bbox 241 4101 1822 4175">
    <p class='ocr_par' dir='ltr' id='par_1_59' title="bbox 241 4101 1822 4175">
     <span class='ocr_line' id='line_1_59' title="bbox 241 4101 1822 4175; baseline -0.001 -13"><span class='ocrx_word' id='word_1_480' title='bbox 241 4108 336 4162; x_wconf 90' lang='lat' dir='ltr'><strong>sed</strong></span> <span class='ocrx_word' id='word_1_481' title='bbox 355 4106 726 4175; x_wconf 87' lang='lat' dir='ltr'><strong>corruptiones</strong></span> <span class='ocrx_word' id='word_1_482' title='bbox 752 4101 867 4170; x_wconf 90' lang='lat' dir='ltr'><strong>ejus</strong></span> <span class='ocrx_word' id='word_1_483' title='bbox 889 4111 944 4157; x_wconf 90' lang='lat' dir='ltr'><strong>et</strong></span> <span class='ocrx_word' id='word_1_484' title='bbox 970 4103 1178 4173; x_wconf 89' lang='lat' dir='ltr'><strong>pondus</strong></span> <span class='ocrx_word' id='word_1_485' title='bbox 1207 4103 1455 4158; x_wconf 88' lang='lat' dir='ltr'><strong>oderunt.</strong></span> <span class='ocrx_word' id='word_1_486' title='bbox 1503 4103 1620 4159; x_wconf 84' lang='lat' dir='ltr'><strong>Non</strong></span> <span class='ocrx_word' id='word_1_487' title='bbox 1643 4105 1822 4174; x_wconf 89' lang='lat' dir='ltr'><strong>itaque</strong></span> 
     </span>
    </p>
   </div>
   <div class='ocr_carea' id='block_1_60' title="bbox 243 4194 1822 4265">
    <p class='ocr_par' dir='ltr' id='par_1_60' title="bbox 243 4194 1822 4265">
     <span class='ocr_line' id='line_1_60' title="bbox 243 4194 1822 4265; baseline 0 -14"><span class='ocrx_word' id='word_1_488' title='bbox 243 4196 450 4252; x_wconf 88' lang='lat' dir='ltr'><strong>nullum</strong></span> <span class='ocrx_word' id='word_1_489' title='bbox 492 4209 706 4265; x_wconf 90' lang='lat' dir='ltr'><strong>corpus,</strong></span> <span class='ocrx_word' id='word_1_490' title='bbox 733 4194 829 4249; x_wconf 91' lang='lat' dir='ltr'><strong>sed</strong></span> <span class='ocrx_word' id='word_1_491' title='bbox 856 4194 1230 4264; x_wconf 90' lang='lat' dir='ltr'><strong>incorruptum</strong></span> <span class='ocrx_word' id='word_1_492' title='bbox 1258 4201 1315 4249; x_wconf 91' lang='lat' dir='ltr'><strong>et</strong></span> <span class='ocrx_word' id='word_1_493' title='bbox 1339 4195 1681 4250; x_wconf 86' lang='lat' dir='ltr'><strong>celerrimum</strong></span> <span class='ocrx_word' id='word_1_494' title='bbox 1704 4213 1822 4252; x_wconf 89' lang='lat' dir='ltr'><strong>cor-</strong></span> 
     </span>
    </p>
   </div>
   <div class='ocr_carea' id='block_1_61' title="bbox 239 4281 1825 4356">
    <p class='ocr_par' dir='ltr' id='par_1_61' title="bbox 239 4281 1825 4356">
     <span class='ocr_line' id='line_1_61' title="bbox 239 4281 1825 4356; baseline 0.002 -17"><span class='ocrx_word' id='word_1_495' title='bbox 239 4301 340 4354; x_wconf 88' lang='lat' dir='ltr'><strong>pus</strong></span> <span class='ocrx_word' id='word_1_496' title='bbox 365 4284 552 4340; x_wconf 88' lang='lat' dir='ltr'><strong>volunt</strong></span> <span class='ocrx_word' id='word_1_497' title='bbox 590 4284 809 4338; x_wconf 91' lang='lat' dir='ltr'><strong>habere.</strong></span> <span class='ocrx_word' id='word_1_498' title='bbox 857 4281 964 4339; x_wconf 90' lang='lat' dir='ltr'><strong>Sed</strong></span> <span class='ocrx_word' id='word_1_499' title='bbox 1013 4291 1206 4354; x_wconf 83' lang='lat' dir='ltr'><strong>putant</strong></span> <span class='ocrx_word' id='word_1_500' title='bbox 1238 4284 1445 4340; x_wconf 87' lang='lat' dir='ltr'><strong>nullum</strong></span> <span class='ocrx_word' id='word_1_501' title='bbox 1476 4301 1674 4356; x_wconf 86' lang='lat' dir='ltr'><strong>corpus</strong></span> <span class='ocrx_word' id='word_1_502' title='bbox 1703 4301 1825 4343; x_wconf 86' lang='lat' dir='ltr'><strong>esse</strong></span> 
     </span>
    </p>
   </div>
   <div class='ocr_carea' id='block_1_62' title="bbox 1913 1840 3505 1916">
    <p class='ocr_par' dir='ltr' id='par_1_62' title="bbox 1913 1840 3505 1916">
     <span class='ocr_line' id='line_1_62' title="bbox 1913 1840 3505 1916; baseline 0.003 -19"><span class='ocrx_word' id='word_1_503' title='bbox 1913 1840 2212 1897; x_wconf 88' lang='lat' dir='ltr'><strong>suetudinis</strong></span> <span class='ocrx_word' id='word_1_504' title='bbox 2241 1842 2395 1912; x_wconf 90' lang='lat' dir='ltr'><strong>quasi</strong></span> <span class='ocrx_word' id='word_1_505' title='bbox 2424 1851 2585 1911; x_wconf 91' lang='lat' dir='ltr'><strong>pacta</strong></span> <span class='ocrx_word' id='word_1_506' title='bbox 2630 1857 2907 1912; x_wconf 89' lang='lat' dir='ltr'><strong>perversa,</strong></span> <span class='ocrx_word' id='word_1_507' title='bbox 2935 1851 2991 1899; x_wconf 88' lang='lat' dir='ltr'><strong>et</strong></span> <span class='ocrx_word' id='word_1_508' title='bbox 3027 1845 3120 1898; x_wconf 85' lang='lat' dir='ltr'><strong>ﬁat</strong></span> <span class='ocrx_word' id='word_1_509' title='bbox 3144 1861 3249 1916; x_wconf 87' lang='lat' dir='ltr'><strong>pax</strong></span> <span class='ocrx_word' id='word_1_510' title='bbox 3275 1860 3505 1901; x_wconf 81' lang='lat' dir='ltr'><strong>consue-</strong></span> 
     </span>
    </p>
   </div>
   <div class='ocr_carea' id='block_1_63' title="bbox 1912 1931 3500 2008">
    <p class='ocr_par' dir='ltr' id='par_1_63' title="bbox 1912 1931 3500 2008">
     <span class='ocr_line' id='line_1_63' title="bbox 1912 1931 3500 2008; baseline 0.004 -22"><span class='ocrx_word' id='word_1_511' title='bbox 1912 1931 2116 1986; x_wconf 89' lang='lat' dir='ltr'><strong>tudinis</strong></span> <span class='ocrx_word' id='word_1_512' title='bbox 2154 1932 2329 1986; x_wconf 66' lang='lat' dir='ltr'><strong>boum.</strong></span> <span class='ocrx_word' id='word_1_513' title='bbox 2363 1952 2381 1985; x_wconf 75' lang='grc' dir='ltr'><strong>ι</strong></span> <span class='ocrx_word' id='word_1_514' title='bbox 2443 1933 2512 1988; x_wconf 87' lang='grc' dir='ltr'>Ει</span> <span class='ocrx_word' id='word_1_515' title='bbox 2539 1933 2698 1989; x_wconf 83' lang='lat' dir='ltr'><strong>infra.</strong></span> <span class='ocrx_word' id='word_1_516' title='bbox 2755 1954 2774 1986; x_wconf 87' lang='grc'><strong><em>‹</em></strong></span> <span class='ocrx_word' id='word_1_517' title='bbox 2807 1933 3022 2008; x_wconf 79' lang='lat' dir='ltr'><strong>Diliges,</strong></span> <span class='ocrx_word' id='word_1_518' title='bbox 3059 1937 3256 2007; x_wconf 89' lang='lat' dir='ltr'><strong>inquit,</strong></span> <span class='ocrx_word' id='word_1_519' title='bbox 3311 1937 3500 1992; x_wconf 87' lang='lat' dir='ltr'><strong>Domi-</strong></span> 
     </span>
    </p>
   </div>
   <div class='ocr_carea' id='block_1_64' title="bbox 1913 2020 3502 2091">
    <p class='ocr_par' dir='ltr' id='par_1_64' title="bbox 1913 2020 3502 2091">
     <span class='ocr_line' id='line_1_64' title="bbox 1913 2020 3502 2091; baseline 0.005 -18"><span class='ocrx_word' id='word_1_520' title='bbox 1913 2036 2037 2075; x_wconf 84' lang='lat' dir='ltr'><strong>num</strong></span> <span class='ocrx_word' id='word_1_521' title='bbox 2066 2020 2234 2075; x_wconf 87' lang='lat' dir='ltr'><strong>Deum</strong></span> <span class='ocrx_word' id='word_1_522' title='bbox 2261 2031 2408 2075; x_wconf 88' lang='lat' dir='ltr'><strong>tuum</strong></span> <span class='ocrx_word' id='word_1_523' title='bbox 2445 2033 2634 2078; x_wconf 78' lang='lat' dir='ltr'><strong>extoto</strong></span> <span class='ocrx_word' id='word_1_524' title='bbox 2656 2024 2812 2079; x_wconf 88' lang='lat' dir='ltr'><strong>corde</strong></span> <span class='ocrx_word' id='word_1_525' title='bbox 2837 2034 2948 2091; x_wconf 89' lang='lat' dir='ltr'><strong>tuo,</strong></span> <span class='ocrx_word' id='word_1_526' title='bbox 2992 2037 3040 2081; x_wconf 88' lang='lat' dir='ltr'><strong>et</strong></span> <span class='ocrx_word' id='word_1_527' title='bbox 3065 2044 3129 2080; x_wconf 78' lang='lat' dir='ltr'><strong>ex</strong></span> <span class='ocrx_word' id='word_1_528' title='bbox 3168 2035 3277 2080; x_wconf 90' lang='lat' dir='ltr'><strong>tota</strong></span> <span class='ocrx_word' id='word_1_529' title='bbox 3317 2028 3502 2081; x_wconf 84' lang='lat' dir='ltr'><strong>anima</strong></span> 
     </span>
    </p>
   </div>
   <div class='ocr_carea' id='block_1_65' title="bbox 1914 2114 3502 2187">
    <p class='ocr_par' dir='ltr' id='par_1_65' title="bbox 1914 2114 3502 2187">
     <span class='ocr_line' id='line_1_65' title="bbox 1914 2114 3502 2187; baseline 0.004 -23"><span class='ocrx_word' id='word_1_530' title='bbox 1914 2119 2028 2176; x_wconf 87' lang='lat' dir='ltr'><strong>tua,</strong></span> <span class='ocrx_word' id='word_1_531' title='bbox 2055 2119 2103 2165; x_wconf 84' lang='lat' dir='ltr'><strong>et</strong></span> <span class='ocrx_word' id='word_1_532' title='bbox 2129 2127 2194 2165; x_wconf 73' lang='lat' dir='ltr'><strong>ex</strong></span> <span class='ocrx_word' id='word_1_533' title='bbox 2221 2120 2331 2165; x_wconf 83' lang='lat' dir='ltr'><strong>tota</strong></span> <span class='ocrx_word' id='word_1_534' title='bbox 2361 2122 2529 2166; x_wconf 84' lang='lat' dir='ltr'><strong>mente</strong></span> <span class='ocrx_word' id='word_1_535' title='bbox 2558 2123 2667 2177; x_wconf 88' lang='lat' dir='ltr'><strong>tua,</strong></span> <span class='ocrx_word' id='word_1_536' title='bbox 2723 2124 2772 2169; x_wconf 86' lang='lat' dir='ltr'><strong>et</strong></span> <span class='ocrx_word' id='word_1_537' title='bbox 2797 2114 2982 2187; x_wconf 77' lang='lat' dir='ltr'><strong>diliges</strong></span> <span class='ocrx_word' id='word_1_538' title='bbox 3008 2117 3304 2187; x_wconf 75' lang='lat' dir='ltr'><strong>proximum</strong></span> <span class='ocrx_word' id='word_1_539' title='bbox 3328 2126 3502 2182; x_wconf 87' lang='lat' dir='ltr'><strong>tuum,</strong></span> 
     </span>
    </p>
   </div>
   <div class='ocr_carea' id='block_1_66' title="bbox 1913 2204 3503 2280">
    <p class='ocr_par' dir='ltr' id='par_1_66' title="bbox 1913 2204 3503 2280">
     <span class='ocr_line' id='line_1_66' title="bbox 1913 2204 3503 2280; baseline 0.004 -23"><span class='ocrx_word' id='word_1_540' title='bbox 1913 2212 2164 2274; x_wconf 81' lang='lat' dir='ltr'><strong>tanquam</strong></span> <span class='ocrx_word' id='word_1_541' title='bbox 2191 2212 2238 2258; x_wconf 90' lang='lat' dir='ltr'><strong>te</strong></span> <span class='ocrx_word' id='word_1_542' title='bbox 2257 2205 2449 2274; x_wconf 87' lang='lat' dir='ltr'><strong>ipsum.</strong></span> <span class='ocrx_word' id='word_1_543' title='bbox 2503 2204 2571 2259; x_wconf 84' lang='lat' dir='ltr'><strong>In</strong></span> <span class='ocrx_word' id='word_1_544' title='bbox 2605 2207 2686 2262; x_wconf 79' lang='lat' dir='ltr'><strong>his</strong></span> <span class='ocrx_word' id='word_1_545' title='bbox 2729 2208 2934 2263; x_wconf 83' lang='lat' dir='ltr'><strong>duobus</strong></span> <span class='ocrx_word' id='word_1_546' title='bbox 2970 2209 3239 2280; x_wconf 60' lang='lat' dir='ltr'><strong>praeceptis</strong></span> <span class='ocrx_word' id='word_1_547' title='bbox 3265 2219 3375 2263; x_wconf 84' lang='lat' dir='ltr'><strong>tota</strong></span> <span class='ocrx_word' id='word_1_548' title='bbox 3415 2209 3503 2264; x_wconf 72' lang='lat' dir='ltr'><strong>lea:</strong></span> 
     </span>
    </p>
   </div>
   <div class='ocr_carea' id='block_1_67' title="bbox 1913 2296 3502 2371">
    <p class='ocr_par' dir='ltr' id='par_1_67' title="bbox 1913 2296 3502 2371">
     <span class='ocr_line' id='line_1_67' title="bbox 1913 2296 3502 2371; baseline 0.004 -22"><span class='ocrx_word' id='word_1_549' title='bbox 1913 2296 2097 2366; x_wconf 84' lang='lat' dir='ltr'><strong>pendet</strong></span> <span class='ocrx_word' id='word_1_550' title='bbox 2124 2304 2175 2350; x_wconf 85' lang='lat' dir='ltr'><strong>et</strong></span> <span class='ocrx_word' id='word_1_551' title='bbox 2207 2311 2384 2351; x_wconf 83' lang='lat' dir='ltr'><strong>omnes</strong></span> <span class='ocrx_word' id='word_1_552' title='bbox 2427 2299 2707 2368; x_wconf 64' lang='lat' dir='ltr'><strong>prophetat.</strong></span> <span class='ocrx_word' id='word_1_553' title='bbox 2747 2299 2898 2354; x_wconf 86' lang='lat' dir='ltr'><strong>Finis</strong></span> <span class='ocrx_word' id='word_1_554' title='bbox 2939 2300 3119 2369; x_wconf 88' lang='lat' dir='ltr'><strong>itaque</strong></span> <span class='ocrx_word' id='word_1_555' title='bbox 3142 2302 3396 2371; x_wconf 74' lang='lat' dir='ltr'><strong>praecepti</strong></span> <span class='ocrx_word' id='word_1_556' title='bbox 3417 2309 3502 2356; x_wconf 88' lang='lat' dir='ltr'><strong>est</strong></span> 
     </span>
    </p>
   </div>
   <div class='ocr_carea' id='block_1_68' title="bbox 1915 2384 3500 2461">
    <p class='ocr_par' dir='ltr' id='par_1_68' title="bbox 1915 2384 3500 2461">
     <span class='ocr_line' id='line_1_68' title="bbox 1915 2384 3500 2461; baseline 0.003 -20"><span class='ocrx_word' id='word_1_557' title='bbox 1915 2384 2152 2453; x_wconf 81' lang='lat' dir='ltr'><strong>dilectio,</strong></span> <span class='ocrx_word' id='word_1_558' title='bbox 2185 2394 2239 2442; x_wconf 91' lang='lat' dir='ltr'><strong>et</strong></span> <span class='ocrx_word' id='word_1_559' title='bbox 2264 2402 2328 2442; x_wconf 91' lang='lat' dir='ltr'><strong>ea</strong></span> <span class='ocrx_word' id='word_1_560' title='bbox 2363 2388 2608 2459; x_wconf 84' lang='lat' dir='ltr'><strong>gemina,</strong></span> <span class='ocrx_word' id='word_1_561' title='bbox 2648 2388 2699 2442; x_wconf 91' lang='lat' dir='ltr'><strong>id</strong></span> <span class='ocrx_word' id='word_1_562' title='bbox 2729 2397 2814 2444; x_wconf 91' lang='lat' dir='ltr'><strong>est</strong></span> <span class='ocrx_word' id='word_1_563' title='bbox 2840 2389 2937 2444; x_wconf 88' lang='lat' dir='ltr'><strong>Dei</strong></span> <span class='ocrx_word' id='word_1_564' title='bbox 2965 2398 3020 2444; x_wconf 88' lang='lat' dir='ltr'><strong>et</strong></span> <span class='ocrx_word' id='word_1_565' title='bbox 3044 2391 3295 2461; x_wconf 83' lang='lat' dir='ltr'><strong>proximi.</strong></span> <span class='ocrx_word' id='word_1_566' title='bbox 3347 2389 3500 2457; x_wconf 84' lang='lat' dir='ltr'><strong>Quod</strong></span> 
     </span>
    </p>
   </div>
   <div class='ocr_carea' id='block_1_69' title="bbox 1915 2476 3505 2554">
    <p class='ocr_par' dir='ltr' id='par_1_69' title="bbox 1915 2476 3505 2554">
     <span class='ocr_line' id='line_1_69' title="bbox 1915 2476 3505 2554; baseline 0.005 -23"><span class='ocrx_word' id='word_1_567' title='bbox 1915 2476 1962 2531; x_wconf 89' lang='lat' dir='ltr'><strong>si</strong></span> <span class='ocrx_word' id='word_1_568' title='bbox 1989 2484 2042 2531; x_wconf 91' lang='lat' dir='ltr'><strong>te</strong></span> <span class='ocrx_word' id='word_1_569' title='bbox 2071 2484 2240 2532; x_wconf 89' lang='lat' dir='ltr'><strong>totum</strong></span> <span class='ocrx_word' id='word_1_570' title='bbox 2273 2479 2562 2550; x_wconf 87' lang='lat' dir='ltr'><strong>intelligas,</strong></span> <span class='ocrx_word' id='word_1_571' title='bbox 2614 2479 2668 2534; x_wconf 93' lang='lat' dir='ltr'><strong>id</strong></span> <span class='ocrx_word' id='word_1_572' title='bbox 2698 2488 2783 2536; x_wconf 89' lang='lat' dir='ltr'><strong>est</strong></span> <span class='ocrx_word' id='word_1_573' title='bbox 2827 2481 3066 2536; x_wconf 89' lang='lat' dir='ltr'><strong>animum</strong></span> <span class='ocrx_word' id='word_1_574' title='bbox 3111 2491 3169 2539; x_wconf 92' lang='lat' dir='ltr'><strong>et</strong></span> <span class='ocrx_word' id='word_1_575' title='bbox 3189 2498 3412 2554; x_wconf 89' lang='lat' dir='ltr'><strong>corpus,</strong></span> <span class='ocrx_word' id='word_1_576' title='bbox 3449 2491 3505 2539; x_wconf 87' lang='lat' dir='ltr'><strong>et</strong></span> 
     </span>
    </p>
   </div>
   <div class='ocr_carea' id='block_1_70' title="bbox 1914 2568 3502 2646">
    <p class='ocr_par' dir='ltr' id='par_1_70' title="bbox 1914 2568 3502 2646">
     <span class='ocr_line' id='line_1_70' title="bbox 1914 2568 3502 2646; baseline 0.004 -24"><span class='ocrx_word' id='word_1_577' title='bbox 1914 2568 2243 2640; x_wconf 85' lang='lat' dir='ltr'><strong>proximum,</strong></span> <span class='ocrx_word' id='word_1_578' title='bbox 2299 2569 2354 2624; x_wconf 92' lang='lat' dir='ltr'><strong>id</strong></span> <span class='ocrx_word' id='word_1_579' title='bbox 2399 2577 2484 2624; x_wconf 94' lang='lat' dir='ltr'><strong>est</strong></span> <span class='ocrx_word' id='word_1_580' title='bbox 2513 2571 2750 2626; x_wconf 89' lang='lat' dir='ltr'><strong>animam</strong></span> <span class='ocrx_word' id='word_1_581' title='bbox 2788 2579 2845 2627; x_wconf 90' lang='lat' dir='ltr'><strong>et</strong></span> <span class='ocrx_word' id='word_1_582' title='bbox 2890 2587 3087 2644; x_wconf 91' lang='lat' dir='ltr'><strong>corpus</strong></span> <span class='ocrx_word' id='word_1_583' title='bbox 3128 2572 3264 2642; x_wconf 91' lang='lat' dir='ltr'><strong>ejus,</strong></span> <span class='ocrx_word' id='word_1_584' title='bbox 3318 2573 3502 2646; x_wconf 89' lang='lat' dir='ltr'><strong>(homo</strong></span> 
     </span>
    </p>
   </div>
   <div class='ocr_carea' id='block_1_71' title="bbox 1915 2659 3502 2736">
    <p class='ocr_par' dir='ltr' id='par_1_71' title="bbox 1915 2659 3502 2736">
     <span class='ocr_line' id='line_1_71' title="bbox 1915 2659 3502 2736; baseline 0.004 -24"><span class='ocrx_word' id='word_1_585' title='bbox 1915 2659 2062 2713; x_wconf 91' lang='lat' dir='ltr'><strong>enim</strong></span> <span class='ocrx_word' id='word_1_586' title='bbox 2091 2673 2158 2714; x_wconf 90' lang='lat' dir='ltr'><strong>ex</strong></span> <span class='ocrx_word' id='word_1_587' title='bbox 2185 2659 2368 2715; x_wconf 90' lang='lat' dir='ltr'><strong>anima</strong></span> <span class='ocrx_word' id='word_1_588' title='bbox 2389 2668 2602 2716; x_wconf 89' lang='lat' dir='ltr'><strong>constat</strong></span> <span class='ocrx_word' id='word_1_589' title='bbox 2622 2668 2678 2715; x_wconf 90' lang='lat' dir='ltr'><strong>et</strong></span> <span class='ocrx_word' id='word_1_590' title='bbox 2697 2661 2946 2736; x_wconf 86' lang='lat' dir='ltr'><strong>corpore)</strong></span> <span class='ocrx_word' id='word_1_591' title='bbox 2979 2662 3185 2717; x_wconf 90' lang='lat' dir='ltr'><strong>nullum</strong></span> <span class='ocrx_word' id='word_1_592' title='bbox 3208 2678 3389 2718; x_wconf 88' lang='lat' dir='ltr'><strong>rerum</strong></span> <span class='ocrx_word' id='word_1_593' title='bbox 3420 2663 3502 2718; x_wconf 83' lang='lat' dir='ltr'><strong>di-</strong></span> 
     </span>
    </p>
   </div>
   <div class='ocr_carea' id='block_1_72' title="bbox 1916 2747 3503 2825">
    <p class='ocr_par' dir='ltr' id='par_1_72' title="bbox 1916 2747 3503 2825">
     <span class='ocr_line' id='line_1_72' title="bbox 1916 2747 3503 2825; baseline 0.003 -21"><span class='ocrx_word' id='word_1_594' title='bbox 1916 2747 2252 2820; x_wconf 88' lang='lat' dir='ltr'><strong>ligendarum</strong></span> <span class='ocrx_word' id='word_1_595' title='bbox 2289 2765 2460 2820; x_wconf 87' lang='lat' dir='ltr'><strong>genus</strong></span> <span class='ocrx_word' id='word_1_596' title='bbox 2511 2752 2566 2807; x_wconf 91' lang='lat' dir='ltr'><strong>in</strong></span> <span class='ocrx_word' id='word_1_597' title='bbox 2606 2751 2692 2808; x_wconf 92' lang='lat' dir='ltr'><strong>his</strong></span> <span class='ocrx_word' id='word_1_598' title='bbox 2720 2753 2928 2808; x_wconf 91' lang='lat' dir='ltr'><strong>duobus</strong></span> <span class='ocrx_word' id='word_1_599' title='bbox 2958 2756 3247 2823; x_wconf 73' lang='lat' dir='ltr'><strong>praeceptis</strong></span> <span class='ocrx_word' id='word_1_600' title='bbox 3273 2765 3503 2825; x_wconf 55' lang='lat' dir='ltr'><strong>praeter-</strong></span> 
     </span>
    </p>
   </div>
   <div class='ocr_carea' id='block_1_73' title="bbox 1916 2841 3502 2914">
    <p class='ocr_par' dir='ltr' id='par_1_73' title="bbox 1916 2841 3502 2914">
     <span class='ocr_line' id='line_1_73' title="bbox 1916 2841 3502 2914; baseline 0.003 -18"><span class='ocrx_word' id='word_1_601' title='bbox 1916 2841 2141 2897; x_wconf 78' lang='lat' dir='ltr'><strong>missum</strong></span> <span class='ocrx_word' id='word_1_602' title='bbox 2165 2849 2268 2898; x_wconf 89' lang='lat' dir='ltr'><strong>est.</strong></span> <span class='ocrx_word' id='word_1_603' title='bbox 2315 2841 2450 2899; x_wconf 87' lang='lat' dir='ltr'><strong>Cum</strong></span> <span class='ocrx_word' id='word_1_604' title='bbox 2475 2843 2618 2898; x_wconf 91' lang='lat' dir='ltr'><strong>enim</strong></span> <span class='ocrx_word' id='word_1_605' title='bbox 2649 2853 2948 2914; x_wconf 82' lang='lat' dir='ltr'><strong>praecurrat</strong></span> <span class='ocrx_word' id='word_1_606' title='bbox 2975 2845 3190 2902; x_wconf 91' lang='lat' dir='ltr'><strong>dilectio</strong></span> <span class='ocrx_word' id='word_1_607' title='bbox 3219 2845 3336 2912; x_wconf 90' lang='lat' dir='ltr'><strong>Dei,</strong></span> <span class='ocrx_word' id='word_1_608' title='bbox 3364 2846 3502 2914; x_wconf 83' lang='lat' dir='ltr'><strong>ejus-</strong></span> 
     </span>
    </p>
   </div>
   <div class='ocr_carea' id='block_1_74' title="bbox 1918 2933 3503 3008">
    <p class='ocr_par' dir='ltr' id='par_1_74' title="bbox 1918 2933 3503 3008">
     <span class='ocr_line' id='line_1_74' title="bbox 1918 2933 3503 3008; baseline 0.004 -21"><span class='ocrx_word' id='word_1_609' title='bbox 1918 2949 2023 3003; x_wconf 90' lang='lat' dir='ltr'><strong>que</strong></span> <span class='ocrx_word' id='word_1_610' title='bbox 2049 2933 2354 2990; x_wconf 89' lang='lat' dir='ltr'><strong>dilectionis</strong></span> <span class='ocrx_word' id='word_1_611' title='bbox 2396 2933 2589 2990; x_wconf 89' lang='lat' dir='ltr'><strong>modus</strong></span> <span class='ocrx_word' id='word_1_612' title='bbox 2632 2935 2980 3008; x_wconf 57' lang='lat' dir='ltr'><strong>praescriptus</strong></span> <span class='ocrx_word' id='word_1_613' title='bbox 3025 2945 3301 3007; x_wconf 90' lang='lat' dir='ltr'><strong>appareat,</strong></span> <span class='ocrx_word' id='word_1_614' title='bbox 3345 2939 3417 2992; x_wconf 87' lang='lat' dir='ltr'><strong>ita</strong></span> <span class='ocrx_word' id='word_1_615' title='bbox 3445 2946 3503 2994; x_wconf 93' lang='lat' dir='ltr'><strong>ut</strong></span> 
     </span>
    </p>
   </div>
   <div class='ocr_carea' id='block_1_75' title="bbox 1919 3025 3501 3092">
    <p class='ocr_par' dir='ltr' id='par_1_75' title="bbox 1919 3025 3501 3092">
     <span class='ocr_line' id='line_1_75' title="bbox 1919 3025 3501 3092; baseline 0.003 -10"><span class='ocrx_word' id='word_1_616' title='bbox 1919 3033 2115 3082; x_wconf 72' lang='lat' dir='ltr'><strong>caetera</strong></span> <span class='ocrx_word' id='word_1_617' title='bbox 2152 3025 2206 3081; x_wconf 92' lang='lat' dir='ltr'><strong>in</strong></span> <span class='ocrx_word' id='word_1_618' title='bbox 2236 3025 2388 3081; x_wconf 91' lang='lat' dir='ltr'><strong>illum</strong></span> <span class='ocrx_word' id='word_1_619' title='bbox 2427 3025 2698 3082; x_wconf 84' lang='lat' dir='ltr'><strong>conﬂuant</strong></span> <span class='ocrx_word' id='word_1_620' title='bbox 2723 3027 2790 3083; x_wconf 90' lang='lat' dir='ltr'><strong>de</strong></span> <span class='ocrx_word' id='word_1_621' title='bbox 2823 3029 3111 3092; x_wconf 88' lang='lat' dir='ltr'><strong>dilectione</strong></span> <span class='ocrx_word' id='word_1_622' title='bbox 3143 3038 3236 3084; x_wconf 88' lang='lat' dir='ltr'><strong>tua</strong></span> <span class='ocrx_word' id='word_1_623' title='bbox 3263 3029 3398 3084; x_wconf 89' lang='lat' dir='ltr'><strong>nihil</strong></span> <span class='ocrx_word' id='word_1_624' title='bbox 3423 3031 3501 3086; x_wconf 87' lang='lat' dir='ltr'><strong>di-</strong></span> 
     </span>
    </p>
   </div>
   <div class='ocr_carea' id='block_1_76' title="bbox 1919 3115 3500 3192">
    <p class='ocr_par' dir='ltr' id='par_1_76' title="bbox 1919 3115 3500 3192">
     <span class='ocr_line' id='line_1_76' title="bbox 1919 3115 3500 3192; baseline 0.002 -21"><span class='ocrx_word' id='word_1_625' title='bbox 1919 3121 2066 3171; x_wconf 87' lang='lat' dir='ltr'><strong>ctum</strong></span> <span class='ocrx_word' id='word_1_626' title='bbox 2087 3115 2318 3171; x_wconf 90' lang='lat' dir='ltr'><strong>videtur.</strong></span> <span class='ocrx_word' id='word_1_627' title='bbox 2353 3115 2460 3172; x_wconf 91' lang='lat' dir='ltr'><strong>Sed</strong></span> <span class='ocrx_word' id='word_1_628' title='bbox 2485 3132 2610 3172; x_wconf 94' lang='lat' dir='ltr'><strong>cum</strong></span> <span class='ocrx_word' id='word_1_629' title='bbox 2637 3117 2837 3173; x_wconf 90' lang='lat' dir='ltr'><strong>dictum</strong></span> <span class='ocrx_word' id='word_1_630' title='bbox 2869 3127 2974 3185; x_wconf 89' lang='lat' dir='ltr'><strong>est,</strong></span> <span class='ocrx_word' id='word_1_631' title='bbox 3002 3120 3186 3191; x_wconf 76' lang='lat' dir='ltr'><strong>diliges</strong></span> <span class='ocrx_word' id='word_1_632' title='bbox 3207 3122 3500 3192; x_wconf 76' lang='lat' dir='ltr'><strong>proximum</strong></span> 
     </span>
    </p>
   </div>
   <div class='ocr_carea' id='block_1_77' title="bbox 1919 3208 3504 3278">
    <p class='ocr_par' dir='ltr' id='par_1_77' title="bbox 1919 3208 3504 3278">
     <span class='ocr_line' id='line_1_77' title="bbox 1919 3208 3504 3278; baseline 0.004 -20"><span class='ocrx_word' id='word_1_633' title='bbox 1919 3214 2067 3259; x_wconf 89' lang='lat' dir='ltr'><strong>tuum</strong></span> <span class='ocrx_word' id='word_1_634' title='bbox 2095 3214 2344 3276; x_wconf 83' lang='lat' dir='ltr'><strong>tanquam</strong></span> <span class='ocrx_word' id='word_1_635' title='bbox 2373 3213 2422 3261; x_wconf 88' lang='lat' dir='ltr'><strong>te</strong></span> <span class='ocrx_word' id='word_1_636' title='bbox 2445 3208 2615 3278; x_wconf 85' lang='lat' dir='ltr'><strong>ipsum</strong></span> <span class='ocrx_word' id='word_1_637' title='bbox 2637 3248 2652 3273; x_wconf 89' lang='lat'><strong>,</strong></span> <span class='ocrx_word' id='word_1_638' title='bbox 2685 3209 2842 3264; x_wconf 90' lang='lat' dir='ltr'><strong>simul</strong></span> <span class='ocrx_word' id='word_1_639' title='bbox 2869 3218 2924 3265; x_wconf 92' lang='lat' dir='ltr'><strong>et</strong></span> <span class='ocrx_word' id='word_1_640' title='bbox 2967 3211 3041 3264; x_wconf 90' lang='lat' dir='ltr'><strong>tui</strong></span> <span class='ocrx_word' id='word_1_641' title='bbox 3073 3212 3170 3266; x_wconf 92' lang='lat' dir='ltr'><strong>abs</strong></span> <span class='ocrx_word' id='word_1_642' title='bbox 3207 3221 3260 3266; x_wconf 89' lang='lat' dir='ltr'><strong>te</strong></span> <span class='ocrx_word' id='word_1_643' title='bbox 3286 3211 3504 3266; x_wconf 87' lang='lat' dir='ltr'><strong>dilectio</strong></span> 
     </span>
    </p>
   </div>
   <div class='ocr_carea' id='block_1_78' title="bbox 1918 3295 3503 3370">
    <p class='ocr_par' dir='ltr' id='par_1_78' title="bbox 1918 3295 3503 3370">
     <span class='ocr_line' id='line_1_78' title="bbox 1918 3295 3503 3370; baseline 0.004 -21"><span class='ocrx_word' id='word_1_644' title='bbox 1918 3309 2026 3349; x_wconf 91' lang='lat' dir='ltr'><strong>non</strong></span> <span class='ocrx_word' id='word_1_645' title='bbox 2053 3295 2414 3363; x_wconf 82' lang='lat' dir='ltr'><strong>praetermissa</strong></span> <span class='ocrx_word' id='word_1_646' title='bbox 2459 3304 2561 3352; x_wconf 92' lang='lat' dir='ltr'><strong>est.</strong></span> <span class='ocrx_word' id='word_1_647' title='bbox 2600 3297 2694 3352; x_wconf 87' lang='lat' dir='ltr'><strong>Ille</strong></span> <span class='ocrx_word' id='word_1_648' title='bbox 2738 3307 2916 3355; x_wconf 88' lang='lat' dir='ltr'><strong>autem</strong></span> <span class='ocrx_word' id='word_1_649' title='bbox 2954 3299 3098 3370; x_wconf 87' lang='lat' dir='ltr'><strong>juste</strong></span> <span class='ocrx_word' id='word_1_650' title='bbox 3125 3307 3181 3356; x_wconf 91' lang='lat' dir='ltr'><strong>et</strong></span> <span class='ocrx_word' id='word_1_651' title='bbox 3212 3310 3399 3356; x_wconf 90' lang='lat' dir='ltr'><strong>sancte</strong></span> <span class='ocrx_word' id='word_1_652' title='bbox 3424 3301 3503 3356; x_wconf 81' lang='lat' dir='ltr'><strong>vi-</strong></span> 
     </span>
    </p>
   </div>
   <div class='ocr_carea' id='block_1_79' title="bbox 1919 3386 3500 3462">
    <p class='ocr_par' dir='ltr' id='par_1_79' title="bbox 1919 3386 3500 3462">
     <span class='ocr_line' id='line_1_79' title="bbox 1919 3386 3500 3462; baseline 0.007 -23"><span class='ocrx_word' id='word_1_653' title='bbox 1919 3386 1998 3440; x_wconf 89' lang='lat' dir='ltr'><strong>vit</strong></span> <span class='ocrx_word' id='word_1_654' title='bbox 2023 3387 2114 3456; x_wconf 91' lang='lat' dir='ltr'><strong>qui</strong></span> <span class='ocrx_word' id='word_1_655' title='bbox 2143 3402 2323 3445; x_wconf 83' lang='lat' dir='ltr'><strong>rerum</strong></span> <span class='ocrx_word' id='word_1_656' title='bbox 2353 3387 2563 3459; x_wconf 89' lang='lat' dir='ltr'><strong>integer</strong></span> <span class='ocrx_word' id='word_1_657' title='bbox 2585 3390 2882 3446; x_wconf 82' lang='lat' dir='ltr'><strong>aestimator</strong></span> <span class='ocrx_word' id='word_1_658' title='bbox 2904 3400 3025 3447; x_wconf 88' lang='lat' dir='ltr'><strong>est:</strong></span> <span class='ocrx_word' id='word_1_659' title='bbox 3055 3393 3169 3462; x_wconf 90' lang='lat' dir='ltr'><strong>ipse</strong></span> <span class='ocrx_word' id='word_1_660' title='bbox 3205 3403 3290 3449; x_wconf 91' lang='lat' dir='ltr'><strong>est</strong></span> <span class='ocrx_word' id='word_1_661' title='bbox 3320 3402 3500 3450; x_wconf 88' lang='lat' dir='ltr'><strong>autem</strong></span> 
     </span>
    </p>
   </div>
   <div class='ocr_carea' id='block_1_80' title="bbox 1920 3478 3502 3557">
    <p class='ocr_par' dir='ltr' id='par_1_80' title="bbox 1920 3478 3502 3557">
     <span class='ocr_line' id='line_1_80' title="bbox 1920 3478 3502 3557; baseline 0.006 -26"><span class='ocrx_word' id='word_1_662' title='bbox 1920 3479 2010 3547; x_wconf 92' lang='lat' dir='ltr'><strong>qui</strong></span> <span class='ocrx_word' id='word_1_663' title='bbox 2038 3478 2342 3533; x_wconf 88' lang='lat' dir='ltr'><strong>ordinatam</strong></span> <span class='ocrx_word' id='word_1_664' title='bbox 2364 3479 2532 3536; x_wconf 87' lang='lat' dir='ltr'><strong>habet</strong></span> <span class='ocrx_word' id='word_1_665' title='bbox 2553 3481 2920 3550; x_wconf 88' lang='lat' dir='ltr'><strong>dilectionem,</strong></span> <span class='ocrx_word' id='word_1_666' title='bbox 2949 3497 3018 3539; x_wconf 91' lang='lat' dir='ltr'><strong>ne</strong></span> <span class='ocrx_word' id='word_1_667' title='bbox 3045 3492 3140 3539; x_wconf 88' lang='lat' dir='ltr'><strong>aut</strong></span> <span class='ocrx_word' id='word_1_668' title='bbox 3158 3484 3345 3557; x_wconf 82' lang='lat' dir='ltr'><strong>diligat</strong></span> <span class='ocrx_word' id='word_1_669' title='bbox 3364 3487 3502 3556; x_wconf 91' lang='lat' dir='ltr'><strong>quod</strong></span> 
     </span>
    </p>
   </div>
   <div class='ocr_carea' id='block_1_81' title="bbox 1919 3569 3500 3647">
    <p class='ocr_par' dir='ltr' id='par_1_81' title="bbox 1919 3569 3500 3647">
     <span class='ocr_line' id='line_1_81' title="bbox 1919 3569 3500 3647; baseline 0.003 -21"><span class='ocrx_word' id='word_1_670' title='bbox 1919 3585 2028 3626; x_wconf 88' lang='lat' dir='ltr'><strong>non</strong></span> <span class='ocrx_word' id='word_1_671' title='bbox 2049 3577 2135 3624; x_wconf 89' lang='lat' dir='ltr'><strong>est</strong></span> <span class='ocrx_word' id='word_1_672' title='bbox 2161 3569 2515 3641; x_wconf 88' lang='lat' dir='ltr'><strong>diligendum,</strong></span> <span class='ocrx_word' id='word_1_673' title='bbox 2547 3580 2639 3625; x_wconf 92' lang='lat' dir='ltr'><strong>aut</strong></span> <span class='ocrx_word' id='word_1_674' title='bbox 2665 3587 2774 3626; x_wconf 89' lang='lat' dir='ltr'><strong>non</strong></span> <span class='ocrx_word' id='word_1_675' title='bbox 2799 3572 2984 3644; x_wconf 87' lang='lat' dir='ltr'><strong>diligat</strong></span> <span class='ocrx_word' id='word_1_676' title='bbox 3006 3574 3148 3645; x_wconf 87' lang='lat' dir='ltr'><strong>quod</strong></span> <span class='ocrx_word' id='word_1_677' title='bbox 3177 3576 3500 3647; x_wconf 86' lang='lat' dir='ltr'><strong>diligendum</strong></span> 
     </span>
    </p>
   </div>
   <div class='ocr_carea' id='block_1_82' title="bbox 1920 3662 3504 3738">
    <p class='ocr_par' dir='ltr' id='par_1_82' title="bbox 1920 3662 3504 3738">
     <span class='ocr_line' id='line_1_82' title="bbox 1920 3662 3504 3738; baseline 0.004 -22"><span class='ocrx_word' id='word_1_678' title='bbox 1920 3669 2026 3726; x_wconf 86' lang='lat' dir='ltr'><strong>est,</strong></span> <span class='ocrx_word' id='word_1_679' title='bbox 2055 3669 2150 3715; x_wconf 91' lang='lat' dir='ltr'><strong>aut</strong></span> <span class='ocrx_word' id='word_1_680' title='bbox 2189 3662 2419 3732; x_wconf 88' lang='lat' dir='ltr'><strong>amplius</strong></span> <span class='ocrx_word' id='word_1_681' title='bbox 2442 3663 2631 3734; x_wconf 87' lang='lat' dir='ltr'><strong>diligat</strong></span> <span class='ocrx_word' id='word_1_682' title='bbox 2657 3665 2799 3735; x_wconf 90' lang='lat' dir='ltr'><strong>quod</strong></span> <span class='ocrx_word' id='word_1_683' title='bbox 2843 3667 3024 3721; x_wconf 88' lang='lat' dir='ltr'><strong>minus</strong></span> <span class='ocrx_word' id='word_1_684' title='bbox 3050 3668 3376 3738; x_wconf 88' lang='lat' dir='ltr'><strong>diligendum</strong></span> <span class='ocrx_word' id='word_1_685' title='bbox 3397 3679 3504 3734; x_wconf 84' lang='lat' dir='ltr'><strong>est,</strong></span> 
     </span>
    </p>
   </div>
   <div class='ocr_carea' id='block_1_83' title="bbox 1921 3752 3499 3830">
    <p class='ocr_par' dir='ltr' id='par_1_83' title="bbox 1921 3752 3499 3830">
     <span class='ocr_line' id='line_1_83' title="bbox 1921 3752 3499 3830; baseline 0.006 -25"><span class='ocrx_word' id='word_1_686' title='bbox 1921 3760 2014 3806; x_wconf 91' lang='lat' dir='ltr'><strong>aut</strong></span> <span class='ocrx_word' id='word_1_687' title='bbox 2057 3767 2209 3822; x_wconf 73' lang='lat' dir='ltr'><strong>aeque</strong></span> <span class='ocrx_word' id='word_1_688' title='bbox 2256 3752 2444 3824; x_wconf 84' lang='lat' dir='ltr'><strong>diligat</strong></span> <span class='ocrx_word' id='word_1_689' title='bbox 2473 3755 2618 3824; x_wconf 91' lang='lat' dir='ltr'><strong>quod</strong></span> <span class='ocrx_word' id='word_1_690' title='bbox 2647 3755 2732 3810; x_wconf 86' lang='lat' dir='ltr'><strong>vel</strong></span> <span class='ocrx_word' id='word_1_691' title='bbox 2763 3757 2941 3812; x_wconf 91' lang='lat' dir='ltr'><strong>minus</strong></span> <span class='ocrx_word' id='word_1_692' title='bbox 2978 3757 3062 3813; x_wconf 89' lang='lat' dir='ltr'><strong>vel</strong></span> <span class='ocrx_word' id='word_1_693' title='bbox 3111 3759 3340 3830; x_wconf 88' lang='lat' dir='ltr'><strong>amplius</strong></span> <span class='ocrx_word' id='word_1_694' title='bbox 3381 3761 3499 3815; x_wconf 88' lang='lat' dir='ltr'><strong>dili-</strong></span> 
     </span>
    </p>
   </div>
   <div class='ocr_carea' id='block_1_84' title="bbox 1921 3845 3501 3922">
    <p class='ocr_par' dir='ltr' id='par_1_84' title="bbox 1921 3845 3501 3922">
     <span class='ocr_line' id='line_1_84' title="bbox 1921 3845 3501 3922; baseline 0.003 -22"><span class='ocrx_word' id='word_1_695' title='bbox 1921 3845 2154 3920; x_wconf 86' lang='lat' dir='ltr'><strong>gendum</strong></span> <span class='ocrx_word' id='word_1_696' title='bbox 2183 3853 2287 3911; x_wconf 89' lang='lat' dir='ltr'><strong>est,</strong></span> <span class='ocrx_word' id='word_1_697' title='bbox 2319 3857 2413 3900; x_wconf 90' lang='lat' dir='ltr'><strong>aut</strong></span> <span class='ocrx_word' id='word_1_698' title='bbox 2435 3846 2616 3901; x_wconf 87' lang='lat' dir='ltr'><strong>minus</strong></span> <span class='ocrx_word' id='word_1_699' title='bbox 2652 3847 2736 3902; x_wconf 89' lang='lat' dir='ltr'><strong>vel</strong></span> <span class='ocrx_word' id='word_1_700' title='bbox 2772 3849 3003 3918; x_wconf 90' lang='lat' dir='ltr'><strong>amplius</strong></span> <span class='ocrx_word' id='word_1_701' title='bbox 3029 3852 3170 3920; x_wconf 90' lang='lat' dir='ltr'><strong>quod</strong></span> <span class='ocrx_word' id='word_1_702' title='bbox 3199 3867 3352 3922; x_wconf 74' lang='lat' dir='ltr'><strong>teque</strong></span> <span class='ocrx_word' id='word_1_703' title='bbox 3385 3851 3501 3905; x_wconf 85' lang='lat' dir='ltr'><strong>dili-</strong></span> 
     </span>
    </p>
   </div>
   <div class='ocr_carea' id='block_1_85' title="bbox 1921 3936 3503 4013">
    <p class='ocr_par' dir='ltr' id='par_1_85' title="bbox 1921 3936 3503 4013">
     <span class='ocr_line' id='line_1_85' title="bbox 1921 3936 3503 4013; baseline 0.003 -21"><span class='ocrx_word' id='word_1_704' title='bbox 1921 3937 2152 4009; x_wconf 90' lang='lat' dir='ltr'><strong>gendum</strong></span> <span class='ocrx_word' id='word_1_705' title='bbox 2188 3944 2289 3992; x_wconf 90' lang='grc' dir='ltr'>εει.</span> <span class='ocrx_word' id='word_1_706' title='bbox 2341 3936 2531 3994; x_wconf 92' lang='lat' dir='ltr'><strong>Omnis</strong></span> <span class='ocrx_word' id='word_1_707' title='bbox 2564 3947 2820 4009; x_wconf 88' lang='lat' dir='ltr'><strong>peccator</strong></span> <span class='ocrx_word' id='word_1_708' title='bbox 2862 3941 2914 3994; x_wconf 93' lang='lat' dir='ltr'><strong>in</strong></span> <span class='ocrx_word' id='word_1_709' title='bbox 2961 3951 3217 4011; x_wconf 86' lang='lat' dir='ltr'><strong>quantum</strong></span> <span class='ocrx_word' id='word_1_710' title='bbox 3253 3952 3503 4013; x_wconf 85' lang='lat' dir='ltr'><strong>peccator</strong></span> 
     </span>
    </p>
   </div>
   <div class='ocr_carea' id='block_1_86' title="bbox 1921 4027 3500 4104">
    <p class='ocr_par' dir='ltr' id='par_1_86' title="bbox 1921 4027 3500 4104">
     <span class='ocr_line' id='line_1_86' title="bbox 1921 4027 3500 4104; baseline 0.003 -21"><span class='ocrx_word' id='word_1_711' title='bbox 1921 4035 2005 4083; x_wconf 83' lang='lat' dir='ltr'><strong>est</strong></span> <span class='ocrx_word' id='word_1_712' title='bbox 2040 4043 2146 4082; x_wconf 89' lang='lat' dir='ltr'><strong>non</strong></span> <span class='ocrx_word' id='word_1_713' title='bbox 2184 4038 2266 4082; x_wconf 91' lang='lat' dir='ltr'><strong>est</strong></span> <span class='ocrx_word' id='word_1_714' title='bbox 2300 4027 2642 4099; x_wconf 85' lang='lat' dir='ltr'><strong>diligendus;</strong></span> <span class='ocrx_word' id='word_1_715' title='bbox 2673 4038 2729 4084; x_wconf 91' lang='lat' dir='ltr'><strong>et</strong></span> <span class='ocrx_word' id='word_1_716' title='bbox 2755 4032 2933 4086; x_wconf 91' lang='lat' dir='ltr'><strong>omnis</strong></span> <span class='ocrx_word' id='word_1_717' title='bbox 2969 4035 3129 4088; x_wconf 84' lang='lat' dir='ltr'><strong>homo</strong></span> <span class='ocrx_word' id='word_1_718' title='bbox 3161 4035 3214 4088; x_wconf 90' lang='lat' dir='ltr'><strong>in</strong></span> <span class='ocrx_word' id='word_1_719' title='bbox 3243 4044 3500 4104; x_wconf 89' lang='lat' dir='ltr'><strong>quantum</strong></span> 
     </span>
    </p>
   </div>
   <div class='ocr_carea' id='block_1_87' title="bbox 1922 4118 3506 4192">
    <p class='ocr_par' dir='ltr' id='par_1_87' title="bbox 1922 4118 3506 4192">
     <span class='ocr_line' id='line_1_87' title="bbox 1922 4118 3506 4192; baseline 0.004 -19"><span class='ocrx_word' id='word_1_720' title='bbox 1922 4118 2084 4174; x_wconf 79' lang='lat' dir='ltr'><strong>homo</strong></span> <span class='ocrx_word' id='word_1_721' title='bbox 2112 4126 2217 4184; x_wconf 89' lang='lat' dir='ltr'><strong>est,</strong></span> <span class='ocrx_word' id='word_1_722' title='bbox 2248 4118 2548 4189; x_wconf 87' lang='lat' dir='ltr'><strong>diligendus</strong></span> <span class='ocrx_word' id='word_1_723' title='bbox 2583 4127 2685 4185; x_wconf 91' lang='lat' dir='ltr'><strong>est,</strong></span> <span class='ocrx_word' id='word_1_724' title='bbox 2725 4130 2946 4192; x_wconf 91' lang='lat' dir='ltr'><strong>propter</strong></span> <span class='ocrx_word' id='word_1_725' title='bbox 2971 4123 3164 4192; x_wconf 89' lang='lat' dir='ltr'><strong>Deum,</strong></span> <span class='ocrx_word' id='word_1_726' title='bbox 3210 4125 3353 4181; x_wconf 89' lang='lat' dir='ltr'><strong>Deus</strong></span> <span class='ocrx_word' id='word_1_727' title='bbox 3379 4142 3506 4181; x_wconf 77' lang='lat' dir='ltr'><strong>vero</strong></span> 
     </span>
    </p>
   </div>
   <div class='ocr_carea' id='block_1_88' title="bbox 1919 4202 3503 4289">
    <p class='ocr_par' dir='ltr' id='par_1_88' title="bbox 1919 4202 3503 4289">
     <span class='ocr_line' id='line_1_88' title="bbox 1919 4202 3503 4289; baseline 0.008 -27"><span class='ocrx_word' id='word_1_728' title='bbox 1919 4202 2142 4280; x_wconf 85' lang='lat' dir='ltr'><strong>propter</strong></span> <span class='ocrx_word' id='word_1_729' title='bbox 2167 4210 2423 4280; x_wconf 90' lang='lat' dir='ltr'><strong>seipsum.</strong></span> <span class='ocrx_word' id='word_1_730' title='bbox 2469 4211 2535 4266; x_wconf 86' lang='lat' dir='ltr'><strong>Et</strong></span> <span class='ocrx_word' id='word_1_731' title='bbox 2559 4213 2603 4266; x_wconf 91' lang='lat' dir='ltr'><strong>si</strong></span> <span class='ocrx_word' id='word_1_732' title='bbox 2650 4212 2796 4269; x_wconf 92' lang='lat' dir='ltr'><strong>Deus</strong></span> <span class='ocrx_word' id='word_1_733' title='bbox 2825 4217 2973 4270; x_wconf 92' lang='lat' dir='ltr'><strong>omni</strong></span> <span class='ocrx_word' id='word_1_734' title='bbox 3007 4217 3225 4274; x_wconf 90' lang='lat' dir='ltr'><strong>homine</strong></span> <span class='ocrx_word' id='word_1_735' title='bbox 3277 4220 3503 4289; x_wconf 83' lang='lat' dir='ltr'><strong>amplius</strong></span> 
     </span>
    </p>
   </div>
   <div class='ocr_carea' id='block_1_89' title="bbox 1922 4299 3504 4374">
    <p class='ocr_par' dir='ltr' id='par_1_89' title="bbox 1922 4299 3504 4374">
     <span class='ocr_line' id='line_1_89' title="bbox 1922 4299 3504 4374; baseline 0.007 -21"><span class='ocrx_word' id='word_1_736' title='bbox 1922 4299 2228 4369; x_wconf 86' lang='lat' dir='ltr'><strong>diligendus</strong></span> <span class='ocrx_word' id='word_1_737' title='bbox 2256 4308 2376 4367; x_wconf 86' lang='lat' dir='ltr'><strong>est,</strong></span> <span class='ocrx_word' id='word_1_738' title='bbox 2437 4301 2668 4371; x_wconf 88' lang='lat' dir='ltr'><strong>amplius</strong></span> <span class='ocrx_word' id='word_1_739' title='bbox 2699 4304 2927 4374; x_wconf 86' lang='lat' dir='ltr'><strong>quisque</strong></span> <span class='ocrx_word' id='word_1_740' title='bbox 2977 4305 3146 4361; x_wconf 88' lang='lat' dir='ltr'><strong>Deum</strong></span> <span class='ocrx_word' id='word_1_741' title='bbox 3198 4308 3357 4363; x_wconf 89' lang='lat' dir='ltr'><strong>debet</strong></span> <span class='ocrx_word' id='word_1_742' title='bbox 3385 4307 3504 4364; x_wconf 88' lang='lat' dir='ltr'><strong>dili-</strong></span> 
     </span>
    </p>
   </div>
   <div class='ocr_carea' id='block_1_90' title="bbox 240 4374 3503 4486">
    <p class='ocr_par' dir='ltr' id='par_1_90' title="bbox 240 4374 3503 4486">
     <span class='ocr_line' id='line_1_90' title="bbox 240 4374 3503 4486; baseline 0.003 -44"><span class='ocrx_word' id='word_1_743' title='bbox 240 4376 287 4430; x_wconf 71' lang='lat' dir='ltr'><strong>Si</strong></span> <span class='ocrx_word' id='word_1_744' title='bbox 317 4375 424 4431; x_wconf 69' lang='grc' dir='ltr'>ιειθ</span> <span class='ocrx_word' id='word_1_745' title='bbox 476 4374 654 4437; x_wconf 53' lang='lat' dir='ltr'><strong>fuerit:</strong></span> <span class='ocrx_word' id='word_1_746' title='bbox 687 4374 814 4477; x_wconf 46' lang='lat' dir='ltr'><strong>quia</strong></span> <span class='ocrx_word' id='word_1_747' title='bbox 849 4374 955 4476; x_wconf 42' lang='lat'><strong>“11.8</strong></span> <span class='ocrx_word' id='word_1_748' title='bbox 980 4374 1181 4486; x_wconf 49' lang='lat' dir='ltr'><strong>illiilli“</strong></span> <span class='ocrx_word' id='word_1_749' title='bbox 1203 4389 1325 4430; x_wconf 70' lang='lat' dir='ltr'><strong>esse</strong></span> <span class='ocrx_word' id='word_1_750' title='bbox 1341 4375 1585 4486; x_wconf 44' lang='lat' dir='ltr'><strong>filim?!&quot;</strong></span> <span class='ocrx_word' id='word_1_751' title='bbox 1607 4384 1816 4448; x_wconf 67' lang='grc' dir='ltr'><strong>Ρηῐθηιο</strong></span> <span class='ocrx_word' id='word_1_752' title='bbox 1845 4425 1898 4486; x_wconf 80' lang='lat' dir='ltr'><strong>D</strong></span> <span class='ocrx_word' id='word_1_753' title='bbox 1922 4402 2050 4458; x_wconf 84' lang='lat' dir='ltr'><strong>gere</strong></span> <span class='ocrx_word' id='word_1_754' title='bbox 2091 4403 2253 4458; x_wconf 89' lang='lat' dir='ltr'><strong>quam</strong></span> <span class='ocrx_word' id='word_1_755' title='bbox 2283 4390 2538 4460; x_wconf 91' lang='lat' dir='ltr'><strong>seipsum.</strong></span> <span class='ocrx_word' id='word_1_756' title='bbox 2594 4390 2728 4446; x_wconf 88' lang='lat' dir='ltr'><strong>Item</strong></span> <span class='ocrx_word' id='word_1_757' title='bbox 2778 4394 3006 4465; x_wconf 88' lang='lat' dir='ltr'><strong>amplius</strong></span> <span class='ocrx_word' id='word_1_758' title='bbox 3035 4396 3173 4452; x_wconf 91' lang='lat' dir='ltr'><strong>alius</strong></span> <span class='ocrx_word' id='word_1_759' title='bbox 3198 4397 3362 4452; x_wconf 89' lang='lat' dir='ltr'><strong>homo</strong></span> <span class='ocrx_word' id='word_1_760' title='bbox 3387 4396 3503 4452; x_wconf 89' lang='lat' dir='ltr'><strong>dili-</strong></span> 
     </span>
    </p>
   </div>
   <div class='ocr_carea' id='block_1_91' title="bbox 241 4464 1822 4538">
    <p class='ocr_par' dir='ltr' id='par_1_91' title="bbox 241 4464 1822 4538">
     <span class='ocr_line' id='line_1_91' title="bbox 241 4464 1822 4538; baseline 0.001 -18"><span class='ocrx_word' id='word_1_761' title='bbox 241 4467 396 4533; x_wconf 90' lang='lat' dir='ltr'><strong>Quod</strong></span> <span class='ocrx_word' id='word_1_762' title='bbox 422 4473 604 4521; x_wconf 87' lang='lat' dir='ltr'><strong>autem</strong></span> <span class='ocrx_word' id='word_1_763' title='bbox 631 4465 965 4522; x_wconf 87' lang='lat' dir='ltr'><strong>continentia</strong></span> <span class='ocrx_word' id='word_1_764' title='bbox 989 4465 1219 4534; x_wconf 87' lang='lat' dir='ltr'><strong>quadam</strong></span> <span class='ocrx_word' id='word_1_765' title='bbox 1252 4473 1308 4520; x_wconf 89' lang='lat' dir='ltr'><strong>et</strong></span> <span class='ocrx_word' id='word_1_766' title='bbox 1341 4464 1616 4522; x_wconf 88' lang='lat' dir='ltr'><strong>laboribus</strong></span> <span class='ocrx_word' id='word_1_767' title='bbox 1638 4481 1822 4538; x_wconf 85' lang='lat' dir='ltr'><strong>perse-</strong></span> 
     </span>
    </p>
   </div>
   <div class='ocr_carea' id='block_1_92' title="bbox 243 4557 1824 4629">
    <p class='ocr_par' dir='ltr' id='par_1_92' title="bbox 243 4557 1824 4629">
     <span class='ocr_line' id='line_1_92' title="bbox 243 4557 1824 4629; baseline 0.001 -17"><span class='ocrx_word' id='word_1_768' title='bbox 243 4559 337 4629; x_wconf 90' lang='lat' dir='ltr'><strong>qui</strong></span> <span class='ocrx_word' id='word_1_769' title='bbox 368 4559 619 4613; x_wconf 89' lang='lat' dir='ltr'><strong>videntur</strong></span> <span class='ocrx_word' id='word_1_770' title='bbox 645 4572 874 4628; x_wconf 88' lang='lat' dir='ltr'><strong>corpora</strong></span> <span class='ocrx_word' id='word_1_771' title='bbox 901 4573 1028 4623; x_wconf 73' lang='lat' dir='ltr'><strong>sua,</strong></span> <span class='ocrx_word' id='word_1_772' title='bbox 1048 4557 1141 4626; x_wconf 91' lang='lat' dir='ltr'><strong>qui</strong></span> <span class='ocrx_word' id='word_1_773' title='bbox 1167 4558 1272 4614; x_wconf 92' lang='lat' dir='ltr'><strong>hoc</strong></span> <span class='ocrx_word' id='word_1_774' title='bbox 1295 4566 1443 4614; x_wconf 90' lang='lat' dir='ltr'><strong>recte</strong></span> <span class='ocrx_word' id='word_1_775' title='bbox 1461 4557 1687 4624; x_wconf 82' lang='lat' dir='ltr'><strong>faciunt,</strong></span> <span class='ocrx_word' id='word_1_776' title='bbox 1714 4573 1824 4614; x_wconf 88' lang='lat' dir='ltr'><strong>non</strong></span> 
     </span>
    </p>
   </div>
   <div class='ocr_carea' id='block_1_93' title="bbox 243 4647 1833 4721">
    <p class='ocr_par' dir='ltr' id='par_1_93' title="bbox 243 4647 1833 4721">
     <span class='ocr_line' id='line_1_93' title="bbox 243 4647 1833 4721; baseline -0.001 -16"><span class='ocrx_word' id='word_1_777' title='bbox 243 4651 298 4707; x_wconf 91' lang='lat' dir='ltr'><strong>id</strong></span> <span class='ocrx_word' id='word_1_778' title='bbox 319 4656 506 4721; x_wconf 88' lang='lat' dir='ltr'><strong>agunt,</strong></span> <span class='ocrx_word' id='word_1_779' title='bbox 529 4656 590 4703; x_wconf 88' lang='lat' dir='ltr'><strong>ut</strong></span> <span class='ocrx_word' id='word_1_780' title='bbox 615 4663 720 4703; x_wconf 93' lang='lat' dir='ltr'><strong>non</strong></span> <span class='ocrx_word' id='word_1_781' title='bbox 745 4649 981 4703; x_wconf 89' lang='lat' dir='ltr'><strong>habeant</strong></span> <span class='ocrx_word' id='word_1_782' title='bbox 1005 4662 1218 4718; x_wconf 91' lang='lat' dir='ltr'><strong>corpus,</strong></span> <span class='ocrx_word' id='word_1_783' title='bbox 1244 4647 1340 4703; x_wconf 89' lang='lat' dir='ltr'><strong>sed</strong></span> <span class='ocrx_word' id='word_1_784' title='bbox 1363 4655 1424 4702; x_wconf 91' lang='lat' dir='ltr'><strong>ut</strong></span> <span class='ocrx_word' id='word_1_785' title='bbox 1444 4649 1679 4703; x_wconf 88' lang='lat' dir='ltr'><strong>habeant</strong></span> <span class='ocrx_word' id='word_1_786' title='bbox 1703 4649 1833 4703; x_wconf 85' lang='lat' dir='ltr'><strong>sub-</strong></span> 
     </span>
    </p>
   </div>
   <div class='ocr_carea' id='block_1_94' title="bbox 239 4737 1824 4810">
    <p class='ocr_par' dir='ltr' id='par_1_94' title="bbox 239 4737 1824 4810">
     <span class='ocr_line' id='line_1_94' title="bbox 239 4737 1824 4810; baseline 0 -17"><span class='ocrx_word' id='word_1_787' title='bbox 239 4740 489 4810; x_wconf 90' lang='lat' dir='ltr'><strong>jugatum</strong></span> <span class='ocrx_word' id='word_1_788' title='bbox 518 4745 572 4792; x_wconf 91' lang='lat' dir='ltr'><strong>et</strong></span> <span class='ocrx_word' id='word_1_789' title='bbox 608 4745 856 4808; x_wconf 87' lang='lat' dir='ltr'><strong>paratum</strong></span> <span class='ocrx_word' id='word_1_790' title='bbox 904 4738 972 4792; x_wconf 85' lang='lat' dir='ltr'><strong>ad</strong></span> <span class='ocrx_word' id='word_1_791' title='bbox 1003 4750 1170 4807; x_wconf 88' lang='lat' dir='ltr'><strong>opera</strong></span> <span class='ocrx_word' id='word_1_792' title='bbox 1194 4738 1523 4792; x_wconf 86' lang='lat' dir='ltr'><strong>necessaria.</strong></span> <span class='ocrx_word' id='word_1_793' title='bbox 1549 4737 1824 4794; x_wconf 87' lang='lat' dir='ltr'><strong>Libidines</strong></span> 
     </span>
    </p>
   </div>
   <div class='ocr_carea' id='block_1_95' title="bbox 243 4827 1823 4898">
    <p class='ocr_par' dir='ltr' id='par_1_95' title="bbox 243 4827 1823 4898">
     <span class='ocr_line' id='line_1_95' title="bbox 243 4827 1823 4898; baseline 0.001 -15"><span class='ocrx_word' id='word_1_794' title='bbox 243 4829 390 4883; x_wconf 90' lang='lat' dir='ltr'><strong>enim</strong></span> <span class='ocrx_word' id='word_1_795' title='bbox 424 4827 566 4881; x_wconf 86' lang='lat' dir='ltr'><strong>male</strong></span> <span class='ocrx_word' id='word_1_796' title='bbox 588 4835 801 4882; x_wconf 91' lang='lat' dir='ltr'><strong>utentes</strong></span> <span class='ocrx_word' id='word_1_797' title='bbox 821 4841 1080 4898; x_wconf 82' lang='lat' dir='ltr'><strong>corpore,</strong></span> <span class='ocrx_word' id='word_1_798' title='bbox 1097 4827 1151 4881; x_wconf 92' lang='lat' dir='ltr'><strong>id</strong></span> <span class='ocrx_word' id='word_1_799' title='bbox 1179 4837 1263 4882; x_wconf 88' lang='lat' dir='ltr'><strong>est</strong></span> <span class='ocrx_word' id='word_1_800' title='bbox 1300 4829 1718 4884; x_wconf 90' lang='lat' dir='ltr'><strong>consuetudines</strong></span> <span class='ocrx_word' id='word_1_801' title='bbox 1741 4831 1823 4885; x_wconf 88' lang='lat' dir='ltr'><strong>in-</strong></span> 
     </span>
    </p>
   </div>
   <div class='ocr_carea' id='block_1_96' title="bbox 244 4915 1822 4990">
    <p class='ocr_par' dir='ltr' id='par_1_96' title="bbox 244 4915 1822 4990">
     <span class='ocr_line' id='line_1_96' title="bbox 244 4915 1822 4990; baseline 0.001 -17"><span class='ocrx_word' id='word_1_802' title='bbox 244 4915 552 4974; x_wconf 90' lang='lat' dir='ltr'><strong>clinationis</strong></span> <span class='ocrx_word' id='word_1_803' title='bbox 567 4915 760 4970; x_wconf 81' lang='lat' dir='ltr'><strong>animae</strong></span> <span class='ocrx_word' id='word_1_804' title='bbox 779 4917 846 4971; x_wconf 90' lang='lat' dir='ltr'><strong>ad</strong></span> <span class='ocrx_word' id='word_1_805' title='bbox 866 4915 1153 4970; x_wconf 83' lang='lat' dir='ltr'><strong>fruendum</strong></span> <span class='ocrx_word' id='word_1_806' title='bbox 1175 4915 1521 4971; x_wconf 89' lang='lat' dir='ltr'><strong>interioribus</strong></span> <span class='ocrx_word' id='word_1_807' title='bbox 1536 4931 1632 4988; x_wconf 90' lang='lat' dir='ltr'><strong>per</strong></span> <span class='ocrx_word' id='word_1_808' title='bbox 1653 4919 1822 4990; x_wconf 89' lang='lat' dir='ltr'><strong>ipsius</strong></span> 
     </span>
    </p>
   </div>
   <div class='ocr_carea' id='block_1_97' title="bbox 246 5004 1824 5078">
    <p class='ocr_par' dir='ltr' id='par_1_97' title="bbox 246 5004 1824 5078">
     <span class='ocr_line' id='line_1_97' title="bbox 246 5004 1824 5078; baseline 0.002 -16"><span class='ocrx_word' id='word_1_809' title='bbox 246 5007 488 5077; x_wconf 91' lang='lat' dir='ltr'><strong>corporis</strong></span> <span class='ocrx_word' id='word_1_810' title='bbox 516 5004 841 5062; x_wconf 86' lang='lat' dir='ltr'><strong>laboriosam</strong></span> <span class='ocrx_word' id='word_1_811' title='bbox 869 5005 1159 5074; x_wconf 85' lang='lat' dir='ltr'><strong>quamdam</strong></span> <span class='ocrx_word' id='word_1_812' title='bbox 1183 5005 1444 5061; x_wconf 90' lang='lat' dir='ltr'><strong>malitiam</strong></span> <span class='ocrx_word' id='word_1_813' title='bbox 1478 5009 1824 5078; x_wconf 84' lang='lat' dir='ltr'><strong>exstinguere</strong></span> 
     </span>
    </p>
   </div>
   <div class='ocr_carea' id='block_1_98' title="bbox 245 5093 1824 5162">
    <p class='ocr_par' dir='ltr' id='par_1_98' title="bbox 245 5093 1824 5162">
     <span class='ocr_line' id='line_1_98' title="bbox 245 5093 1824 5162; baseline 0.002 -10"><span class='ocrx_word' id='word_1_814' title='bbox 245 5095 519 5152; x_wconf 81' lang='lat' dir='ltr'><strong>atl‘ectant.</strong></span> <span class='ocrx_word' id='word_1_815' title='bbox 552 5093 688 5149; x_wconf 87' lang='lat' dir='ltr'><strong>Nam</strong></span> <span class='ocrx_word' id='word_1_816' title='bbox 719 5111 825 5150; x_wconf 89' lang='lat' dir='ltr'><strong>non</strong></span> <span class='ocrx_word' id='word_1_817' title='bbox 851 5109 910 5150; x_wconf 90' lang='lat' dir='ltr'><strong>se</strong></span> <span class='ocrx_word' id='word_1_818' title='bbox 945 5096 1284 5162; x_wconf 89' lang='lat' dir='ltr'><strong>interimunt,</strong></span> <span class='ocrx_word' id='word_1_819' title='bbox 1309 5107 1364 5152; x_wconf 90' lang='grc' dir='ltr'><strong>ει</strong></span> <span class='ocrx_word' id='word_1_820' title='bbox 1388 5113 1574 5153; x_wconf 88' lang='lat' dir='ltr'><strong>curam</strong></span> <span class='ocrx_word' id='word_1_821' title='bbox 1597 5114 1706 5154; x_wconf 81' lang='lat' dir='ltr'><strong>suae</strong></span> <span class='ocrx_word' id='word_1_822' title='bbox 1730 5117 1824 5156; x_wconf 86' lang='lat' dir='ltr'><strong>va-</strong></span> 
     </span>
    </p>
   </div>
   <div class='ocr_carea' id='block_1_99' title="bbox 246 5188 1822 5265">
    <p class='ocr_par' dir='ltr' id='par_1_99' title="bbox 246 5188 1822 5265">
     <span class='ocr_line' id='line_1_99' title="bbox 246 5188 1822 5265; baseline 0.002 -18"><span class='ocrx_word' id='word_1_823' title='bbox 246 5191 502 5247; x_wconf 89' lang='lat' dir='ltr'><strong>letudinis</strong></span> <span class='ocrx_word' id='word_1_824' title='bbox 522 5199 738 5262; x_wconf 88' lang='lat' dir='ltr'><strong>gerunt.</strong></span> <span class='ocrx_word' id='word_1_825' title='bbox 762 5188 864 5256; x_wconf 89' lang='lat' dir='ltr'><strong>Qui</strong></span> <span class='ocrx_word' id='word_1_826' title='bbox 891 5197 1072 5244; x_wconf 83' lang='lat' dir='ltr'><strong>autem</strong></span> <span class='ocrx_word' id='word_1_827' title='bbox 1097 5203 1350 5258; x_wconf 84' lang='lat' dir='ltr'><strong>perverse</strong></span> <span class='ocrx_word' id='word_1_828' title='bbox 1375 5192 1428 5246; x_wconf 93' lang='lat' dir='ltr'><strong>id</strong></span> <span class='ocrx_word' id='word_1_829' title='bbox 1457 5201 1644 5265; x_wconf 90' lang='lat' dir='ltr'><strong>agunt,</strong></span> <span class='ocrx_word' id='word_1_830' title='bbox 1667 5195 1822 5265; x_wconf 90' lang='lat' dir='ltr'><strong>quasi</strong></span> 
     </span>
    </p>
   </div>
   <div class='ocr_carea' id='block_1_100' title="bbox 245 5279 1821 5356">
    <p class='ocr_par' dir='ltr' id='par_1_100' title="bbox 245 5279 1821 5356">
     <span class='ocr_line' id='line_1_100' title="bbox 245 5279 1821 5356; baseline 0.003 -20"><span class='ocrx_word' id='word_1_831' title='bbox 245 5281 568 5337; x_wconf 85' lang='lat' dir='ltr'><strong>naturaliter</strong></span> <span class='ocrx_word' id='word_1_832' title='bbox 592 5279 812 5336; x_wconf 90' lang='lat' dir='ltr'><strong>inimico</strong></span> <span class='ocrx_word' id='word_1_833' title='bbox 847 5295 948 5335; x_wconf 92' lang='lat' dir='ltr'><strong>suo</strong></span> <span class='ocrx_word' id='word_1_834' title='bbox 981 5281 1194 5351; x_wconf 91' lang='lat' dir='ltr'><strong>corpori</strong></span> <span class='ocrx_word' id='word_1_835' title='bbox 1233 5281 1432 5337; x_wconf 90' lang='lat' dir='ltr'><strong>bellum</strong></span> <span class='ocrx_word' id='word_1_836' title='bbox 1461 5283 1729 5356; x_wconf 89' lang='lat' dir='ltr'><strong>ingerunt.</strong></span> <span class='ocrx_word' id='word_1_837' title='bbox 1763 5285 1821 5341; x_wconf 91' lang='lat' dir='ltr'><strong>In</strong></span> 
     </span>
    </p>
   </div>
   <div class='ocr_carea' id='block_1_101' title="bbox 247 5371 1826 5446">
    <p class='ocr_par' dir='ltr' id='par_1_101' title="bbox 247 5371 1826 5446">
     <span class='ocr_line' id='line_1_101' title="bbox 247 5371 1826 5446; baseline 0.001 -16"><span class='ocrx_word' id='word_1_838' title='bbox 247 5390 355 5445; x_wconf 91' lang='lat' dir='ltr'><strong>quo</strong></span> <span class='ocrx_word' id='word_1_839' title='bbox 379 5375 517 5430; x_wconf 84' lang='lat' dir='ltr'><strong>fallit</strong></span> <span class='ocrx_word' id='word_1_840' title='bbox 544 5389 638 5431; x_wconf 88' lang='lat' dir='ltr'><strong>eos</strong></span> <span class='ocrx_word' id='word_1_841' title='bbox 662 5375 806 5445; x_wconf 88' lang='lat' dir='ltr'><strong>quod</strong></span> <span class='ocrx_word' id='word_1_842' title='bbox 832 5374 1019 5446; x_wconf 87' lang='lat' dir='ltr'><strong>legunt</strong></span> <span class='ocrx_word' id='word_1_843' title='bbox 1041 5389 1054 5427; x_wconf 91' lang='lat'><strong>:</strong></span> <span class='ocrx_word' id='word_1_844' title='bbox 1080 5371 1216 5428; x_wconf 81' lang='lat' dir='ltr'><strong>Caro</strong></span> <span class='ocrx_word' id='word_1_845' title='bbox 1240 5377 1554 5446; x_wconf 71' lang='lat' dir='ltr'><strong>concupiscit</strong></span> <span class='ocrx_word' id='word_1_846' title='bbox 1580 5377 1826 5433; x_wconf 79' lang='lat' dir='ltr'><strong>adversus</strong></span> 
     </span>
    </p>
   </div>
   <div class='ocr_carea' id='block_1_102' title="bbox 248 5468 1825 5539">
    <p class='ocr_par' dir='ltr' id='par_1_102' title="bbox 248 5468 1825 5539">
     <span class='ocr_line' id='line_1_102' title="bbox 248 5468 1825 5539; baseline 0.001 -18"><span class='ocrx_word' id='word_1_847' title='bbox 248 5469 508 5536; x_wconf 75' lang='lat' dir='ltr'><strong>spiritum,</strong></span> <span class='ocrx_word' id='word_1_848' title='bbox 541 5478 589 5523; x_wconf 88' lang='lat' dir='ltr'><strong>et</strong></span> <span class='ocrx_word' id='word_1_849' title='bbox 626 5469 842 5539; x_wconf 85' lang='lat' dir='ltr'><strong>spiritus</strong></span> <span class='ocrx_word' id='word_1_850' title='bbox 881 5468 1129 5522; x_wconf 73' lang='lat' dir='ltr'><strong>adversus</strong></span> <span class='ocrx_word' id='word_1_851' title='bbox 1155 5482 1405 5532; x_wconf 85' lang='lat' dir='ltr'><strong>carnem;</strong></span> <span class='ocrx_word' id='word_1_852' title='bbox 1432 5469 1542 5522; x_wconf 72' lang='lat' dir='ltr'><strong>lucc</strong></span> <span class='ocrx_word' id='word_1_853' title='bbox 1569 5471 1706 5523; x_wconf 86' lang='lat' dir='ltr'><strong>enim</strong></span> <span class='ocrx_word' id='word_1_854' title='bbox 1745 5472 1825 5524; x_wconf 86' lang='lat' dir='ltr'><strong>in-</strong></span> 
     </span>
    </p>
   </div>
   <div class='ocr_carea' id='block_1_103' title="bbox 249 5556 1824 5631">
    <p class='ocr_par' dir='ltr' id='par_1_103' title="bbox 249 5556 1824 5631">
     <span class='ocr_line' id='line_1_103' title="bbox 249 5556 1824 5631; baseline 0.004 -21"><span class='ocrx_word' id='word_1_855' title='bbox 249 5556 408 5610; x_wconf 72' lang='lat' dir='ltr'><strong>uicem</strong></span> <span class='ocrx_word' id='word_1_856' title='bbox 438 5559 778 5613; x_wconf 79' lang='lat' dir='ltr'><strong>adversantur</strong></span> <span class='ocrx_word' id='word_1_857' title='bbox 804 5557 946 5631; x_wconf 86' lang='lat' dir='ltr'><strong>(Gal.</strong></span> <span class='ocrx_word' id='word_1_858' title='bbox 977 5573 1030 5622; x_wconf 88' lang='lat' dir='ltr'><strong>v,</strong></span> <span class='ocrx_word' id='word_1_859' title='bbox 1062 5557 1171 5631; x_wconf 81' lang='lat' dir='ltr'><strong>l7).</strong></span> <span class='ocrx_word' id='word_1_860' title='bbox 1201 5557 1411 5613; x_wconf 91' lang='lat' dir='ltr'><strong>Dictum</strong></span> <span class='ocrx_word' id='word_1_861' title='bbox 1435 5567 1518 5613; x_wconf 89' lang='lat' dir='ltr'><strong>est</strong></span> <span class='ocrx_word' id='word_1_862' title='bbox 1551 5561 1694 5615; x_wconf 89' lang='lat' dir='ltr'><strong>enim</strong></span> <span class='ocrx_word' id='word_1_863' title='bbox 1723 5561 1824 5616; x_wconf 88' lang='lat' dir='ltr'><strong>hoc</strong></span> 
     </span>
    </p>
   </div>
   <div class='ocr_carea' id='block_1_104' title="bbox 253 5649 1823 5722">
    <p class='ocr_par' dir='ltr' id='par_1_104' title="bbox 253 5649 1823 5722">
     <span class='ocr_line' id='line_1_104' title="bbox 253 5649 1823 5722; baseline 0.006 -21"><span class='ocrx_word' id='word_1_864' title='bbox 253 5654 471 5719; x_wconf 82' lang='lat' dir='ltr'><strong>propter</strong></span> <span class='ocrx_word' id='word_1_865' title='bbox 496 5649 811 5708; x_wconf 82' lang='lat' dir='ltr'><strong>indomitam</strong></span> <span class='ocrx_word' id='word_1_866' title='bbox 837 5650 1109 5708; x_wconf 86' lang='lat' dir='ltr'><strong>carnalem</strong></span> <span class='ocrx_word' id='word_1_867' title='bbox 1135 5651 1597 5722; x_wconf 88' lang='lat' dir='ltr'><strong>consuetudinem,</strong></span> <span class='ocrx_word' id='word_1_868' title='bbox 1633 5654 1823 5711; x_wconf 85' lang='lat' dir='ltr'><strong>adver-</strong></span> 
     </span>
    </p>
   </div>
   <div class='ocr_carea' id='block_1_105' title="bbox 1923 4478 3502 4556">
    <p class='ocr_par' dir='ltr' id='par_1_105' title="bbox 1923 4478 3502 4556">
     <span class='ocr_line' id='line_1_105' title="bbox 1923 4478 3502 4556; baseline 0.005 -24"><span class='ocrx_word' id='word_1_869' title='bbox 1923 4478 2129 4550; x_wconf 90' lang='lat' dir='ltr'><strong>gendus</strong></span> <span class='ocrx_word' id='word_1_870' title='bbox 2155 4487 2240 4534; x_wconf 91' lang='lat' dir='ltr'><strong>est</strong></span> <span class='ocrx_word' id='word_1_871' title='bbox 2265 4494 2428 4548; x_wconf 89' lang='lat' dir='ltr'><strong>quam</strong></span> <span class='ocrx_word' id='word_1_872' title='bbox 2451 4495 2648 4550; x_wconf 89' lang='lat' dir='ltr'><strong>corpus</strong></span> <span class='ocrx_word' id='word_1_873' title='bbox 2671 4490 2936 4550; x_wconf 88' lang='lat' dir='ltr'><strong>nostrum,</strong></span> <span class='ocrx_word' id='word_1_874' title='bbox 2960 4486 3084 4554; x_wconf 90' lang='lat' dir='ltr'><strong>quia</strong></span> <span class='ocrx_word' id='word_1_875' title='bbox 3106 4495 3328 4556; x_wconf 86' lang='lat' dir='ltr'><strong>propter</strong></span> <span class='ocrx_word' id='word_1_876' title='bbox 3339 4487 3502 4541; x_wconf 87' lang='lat' dir='ltr'><strong>Deum</strong></span> 
     </span>
    </p>
   </div>
   <div class='ocr_carea' id='block_1_106' title="bbox 1923 4571 3504 4647">
    <p class='ocr_par' dir='ltr' id='par_1_106' title="bbox 1923 4571 3504 4647">
     <span class='ocr_line' id='line_1_106' title="bbox 1923 4571 3504 4647; baseline 0.005 -19"><span class='ocrx_word' id='word_1_877' title='bbox 1923 4573 2102 4628; x_wconf 90' lang='lat' dir='ltr'><strong>omnia</strong></span> <span class='ocrx_word' id='word_1_878' title='bbox 2131 4571 2237 4626; x_wconf 91' lang='lat' dir='ltr'><strong>ista</strong></span> <span class='ocrx_word' id='word_1_879' title='bbox 2268 4571 2541 4644; x_wconf 84' lang='lat' dir='ltr'><strong>diligenda</strong></span> <span class='ocrx_word' id='word_1_880' title='bbox 2567 4583 2728 4641; x_wconf 91' lang='lat' dir='ltr'><strong>sunt,</strong></span> <span class='ocrx_word' id='word_1_881' title='bbox 2772 4583 2827 4630; x_wconf 93' lang='lat' dir='ltr'><strong>et</strong></span> <span class='ocrx_word' id='word_1_882' title='bbox 2853 4583 3032 4647; x_wconf 90' lang='lat' dir='ltr'><strong>potest</strong></span> <span class='ocrx_word' id='word_1_883' title='bbox 3058 4579 3341 4635; x_wconf 90' lang='lat' dir='ltr'><strong>nobiscum</strong></span> <span class='ocrx_word' id='word_1_884' title='bbox 3370 4581 3504 4636; x_wconf 88' lang='lat' dir='ltr'><strong>alius</strong></span> 
     </span>
    </p>
   </div>
   <div class='ocr_carea' id='block_1_107' title="bbox 1922 4661 3517 4740">
    <p class='ocr_par' dir='ltr' id='par_1_107' title="bbox 1922 4661 3517 4740">
     <span class='ocr_line' id='line_1_107' title="bbox 1922 4661 3517 4740; baseline 0 -21"><span class='ocrx_word' id='word_1_885' title='bbox 1922 4661 2085 4719; x_wconf 86' lang='lat' dir='ltr'><strong>homo</strong></span> <span class='ocrx_word' id='word_1_886' title='bbox 2102 4661 2212 4717; x_wconf 89' lang='lat' dir='ltr'><strong>Deo</strong></span> <span class='ocrx_word' id='word_1_887' title='bbox 2222 4661 2428 4733; x_wconf 82' lang='lat' dir='ltr'><strong>perfrui</strong></span> <span class='ocrx_word' id='word_1_888' title='bbox 2444 4663 2587 4732; x_wconf 89' lang='lat' dir='ltr'><strong>quod</strong></span> <span class='ocrx_word' id='word_1_889' title='bbox 2612 4679 2720 4720; x_wconf 91' lang='lat' dir='ltr'><strong>non</strong></span> <span class='ocrx_word' id='word_1_890' title='bbox 2742 4672 2920 4735; x_wconf 89' lang='lat' dir='ltr'><strong>potest</strong></span> <span class='ocrx_word' id='word_1_891' title='bbox 2939 4682 3156 4737; x_wconf 88' lang='lat' dir='ltr'><strong>corpus,</strong></span> <span class='ocrx_word' id='word_1_892' title='bbox 3174 4669 3300 4738; x_wconf 88' lang='lat' dir='ltr'><strong>quia</strong></span> <span class='ocrx_word' id='word_1_893' title='bbox 3313 4684 3517 4740; x_wconf 85' lang='lat' dir='ltr'><strong>corpus.</strong></span> 
     </span>
    </p>
   </div>
   <div class='ocr_carea' id='block_1_108' title="bbox 1921 4750 3502 4822">
    <p class='ocr_par' dir='ltr' id='par_1_108' title="bbox 1921 4750 3502 4822">
     <span class='ocr_line' id='line_1_108' title="bbox 1921 4750 3502 4822; baseline 0.005 -19"><span class='ocrx_word' id='word_1_894' title='bbox 1921 4764 2020 4820; x_wconf 88' lang='lat' dir='ltr'><strong>per</strong></span> <span class='ocrx_word' id='word_1_895' title='bbox 2061 4750 2298 4804; x_wconf 88' lang='lat' dir='ltr'><strong>animam</strong></span> <span class='ocrx_word' id='word_1_896' title='bbox 2325 4751 2462 4805; x_wconf 89' lang='lat' dir='ltr'><strong>vivit</strong></span> <span class='ocrx_word' id='word_1_897' title='bbox 2508 4760 2636 4822; x_wconf 70' lang='lat' dir='ltr'><strong>qua?</strong></span> <span class='ocrx_word' id='word_1_898' title='bbox 2657 4751 2889 4808; x_wconf 84' lang='lat' dir='ltr'><strong>fruimur</strong></span> <span class='ocrx_word' id='word_1_899' title='bbox 2914 4755 3042 4809; x_wconf 91' lang='lat' dir='ltr'><strong>Deo.</strong></span> <span class='ocrx_word' id='word_1_900' title='bbox 3096 4755 3296 4811; x_wconf 90' lang='lat' dir='ltr'><strong>Omnes</strong></span> <span class='ocrx_word' id='word_1_901' title='bbox 3323 4766 3502 4813; x_wconf 88' lang='lat' dir='ltr'><strong>autem</strong></span> 
     </span>
    </p>
   </div>
   <div class='ocr_carea' id='block_1_109' title="bbox 1924 4842 3503 4918">
    <p class='ocr_par' dir='ltr' id='par_1_109' title="bbox 1924 4842 3503 4918">
     <span class='ocr_line' id='line_1_109' title="bbox 1924 4842 3503 4918; baseline 0.004 -22"><span class='ocrx_word' id='word_1_902' title='bbox 1924 4857 2078 4912; x_wconf 73' lang='lat' dir='ltr'><strong>teque</strong></span> <span class='ocrx_word' id='word_1_903' title='bbox 2097 4842 2351 4913; x_wconf 91' lang='lat' dir='ltr'><strong>diligendi</strong></span> <span class='ocrx_word' id='word_1_904' title='bbox 2381 4852 2528 4898; x_wconf 89' lang='lat' dir='ltr'><strong>sunt.</strong></span> <span class='ocrx_word' id='word_1_905' title='bbox 2577 4842 2682 4898; x_wconf 92' lang='lat' dir='ltr'><strong>Sed</strong></span> <span class='ocrx_word' id='word_1_906' title='bbox 2703 4858 2826 4898; x_wconf 90' lang='lat' dir='ltr'><strong>cum</strong></span> <span class='ocrx_word' id='word_1_907' title='bbox 2848 4845 3102 4901; x_wconf 90' lang='lat' dir='ltr'><strong>omnibus</strong></span> <span class='ocrx_word' id='word_1_908' title='bbox 3123 4845 3380 4918; x_wconf 83' lang='lat' dir='ltr'><strong>prodesse</strong></span> <span class='ocrx_word' id='word_1_909' title='bbox 3399 4863 3503 4902; x_wconf 89' lang='lat' dir='ltr'><strong>non</strong></span> 
     </span>
    </p>
   </div>
   <div class='ocr_carea' id='block_1_110' title="bbox 1924 4933 3504 5008">
    <p class='ocr_par' dir='ltr' id='par_1_110' title="bbox 1924 4933 3504 5008">
     <span class='ocr_line' id='line_1_110' title="bbox 1924 4933 3504 5008; baseline 0.004 -23"><span class='ocrx_word' id='word_1_910' title='bbox 1924 4933 2118 5003; x_wconf 89' lang='lat' dir='ltr'><strong>possis,</strong></span> <span class='ocrx_word' id='word_1_911' title='bbox 2137 4933 2222 4987; x_wconf 89' lang='lat' dir='ltr'><strong>his</strong></span> <span class='ocrx_word' id='word_1_912' title='bbox 2236 4933 2577 5003; x_wconf 88' lang='lat' dir='ltr'><strong>potissimum</strong></span> <span class='ocrx_word' id='word_1_913' title='bbox 2599 4934 2984 4989; x_wconf 90' lang='lat' dir='ltr'><strong>consulendum</strong></span> <span class='ocrx_word' id='word_1_914' title='bbox 3011 4945 3114 5002; x_wconf 90' lang='lat' dir='ltr'><strong>est,</strong></span> <span class='ocrx_word' id='word_1_915' title='bbox 3132 4937 3222 5006; x_wconf 90' lang='lat' dir='ltr'><strong>qui</strong></span> <span class='ocrx_word' id='word_1_916' title='bbox 3245 4953 3346 5008; x_wconf 90' lang='lat' dir='ltr'><strong>pro</strong></span> <span class='ocrx_word' id='word_1_917' title='bbox 3367 4937 3504 4994; x_wconf 90' lang='lat' dir='ltr'><strong>Ioco-</strong></span> 
     </span>
    </p>
   </div>
   <div class='ocr_carea' id='block_1_111' title="bbox 1926 5023 3507 5097">
    <p class='ocr_par' dir='ltr' id='par_1_111' title="bbox 1926 5023 3507 5097">
     <span class='ocr_line' id='line_1_111' title="bbox 1926 5023 3507 5097; baseline 0.003 -21"><span class='ocrx_word' id='word_1_918' title='bbox 1926 5036 2046 5076; x_wconf 88' lang='lat' dir='ltr'><strong>rum</strong></span> <span class='ocrx_word' id='word_1_919' title='bbox 2060 5030 2112 5077; x_wconf 89' lang='lat' dir='ltr'><strong>et</strong></span> <span class='ocrx_word' id='word_1_920' title='bbox 2129 5031 2453 5094; x_wconf 87' lang='lat' dir='ltr'><strong>temporum,</strong></span> <span class='ocrx_word' id='word_1_921' title='bbox 2469 5023 2554 5078; x_wconf 89' lang='lat' dir='ltr'><strong>vel</strong></span> <span class='ocrx_word' id='word_1_922' title='bbox 2568 5024 2927 5094; x_wconf 86' lang='lat' dir='ltr'><strong>quarumlibet</strong></span> <span class='ocrx_word' id='word_1_923' title='bbox 2941 5041 3122 5082; x_wconf 89' lang='lat' dir='ltr'><strong>rerum</strong></span> <span class='ocrx_word' id='word_1_924' title='bbox 3135 5027 3507 5097; x_wconf 86' lang='lat' dir='ltr'><strong>opportunita-</strong></span> 
     </span>
    </p>
   </div>
   <div class='ocr_carea' id='block_1_112' title="bbox 1927 5113 3499 5190">
    <p class='ocr_par' dir='ltr' id='par_1_112' title="bbox 1927 5113 3499 5190">
     <span class='ocr_line' id='line_1_112' title="bbox 1927 5113 3499 5190; baseline 0.003 -22"><span class='ocrx_word' id='word_1_925' title='bbox 1927 5113 2073 5169; x_wconf 90' lang='lat' dir='ltr'><strong>tibus</strong></span> <span class='ocrx_word' id='word_1_926' title='bbox 2084 5115 2432 5170; x_wconf 88' lang='lat' dir='ltr'><strong>constrictius</strong></span> <span class='ocrx_word' id='word_1_927' title='bbox 2455 5115 2549 5170; x_wconf 93' lang='lat' dir='ltr'><strong>tibi</strong></span> <span class='ocrx_word' id='word_1_928' title='bbox 2573 5117 2727 5186; x_wconf 90' lang='lat' dir='ltr'><strong>quasi</strong></span> <span class='ocrx_word' id='word_1_929' title='bbox 2742 5117 2970 5187; x_wconf 82' lang='lat' dir='ltr'><strong>quadam</strong></span> <span class='ocrx_word' id='word_1_930' title='bbox 2987 5127 3132 5174; x_wconf 89' lang='lat' dir='ltr'><strong>sorte</strong></span> <span class='ocrx_word' id='word_1_931' title='bbox 3149 5119 3466 5190; x_wconf 87' lang='lat' dir='ltr'><strong>junguntur.</strong></span> <span class='ocrx_word' id='word_1_932' title='bbox 3481 5140 3499 5172; x_wconf 72' lang='grc' dir='ltr'><strong>ι</strong></span> 
     </span>
    </p>
   </div>
   <div class='ocr_carea' id='block_1_113' title="bbox 2000 5203 3506 5278">
    <p class='ocr_par' dir='ltr' id='par_1_113' title="bbox 2000 5203 3506 5278">
     <span class='ocr_line' id='line_1_113' title="bbox 2000 5203 3506 5278; baseline 0.004 -20"><span class='ocrx_word' id='word_1_933' title='bbox 2000 5203 2066 5258; x_wconf 85' lang='grc' dir='ltr'>Ει</span> <span class='ocrx_word' id='word_1_934' title='bbox 2089 5211 2210 5275; x_wconf 89' lang='lat' dir='ltr'><strong>post</strong></span> <span class='ocrx_word' id='word_1_935' title='bbox 2245 5205 2390 5260; x_wconf 89' lang='lat' dir='ltr'><strong>alia:</strong></span> <span class='ocrx_word' id='word_1_936' title='bbox 2443 5223 2462 5257; x_wconf 85' lang='grc'><em>‹</em></span> <span class='ocrx_word' id='word_1_937' title='bbox 2495 5205 2749 5262; x_wconf 89' lang='lat' dir='ltr'><strong>Omnium</strong></span> <span class='ocrx_word' id='word_1_938' title='bbox 2774 5216 2953 5262; x_wconf 88' lang='lat' dir='ltr'><strong>autem</strong></span> <span class='ocrx_word' id='word_1_939' title='bbox 2982 5211 3073 5278; x_wconf 91' lang='lat' dir='ltr'><strong>qui</strong></span> <span class='ocrx_word' id='word_1_940' title='bbox 3097 5210 3377 5266; x_wconf 87' lang='lat' dir='ltr'><strong>nobiscum</strong></span> <span class='ocrx_word' id='word_1_941' title='bbox 3399 5209 3506 5264; x_wconf 82' lang='lat' dir='ltr'><strong>frui</strong></span> 
     </span>
    </p>
   </div>
   <div class='ocr_carea' id='block_1_114' title="bbox 1926 5296 3503 5371">
    <p class='ocr_par' dir='ltr' id='par_1_114' title="bbox 1926 5296 3503 5371">
     <span class='ocr_line' id='line_1_114' title="bbox 1926 5296 3503 5371; baseline 0.003 -21"><span class='ocrx_word' id='word_1_942' title='bbox 1926 5305 2152 5365; x_wconf 91' lang='lat' dir='ltr'><strong>possunt</strong></span> <span class='ocrx_word' id='word_1_943' title='bbox 2175 5296 2304 5363; x_wconf 92' lang='lat' dir='ltr'><strong>Deo,</strong></span> <span class='ocrx_word' id='word_1_944' title='bbox 2334 5296 2542 5367; x_wconf 90' lang='lat' dir='ltr'><strong>aliquos</strong></span> <span class='ocrx_word' id='word_1_945' title='bbox 2568 5297 2840 5367; x_wconf 87' lang='lat' dir='ltr'><strong>diligimus</strong></span> <span class='ocrx_word' id='word_1_946' title='bbox 2864 5313 2998 5369; x_wconf 92' lang='lat' dir='ltr'><strong>quos</strong></span> <span class='ocrx_word' id='word_1_947' title='bbox 3027 5299 3128 5369; x_wconf 89' lang='lat' dir='ltr'><strong>ipsi</strong></span> <span class='ocrx_word' id='word_1_948' title='bbox 3169 5300 3503 5371; x_wconf 81' lang='lat' dir='ltr'><strong>adjuvamus,</strong></span> 
     </span>
    </p>
   </div>
   <div class='ocr_carea' id='block_1_115' title="bbox 1925 5387 3504 5462">
    <p class='ocr_par' dir='ltr' id='par_1_115' title="bbox 1925 5387 3504 5462">
     <span class='ocr_line' id='line_1_115' title="bbox 1925 5387 3504 5462; baseline 0.003 -22"><span class='ocrx_word' id='word_1_949' title='bbox 1925 5388 2125 5456; x_wconf 90' lang='lat' dir='ltr'><strong>partim</strong></span> <span class='ocrx_word' id='word_1_950' title='bbox 2152 5402 2245 5443; x_wconf 88' lang='lat' dir='ltr'><strong>eos</strong></span> <span class='ocrx_word' id='word_1_951' title='bbox 2273 5404 2302 5441; x_wconf 92' lang='lat' dir='ltr'><strong>a</strong></span> <span class='ocrx_word' id='word_1_952' title='bbox 2348 5389 2544 5459; x_wconf 89' lang='lat' dir='ltr'><strong>quibus</strong></span> <span class='ocrx_word' id='word_1_953' title='bbox 2574 5387 2892 5458; x_wconf 87' lang='lat' dir='ltr'><strong>adjuvamur</strong></span> <span class='ocrx_word' id='word_1_954' title='bbox 2910 5431 2924 5456; x_wconf 91' lang='lat'><strong>,</strong></span> <span class='ocrx_word' id='word_1_955' title='bbox 2972 5393 3168 5460; x_wconf 89' lang='lat' dir='ltr'><strong>partim</strong></span> <span class='ocrx_word' id='word_1_956' title='bbox 3195 5405 3423 5462; x_wconf 90' lang='lat' dir='ltr'><strong>quorum</strong></span> <span class='ocrx_word' id='word_1_957' title='bbox 3450 5400 3504 5444; x_wconf 91' lang='lat' dir='ltr'><strong>et</strong></span> 
     </span>
    </p>
   </div>
   <div class='ocr_carea' id='block_1_116' title="bbox 1924 5477 3502 5555">
    <p class='ocr_par' dir='ltr' id='par_1_116' title="bbox 1924 5477 3502 5555">
     <span class='ocr_line' id='line_1_116' title="bbox 1924 5477 3502 5555; baseline 0.001 -23"><span class='ocrx_word' id='word_1_958' title='bbox 1924 5477 2227 5548; x_wconf 87' lang='lat' dir='ltr'><strong>indigemus</strong></span> <span class='ocrx_word' id='word_1_959' title='bbox 2251 5479 2542 5550; x_wconf 88' lang='lat' dir='ltr'><strong>adjutorio,</strong></span> <span class='ocrx_word' id='word_1_960' title='bbox 2570 5488 2627 5535; x_wconf 92' lang='lat' dir='ltr'><strong>et</strong></span> <span class='ocrx_word' id='word_1_961' title='bbox 2653 5482 2962 5553; x_wconf 75' lang='lat' dir='ltr'><strong>indigentia:</strong></span> <span class='ocrx_word' id='word_1_962' title='bbox 2988 5484 3353 5550; x_wconf 86' lang='lat' dir='ltr'><strong>subvenimus,</strong></span> <span class='ocrx_word' id='word_1_963' title='bbox 3382 5497 3502 5555; x_wconf 85' lang='lat' dir='ltr'><strong>par-</strong></span> 
     </span>
    </p>
   </div>
   <div class='ocr_carea' id='block_1_117' title="bbox 1919 5566 3498 5649">
    <p class='ocr_par' dir='ltr' id='par_1_117' title="bbox 1919 5566 3498 5649">
     <span class='ocr_line' id='line_1_117' title="bbox 1919 5566 3498 5649; baseline 0.006 -30"><span class='ocrx_word' id='word_1_964' title='bbox 1919 5566 2019 5620; x_wconf 90' lang='lat' dir='ltr'><strong>tim</strong></span> <span class='ocrx_word' id='word_1_965' title='bbox 2064 5569 2259 5638; x_wconf 87' lang='lat' dir='ltr'><strong>quibus</strong></span> <span class='ocrx_word' id='word_1_966' title='bbox 2296 5586 2398 5626; x_wconf 90' lang='lat' dir='ltr'><strong>nec</strong></span> <span class='ocrx_word' id='word_1_967' title='bbox 2442 5571 2543 5641; x_wconf 90' lang='lat' dir='ltr'><strong>ipsi</strong></span> <span class='ocrx_word' id='word_1_968' title='bbox 2579 5570 2911 5629; x_wconf 81' lang='lat' dir='ltr'><strong>conferimus</strong></span> <span class='ocrx_word' id='word_1_969' title='bbox 2959 5573 3163 5644; x_wconf 89' lang='lat' dir='ltr'><strong>aliquid</strong></span> <span class='ocrx_word' id='word_1_970' title='bbox 3213 5569 3498 5649; x_wconf 72' lang='lat' dir='ltr'><strong>commodi,</strong></span> 
     </span>
    </p>
   </div>
   <div class='ocr_carea' id='block_1_118' title="bbox 1924 5661 3496 5725">
    <p class='ocr_par' dir='ltr' id='par_1_118' title="bbox 1924 5661 3496 5725">
     <span class='ocr_line' id='line_1_118' title="bbox 1924 5661 3496 5725; baseline 0.006 -13"><span class='ocrx_word' id='word_1_971' title='bbox 1924 5672 2024 5714; x_wconf 89' lang='lat' dir='ltr'><strong>nec</strong></span> <span class='ocrx_word' id='word_1_972' title='bbox 2052 5661 2120 5716; x_wconf 88' lang='lat' dir='ltr'><strong>ab</strong></span> <span class='ocrx_word' id='word_1_973' title='bbox 2149 5662 2227 5718; x_wconf 88' lang='lat' dir='ltr'><strong>eis</strong></span> <span class='ocrx_word' id='word_1_974' title='bbox 2258 5671 2316 5718; x_wconf 90' lang='lat' dir='ltr'><strong>ut</strong></span> <span class='ocrx_word' id='word_1_975' title='bbox 2351 5664 2506 5719; x_wconf 88' lang='lat' dir='ltr'><strong>nobis</strong></span> <span class='ocrx_word' id='word_1_976' title='bbox 2531 5663 2843 5720; x_wconf 84' lang='lat' dir='ltr'><strong>conferatur</strong></span> <span class='ocrx_word' id='word_1_977' title='bbox 2868 5666 3212 5724; x_wconf 86' lang='lat' dir='ltr'><strong>attendimus.</strong></span> <span class='ocrx_word' id='word_1_978' title='bbox 3247 5665 3392 5725; x_wconf 65' lang='lat' dir='ltr'><strong>Velle</strong></span> <span class='ocrx_word' id='word_1_979' title='bbox 3418 5671 3496 5721; x_wconf 69' lang='lat' dir='ltr'><strong>ta-</strong></span> 
     </span>
    </p>
   </div>
  </div>
