3838 6144
264 254 359 309 5:31

1267 248 1392 304 LIB.
1436 246 1807 304 ADVERSUS
1847 246 2208 307 CLAUDIUM
2241 245 2526 308 TAURIN.

261 383 388 427 men
417 364 676 420 debemus
729 375 788 419 ut
833 381 1022 421 omnes
1052 365 1350 422 'nobiscum
1395 365 1622 435 diligant
1649 365 1838 430 Deum,
1869 370 1921 428 Α
1943 365 2275 435 Augustinus
2300 367 2355 422 in
2379 366 2520 423 libro
2548 381 2687 432 xxu,
2714 364 2780 422 de
2810 364 3041 423 Civitate
3061 363 3156 422 Dei
3186 365 3373 431 refert,
3402 373 3536 425 satis

263 471 316 513 et
344 462 521 513 totum
547 457 688 525 quod
718 471 811 511 eos
840 456 924 510 vel
949 454 1292 526 adjuvamus,
1323 455 1406 509 vel
1434 455 1754 526 adjuvamur
1779 456 1846 511 ab

260 549 361 613 eis,
388 549 456 603 ad
488 563 653 602 unum
682 547 833 601 illum
861 546 1021 600 tinem
1047 545 1391 601 referendum
1414 556 1518 601 est.
1542 565 1559 598 ι
1591 545 1844 600 Siautem

259 638 594 710 Augustinus
642 646 952 692 sanctorum
999 637 1332 701 memorias,
1371 636 1636 692 orationis
1683 651 1845 704 causa

259 745 372 786 non
418 744 540 784 esse
584 727 885 782 censuisset
933 727 1291 796 appetendas,
1348 727 1418 782 ob
1463 727 1568 782 hoc
1598 726 1849 782 videlicet

259 820 404 889 quod
433 819 578 873 nulla
617 819 816 873 ibidem
851 819 1120 887 copiosius
1168 816 1254 871 vel
1299 817 1620 885 praesentius
1657 832 1846 872 eorum

259 911 472 965 meritis
501 926 532 964 a
557 911 666 964 Deo
694 908 947 980 suffragia
975 908 1405 978 supplicantibus
1429 918 1844 980 praestarentur,

258 1000 457 1055 mirum
483 1001 699 1054 videtur
727 1015 823 1055 cur
853 1007 1034 1054 tantus
1065 1008 1118 1054 et
1153 1000 1277 1054 talis
1305 1007 1496 1054 auctor
1525 1009 1635 1054 tam
1657 1001 1848 1056 doctus

257 1099 316 1145 et
335 1106 503 1144 verax
533 1091 588 1145 in
612 1091 824 1144 caeteris
859 1091 972 1145 suis
999 1090 1152 1146 libris
1181 1090 1364 1146 omnia
1395 1091 1614 1146 sibimet
1633 1099 1849 1149 contra-

257 1181 341 1234 ria
370 1181 566 1236 docere
600 1189 658 1235 et
687 1179 1017 1236 confirmare
1047 1197 1155 1237 non
1192 1181 1472 1238 erubuerit
1497 1223 1510 1249 ,
1542 1183 1675 1239 dicit
1701 1185 1846 1239 enim

258 1271 315 1325 in
343 1270 482 1325 libro
509 1271 576 1326 de
601 1270 740 1327 Cura
772 1287 872 1342 pro
895 1272 1126 1326 mortuis
1159 1273 1417 1339 gerenda,
1466 1275 1532 1329 ad
1562 1275 1846 1332 Paulinum

256 1360 610 1430 episcopum:
661 1379 679 1412 ι
714 1361 816 1416 Alii
849 1371 975 1418 sunt
999 1363 1356 1419 humanarum
1392 1365 1592 1422 limites
1641 1384 1844 1434 rerum,

257 1448 361 1504 alia
389 1449 692 1504 divinarum
724 1450 877 1522 signa
905 1452 1187 1507 virtutum.
1239 1454 1356 1508 Alia
1390 1463 1517 1510 sunt
1541 1472 1662 1526 qua:
1690 1465 1848 1512 natu-

257 1540 467 1606 raliter,
516 1541 620 1596 alia
658 1559 778 1612 qua:
807 1544 1135 1601 mirabiliter
1161 1544 1332 1601 ﬁunt:
1386 1548 1634 1617 quamvis
1660 1557 1716 1604 et
1751 1565 1847 1605 na-

255 1641 393 1688 tura:
420 1634 563 1688 Deus
591 1634 754 1702 adsit,
810 1644 865 1692 et
890 1637 1165 1692 miraculis
1190 1646 1382 1693 natura
1411 1656 1517 1694 non
1541 1641 1699 1696 desit.
1727 1641 1845 1698 Non

1946 464 2190 525 apparet,
2227 457 2353 511 dum
2379 455 2496 525 ejus
2517 455 2772 512 Claudius
2801 472 2953 513 suam
2976 459 3303 514 auctoritate
3331 469 3536 516 sectam
3573 491 3589 503 γι

1946 546 2178 602 mstimet
2204 563 2362 617 posse
2392 563 2511 604 esse
2535 547 2832 622 suffultam,
2863 547 3015 616 cujus
3041 550 3204 605 verba
3232 560 3360 606 sunt
3385 550 3534 606 brec:
3584 575 3586 577 ν

1952 654 1972 688 ι
1992 638 2412 696 Virtribunitius
2426 639 2717 710 Hesperius
2733 640 2872 711 apud
2895 655 2994 697 nos
3017 648 3119 694 est.
3150 640 3323 697 Habet
3351 641 3403 696 in
3434 650 3539 697 ter-

1946 727 2138 783 ritorio
2153 720 2462 785 Fussalensi
2493 729 2716 784 fundum
2741 731 2831 800 qui
2863 730 3048 784 Zubeli
3078 730 3394 800 appellatur.
3431 730 3531 788 Ubi

1946 833 2071 874 cum
2098 817 2384 875 afﬂictione
2431 820 2744 874 animalium
2769 828 2824 875 et
2862 835 3143 876 servorum
3174 837 3394 876 suorum
3431 823 3529 877 do-

1948 927 2094 966 mum
2133 927 2287 967 suam
2317 914 2603 983 spirituum
2631 915 2989 986 malignorum
3013 915 3123 969 vim
3165 915 3379 969 noxiam
3408 930 3530 986 per-

1945 1001 2058 1071 peti
2080 1003 2454 1071 comperisset,
2496 1005 2704 1073 accepit
2733 1003 2800 1058 ab
2829 1005 3004 1059 amico
3042 1021 3140 1060 suo
3174 1012 3373 1059 terram
3403 1020 3531 1060 san-

1946 1099 2092 1147 ctam
2112 1093 2190 1150 .de
2209 1093 2597 1166 Hierosolymis
2618 1093 2834 1150 allatam
2855 1136 2870 1161 ,
2898 1094 2986 1149 ubi
3019 1095 3258 1164 sepultus
3283 1095 3530 1150 Christus

1947 1183 2034 1238 die
2061 1185 2220 1239 tertio
2260 1184 2588 1250 resurrexit,
2628 1200 2854 1254 eamque
2885 1184 3238 1254 suspenderat
3277 1184 3332 1238 in
3373 1183 3530 1239 cubi-

1947 1273 2070 1329 culo
2116 1289 2235 1340 suo,
2293 1289 2364 1331 ne
2401 1275 2530 1346 quid
2574 1275 2702 1329 mali
2748 1276 2913 1330 etiam
2959 1276 3073 1344 ipse
3107 1283 3403 1346 pateretur.
3450 1273 3529 1329 Ex

1947 1373 2076 1420 tunc
2127 1367 2319 1422 domus
2361 1364 2479 1434 ejus
2507 1367 2576 1422 ab
2613 1366 2702 1421 illa
2754 1365 3104 1421 infestatione
3148 1373 3375 1436 purgata
3425 1374 3525 1426 est.

1947 1454 2077 1524 quid
2105 1457 2171 1510 de
2213 1455 2306 1511 illa
2341 1463 2486 1511 terra
2536 1456 2692 1512 fieret
2718 1456 3010 1528 cogitabat,
3057 1470 3218 1525 quam
3245 1455 3446 1510 diutius
3473 1454 3529 1509 in

1948 1545 2194 1601 cubiculo
2218 1562 2315 1601 suo
2347 1548 2662 1603 reverentiae
2681 1562 2845 1602 causa
2874 1547 3074 1602 habere
3102 1545 3335 1602 nolebat.
3367 1545 3532 1601 Forte

1949 1635 2147 1690 accidit
2178 1643 2236 1690 ut
2263 1651 2362 1707 ego
2409 1644 2466 1691 et
2486 1635 2692 1705 collega
2721 1642 2848 1690 tunc
2874 1651 3028 1691 meus
3063 1634 3344 1705 episcopus
3389 1632 3532 1689 Sini-

255 1726 422 1797 igitur
464 1727 590 1783 ideo
615 1730 910 1798 putandum
937 1738 1019 1785 est
1043 1730 1289 1786 vivorum
1332 1733 1660 1802 quibuslibet
1686 1736 1843 1792 rebus

1949 1725 2128 1781 censis
2154 1724 2409 1780 Ecclesia:
2450 1725 2772 1782 Maximinus
2819 1725 2872 1778 in
2899 1725 3144 1794 proximo
3166 1739 3429 1788 essemus,
3470 1734 3533 1779 ut

254 1817 521 1874 interesse
569 1835 726 1889 posse
757 1820 1060 1888 defunctos,
1109 1825 1364 1891 quoniam
1409 1825 1731 1896 quibusdam
1758 1845 1846 1884 sa-

252 1914 449 1969 nandis
483 1915 567 1971 vel
590 1916 910 1987 adjuvandis
929 1926 1197 1990 martyres
1222 1921 1419 1975 adsunt
1443 1936 1457 1974 :
1490 1923 1584 1977 sed
1612 1922 1733 1978 ideo
1756 1939 1847 1994 po-

252 2006 362 2062 tius
387 2008 798 2079 intelligendum
827 2018 913 2066 est
943 2013 1088 2081 quod
1133 2027 1232 2081 per
1276 2013 1513 2068 divinam
1544 2015 1843 2083 potentiam

252 2104 527 2167 martyres
555 2099 800 2154 vivorum
838 2101 1003 2156 rebus
1025 2101 1330 2170 intersunt;
1371 2104 1628 2173 quoniam
1657 2105 1846 2160 defun-

250 2187 324 2241 cti
358 2203 459 2258 per
489 2197 740 2244 naturam
766 2191 1042 2262 propriam
1090 2191 1334 2248 vivorum
1377 2193 1540 2249 rebus
1578 2195 1846 2252 interesse

252 2293 361 2332 non
388 2290 635 2348 possunt.
687 2281 1010 2352 Quanquam
1060 2284 1167 2339 ista
1193 2285 1422 2354 quaestio
1457 2286 1602 2342 vires
1647 2287 1846 2346 intelli-

252 2371 451 2440 gentia:
482 2388 616 2428 meae
642 2374 829 2440 vincit,
857 2376 1311 2446 quemadmodum
1347 2379 1679 2448 opitulentur
1700 2396 1845 2436 mar-

254 2467 405 2530 tyres
438 2462 526 2517 his
554 2478 691 2532 quos
735 2480 835 2534 per
861 2481 954 2522 eos
979 2476 1187 2522 certum
1215 2475 1302 2522 est
1342 2467 1584 2537 adjuvari
1614 2489 1626 2524 :
1660 2478 1841 2526 utrum

255 2551 358 2624 ipsi
406 2567 505 2624 per
530 2556 741 2625 seipsos
775 2556 982 2622 adsint,
1011 2573 1118 2612 uno
1158 2567 1422 2627 tempore,
1470 2567 1580 2614 tam
1611 2561 1842 2618 diversis

255 2641 426 2709 locis,
457 2651 514 2699 et
539 2651 690 2700 tanta
714 2647 856 2703 inter
884 2662 942 2703 se
977 2647 1372 2719 longinquitate
1412 2649 1680 2716 discretis,
1728 2652 1842 2708 sive

254 2733 347 2788 ubi
379 2743 707 2792 sunteorum
732 2738 1027 2805 memoriae,
1051 2739 1164 2794 sive
1178 2746 1376 2809 praeter
1397 2755 1527 2796 suas
1551 2744 1841 2798 memorias

253 2824 562 2895 ubicunque
606 2826 798 2883 adesse
831 2829 1179 2895 sentiuntur;
1231 2845 1298 2883 an
1328 2830 1457 2900 ipsis
1486 2830 1540 2886 in
1585 2832 1702 2888 loco
1730 2834 1841 2890 suis

251 2915 465 2969 meritis
494 2930 754 2988 congruo,
786 2917 855 2972 ab
896 2918 1041 2972 omni
1073 2919 1383 2973 mortalium
1424 2923 1840 2980 conversatione

253 3007 501 3071 semotis,
553 3015 607 3061 et
635 3016 814 3063 tamen
844 3008 989 3064 Deus
1033 3009 1374 3078 omnipotens
1402 3011 1495 3081 qui
1527 3021 1610 3068 est
1637 3015 1837 3083 ubique

251 3110 513 3167 praesens,
554 3113 658 3154 nec
696 3107 983 3154 concretus
1010 3099 1166 3154 nobis
1193 3115 1294 3155 nec
1319 3109 1560 3158 remotus
1587 3117 1618 3158 a
1657 3105 1828 3170 nobis,

251 3189 552 3244 exaudiens
579 3197 878 3261 martyrum
903 3205 1114 3261 preces,
1141 3206 1236 3261 per
1265 3193 1511 3262 angelica
1540 3193 1838 3250 ministeria

253 3295 645 3351 usquequaque
680 3280 868 3336 diﬂ'usa
889 3321 906 3346 ,
947 3281 1184 3352 praebeat
1225 3283 1532 3338 hominibus
1566 3283 1671 3340 ista
1696 3284 1838 3338 sola-

253 3374 355 3438 tia,
380 3374 580 3442 quibus
611 3373 666 3428 iu
710 3371 870 3441 hujus
899 3375 1023 3429 vita:
1057 3374 1275 3430 miseria
1312 3372 1522 3442 judicat
1559 3388 1678 3428 esse
1703 3390 1840 3443 prae-

253 3463 464 3528 benda;
491 3472 547 3519 et
570 3479 788 3520 suorum
809 3464 1001 3519 merita
1021 3475 1322 3536 martyrum
1344 3465 1436 3518 ubi
1457 3463 1592 3529 vult,
1623 3464 1840 3533 quando

252 3552 387 3617 vult,
426 3553 696 3623 quomodo
726 3553 862 3619 vult,
918 3554 1265 3622 maximeque
1286 3569 1383 3624 per
1419 3568 1607 3608 eorum
1639 3568 1842 3608 memo-

250 3643 387 3706 rias,
431 3643 687 3713 quoniam
717 3643 822 3698 hoc
847 3643 996 3698 novit
1021 3643 1271 3713 expedire
1299 3643 1453 3698 nobis
1481 3641 1548 3696 ad
1573 3641 1843 3698 aedifican-

254 3728 380 3788 dam
429 3731 588 3788 fidem
621 3730 862 3798 Christi,
907 3747 1005 3802 pro
1034 3730 1187 3799 cujus
1234 3731 1307 3786 illi
1337 3729 1679 3786 confessione
1717 3738 1844 3786 sunt

253 3820 426 3892 passi,
476 3821 709 3876 mirabili
747 3828 908 3890 atque
931 3820 1189 3875 ineffabili
1217 3828 1485 3892 potestate
1511 3836 1576 3875 ac
1602 3821 1843 3876 bonitate

256 3913 604 3968 commendet
629 3930 642 3966 :
679 3927 766 3967 res
791 3920 875 3967 est
897 3912 1014 3966 haec
1037 3912 1216 3978 altior,
1242 3926 1404 3982 quam
1435 3920 1493 3965 ut
1519 3927 1548 3965 a
1571 3927 1656 3967 me
1675 3913 1845 3980 possit

255 4004 474 4074 attingi,
498 4012 554 4060 et
589 4004 888 4059 abstrusior
923 4018 1085 4073 quam
1115 4010 1174 4058 ut
1204 4019 1233 4057 a
1258 4018 1344 4058 me
1390 4002 1568 4057 valeat
1594 4018 1845 4073 perscru-

258 4093 384 4149 tari.
420 4093 486 4148 Et
513 4093 634 4149 ideo
659 4093 786 4163 quid
812 4094 1007 4148 borum
1034 4093 1261 4149 duorum
1289 4093 1376 4157 sit,
1405 4108 1474 4147 an
1501 4108 1630 4148 vero
1651 4091 1846 4149 fortas-

258 4187 337 4242 sis
379 4194 670 4256 utrumque
706 4188 795 4252 sit,
827 4193 888 4240 ut
932 4185 1222 4254 aliquando
1255 4185 1356 4240 ista
1383 4184 1514 4240 fiant
1547 4200 1645 4256 per
1675 4186 1844 4257 ipsam

256 4276 609 4349 praesentiam
638 4285 956 4347 martyrum,
985 4275 1276 4344 aliquando
1305 4290 1401 4346 per
1423 4275 1644 4344 angelos
1673 4275 1846 4331 susci-

255 4371 472 4441 pientes
519 4383 804 4439 personam
851 4376 1172 4438 martyrum,
1223 4366 1446 4422 defluire
1490 4382 1596 4422 non
1631 4369 1839 4423 audeo:

255 4459 478 4515 mallem
508 4473 540 4513 a
585 4458 879 4514 scientibus
930 4459 1032 4512 ista
1085 4458 1420 4528 perquirere.
1475 4457 1659 4528 Neque
1698 4459 1844 4514 enim

255 4567 419 4608 nemo
448 4558 533 4606 est
569 4551 661 4622 qui
687 4552 805 4608 haec
832 4551 990 4617 sciat,
1019 4567 1120 4606 nec
1147 4551 1238 4621 qui
1265 4551 1367 4607 sibi
1403 4552 1544 4606 scire
1577 4553 1841 4618 videatur,

255 4651 312 4698 et
341 4641 568 4697 nesciat.
598 4641 747 4699 Dona
768 4642 914 4697 enim
938 4642 1032 4697 Dei
1060 4650 1205 4708 sunt,
1248 4643 1333 4696 his
1356 4642 1482 4707 alia,
1511 4651 1565 4698 et
1603 4643 1709 4699 illis
1735 4643 1841 4698 alia

257 4731 562 4802 largientis,
591 4731 887 4786 secundum
922 4731 1236 4802 Apostolum
1266 4732 1358 4801 qui
1388 4732 1519 4786 dicit
1553 4733 1844 4804 unicuique

259 4825 378 4880 dari
407 4823 897 4880 manifestationem
928 4822 1151 4892 spiritus
1179 4822 1246 4876 ad
1287 4807 1591 4878 utilitatem.
1626 4842 1645 4875 ι
1679 4822 1844 4894 Cujus

258 4917 437 4989 gratia
467 4916 760 4982 revelante,
791 4914 1152 4985 Hieronymus
1185 4915 1388 4969 certius
1432 4914 1497 4969 de
1529 4913 1632 4969 hac
1656 4914 1848 4970 difﬁni-

260 5008 345 5061 vit
367 5007 600 5074 ratione,
627 5007 936 5076 exprimens
957 5004 1101 5058 illam
1125 5003 1474 5076 Apocalypsis
1503 5005 1845 5071 sententiam,

264 5094 370 5150 hoc
396 5104 516 5150 est:
566 5093 872 5166 Sequuntur
897 5111 1090 5164 agnum
1115 5110 1437 5165 quocumque
1483 5095 1623 5148 vadit
1660 5093 1844 5167 (Apoc.

265 5200 378 5249 xtv,
403 5184 502 5256 4);
543 5186 588 5240 si
628 5200 798 5256 agnus
847 5185 1064 5255 ubique,
1096 5198 1227 5255 ergo
1266 5184 1395 5238 ethi
1437 5184 1529 5254 qui
1565 5199 1687 5238 cum
1710 5199 1849 5253 agno

262 5283 414 5340 sunt,
456 5273 657 5344 ubique
682 5289 802 5329 esse
841 5272 1101 5329 credendi
1127 5280 1270 5327 sunt.
1312 5291 1331 5324 ι
1371 5270 1542 5338 Quam
1574 5286 1702 5343 ergo
1727 5289 1847 5330 ma-

263 5380 370 5436 gna
414 5371 471 5418 et
499 5379 636 5434 pene
685 5363 1098 5419 innumerabilia
1144 5361 1529 5420 miraculorum
1574 5363 1744 5436 signa,
1794 5373 1849 5420 et

267 5455 592 5510 inexhausta
633 5471 919 5526 corpon
948 5455 1358 5522 animarumque
1383 5451 1620 5508 remedia
1643 5453 1709 5510 ad
1737 5468 1848 5510 me-

267 5551 470 5605 morias
499 5557 820 5620 martyrum,
866 5549 1043 5605 divina
1070 5564 1169 5622 per
1202 5562 1390 5604 eorum
1413 5547 1686 5602 orationes
1715 5563 1845 5618 0pc-

270 5648 421 5696 rante
454 5657 641 5706 manu,
689 5642 927 5712 quotidie
954 5641 1084 5697 fiunt
1107 5680 1122 5703 ,
1163 5656 1227 5696 ex
1275 5637 1463 5708 paucis
1489 5652 1610 5708 quae
1631 5646 1847 5695 sanctus

1868 4411 1921 4471 D

1948 1816 2255 1872 veniremus
2279 1816 2507 1887 rogavit,
2539 1823 2594 1870 et
2613 1816 2879 1871 venimus.
2909 1813 3151 1887 Cumque
3173 1815 3326 1870 nobis
3349 1815 3532 1871 omnia

1944 1906 2236 1972 retulisset,
2268 1892 2430 1962 etiam
2472 1907 2575 1962 hoc
2598 1907 2812 1976 petivit,
2844 1913 2904 1959 ut
2939 1903 3278 1960 infoderctur
3305 1905 3525 1970 alicubi,

1944 2001 2110 2064 atque
2141 1996 2216 2051 ibi
2261 1997 2566 2052 orationum
2615 1996 2766 2052 locus
2810 1995 2982 2058 fleret,
3037 1995 3129 2050 ubi
3174 1995 3337 2050 etiam
3373 1995 3532 2052 Chri-

1945 2085 2108 2141 stiani
2161 2095 2383 2158 possent
2430 2087 2498 2142 ad
2542 2085 2867 2142 celebranda
2909 2099 3029 2156 quae
3090 2083 3186 2138 Dei
3226 2093 3352 2139 sunt
3401 2100 3562 2140 conm

1943 2177 2178 2249 gregari.
2242 2177 2359 2234 Non
2416 2177 2810 2244 dissensimus,
2868 2174 3072 2232 factum
3121 2183 3225 2230 est.
3279 2175 3411 2230 Erat
3459 2176 3564 2231 ibi,

1934 2268 2155 2339 juvenis
2216 2270 2550 2342 paralyticus
2612 2269 2959 2333 rusticanus,
3002 2266 3116 2338 qui,
3173 2267 3277 2322 hoc
3323 2267 3556 2331 audito,.

1942 2360 2138 2431 petivit
2181 2375 2214 2414 a
2263 2359 2578 2431 parentibus
2631 2359 2743 2416 suis
2789 2366 2849 2412 ut
2891 2357 3044 2412 illum
3090 2357 3154 2411 ad
3201 2372 3322 2412 eum
3353 2355 3530 2412 locum

1943 2462 2191 2510 sanetum
2235 2468 2344 2508 non
2382 2459 2706 2508 cunctanter
2752 2450 3026 2506 afferrent.
3077 2449 3194 2518 Quo
3239 2464 3361 2505 eum
3401 2448 3532 2503 fuis-

1943 2554 2028 2602 set
2082 2546 2318 2612 allatus,
2385 2545 2602 2611 oravit,
2661 2553 2824 2615 atque
2873 2543 3000 2598 inde
3053 2543 3309 2598 continuo
3373 2541 3527 2612 pedi-

1943 2634 2044 2690 bus
2103 2636 2216 2691 suis
2272 2635 2555 2690 abscessit.
2630 2633 2958 2689 Victoriana.
3005 2633 3203 2688 dicitur
3267 2631 3394 2686 villa
3459 2632 3527 2686 ab

1944 2724 2186 2796 Hippone
2208 2725 2374 2796 Regio
2399 2725 2577 2779 minus
2606 2724 2824 2795 triginta
2854 2722 3093 2777 millibus
3122 2721 3290 2786 abest,
3324 2721 3414 2776 ubi
3441 2729 3527 2775 est

1943 2817 2204 2873 memoria
2235 2824 2532 2889 martyrum
2559 2815 3034 2870 Mediolanensium
3061 2814 3290 2868 Protasii
3314 2824 3367 2868 et
3392 2811 3526 2869 Ger-

1941 2910 2100 2966 vasii.
2154 2909 2408 2965 Portatus
2433 2917 2609 2965 esteo
2639 2908 2857 2980 quidam
2896 2905 3236 2971 adolescens,
3275 2906 3366 2975 qui
3405 2921 3527 2959 eum

1944 3001 2033 3056 die
2068 3000 2246 3056 medio
2285 3009 2525 3072 tempore
2553 3000 2756 3054 aestatis
2784 3012 2982 3068 equum
3009 2997 3250 3052 ablueret
3276 2995 3330 3050 in
3358 2995 3531 3049 flumi-

1865 3070 1910 3134 C
1944 3091 2029 3146 nis
2051 3091 2284 3163 gurgite,
2313 3070 2611 3145 daemonem
2643 3087 2889 3143 incurrit.
2937 3085 3014 3140 lbi
3039 3100 3163 3140 cum
3187 3083 3414 3152 jaceret,
3443 3085 3546 3140 vel.

1941 3183 2106 3238 morti
2143 3182 2446 3253 proximus,
2481 3181 2566 3235 vel
2597 3179 2899 3235 simillimus
2930 3184 3162 3241 mortuo,
3201 3177 3268 3230 ad
3306 3191 3528 3247 vesper-

1943 3280 2084 3334 tinos
2111 3278 2236 3334 illuc
2261 3279 2491 3348 hymnos
2514 3285 2568 3331 et
2591 3277 2866 3330 orationes
2894 3288 3018 3328 cum
3051 3271 3260 3326 ancillis
3293 3272 3440 3335 suis,
3473 3277 3528 3325 et

1941 3369 2263 3440 quibusdam
2299 3366 2800 3422 sanctimonialibus
2833 3378 2900 3418 ex
2937 3377 3116 3426 more,
3155 3362 3368 3416 domina
3404 3376 3529 3429 pos-

1943 3459 2200 3516 sessionis
2230 3457 2473 3520 intravit,
2519 3463 2679 3524 atque
2719 3455 2946 3524 hymnos
2975 3459 3194 3505 cantare
3223 3459 3522 3518 cmperunt.

1942 3553 2060 3621 Qua
2094 3565 2224 3606 voce
2262 3547 2349 3604 ille
2389 3547 2541 3618 quasi
2583 3558 2870 3616 percussus
2917 3549 2973 3596 et
3016 3555 3278 3595 excussus
3321 3549 3425 3604 est,
3472 3547 3529 3594 et

1943 3658 2067 3700 cum
2111 3639 2343 3697 terribili
2386 3637 2600 3692 fremitu
2653 3635 2825 3688 altare
2870 3631 3263 3702 apprehensum
3309 3646 3528 3684 movere

1942 3748 2051 3790 non
2082 3731 2304 3795 audens,
2331 3727 2444 3784 sive
2471 3743 2576 3781 non
2605 3724 2809 3788 valens,
2840 3730 3097 3790 tanquam
3123 3734 3187 3774 eo
3210 3717 3372 3773 fuerit
3406 3717 3525 3771 alli-

1943 3831 2121 3894 gatus,
2169 3829 2262 3876 aut
2303 3819 2494 3876 affixus
2538 3817 2777 3880 tenebat,
2823 3822 2878 3869 et
2922 3828 3044 3868 cum
3090 3810 3282 3879 grandi
3323 3806 3525 3876 ejulatu

1944 3912 2092 3984 parci
2130 3912 2233 3968 sibi
2262 3925 2460 3982 rogans
2489 3907 2846 3965 conﬁtebatur
2874 3905 2966 3959 ubi
3005 3903 3397 3958 adolescentem
3423 3941 3438 3967 ,
3469 3911 3525 3955 et

1944 4003 2160 4075 quando
2203 4010 2260 4058 et
2307 4001 2577 4073 quomodo
2614 3998 2892 4054 invaserit.
2938 3996 3220 4051 Postremo
3255 4010 3312 4049 se
3351 3993 3527 4048 exitu-
3590 4057 3593 4061 η

1945 4110 2068 4150 rum
2095 4108 2217 4149 esse
2259 4092 2604 4154 denuntians,
2637 4089 2880 4144 membra
2908 4087 3023 4157 ejus
3052 4085 3258 4152 singula
3281 4083 3527 4137 nomina-

1944 4185 2040 4240 bat
2075 4199 2195 4254 qua;
2231 4198 2289 4238 se
2322 4189 2723 4252 amputaturum
2764 4179 2952 4234 exiens
2995 4175 3320 4238 minabatur,
3366 4181 3527 4240 atque

1946 4277 2088 4333 inter
2131 4277 2248 4333 lucc
2288 4276 2452 4330 verba
2499 4271 2745 4329 discessit
2782 4272 2850 4324 ab
2892 4268 3127 4323 homine.
3183 4265 3288 4320 Sed
3333 4263 3524 4317 oculus

1945 4367 2063 4436 ejus
2106 4366 2160 4423 in
2207 4365 2482 4420 maxillam
2525 4362 2677 4416 fusus
2719 4360 2866 4415 tenui
2909 4357 3123 4422 venula,
3162 4357 3228 4410 ab
3264 4352 3524 4408 interiore

1948 4456 2104 4528 quasi
2135 4456 2316 4511 radice
2343 4453 2628 4526 pendebat,
2664 4459 2942 4521 totumque
2959 4448 3074 4518 ejus
3099 4447 3356 4510 medium,
3381 4445 3528 4515 quod

1949 4547 2202 4618 nigellum
2232 4546 2430 4612 fuerat,
2469 4545 2813 4600 albicaverat.
2859 4543 2974 4610 Quo
3011 4547 3146 4606 viso,
3181 4540 3271 4610 qui
3303 4539 3527 4594 aderant

1949 4641 2364 4714 (concurrerant
2391 4645 2568 4693 autem
2601 4637 2760 4692 etiam
2801 4635 2891 4690 alii
2929 4633 3150 4689 vocibus
3186 4631 3302 4701 ejus
3340 4630 3523 4693 acciti,

1947 4741 2002 4788 et
2047 4747 2106 4788 se
2146 4747 2334 4787 omnes
2381 4745 2479 4801 pro
2527 4729 2618 4784 illo
2669 4729 2724 4784 in
2774 4727 3017 4782 oratione
3063 4726 3524 4794 prostraverant),

1948 4822 2194 4893 quamvis
2228 4836 2352 4876 eum
2394 4836 2528 4876 sana
2564 4827 2745 4876 mente
2785 4826 2932 4873 stare
2970 4817 3285 4888 gauderent,
3334 4831 3524 4870 rursus

1949 4920 2127 4968 tamen
2181 4919 2402 4984 propter
2445 4908 2562 4979 ejus
2609 4909 2823 4965 oculum
2867 4907 3210 4973 contristati,
3255 4906 3523 4961 medicum

1947 5003 2293 5072 quaarendum
2327 5015 2446 5057 esse
2477 4999 2747 5055 dicebant.
2795 4996 2870 5053 lbi
2903 4997 3128 5050 maritus
3156 4995 3357 5049 sororis
3383 4993 3523 5062 ejus,

1947 5092 2040 5163 qui
2068 5106 2192 5148 eum
2217 5105 2281 5146 eo
2311 5089 2574 5146 detulerat
2597 5105 2610 5141 :
2633 5087 2832 5142 Potens
2856 5094 2959 5152 est,
2990 5085 3182 5156 inquit,
3215 5083 3376 5146 Deus,
3401 5098 3525 5136 san-

1947 5191 2158 5240 ctorum
2192 5181 2557 5247 orationibus,
2601 5179 2693 5250 qui
2730 5177 2934 5250 fugavit
2968 5177 3296 5240 daemonem,
3339 5175 3518 5228 lumen

1949 5274 2196 5328 reddere.
2251 5271 2409 5336 Tum,
2451 5272 2592 5326 sicut
2628 5271 2834 5340 potuit,
2876 5267 3091 5324 oculum
3124 5267 3330 5336 lapsum
3361 5271 3523 5330 a‘que

1948 5365 2293 5436 pendentem,
2334 5363 2454 5420 loco
2503 5377 2600 5418 suo
2649 5368 2958 5418 revocatum
3001 5357 3214 5427 ligavit,
3265 5367 3365 5408 nec
3419 5352 3521 5406 nisi

1947 5464 2072 5528 post
2092 5465 2296 5527 septem
2325 5454 2439 5510 dies
2465 5453 2674 5526 putavit
2691 5467 2811 5508 esse
2840 5448 3169 5506 solvendum.
3225 5441 3375 5509 Quod
3398 5455 3522 5495 cum

1949 5547 2186 5612 fecisset,
2223 5544 2568 5602 sanissimum
2611 5543 2836 5600 invenit.
2901 5539 3032 5595 Erat
3084 5535 3301 5606 quidam
3359 5546 3523 5586 senex

1951 5637 2254 5694 Florentius
2312 5636 2672 5706 Hipponensis
2711 5640 2914 5696 noster,
2954 5629 3115 5684 homo
3158 5624 3438 5697 religiosus
3469 5631 3526 5678 et

3435 252 3463 308 ἓλ
3472 255 3498 305 θ
