3838 6144
327 265 436 322 803

1633 259 1935 318 DUNGALl
1972 257 2271 315 RECLUSI

3473 260 3572 314 505

324 390 560 447 pauper;
592 373 818 428 sartoris
843 387 902 428 se
928 381 1044 428 arte
1075 372 1351 443 pascebat,
1383 371 1622 426 casulam
1649 372 1896 443 perdide-
1921 377 1974 435 Α
1999 378 2180 424 tamen
2211 369 2392 424 tunica
2428 377 2754 440 operuerunt
2784 370 3014 425 cadaver
3051 370 3166 440 ejus
3201 377 3456 441 parentes
3477 413 3490 436 ,
3522 385 3575 428 et

329 475 453 530 rat,
485 471 541 519 et
575 464 717 519 unde
752 465 854 518 sibi
897 473 1102 520 emeret
1138 481 1246 520 non
1284 464 1533 519 habebat.
1580 462 1662 516 Ad
1697 463 1899 534 Viginti

329 554 590 626 Martyres
609 570 836 627 quorum
859 555 1118 611 memoria
1142 563 1225 610 est
1247 555 1392 625 apud
1408 569 1506 609 nos
1528 553 1895 618 celeberrima,

326 647 474 702 clara
497 661 628 702 voce
653 656 710 700 ut
736 647 1027 702 vestiretur
1045 646 1238 701 oravit.
1287 645 1587 700 Audierunt
1612 659 1732 698 eum
1772 645 1901 699 ado-

323 737 589 791 lescentes
620 735 712 806 qui
745 734 884 790 forte
921 736 1144 790 aderant
1171 735 1443 799 irrisores,
1472 748 1704 802 eumque
1729 733 1903 788 disce-

323 825 540 880 dentem
570 824 907 895 exagitantes
941 825 1423 895 prosequebantur.
1473 823 1544 878 At
1581 823 1669 878 ille
1707 824 1902 878 tacitus

322 914 604 970 ambulans
623 956 637 980 ,
662 914 892 984 ejectum
918 915 1178 985 grandem
1203 915 1406 984 piscem
1437 915 1789 984 palpitantem
1821 915 1902 968 vi-

323 1007 403 1061 dit
440 1007 495 1060 in
533 1006 713 1060 littore
738 1047 753 1072 ,
793 1021 1023 1076 eumque
1064 1005 1171 1060 illis
1207 1007 1513 1060 faventibus
1555 1014 1716 1076 atque
1753 1007 1902 1077 adju-

320 1096 574 1151 vantibus
602 1096 975 1166 apprehendit,
1012 1105 1069 1151 et
1097 1097 1308 1152 cuidam
1338 1111 1510 1166 coquo
1549 1096 1770 1153 Cattuso
1805 1113 1904 1154 no-

320 1188 486 1255 mine,
514 1188 652 1243 bene
679 1187 1009 1254 Christiano,
1032 1189 1099 1242 ad
1120 1189 1403 1258 coquinam
1426 1189 1780 1244 conditariam
1805 1190 1903 1244 tri-

323 1279 478 1346 buit,
528 1279 775 1334 indicans
809 1280 939 1350 quid
979 1290 1187 1350 gestum
1226 1281 1316 1334 sit.
1369 1280 1648 1336 Trecentis
1689 1281 1903 1337 follibus

322 1371 588 1436 vendidit,
617 1370 794 1425 lanam
824 1385 1139 1440 comparare
1171 1371 1296 1426 inde
1325 1371 1638 1442 disponens,
1677 1379 1739 1425 ut
1765 1387 1904 1427 uxor

324 1462 446 1533 ejus
487 1463 756 1532 quomodo
802 1471 986 1532 posset
1020 1463 1069 1518 ei
1108 1478 1214 1532 quo
1251 1464 1602 1530 indueretur,
1645 1462 1898 1519 ediceret.

323 1556 432 1613 Sed
473 1572 678 1626 coquus
705 1558 993 1613 concidens
1026 1558 1251 1627 piscem,
1297 1554 1554 1610 annulum
1589 1569 1812 1610 aureum
1846 1555 1902 1608 in

321 1650 626 1706 ventriculo
653 1649 768 1720 ejus
793 1651 1017 1715 invenit,
1055 1663 1287 1718 moxque
1325 1647 1676 1704 miseratione
1707 1645 1896 1711 ﬂexus,

1999 470 2218 531 recepto
2243 462 2434 530 spiritu
2460 462 2607 516 salva
2631 461 2772 517 facta
2801 470 2899 518 est.
2956 462 3108 533 Apud
3136 462 3433 534 Hipponem
3455 463 3580 520 Bas—

1999 571 2092 611 sus
2123 556 2344 626 quidam
2382 554 2550 625 Syrus
2591 556 2658 610 ad
2697 555 3017 610 memoriam
3053 556 3292 625 ejusdem
3323 557 3584 626 martyris

1998 645 2190 702 (ﬂabat
2229 661 2328 716 pro
2364 653 2658 716 mgrotante
2686 655 2740 701 et
2768 645 3105 715 periclitante
3128 644 3268 711 filia,
3300 661 3474 716 eoque
3497 661 3586 702 se-

2001 753 2124 792 cum
2151 746 2357 791 vestem
2388 737 2504 804 ejus
2541 735 2825 800 attulerat;
2863 743 2917 790 et
2953 748 3080 790 ecce
3116 734 3270 804 pueri
3311 735 3378 790 de
3419 736 3585 792 domo

1999 834 2412 891 concurrerunt,
2442 826 2533 895 qui
2555 827 2605 880 ei
2635 833 2900 881 mortuam
2925 825 3254 881 nuntiarent.
3301 826 3406 881 Sed
3429 843 3582 892 cum,

1999 929 2065 969 eo
2092 925 2305 979 orante,
2345 914 2420 968 illi
2455 915 2525 969 ab
2556 914 2744 969 amicis
2785 912 2899 982 ejus
2941 914 3351 984 exciperentur,
3397 917 3590 985 prohi-

1998 1002 2234 1060 buerunt
2256 1019 2348 1059 eos
2377 1004 2558 1059 dicere
2584 1045 2598 1069 ,
2631 1019 2698 1058 ne
2719 1017 2816 1072 per
2836 1003 3110 1073 publicum
3134 1004 3435 1075 plangeret.
3478 1004 3589 1072 Qui

2001 1111 2124 1150 cum
2166 1095 2384 1150 domum
2419 1095 2646 1150 redisset
2670 1095 2784 1165 jam
2815 1109 3035 1150 suorum
3069 1095 3358 1166 ejulatibus
3393 1112 3590 1166 perso-

2000 1193 2242 1249 nantem,
2275 1191 2331 1239 et
2362 1193 2568 1239 vestem
2607 1185 2732 1239 filia:
2764 1199 2927 1255 quam
2961 1183 3233 1240 referebat
3259 1201 3424 1255 super
3457 1203 3588 1242 eam

2000 1279 2338 1351 projecisset,
2374 1296 2564 1336 rursus
2608 1281 2818 1336 reddita
2861 1291 2943 1338 est
2989 1282 3133 1337 vitae.
3189 1282 3392 1339 Ibidem
3436 1285 3591 1353 apud

2002 1386 2100 1426 nos
2121 1370 2304 1426 lrentei
2331 1372 2610 1442 cujusdam
2627 1372 2920 1428 collectarii
2939 1372 3081 1428 filius
3105 1375 3428 1444 aegritudine
3449 1391 3589 1432 εχει

2001 1465 2202 1520 tinctus
2233 1473 2336 1520 est.
2375 1463 2616 1536 Cumque
2653 1480 2849 1538 corpus
2874 1467 3081 1536 jaceret
3112 1467 3380 1531 exanime,
3418 1476 3594 1538 atque

2001 1567 2032 1606 a
2062 1551 2366 1623 lugentibus
2389 1558 2444 1607 et
2469 1552 2889 1608 lamentantibus
2920 1554 3194 1622 exsequiae
3221 1565 3555 1624 pararentur
3572 1599 3592 1623 ,

2003 1643 2303 1698 amicorum
2339 1643 2457 1712 ejus
2485 1642 2704 1712 quidam
2737 1643 2880 1698 inter
2913 1642 3140 1698 aliorum
3182 1644 3595 1703 consolantium

321 1750 378 1800 et
405 1740 660 1812 religione
678 1713 1011 1812 perterritus
1025 1713 1229 1796 homini
1250 1753 1375 1794 eum
1398 1739 1649 1804 reddidit,
1674 1739 1895 1794 dicens:
1927 1713 1974 1774 Β
2001 1735 2163 1789 verba
2201 1735 2488 1804 suggessit,
2531 1741 2593 1788 ut
2633 1732 2874 1802 ejusdem
2919 1735 3172 1805 martyris
3213 1735 3334 1791 oleo
3379 1751 3596 1807 corpus

321 1831 464 1886 Ecce
491 1833 758 1902 quomodo
796 1841 849 1886 te
896 1831 1086 1902 viginti
1122 1838 1390 1902 martyres
1423 1829 1740 1883 vestierunt.
1794 1828 1902 1882 Eu-

321 1922 543 1979 charius
588 1923 874 1995 presbyter
917 1937 983 1977 ex
1031 1920 1305 1998 Hispania,
1356 1917 1588 1979 Calamaa
1627 1917 1895 1982 habitans,

320 2012 491 2066 veteri
521 2013 717 2069 morbo,
743 2006 934 2066 calculi
973 2011 1288 2076 laborabat;
1330 2025 1428 2080 per
1458 2009 1773 2064 memoriam
1811 2023 1902 2063 su-

319 2102 551 2174 pradicti
591 2100 848 2171 martyris
885 2115 1047 2170 quam
1078 2099 1355 2155 Possidius
1390 2099 1481 2153 illo
1519 2098 1738 2153 advexit
1788 2099 1902 2167 epi-

320 2211 537 2267 scopus,
572 2195 752 2250 salvus
789 2193 963 2249 factus
1000 2201 1104 2249 est.
1156 2192 1302 2248 Idem
1341 2193 1455 2263 ipse
1491 2201 1676 2262 postea
1711 2189 1901 2244 morbo

322 2288 430 2344 alio
463 2285 904 2356 praevalescentc,
935 2291 1181 2338 mortuus
1220 2284 1298 2339 sic
1320 2282 1557 2352 jacebat,
1601 2289 1661 2335 ut
1699 2280 1748 2336 ei
1786 2280 1900 2350 jam

320 2376 546 2448 pollices
567 2375 862 2446 ligarentur
891 2393 902 2428 :
927 2373 1281 2442 opitulatione
1309 2372 1593 2428 memorati
1621 2370 1899 2440 martyris,

321 2485 446 2528 cum
476 2469 544 2524 de
569 2467 831 2530 memoria
861 2466 978 2535 ejus
1002 2472 1275 2536 reportata
1308 2473 1472 2531 esset,
1519 2472 1577 2519 et
1620 2476 1780 2533 super
1812 2460 1900 2529 ja-

321 2561 496 2622 centis
523 2575 720 2630 corpus
753 2559 921 2618 missa
950 2557 1121 2628 ipsius
1148 2556 1451 2631 presbyteri
1486 2554 1688 2620 tunica,
1725 2554 1900 2608 susci-

319 2661 465 2713 tatus
486 2659 589 2714 est.
638 2651 761 2712 Fuit
795 2651 869 2705 ibi
901 2650 985 2704 vir
1013 2649 1070 2704 in
1100 2647 1288 2704 ordine
1323 2661 1420 2702 suo
1453 2646 1763 2717 primarius,
1797 2659 1900 2699 no-

1998 1832 2409 1894 perungeretur.
2453 1823 2677 1879 Factum
2705 1833 2812 1891 est,
2838 1832 2894 1878 et
2921 1826 3134 1880 revixit.
3170 1824 3414 1897 Itemque
3438 1830 3598 1897 apud

2000 1929 2102 1970 nos
2127 1914 2212 1967 vir
2238 1913 2548 1969 tribunitius
2576 1914 2882 1980 Eleusinus,
2911 1931 3072 1986 super
3090 1917 3408 1972 memoriam
3431 1933 3596 1974 mar-

1999 2013 2198 2077 tyrum,
2231 2018 2352 2074 qua:
2400 2003 2455 2058 in
2484 2005 2798 2060 suburbano
2832 2003 2950 2073 ejus
2985 2012 3088 2071 est,
3120 2006 3439 2078 aegritudine
3485 2023 3600 2063 ex-

2001 2098 2296 2153 animatum
2333 2098 2514 2167 posuit
2539 2097 2863 2153 infantulum
2911 2097 3079 2153 ﬁlium
3123 2114 3302 2166 suum,
3350 2109 3408 2156 et
3462 2112 3601 2171 post

1999 2188 2320 2254 orationem,
2351 2203 2514 2257 quam
2548 2189 2733 2244 multis
2762 2204 2885 2244 cum
2917 2189 3173 2261 lacrymis
3197 2191 3272 2245 ibi
3301 2189 3462 2256 fudit,
3503 2193 3597 2245 vi-

1997 2289 2215 2336 ventem
2255 2281 2473 2336 levavit.
2538 2280 2678 2348 Quid
2721 2281 2960 2338 faciam?
3007 2281 3173 2353 Urget
3209 2281 3370 2352 hujus
3401 2285 3606 2352 operis

1999 2372 2268 2442 implenda
2295 2372 2582 2442 promissio
2604 2413 2616 2437 ,
2645 2380 2704 2427 ut
2728 2388 2835 2427 non
2865 2373 2954 2428 hic
2991 2374 3193 2444 possim
3222 2373 3402 2427 omnia
3431 2389 3601 2428 com-

1999 2475 2305 2517 memorare
2347 2477 2465 2531 qua:
2507 2462 2659 2518 scio:
2688 2471 2744 2517 et
2775 2463 2962 2533 procul
2990 2463 3153 2518 dubio
3191 2463 3435 2541 plerique
3483 2480 3599 2518 no—

2000 2563 2257 2619 strorum,
2295 2569 2419 2609 cum
2453 2555 2568 2610 haec
2611 2554 2811 2626 legent,
2857 2556 3116 2612 dolebunt
3153 2573 3240 2612 me
3283 2558 3603 2628 praetermi-

2000 2646 2136 2702 sisse
2162 2653 2272 2700 tam
2309 2645 2477 2700 multa
2519 2662 2642 2717 quae
2689 2649 2878 2717 utique
2925 2663 3138 2702 mecum
3187 2649 3384 2703 sciunt.
3435 2648 3608 2717 Quos

320 2744 469 2798 mine
505 2741 791 2804 Martialis,
828 2754 944 2794 aevo
974 2737 1086 2808 jam
1123 2736 1320 2808 gravis,
1359 2745 1415 2791 et
1455 2735 1680 2790 multum
1710 2750 1740 2788 a
1775 2733 1904 2788 reli-
1993 2737 2108 2807 jam
2136 2751 2280 2791 nunc
2307 2744 2366 2790 ut
2389 2737 2691 2807 ignoscant,
2720 2753 2871 2809 rogo,
2908 2745 2963 2792 et
2991 2738 3227 2810 cogitent
3257 2754 3420 2808 quam
3451 2755 3600 2810 pro-

321 2835 480 2910 gione
515 2834 813 2891 abhorrens
849 2829 1174 2886 Christiana.
1235 2827 1479 2884 Habebat
1513 2840 1643 2881 sane
1687 2824 1900 2880 fidelem
2001 2833 2097 2888 [in
2125 2832 2324 2887 laboris
2349 2832 2420 2887 sit
2447 2831 2646 2897 facere,
2671 2833 2812 2902 quod
2835 2846 2921 2887 me
2948 2832 3036 2887 hic
3058 2848 3166 2887 non
3193 2831 3373 2887 facere
3396 2848 3600 2890 susce.

322 2925 488 2984 tiliam
508 2965 534 2990 ,j
577 2931 634 2978 et
675 2935 935 2992 generum
981 2919 1169 2974 eodem
1213 2933 1354 2974 anno
1398 2916 1750 2987 baptizatum.
1797 2911 1899 2980 Qui

2000 2926 2081 2998 pti
2105 2925 2286 2997 operis
2307 2925 2604 2980 necessitas
2630 2925 2791 2994 cogit.
2837 2923 2896 2978 Si
2925 2925 3067 2979 enim
3095 2923 3352 2979 miracula
3383 2927 3602 2980 sanita-

323 3031 447 3072 Cum
495 3030 620 3069 eum
670 3021 1022 3083 πετοιειιιθω
1064 3010 1249 3065 mullis
1297 3017 1354 3065 ει
1397 3009 1606 3078 magnis
1648 3005 1900 3077 lacrymis
1931 3069 1969 3083 Α
2002 3025 2137 3083 tum,
2165 3025 2226 3073 ut
2254 3017 2359 3071 alia
2389 3024 2622 3082 taceam,
2643 3030 2708 3071 ea
2742 3017 3112 3071 tantummodo
3145 3015 3307 3071 velim
3341 3017 3606 3072 scribere

321 3110 579 3177 rogarent
613 3111 672 3157 ut
695 3069 1034 3158 (ibristianus
1061 3099 1248 3165 ﬁeret,
1277 3112 1502 3168 prorsus
1529 3097 1739 3161 abnuit,
1773 3110 1896 3150 805-
1925 3069 1972 3132 Ο
2003 3069 2248 3178 quag'per
2274 3108 2420 3163 hunc
2441 3116 2757 3177 martyrem,
2787 3107 2839 3160 id
2860 3114 2961 3171 est,
2989 3107 3434 3177 gloriosissimum
3468 3105 3603 3164 sle.

321 3211 429 3266 que
453 3211 484 3250 a
513 3210 570 3250 se
602 3193 816 3257 turbida
857 3192 1222 3264 indignatione
1255 3190 1543 3246 submovit.
1597 3187 1784 3242 Visum
1817 3195 1902 3242 est

322 3301 522 3362 genero
549 3285 665 3363 ejus
696 3292 755 3338 ut
793 3285 899 3339 iret
931 3283 999 3342 ad
1040 3281 1356 3337 memoriam
1392 3279 1567 3336 sancti
1603 3277 1897 3347 Stephani,

322 3385 377 3430 et
399 3375 506 3430 illic
533 3391 631 3445 pro
662 3388 728 3428 eo
761 3382 1019 3443 quantum
1045 3372 1214 3444 possit
1239 3377 1440 3437 oraret,
1467 3379 1529 3425 ut
1549 3371 1691 3424 Deus
1713 3368 1784 3423 illi
1814 3367 1902 3423 da-

322 3476 408 3524 ret
438 3466 493 3520 in
524 3465 800 3525 Christum
828 3464 1066 3519 credere.
1117 3463 1272 3518 Fecit
1300 3463 1404 3517 hoc
1431 3461 1638 3539 ingenti
1663 3460 1898 3532 gemitu,

322 3566 378 3612 et
397 3556 545 3623 fletu,
569 3565 623 3612 et
645 3555 927 3616 sinceriter
951 3555 1174 3610 ardente
1202 3554 1417 3624 pietatis
1442 3552 1656 3607 affectu.
1698 3551 1901 3606 Deinde

322 3650 640 3714 abscedens,
687 3647 889 3716 aliquid
934 3647 1001 3702 de
1047 3644 1204 3699 altari
1237 3643 1424 3698 florum
1464 3643 1608 3713 quod
1639 3641 1897 3707 occurrit,

323 3739 466 3805 tulit,
488 3739 645 3809 eique
671 3720 807 3793 cum.
816 3737 926 3806 jam
953 3751 1061 3789 nux
1086 3741 1231 3792 esset
1259 3735 1326 3788 ad
1351 3742 1512 3803 caput
1529 3733 1728 3803 posuit.
1763 3733 1898 3787 Tum

320 3831 615 3885 dormitum
641 3838 744 3888 est.
791 3828 858 3881 Et
882 3840 1007 3882 ecce
1033 3833 1156 3879 ante
1183 3824 1474 3880 diluculum
1500 3825 1719 3890 clamat,
1747 3833 1806 3880 ut
1830 3824 1900 3880 ad

321 3923 636 3994 episcopum
673 3926 1000 3984 curreretur,
1044 3918 1138 3988 qui
1179 3932 1390 3972 mecum
1427 3916 1568 3973 forte
1605 3924 1736 3972 tunc
1782 3926 1900 3972 erat

323 4014 466 4086 apud
507 4011 823 4088 Hipponem.
879 4009 1013 4064 Cum
1057 4023 1188 4079 ergo
1223 4023 1345 4062 eum
1386 4008 1662 4062 audissent
1701 4008 1898 4063 absen-

323 4120 456 4173 tem,
488 4103 672 4166 venire
705 4101 1051 4172 presbyteros
1085 4097 1396 4169 postulavit.
1447 4099 1742 4165 Venerunt,
1781 4114 1900 4154 cre-

323 4205 450 4257 dere
475 4214 533 4254 se
558 4197 714 4261 dixit,
741 4194 1133 4249 admirantibus
1156 4200 1316 4264 atque
1339 4192 1696 4263 gaudentibus
1723 4191 1898 4246 omni-

323 4293 446 4358 bus,
475 4288 780 4358 baptizatus
804 4291 906 4340 cst.
952 4283 1088 4339 Hinc
1111 4283 1350 4354 quandiu
1377 4283 1515 4338 vixit
1535 4284 1592 4338 in
1610 4297 1708 4347 ore
1735 4282 1899 4337 habe-

2002 3200 2264 3271 phanum,
2303 3198 2445 3253 facta
2483 3205 2610 3253 sunt
2639 3199 2694 3252 in
2722 3197 2930 3252 colonia
2967 3196 3288 3265 Calamensi,
3318 3206 3375 3252 et
3403 3197 3460 3252 in
3497 3214 3604 3254 no-

2004 3301 2140 3359 stra,
2171 3292 2390 3362 plurimi
2424 3290 2741 3347 conﬁciendi
2776 3298 2901 3346 sunt
2928 3290 3071 3345 libri.
3111 3289 3220 3344 Nec
3255 3298 3436 3344 tamen
3469 3305 3602 3346 om-

2002 3386 2092 3441 nia
2120 3384 2295 3455 colligi
2321 3391 2592 3454 poterunt,
2621 3383 2716 3438 sed
2737 3389 2945 3437 tantum
2966 3383 3041 3437 de
3060 3381 3255 3451 quibus
3275 3379 3443 3436 libelli
3478 3382 3598 3437 dati

2003 3483 2147 3542 sunt,
2189 3475 2280 3544 qui
2316 3474 2676 3529 recitarentur
2711 3473 2767 3527 in
2802 3472 3030 3542 populis.
3081 3471 3139 3526 ld
3181 3485 3416 3541 namque
3468 3470 3600 3527 fieri

2002 3563 2293 3628 voluimus,
2341 3577 2463 3616 cum
2506 3561 2813 3616 videremus
2855 3560 3092 3629 antiquis
3133 3559 3328 3613 similia
3369 3558 3597 3613 divina-

2004 3668 2124 3708 rum
2166 3652 2317 3722 signa
2349 3652 2633 3716 virtutum,
2675 3650 2840 3705 etiam
2873 3649 3072 3706 nostris
3108 3648 3439 3718 temporibus
3482 3647 3601 3704 fre-

2001 3745 2283 3816 quentari,
2315 3753 2373 3798 et
2399 3758 2463 3798 ea
2491 3758 2599 3798 non
2635 3743 2835 3798 debere
2864 3742 3155 3797 multorum
3191 3741 3393 3795 notitiae
3423 3740 3601 3812 depe-

2002 3835 2131 3891 rire.
2165 3833 2414 3889 Nondum
2440 3841 2524 3889 est
2551 3841 2731 3888 autem
2759 3833 3034 3888 biennium
3062 3846 3127 3886 ex
3157 3847 3262 3901 quo
3287 3831 3429 3900 apud
3452 3829 3597 3902 Hip-

1999 3923 2447 4002 ponem-Regium
2494 3923 2658 3994 coepit
2685 3937 2806 3979 esse
2832 3923 2936 3978 ista
2976 3923 3266 3986 memoria,
3293 3931 3350 3977 et
3376 3922 3592 3989 multis,

2002 3999 2146 4086 quod
2179 3999 2338 4070 nobis
2377 4014 2736 4070 certissimum
2777 4022 2891 4080 est,
2933 4029 3040 4070 non
3080 4014 3220 4069 datis
3255 4014 3482 4080 libellis,
3523 4016 3596 4070 de

2000 4109 2088 4164 his
2116 4123 2236 4178 quae
2260 4107 2582 4168 mirabiliter
2606 4105 2747 4162 facta
2775 4113 2902 4161 sunt
2920 4147 2934 4171 ,
2962 4106 3037 4161 illi
3059 4107 3158 4176 ipsi
3181 4106 3275 4176 qui
3307 4104 3421 4160 dati
3456 4117 3594 4164 sunt

2001 4201 2068 4259 ad
2091 4201 2430 4271 septuaginta
2455 4200 2625 4254 ferme
2651 4214 2935 4258 numerum
2959 4209 3335 4270 pervenerant,
3360 4202 3592 4270 quando

1995 4289 2104 4345 ista
2131 4289 2448 4359 conscripsi.
2505 4288 2735 4345 Calamze
2776 4305 2906 4344 vero
2943 4291 3037 4345 ubi
3076 4297 3132 4344 et
3169 4289 3285 4360 ipsa
3316 4293 3591 4346 memoria

323 4385 417 4438 bat
441 4400 455 4436 :
476 4380 715 4444 Christe,
753 4378 926 4450 accipe
957 4377 1200 4449 spiritum
1239 4393 1412 4431 meum
1454 4375 1591 4448 (Act.
1637 4391 1735 4440 νη,
1783 4374 1892 4447 19).
1920 4427 1974 4488 D
1997 4381 2151 4452 prius
2185 4397 2308 4437 esse
2339 4382 2522 4451 coepit,
2565 4390 2621 4459 et
2646 4381 2891 4443 crebrius
2917 4382 3134 4447 dantur,
3169 4383 3589 4458 incomparabili

329 4477 364 4488 η
486 4472 502 4488 ι
816 4469 1113 4488 1--.,__,_g
1146 4466 1400 4488 ωηιηε
1457 4466 1864 4488 ----..ι-ι-..ε]..
2235 4473 2268 4488 ..
2324 4487 2327 4488 ν
2635 4481 2646 4488 .
2733 4472 2778 4488 π
2845 4472 2881 4488 ι’
2975 4473 3011 4488 .-
3435 4474 3451 4488 -
3538 4477 3552 4488 .

324 4477 458 4528 Cum
486 4472 603 4527 haec
626 4471 790 4525 verba
816 4469 1114 4525 beatissimi
1146 4466 1425 4538 Stephani,
1453 4467 1666 4537 quando
1695 4466 1896 4535 lapida-

321 4577 412 4621 tus
448 4572 530 4618 est
562 4578 594 4617 a
627 4561 848 4628 Iudaeis,
885 4561 1074 4616 ultima
1106 4559 1274 4616 fuisse
1307 4561 1562 4626 nesciret,
1612 4575 1732 4630 quae
1772 4559 1899 4614 huic

321 4673 537 4729 quoque
571 4657 756 4716 ultima
792 4655 1040 4721 fuerunt;
1072 4670 1200 4716 nam
1232 4669 1339 4715 non
1373 4653 1541 4708 multo
1576 4659 1698 4730 post
1733 4652 1896 4706 etiam

323 4751 441 4818 ipse
479 4745 764 4802 defunctus
809 4755 912 4801 est.
960 4744 1213 4800 Audurus
1259 4759 1454 4799 nomen
1493 4753 1579 4799 est
1617 4741 1768 4798 fundi
1804 4741 1897 4796 ubi

324 4834 566 4892 Ecclesia
606 4835 865 4890 memoria
907 4834 1162 4903 martyris
1195 4833 1452 4903 Stephani
1495 4839 1598 4887 est.
1663 4831 1894 4886 Puerum

325 4923 612 5003 quemdam
649 4923 930 4993 parvulum
968 4937 1091 4976 cum
1120 4923 1174 4975 in
1200 4937 1324 4976 area
1354 4921 1559 4976 luderet
1585 4922 1897 4978 exorbitan-

325 5023 410 5072 tes
441 5014 625 5078 boves,
670 5012 762 5082 qui
801 5011 1107 5067 vehiculum
1143 5012 1448 5079 trahebant,
1498 5022 1617 5068 rota
1659 5014 1897 5070 obtrive-

325 5113 474 5170 runt,
499 5111 554 5158 et
579 5101 863 5158 confestim
895 5102 1177 5174 palpitavit
1205 5103 1506 5173 exspirans.
1540 5105 1694 5160 Hunc
1724 5113 1900 5164 mater

325 5203 600 5264 arreptum
631 5191 699 5247 ad
728 5193 972 5246 eamdem
997 5191 1317 5246 memoriam
1351 5194 1558 5262 posuit;
1592 5204 1646 5251 et
1678 5211 1782 5250 non
1814 5211 1901 5251 so-

326 5287 439 5341 lum
469 5283 692 5348 revixit,
718 5297 904 5337 verum
935 5282 1099 5337 etiam
1128 5283 1328 5338 illmsus
1358 5287 1625 5355 apparuit.
1684 5286 1897 5342 Sancti-

325 5374 576 5434 tnonialis
614 5373 859 5444 quaedam
895 5373 950 5427 in
988 5374 1163 5429 vicina
1197 5377 1536 5444 possessione
1575 5394 1695 5448 qua:
1725 5378 1896 5449 Capa-

326 5467 470 5529 liana
491 5465 710 5532 dicitur,
737 5480 860 5520 cum
889 5465 1203 5535 {egritudine
1230 5466 1521 5531 laboraret,
1555 5483 1618 5522 ac
1643 5467 1897 5538 despera-

329 5563 507 5620 retur,
532 5557 599 5610 ad
631 5557 872 5611 eamdem
904 5557 1218 5611 memoriam
1247 5557 1426 5610 tunica
1459 5556 1575 5625 ejus
1600 5558 1756 5613 allata
1782 5570 1893 5628 est;

331 5658 451 5718 quae
491 5654 776 5722 antequam
815 5656 1178 5712 revocaretur,
1217 5645 1302 5700 illa
1347 5645 1592 5702 defuncta
1630 5656 1728 5704 est.
1786 5649 1897 5709 Hac

1998 4473 2342 4529 multitudine
2396 4481 2671 4544 superant.
2733 4472 2882 4528 Uzali
2938 4473 3142 4539 etiam,
3198 4489 3319 4544 quae
3369 4474 3587 4533 colonia

2000 4561 2170 4618 Uticae
2196 4561 2372 4616 vicina
2400 4571 2506 4628 est,
2537 4563 2704 4617 multa
2731 4562 2991 4639 praeclara
3021 4577 3119 4636 per
3152 4563 3404 4618 eumdem
3437 4581 3590 4620 mar-

1999 4661 2169 4724 tyrem
2215 4652 2356 4713 facta
2401 4655 2772 4725 cognovimus,
2811 4653 2965 4723 cujus
3003 4654 3078 4708 ibi
3120 4655 3380 4709 memoria
3419 4654 3588 4727 longe

1997 4747 2152 4815 prius
2177 4761 2338 4816 quam
2373 4746 2513 4816 apud
2547 4762 2647 4806 nos
2671 4747 2739 4802 ab
2768 4747 3020 4816 episcopo
3049 4746 3251 4801 Evodio
3285 4749 3587 4806 constituta

1999 4841 2103 4890 est.
2154 4833 2261 4890 Sed
2295 4835 2599 4891 libellorum
2634 4835 2933 4891 dandorum
2980 4837 3054 4892 ibi
3097 4838 3427 4892 consuetudo
3471 4854 3586 4895 non

1998 4932 2099 4987 est,
2129 4923 2213 4978 vel
2244 4924 2421 4993 potius
2445 4939 2551 4978 non
2573 4922 2706 4990 fuit;
2738 4939 2863 4978 nam
2897 4923 3126 4981 fortasse
3151 4942 3294 4981 nunc
3320 4941 3442 4996 esse
3461 4926 3581 4996 jam

1999 5014 2180 5084 cmpit.
2234 5013 2368 5069 Cum
2391 5016 2537 5070 enim
2559 5031 2730 5086 nuper
2757 5015 2869 5070 illic
2887 5031 3148 5082 essemus,
3178 5017 3431 5073 Petronia
3455 5035 3581 5082 ma.-

1997 5103 2336 5171 terfamilias,
2365 5121 2488 5176 quae
2517 5107 2590 5162 ibi
2616 5107 2938 5164 mirabiliter
2955 5123 3024 5164 ex
3049 5125 3242 5180 magno
3265 5119 3428 5183 atque
3457 5113 3582 5168 diu-

1998 5205 2184 5261 turno,
2231 5197 2284 5250 in
2317 5212 2423 5266 quo
2467 5197 2801 5254 medicorum
2837 5197 3102 5267 adjutoria
3144 5209 3334 5254 cuncta
3370 5201 3582 5258 defece-

2001 5297 2144 5352 rant,
2171 5287 2430 5358 languore
2457 5297 2646 5350 sanata
2680 5298 2780 5343 est.
2839 5288 3011 5356 Quam
3040 5289 3238 5344 hortati
3264 5305 3451 5345 sumus
3481 5307 3577 5345 "(>-

1999 5377 2142 5433 lente
2171 5379 2478 5448 supradicto
2513 5379 2617 5435 loci
2645 5381 2897 5450 episcopo
2929 5389 2988 5433 ut
3019 5380 3257 5433 libellum
3294 5381 3448 5435 daret
3479 5382 3571 5450 qui

2001 5469 2324 5524 recitaretur
2335 5471 2386 5523 in
2402 5470 2626 5540 populo;
2651 5478 2706 5524 et
2723 5471 3155 5526 obedientissime
3177 5472 3376 5541 paruit.
3393 5471 3450 5525 In
3466 5487 3575 5540 quo

1999 5561 2180 5631 posuit
2205 5561 2369 5616 etiam
2404 5562 2548 5630 quod
2582 5562 2668 5616 hic
2700 5561 2928 5616 reticere
2960 5577 3066 5616 non
3107 5576 3346 5630 possum,
3389 5577 3573 5632 quam-

2000 5655 2084 5708 vis
2112 5654 2178 5709 ad
2205 5670 2268 5710 ea
2295 5649 2412 5725 qum
2433 5655 2534 5711 hoc
2567 5669 2702 5729 opus
2736 5662 2926 5724 urgent
2965 5655 3222 5713 festinare
3257 5655 3572 5731 compellar.
