3838 6144
253 229 355 284 505

1242 226 1372 282 LIB.
1413 221 1785 281 ADVERSUS
1817 221 2177 280 CLAUDIUM
2217 225 2495 282 TAURIN.

3394 233 3498 290 506

250 348 295 400 Α
337 344 573 414 quodam
616 339 802 397 Iudaeo
837 341 972 398 dixit
1016 341 1118 396 sibi
1166 340 1334 397 fuisse
1369 355 1721 411 persuasum,
1762 346 1824 391 ut
1850 341 1900 400 Α
1924 353 2022 408 per
2043 341 2308 395 somnium
2339 343 2924 413 solebat,stupentibus
2957 349 3049 416 qui
3081 347 3307 403 aderant
3335 359 3498 419 atque

251 435 504 492 annulum
533 434 804 506 capillatio
840 434 1056 490 vinculo
1093 435 1375 497 insereret,
1414 433 1532 504 quo‘
1547 434 1648 487 sub
1675 432 1823 486 omni

252 534 400 582 veste
419 525 486 580 ad
510 525 654 578 nuda
689 511 934 595 corporis
969 525 1278 593 cingeretur
1307 543 1320 578 :
1350 525 1441 593 qui
1472 523 1698 578 annulus
1726 523 1825 577 ha-

250 617 402 672 beret
423 616 523 672 sub
541 630 752 685 gemma
773 615 1004 685 lapidem
1027 616 1080 670 in
1103 616 1322 670 renibus
1348 615 1622 669 inventum
1648 614 1821 670 bovis.

251 703 366 761 Hoc
387 703 604 775 alligata
623 704 778 774 quasi
800 705 1039 759 remedio
1063 706 1130 759 ad
1152 705 1324 760 sancti
1347 713 1614 775 martyres
1638 704 1824 758 limina

249 795 514 851 veniebat.
567 795 676 849 Sed
700 795 941 864 profecta
981 811 1013 848 a
1053 794 1412 866 Carthagine,
1449 810 1573 850 cum
1606 795 1664 849 in
1692 809 1825 850 con-

250 886 380 942 ﬁnio
401 882 638 938 ﬂuminis
661 883 916 954 Bagradas
945 884 1000 938 in
1029 899 1126 939 sua
1153 885 1492 955 possessione
1514 885 1824 950 mansisset,

250 987 478 1045 surgens
501 981 563 1027 ut
589 973 694 1027 iter
719 980 1024 1044 perageret,
1052 983 1177 1029 ante
1211 974 1376 1043 pedes
1411 987 1539 1029 suos
1571 973 1722 1030 illum
1743 972 1829 1040 ja-

249 1076 464 1124 centem
481 1065 738 1121 annulum
767 1066 920 1133 vidit,
934 1074 988 1121 et
1015 1066 1344 1136 capillatiam
1367 1081 1560 1122 zonam
1584 1080 1690 1136 qua
1714 1063 1830 1121 fue-

251 1166 336 1214 rat
380 1156 627 1228 alligatus
651 1198 666 1223 ,
709 1157 905 1212 mirata
945 1159 1194 1212 tentavit.
1238 1157 1410 1226 Quam
1446 1173 1570 1214 cum
1607 1157 1828 1214 omnino

251 1251 368 1307 suis
395 1251 552 1305 nodis
577 1249 921 1315 ﬁrmissimis,
950 1249 1092 1306 sicut
1116 1260 1254 1316 erat,
1286 1251 1638 1321 comperisset
1674 1250 1831 1305 astri-

251 1350 417 1406 ctam,
455 1341 731 1411 crepuisse
759 1349 922 1411 atque
949 1341 1236 1398 exsiluisse
1274 1341 1530 1396 annulum
1562 1342 1830 1411 suspicata

251 1440 356 1498 est,
391 1433 486 1502 qui
513 1432 678 1487 etiam
704 1432 819 1501 ipse
845 1447 966 1487 cum
1005 1433 1386 1503 integerrimus
1422 1430 1616 1487 fuisset
1644 1432 1830 1488 inven-

253 1532 358 1586 tus,
383 1521 577 1576 futurae
608 1521 795 1577 salutis
829 1521 1224 1593 quodammodo
1251 1523 1444 1594 pignus
1466 1523 1531 1578 de
1557 1531 1707 1579 tanto
1732 1524 1834 1579 mi-

253 1613 438 1669 raculo
473 1629 532 1668 se
564 1615 838 1684 accepisse
868 1616 1211 1686 prtesumpsit
1234 1656 1251 1683 ,
1286 1623 1448 1685 atque
1484 1615 1614 1670 illud
1645 1616 1833 1671 vincu-

1924 429 2047 484 aliis
2081 432 2421 500 paventibus,
2453 433 2575 488 aliis
2602 435 2924 490 dolentibus.
2964 437 3098 492 Cum
3128 454 3249 494 eum
3283 439 3498 508 quidam

1922 521 2121 576 vellent
2163 524 2373 594 erigere
2399 564 2414 590 ,
2463 525 2703 580 nonnulli
2743 527 3136 597 prohibuerunt
3159 571 3174 595 ,
3225 539 3279 585 et
3322 531 3502 601 potius

1921 613 2126 666 exitum
2149 615 2568 683 exspectandum
2591 632 2713 672 esse
2744 618 3014 674 dixerunt.
3070 620 3136 674 Et
3168 635 3294 676 ecce
3319 638 3504 678 surre-

1923 701 2024 765 xit,
2054 710 2108 756 et
2128 717 2236 756 non
2257 705 2543 769 tremebat,
2569 707 2822 774 quoniam
2843 716 3066 764 sanatus
3085 719 3223 775 erat,
3251 719 3306 766 et
3325 712 3505 767 stabat

1925 793 2238 859 incolumis,
2269 795 2488 850 intuens
2513 797 2806 853 intuentes.
2861 797 2994 866 Quis
3016 814 3145 870 ergo
3177 801 3503 856 intuentium

1926 900 1986 941 se
2031 887 2206 940 tenuit
2253 903 2284 940 a
2337 887 2586 943 laudibus
2630 889 2762 944 Dei?
2805 888 3186 958 Clamantium,
3231 892 3506 963 gratulan-

1926 978 2169 1047 tiumque
2189 977 2411 1034 vocibus
2439 980 2670 1036 ecclesia
2696 997 3078 1053 usquequaque
3103 985 3368 1054 completa
3397 995 3502 1041 est.

1925 1067 2055 1123 Inde
2085 1068 2152 1122 ad
2179 1083 2267 1123 me
2297 1069 2536 1124 curritur
2566 1071 2657 1125 ubi
2683 1071 2950 1137 sedebam,
2979 1073 3091 1143 jam
3129 1088 3502 1144 processurus.

1927 1156 2094 1212 lrruit
2133 1157 2269 1225 alter
2303 1159 2532 1228 quisque
2571 1170 2696 1230 post
2741 1161 2989 1228 alterum,
3031 1165 3208 1220 omnis
3240 1166 3506 1235 posterior

1930 1249 2086 1318 quasi
2133 1263 2332 1304 novum
2372 1249 2516 1319 quod
2560 1250 2697 1306 alius
2735 1253 2886 1320 prior
2924 1253 3133 1308 dixerat
3174 1257 3503 1311 nuntiantes.

1931 1338 2120 1408 Meque
2149 1340 2435 1410 gaudente,
2466 1348 2521 1395 et
2543 1342 2682 1410 apud
2705 1356 2792 1396 me
2818 1342 2930 1397 Deo
2956 1345 3160 1412 gratias
3188 1353 3398 1414 agente,
3430 1347 3509 1400 in-

1930 1428 2173 1500 greditur
2201 1431 2366 1484 etiam
2395 1431 2512 1500 ipse
2538 1447 2662 1486 cum
2694 1432 2974 1502 plurimis,
3006 1433 3292 1489 inclinatur
3323 1437 3390 1491 ad
3417 1451 3508 1507 ge-

1932 1537 2039 1577 nua
2077 1537 2233 1588 mea,
2267 1523 2493 1593 erigitur
2526 1524 2595 1580 ad
2630 1524 2874 1579 osculum
2914 1540 3115 1580 meum.
3165 1527 3512 1583 Procedimus

1934 1613 2002 1668 ad
2028 1612 2494 1684 populum,'plena
2516 1625 2635 1670 erat
2662 1615 2912 1681 ecclesia,
2939 1618 3264 1685 personabat
3291 1619 3516 1674 vocibus

253 1703 363 1760 lum
407 1702 644 1770 solvens,
692 1704 851 1760 simul
885 1720 1008 1760 cum
1046 1707 1237 1760 eodem
1278 1705 1478 1761 annulo
1517 1707 1744 1777 proiecit
1774 1707 1829 1761 in
1858 1692 1906 1751 Β
1933 1703 2274 1773 gaudiorum,
2317 1703 2429 1759 Deo
2477 1706 2712 1776 gratias!
2763 1705 2875 1760 Deo
2914 1705 3128 1761 laudes!
3173 1708 3388 1764 nemine
3429 1716 3510 1762 ta-

253 1792 475 1850 ﬂumen.
514 1792 632 1850 Non
655 1795 881 1850 credant
906 1795 1010 1850 hoc
1036 1796 1126 1864 qui
1149 1795 1314 1850 etiam
1338 1795 1624 1850 Dominum
1646 1794 1831 1850 Iesum

254 1899 353 1956 per
371 1883 580 1952 integra
607 1884 892 1956 virginalia
915 1886 1106 1940 matris
1129 1886 1348 1941 enixum
1367 1894 1424 1942 et
1445 1887 1515 1941 ad
1543 1886 1834 1956 discipulos

259 1975 410 2030 ostiis
435 1975 636 2031 clausis
661 1975 963 2046 ingressum
995 1974 1162 2032 fuisse
1187 1992 1295 2032 non
1319 1976 1578 2043 credunt;
1611 1975 1708 2032 sed
1729 1976 1835 2032 hoc

259 2073 410 2118 certe
437 2072 701 2135 quairant,
723 2072 798 2131 ει,
826 2065 873 2121 si
898 2080 1087 2122 verum
1113 2065 1439 2132 invenerint,
1471 2066 1561 2122 illa
1588 2066 1830 2122 credant.

262 2155 569 2213 Clarissima
602 2157 800 2213 femina
835 2165 936 2223 est,
971 2159 1225 2216 nobiliter
1253 2167 1410 2222 nata,
1446 2158 1702 2215 nobiliter
1737 2173 1836 2212 nu-

263 2258 372 2323 pta,
407 2250 733 2321 Carthagine
768 2251 977 2305 habitat
1007 2269 1021 2305 :
1053 2250 1230 2322 ampla
1265 2252 1484 2317 civitas,
1513 2250 1690 2321 ampla
1714 2265 1838 2320 per—

266 2355 415 2405 sona,
451 2354 568 2394 rem
603 2349 907 2410 quaerentes
936 2342 1106 2398 latere
1131 2358 1239 2398 non
1273 2343 1421 2400 sinit.
1457 2343 1663 2414 Martyr
1689 2351 1838 2399 certe

267 2427 396 2495 ipse,
424 2442 534 2496 quo
571 2427 893 2498 impetrante
929 2429 1018 2485 illa
1045 2439 1235 2486 sanata
1265 2438 1368 2495 est,
1406 2430 1462 2485 in
1487 2431 1684 2487 Filium
1716 2445 1839 2502 per-

270 2517 532 2571 manentis
558 2517 796 2588 Virginis
827 2521 1076 2591 credidit,
1113 2521 1167 2576 in
1189 2536 1312 2581 eum
1341 2521 1434 2594 qui
1461 2522 1614 2578 ostiis
1641 2521 1840 2577 clausis

272 2630 336 2677 ad
355 2607 645 2686 discipulos
670 2607 948 2684 inngSSus
973 2622 1079 2678 est,
1109 2612 1337 2668 credidit
1360 2629 1374 2666 :
1396 2618 1690 2681 postremo,
1716 2623 1840 2678 pro-

272 2720 385 2783 pter
410 2711 557 2779 quod
585 2709 766 2762 omnia
801 2703 905 2758 ista
936 2704 1186 2758 dicuntur
1216 2715 1248 2755 a
1275 2701 1460 2766 nobis,
1493 2699 1551 2755 in
1589 2712 1712 2753 eum
1746 2697 1840 2767 qui

273 2799 508 2855 ascendit
535 2798 592 2851 in
620 2794 818 2852 coelum
845 2807 968 2848 cum
995 2806 1178 2857 carne,
1217 2791 1274 2845 in
1305 2805 1413 2859 qua
1447 2794 1839 2854 resurrexerat,

273 2891 526 2956 credidit;
556 2895 610 2943 et
634 2887 754 2941 ideo
780 2900 876 2954 per
902 2899 1026 2939 eum
1055 2889 1204 2937 tanta
1245 2881 1400 2947 ﬁunt,
1437 2880 1562 2951 quia
1597 2894 1698 2956 pro
1735 2879 1841 2934 ista

273 2981 372 3036 ﬁde
407 2979 648 3034 animam
687 2974 887 3046 posuit.
942 2972 1106 3028 Fiunt
1134 2985 1264 3043 ergo
1293 2971 1457 3026 etiam
1491 2985 1637 3028 nunc
1672 2969 1842 3024 multa

1933 1803 2112 1860 cente,
2141 1795 2269 1851 hinc
2296 1803 2459 1865 atque
2497 1795 2624 1850 inde
2655 1795 3024 1851 clamantium.
3075 1796 3315 1852 Salutavi
3342 1812 3512 1868 popu-

1934 1884 2075 1950 lum,
2105 1894 2161 1941 et
2179 1901 2368 1941 rursus
2387 1886 2576 1941 eadem
2603 1884 2930 1941 ferventiore
2955 1901 3086 1942 voce
3107 1887 3363 1943 clamant.
3404 1887 3510 1944 Fa-

1934 1982 2024 2031 cto
2071 1975 2286 2031 tandem
2323 1976 2557 2042 silentio,
2601 1973 3005 2046 Scripturarum
3041 1976 3345 2032 divinarum
3386 1986 3514 2033 sunt

1933 2062 2074 2120 lecta
2109 2063 2388 2120 solemnia.
2434 2065 2537 2122 Ubi
2573 2075 2754 2121 autem
2789 2075 3011 2121 ventum
3045 2075 3128 2122 est
3164 2069 3233 2123 ad
3268 2069 3372 2123 mei
3406 2084 3516 2124 ser-

1935 2155 2113 2209 monis
2149 2155 2347 2222 locum,
2391 2155 2504 2211 dixi
2536 2171 2706 2227 pauca
2743 2171 2843 2226 pro
2876 2164 3119 2227 tempore
3155 2165 3210 2213 et
3243 2174 3342 2228 pro
3370 2158 3514 2214 illius

1928 2241 2266 2312 iucunditate
2299 2244 2517 2300 laetitiae.
2558 2244 2851 2301 Nobiscum
2882 2247 3045 2302 homo
3075 2249 3330 2318 prandit,
3351 2257 3406 2304 et
3434 2249 3516 2305 di-

1936 2333 2169 2406 ligenter
2193 2335 2350 2391 nobis
2370 2349 2585 2391 omnem
2612 2352 2724 2392 sua:
2745 2337 3003 2396 fraterne
3025 2339 3348 2394 calamitatis
3379 2339 3518 2395 indi-

1938 2426 2083 2480 cavit
2122 2426 2425 2485 historiam.
2458 2426 2715 2498 Sequenti
2745 2430 2927 2500 itaque
2952 2431 3038 2487 die
3064 2439 3188 2500 post
3211 2445 3517 2487 sermonem

1939 2516 2227 2583 redditum,
2254 2518 2585 2575 narrationis
2611 2518 2728 2588 ejus
2754 2521 2998 2577 libellum
3025 2523 3079 2576 in
3109 2524 3403 2577 crastinum
3424 2539 3520 2592 po-

1937 2605 2066 2676 pulo
2115 2607 2454 2664 recitandum
2491 2611 2737 2680 promisi.
2792 2610 2945 2677 Quod
2983 2627 3106 2667 cum
3145 2621 3200 2667 et
3239 2613 3518 2669 Dominico

1940 2697 2164 2754 Pascha:
2192 2698 2280 2753 die
2306 2699 2467 2754 tertio
2498 2699 2658 2756 ﬁeret
2686 2703 2740 2755 in
2771 2703 3027 2772 gradibus
3053 2705 3298 2772 exedra,
3328 2705 3383 2758 in
3412 2720 3521 2774 qua

1942 2789 2009 2844 de
2033 2789 2314 2860 superiore
2339 2789 2598 2862 loquebar
2625 2793 2744 2850 loco
2763 2834 2777 2860 ,
2808 2794 2909 2850 feci
2940 2803 3085 2851 stare
3113 2797 3522 2854 ambosfratres

1942 2896 2066 2936 cum
2118 2896 2306 2937 eorum
2357 2882 2626 2955 legeretur
2667 2885 2898 2942 libellus.
2940 2887 3256 2942 lntuebatur
3295 2891 3523 2960 populus

1941 2970 2418 3027 universussexus
2450 2974 2766 3046 utriusque,
2802 2992 2967 3031 unum
3002 2985 3236 3032 stantem
3271 2980 3388 3033 sine
3425 2981 3522 3035 de-

275 3071 548 3136 miracula,
563 3069 753 3124 eodem
780 3065 891 3121 Deo
917 3064 1150 3120 faciente
1164 3079 1261 3133 per
1279 3077 1417 3134 quos
1443 3061 1556 3117 vult
1577 3069 1632 3116 et
1655 3077 1845 3132 quem-
1870 3069 1915 3132 ρ
1945 3061 2107 3116 formi
2145 3070 2316 3128 motu,
2349 3063 2575 3118 alteram
2611 3066 2870 3122 membris
2897 3067 3146 3123 omnibus
3179 3079 3524 3124 contremen-

273 3163 557 3221 admodum
579 3157 710 3212 vult.
736 3157 912 3214 Unum
934 3155 1098 3210 etiam
1119 3162 1204 3210 est
1225 3155 1364 3224 apud
1383 3169 1483 3210 nos
1511 3153 1710 3210 factum
1735 3169 1843 3208 non

271 3252 444 3323 majus
464 3264 630 3320 quam
655 3247 744 3302 illa
765 3263 886 3317 quae
907 3246 1035 3310 dixi,
1066 3245 1160 3299 sed
1182 3252 1292 3298 tam
1313 3243 1518 3298 clarum
1541 3250 1702 3312 atque
1727 3242 1847 3298 illu-

273 3351 382 3399 Stre
400 3337 740 3404 miraculum,
754 3345 813 3390 ut
827 3335 1029 3390 nullum
1045 3335 1278 3389 arbitrer
1291 3348 1410 3388 esse
1424 3331 1848 3401 Hipponensium

271 3433 361 3502 qui
392 3433 496 3486 hoc
519 3445 628 3485 non
658 3429 744 3486 vel
767 3428 964 3487 viderit
984 3427 1065 3481 vel
1084 3425 1348 3488 didicerit,
1374 3423 1579 3478 nullum
1599 3423 1690 3493 qui
1710 3421 1848 3477 obli-

271 3525 402 3579 visci
443 3523 551 3578 nlla
596 3522 807 3576 ratione
835 3519 1086 3592 potuerit.
1135 3518 1330 3574 Decem
1373 3516 1590 3585 quidam
1628 3515 1847 3581 fratres,

273 3629 503 3685 quorum
528 3620 733 3682 septem
756 3621 880 3667 sunt
898 3625 1097 3677 mares,
1121 3618 1231 3664 tres
1248 3608 1484 3674 feminaa,
1509 3607 1577 3662 de
1601 3606 1848 3663 Caesarea

275 3704 626 3776 Cappadocia:
645 3717 864 3758 suorum
889 3701 1088 3757 civium
1114 3716 1220 3756 non
1251 3700 1531 3771 ignobiles,
1563 3699 1850 3755 maledicto

274 3797 466 3853 matris
509 3795 734 3860 recenti,
775 3794 944 3864 patris
980 3807 1166 3848 eorum
1209 3793 1357 3848 obitu
1399 3792 1682 3856 destitutas,
1732 3806 1852 3861 qua:

273 3886 530 3956 injuriam
569 3885 675 3942 sibi
711 3885 781 3940 ab
818 3887 904 3942 eis.
936 3885 1137 3942 factam
1177 3885 1525 3940 acerbissime
1565 3884 1706 3948 tulit,
1755 3883 1852 3939 tali

275 3992 434 4052 poena
465 3983 595 4031 sunt
630 3976 888 4032 divinitus
926 3975 1169 4041 coerciti,
1211 3983 1272 4030 ut
1306 3975 1637 4030 horribiliter
1666 3982 1854 4043 quate-

279 4076 470 4122 rentur
509 4081 698 4125 omnes
733 4075 970 4124 tremore
1008 4067 1372 4122 membrorum
1395 4082 1410 4120 :
1433 4067 1488 4122 in
1523 4081 1630 4136 qua
1668 4065 1855 4122 foedis-

278 4165 413 4218 sima
441 4162 623 4232 specie
645 4162 830 4218 oculos
850 4177 1071 4219 suorum
1099 4162 1295 4216 civium
1315 4177 1423 4217 non
1443 4161 1698 4227 ferentes,
1719 4175 1855 4232 qua-

277 4267 605 4323 quaversum
632 4253 825 4323 cuique
853 4253 933 4307 ire
958 4252 1132 4309 visum
1159 4259 1260 4318 est,
1292 4259 1402 4307 toto
1428 4267 1565 4322 pene
1585 4251 1855 4322 vagaban-

278 4352 370 4400 tur
394 4343 528 4398 orbe
572 4341 832 4397 Romano.
886 4342 968 4401 Ex
1010 4343 1095 4397 liis
1140 4343 1305 4398 etiam
1346 4342 1415 4397 ad
1452 4357 1551 4397 nos
1590 4345 1854 4395 venerunt

277 4436 408 4500 duo,
436 4433 610 4488 frater
633 4442 688 4489 et
713 4449 886 4499 soror,
918 4434 1114 4510 Paulus
1149 4443 1203 4490 et
1234 4434 1496 4500 Palladia,
1524 4433 1705 4489 multis
1734 4433 1856 4493 aliis

277 4525 414 4581 locis
447 4524 666 4580 miseria
699 4523 1009 4579 diﬁ‘amante
1027 4525 1141 4595 jam
1171 4524 1391 4596 cogniti.
1451 4526 1728 4584 Venerunt
1755 4545 1856 4585 au-

279 4627 391 4674 tem
424 4621 552 4670 ante
588 4612 794 4668 Pascha
829 4611 998 4668 ferme
1037 4613 1152 4670 dies
1194 4614 1498 4684 quindecim
1517 4657 1532 4681 ,
1574 4617 1858 4678 ecclesiam

278 4703 526 4780 quotidie
571 4713 627 4758 ει
660 4703 716 4758 in
755 4719 818 4758 ea
861 4705 1175 4759 memoriam
1203 4705 1573 4776 gloriosissimi
1600 4708 1859 4780 Stephani

277 4797 722 4874 frequentabant,
753 4805 972 4853 orantes
995 4807 1054 4852 ut
1076 4798 1188 4868 jam
1227 4797 1326 4852 sibi
1358 4798 1662 4868 placaretur
1693 4801 1858 4867 Deus,

274 4899 337 4948 et
367 4889 599 4948 salutem
629 4888 912 4959 pristinam
942 4889 1210 4945 redderet.
1243 4888 1312 4943 Et
1336 4889 1443 4945 illic
1465 4897 1519 4944 et
1540 4905 1860 4961 quocunque

280 4981 478 5044 ibant,
523 4979 908 5035 convertebant
954 4979 1010 5034 in
1053 4995 1113 5035 se
1155 4980 1390 5035 civitatis
1440 4989 1736 5051 aspectum.
1793 4982 1862 5037 Et

279 5069 530 5132 nonnulli
559 5068 650 5143 qui
684 5083 778 5124 eos
802 5068 930 5125 alibi
964 5069 1225 5135 viderant,
1255 5085 1580 5141 causamque
1607 5072 1862 5129 tremoris

279 5172 478 5213 eorum
519 5166 805 5224 noverant,
844 5159 986 5225 aliis,
1027 5167 1088 5214 ut
1121 5161 1314 5229 cuique
1352 5170 1620 5230 poterant,
1660 5163 1863 5217 indica-

278 5254 442 5310 bant.
490 5249 651 5306 Venit
691 5261 748 5308 et
787 5252 1012 5318 Pascha,
1072 5261 1234 5322 atque
1284 5252 1401 5322 ipso
1450 5251 1539 5306 die
1583 5252 1862 5308 Dominico

281 5357 469 5406 mane,
497 5359 620 5398 cum
641 5343 756 5412 jam.
772 5342 1026 5414 frequens
1050 5343 1275 5413 populus
1303 5356 1540 5412 prmsens
1563 5349 1724 5404 esset,
1757 5341 1864 5398 loci

281 5433 466 5488 sancti
508 5432 775 5488 cancellos
815 5433 905 5488 ubi
947 5434 1265 5504 martyrium
1305 5440 1443 5500 erat,
1482 5431 1623 5486 idem
1650 5432 1864 5502 juvenis

281 5539 457 5579 orans
493 5532 719 5590 teneret,
763 5534 979 5594 repente
1018 5532 1320 5596 prostratus
1351 5531 1456 5587 est,
1492 5529 1547 5576 et
1581 5522 1866 5576 dormienti

285 5616 602 5680 simillimus
627 5615 820 5687 jacnit,
860 5632 966 5672 non
1005 5626 1183 5672 tamen
1228 5624 1494 5681 tremens,
1524 5612 1663 5670 sicut
1701 5612 1865 5672 etiam

1947 3163 2078 3210 tem.
2129 3155 2198 3210 Et
2223 3157 2314 3225 qui
2345 3157 2520 3226 ipsum
2545 3174 2650 3213 non
2677 3159 2946 3224 viderant,
2977 3160 3106 3229 quid
3141 3159 3196 3214 in
3231 3175 3298 3215 eo
3331 3162 3526 3217 divina

1946 3245 2332 3301 misericordiae
2355 3245 2558 3301 factum
2579 3256 2743 3312 esset,
2773 3249 2826 3302 in
2854 3247 2970 3316 ejus
2996 3264 3183 3304 sorore
3209 3253 3522 3306 cernebant.

1947 3333 2217 3390 Yidebant
2257 3335 2403 3388 enim
2443 3337 2570 3404 quid
2617 3338 2673 3390 in
2714 3337 2804 3392 illo
2842 3337 3237 3407 gratulandum,
3267 3341 3393 3408 quid
3429 3355 3528 3408 pro

1947 3427 2037 3482 illa
2061 3435 2207 3481 esset
2233 3427 2515 3482 orandum.
2563 3428 2710 3483 Inter
2731 3430 2847 3484 haec
2877 3431 3104 3485 recitato
3131 3448 3318 3488 eorum
3347 3435 3526 3490 libello

1949 3519 2015 3573 de
2051 3525 2342 3588 conspectu
2374 3519 2556 3588 populi
2593 3534 2687 3575 eos
2723 3521 2875 3575 abire
2909 3523 3172 3593 praecepi;
3219 3534 3274 3578 et
3305 3525 3372 3581 de
3413 3533 3526 3581 tota

1949 3610 2064 3679 ipsa
2091 3623 2255 3666 causa
2285 3609 2558 3678 aliquanto
2595 3611 2904 3681 diligentius
2931 3627 3200 3681 coeperam
3230 3614 3526 3686 disputare,

1950 3715 2072 3756 cum
2092 3715 2220 3755 ecce
2241 3714 2328 3754 me
2347 3701 2652 3771 disputante
2681 3717 2848 3756 voces
2865 3701 2982 3757 alia:
3007 3703 3073 3758 de
3091 3706 3353 3760 memoria
3377 3721 3525 3761 mar-

1950 3793 2089 3864 tyris
2131 3807 2284 3848 novae
2323 3792 2701 3863 gratulationis
2739 3793 3052 3849 audiuntur.
3113 3793 3371 3851 Conversi
3406 3805 3532 3853 sunt

1951 3899 2018 3940 eo
2045 3884 2135 3953 qui
2166 3897 2254 3938 me
2284 3883 2605 3950 audiebant,
2636 3894 3023 3956 caperentque
3049 3900 3391 3942 concurrere.
3437 3887 3532 3943 Illa

1952 3975 2098 4030 enim
2135 3973 2228 4029 ubi
2265 3975 2332 4030 de
2365 3974 2620 4046 gradibus
2649 3975 2930 4033 descendit
2961 3978 3020 4031 in
3053 3978 3248 4046 quibus
3285 3986 3530 4045 steterat,

1955 4068 2024 4123 ad
2056 4075 2304 4123 sanctum
2337 4075 2628 4139 martyrem
2667 4083 2822 4124 orare
2857 4077 3195 4138 perrexerat.
3240 4068 3370 4134 Qua:
3406 4083 3531 4122 mox

1954 4169 2017 4216 ut
2050 4159 2318 4216 cancellos
2354 4160 2532 4230 attigit
2569 4158 2804 4228 collapsa
2845 4158 3095 4213 similiter
3131 4157 3276 4212 velut
3306 4157 3360 4210 in
3389 4171 3531 4210 som-

1955 4267 2086 4308 num
2137 4266 2269 4307 sana
2308 4250 2563 4306 surrexit.
2618 4250 2755 4303 Dum
2792 4261 2920 4318 ergo
2958 4245 3357 4316 requireremus
3399 4243 3530 4313 quid

1957 4339 2160 4396 factum
2181 4339 2364 4403 fuerit,
2388 4339 2529 4392 unde
2552 4337 2809 4406 strepitus
2829 4335 2982 4390 laetus
3000 4334 3284 4399 exstiterit,
3303 4333 3533 4404 ingressi

1959 4437 2084 4484 sunt
2115 4443 2237 4483 cum
2272 4427 2362 4481 illa
2389 4428 2444 4481 in
2469 4426 2765 4491 basilicam,
2799 4426 2891 4482 ubi
2927 4440 3175 4489 eramus,
3209 4423 3534 4479 adducentes

1960 4535 2080 4577 eam
2118 4534 2304 4575 sanam
2333 4519 2400 4574 de
2427 4518 2684 4588 martyris
2722 4518 2859 4571 loco.
2918 4516 3052 4571 Tum
3089 4531 3219 4570 vero
3253 4522 3434 4569 tantus
3462 4513 3532 4568 ab

1959 4620 2189 4682 utroque
2229 4625 2363 4666 sexu
2405 4607 2780 4665 admirationis
2818 4607 3024 4662 clamor
3059 4616 3278 4662 exortus
3323 4612 3428 4669 est,
3473 4611 3536 4659 ut

1959 4717 2065 4758 vox
2108 4701 2420 4758 continuata
2455 4715 2577 4754 cum
2609 4698 2893 4769 lacrymis,
2924 4712 3032 4752 non
3065 4697 3340 4752 videretur
3377 4710 3536 4764 posse

1961 4791 2129 4846 ﬁniri.
2178 4789 2444 4846 Perducta
2476 4796 2563 4844 est
2598 4788 2666 4842 ad
2698 4802 2824 4842 eum
2855 4785 3057 4852 locum,
3096 4783 3186 4838 ubi
3220 4783 3380 4854 paulo
3408 4792 3537 4838 ante

1962 4891 2188 4939 steterat
2230 4889 2489 4936 tremens.
2538 4877 2893 4934 Exsultabant
2924 4890 3044 4932 eam
3080 4875 3308 4930 similem
3347 4873 3536 4941 fratri,

1964 4976 2053 5034 cui
2076 4974 2376 5040 doluerant,
2392 4971 2719 5028 remansisse
2744 4968 3083 5034 dissimilem,
3107 4975 3163 5023 et
3187 4967 3426 5022 nondum
3445 4965 3539 5021 fu-

1965 5081 2056 5122 sas
2075 5079 2265 5135 preces
2293 5078 2420 5118 suas
2445 5077 2546 5132 pro
2570 5061 2685 5128 illa,
2710 5059 2824 5129 jam
2853 5068 3034 5115 tamen
3061 5058 3314 5128 praeviam
3340 5056 3538 5112 volun-

1965 5163 2133 5211 tatem
2165 5163 2274 5212 tam
2304 5153 2414 5209 cito
2440 5153 2748 5209 exauditam
2782 5166 2902 5207 esse
2931 5151 3224 5205 cernebant
3243 5189 3260 5214 ,
3299 5146 3536 5202 exsulta-

1966 5247 2098 5301 bant
2125 5246 2178 5299 in
2208 5245 2304 5300 Dei
2331 5243 2543 5299 laudem
2569 5259 2752 5309 voces,
2783 5243 2900 5297 sine
2925 5243 3126 5307 verbis,
3157 5248 3305 5295 tanto
3330 5238 3538 5300 sonitu,

1966 5347 2227 5409 quantum
2257 5353 2416 5393 aures
2444 5345 2643 5392 nostrte
2676 5334 2820 5392 ferre
2850 5336 2940 5389 vix
2975 5341 3213 5404 possent.
3258 5328 3394 5393 Quid
3416 5335 3535 5385 erat

1968 5430 2023 5485 in
2067 5429 2316 5484 cordibus
2355 5419 2762 5491 exsultantium,
2791 5425 2894 5480 nisi
2927 5423 3058 5478 ﬁdes
3085 5417 3283 5475 Clu-isti
3311 5429 3407 5486 pro
3427 5430 3544 5484 quo

1971 5520 2231 5590 Stephani
2254 5519 2473 5591 sanguis
2499 5517 2700 5574 effusus
2727 5517 2856 5574 est?
2885 5535 2902 5567 ι

2041 5611 2192 5683 Quod
2243 5619 2420 5672 autem
2461 5610 2594 5671 dicit
2635 5616 2879 5667 sanctum
2935 5604 3154 5661 Petrum
3203 5609 3541 5674 ceterosque
