3838 6144
310 243 419 299 507

1630 233 1931 293 DUNGALI
1967 233 2262 294 RECLUSI

3461 241 3565 299 ΜΒ

312 356 588 431 apostolos
626 371 657 412 a
693 355 996 410 ministerio
1035 353 1273 410 solvendi
1304 367 1367 408 ac
1404 351 1622 422 ligandi,
1653 351 1756 406 hoc
1781 357 1886 417 est,
1916 351 2054 412 Are
2108 353 2337 409 actionis
2364 393 2379 420 ,
2435 353 2605 410 altera
2659 353 2715 410 in
2767 355 3018 411 mercede
3076 355 3566 426 contemplationis.

309 449 590 522 judicandi
615 449 669 503 in
697 445 938 502 Ecclesia
965 459 1084 500 esse
1114 452 1370 508 remotos,
1397 451 1454 498 et
1475 441 1625 496 illum
1646 442 1890 512 aliosque

315 543 397 598 sui
419 556 579 612 pares
603 541 656 594 in
683 538 894 592 illorum
924 534 1248 590 successisse
1276 532 1471 596 locum,
1505 532 1657 601 quasi
1684 532 1890 603 dignio-

317 650 405 690 res
439 643 599 700 atque
626 628 954 685 ellicaciores
975 641 1072 695 pro
1097 624 1311 679 lassatis
1339 633 1430 678 aut
1459 623 1525 678 de
1555 623 1734 694 aliqua
1761 639 1890 679 con—

313 726 474 779 victis
499 722 727 777 falsitate
753 719 1087 781 substitutos,
1119 731 1240 770 cum
1266 715 1340 769 illi
1371 715 1510 784 quod
1539 715 1705 770 semel
1731 731 1760 768 a
1788 716 1892 770 Do-

315 816 462 870 mino
490 810 854 884 principaliter
880 824 1001 863 cum
1026 806 1375 862 universitate
1396 805 1649 860 Ecclesia
1670 807 1894 861 attribu-

317 913 430 959 tum
459 905 549 968 sit,
580 905 682 956 hoc
711 908 793 955 est
825 899 1035 969 judices
1070 907 1270 952 sancta
1308 897 1424 951 ﬁeri
1461 897 1718 952 Ecclesia:
1754 914 1892 952 nun-

315 1009 477 1065 quam
505 1007 623 1048 esse
651 992 925 1053 desierint,
959 997 1054 1044 aut
1086 1003 1182 1058 per
1205 1003 1357 1042 suam
1388 989 1722 1057 corporalem
1757 1005 1893 1058 pra-

315 1087 543 1142 sentiam
579 1083 891 1152 judicando,
934 1090 1028 1135 aut
1066 1095 1164 1150 per
1199 1095 1351 1134 suam
1385 1079 1686 1134 doctrinam
1727 1095 1890 1150 quam

311 1179 432 1232 vice
469 1191 562 1231 sua
603 1175 837 1244 posteris
874 1172 1229 1240 reliquerunt,
1270 1171 1399 1240 quid
1439 1172 1582 1224 enim
1625 1172 1890 1242 quispiam

313 1275 495 1324 rector
524 1266 777 1321 Ecclesia
801 1279 832 1317 a
863 1262 1182 1332 semetipso,
1223 1270 1318 1315 aut
1348 1277 1447 1331 per
1475 1275 1532 1316 se
1563 1263 1738 1332 ipsum
1771 1263 1892 1319 sine

311 1356 640 1427 evangelica,
690 1354 775 1409 vel
828 1353 1156 1422 apostolica,
1201 1351 1558 1418 canonicave,
1607 1368 1713 1423 qua
1764 1354 1891 1408 inde

312 1449 535 1504 emersit
569 1447 890 1501 auctoritate
909 1445 1156 1513 judicare
1191 1452 1338 1499 recte
1369 1445 1590 1514 poterit,
1628 1452 1722 1499 aut
1757 1444 1892 1502 diﬁi—

311 1539 486 1592 nire?
552 1538 667 1592 Hoc
712 1545 890 1591 autem
937 1536 1257 1592 subnectere
1299 1537 1490 1591 nititur
1531 1537 1779 1609 exemplo
1824 1537 1891 1592 de

311 1629 540 1684 Psalmis
567 1635 858 1697 assumpto.
891 1625 999 1680 Pro
1053 1626 1290 1697 patribus
1335 1628 1438 1681 tuis
1486 1628 1597 1681 nati
1635 1637 1757 1681 sunt
1795 1626 1890 1681 tibi

309 1718 442 1788 ﬁlii,
493 1721 773 1772 constitues
818 1735 904 1771 eos
945 1717 1204 1788 principes
1248 1734 1403 1788 super
1453 1733 1656 1772 omnem
1698 1727 1890 1772 terram

311 1809 481 1881 (Psal.
530 1825 672 1874 xuv,
717 1809 823 1878 l7).
873 1809 1007 1863 Cum
1049 1808 1176 1862 illud
1217 1817 1272 1862 et
1309 1809 1375 1863 de
1423 1809 1681 1878 apostolis
1727 1817 1781 1864 et
1825 1810 1892 1864 de

309 1903 512 1956 sanctis
539 1902 840 1970 quibusque
869 1901 1138 1970 episcopis
1163 1915 1351 1954 eorum
1378 1899 1588 1954 scilicet
1616 1914 1892 1954 successo-

308 1990 458 2046 ribus
495 1998 643 2046 recte
682 1990 1018 2061 intelligitur,
1052 1990 1193 2044 sicut
1226 1988 1519 2059 Apostolus
1553 1990 1630 2044 ait
1658 2009 1671 2044 :
1703 1987 1890 2044 Patres

307 2082 470 2137 nostri
491 2082 584 2137 sub
611 2082 742 2135 nube
767 2082 978 2152 fuerunt
1002 2080 1056 2152 (I
1077 2080 1200 2136 Cor.
1228 2097 1302 2146 vr,
1333 2081 1442 2153 10).
1477 2082 1543 2136 Et
1566 2083 1622 2135 in
1644 2080 1885 2137 Psalmo:

310 2173 487 2229 Nimis
513 2174 757 2228 honorati
776 2183 898 2227 sunt
923 2173 1078 2227 amici
1102 2174 1198 2236 tui,
1233 2172 1398 2238 Deus,
1432 2173 1588 2226 nimis
1624 2172 1888 2242 conforta-

307 2270 392 2316 tus
417 2272 492 2315 est
519 2262 837 2332 principatus
864 2276 1043 2315 eorum
1067 2258 1238 2333 (Psal.
1270 2275 1533 2326 cxxxvm,
1559 2259 1666 2332 l7).
1707 2259 1890 2315 Fallor

306 2354 355 2408 si
394 2354 510 2408 hac
543 2354 616 2407 ita
645 2368 764 2408 esse
791 2353 1120 2424 Augustinus
1158 2368 1264 2407 non
1306 2352 1543 2406 afﬁrmat
1580 2353 1636 2407 in
1676 2352 1889 2422 exposi-

305 2444 455 2499 tione
482 2442 752 2513 Evangelii
773 2445 1067 2498 secundum
1093 2442 1355 2498 Joannem
1380 2444 1614 2498 dicensu
1635 2442 1748 2498 Hoc
1777 2443 1888 2513 agit

305 2534 546 2590 Ecclesia
587 2549 682 2605 spe
709 2535 865 2589 beata
894 2533 948 2588 in
977 2533 1080 2588 hac
1107 2535 1217 2588 vita
1243 2549 1578 2599 arumnosa;
1607 2533 1760 2604 cujus
1785 2533 1888 2588 Ec-

304 2625 484 2681 clesia
517 2625 713 2680 Petrus
745 2624 1021 2695 apostolus
1049 2632 1268 2696 propter
1295 2625 1628 2696 apostolatus
1658 2626 1740 2680 sui
1768 2626 1885 2696 pri-

303 2725 508 2769 matum
538 2716 763 2786 gerebat
786 2715 1015 2788 ﬁgurata
1037 2713 1388 2785 generalitate
1411 2729 1721 2784 personam,
1743 2714 1886 2783 quod

305 2804 451 2860 enim
481 2803 548 2858 ad
579 2805 753 2874 ipsum
777 2789 994 2875 proprie
1020 2803 1273 2874 pertinet,
1315 2813 1508 2858 natura
1548 2819 1688 2858 unus
1723 2804 1884 2858 homo

303 2904 442 2962 erat,
487 2897 660 2966 gratia
699 2912 840 2951 unus
879 2895 1240 2960 Christianus,
1286 2895 1677 2952 abundantiore
1710 2895 1885 2968 gratia

303 3001 446 3040 unus
473 2987 721 3056 idemque
752 2987 958 3055 primus
998 2985 1290 3054 apostolus.
1329 2985 1436 3042 Sed
1466 2987 1684 3057 quando
1723 2986 1772 3042 ei
1803 2986 1884 3042 di-

303 3083 450 3130 ctum
470 3081 555 3130 est
582 3093 595 3128 :
624 3073 740 3128 Tibi
766 3075 900 3128 dabo
933 3073 1102 3131 claves
1142 3073 1287 3144 regni
1321 3073 1589 3140 caelorum,
1625 3084 1674 3129 et
1707 3074 1878 3146 quod-

303 3180 503 3234 cunque
526 3163 765 3234 ligaveris
785 3180 940 3234 super
959 3175 1176 3234 terram,
1197 3166 1294 3220 erit
1317 3165 1534 3236 ligatum
1559 3175 1605 3218 et
1629 3165 1685 3219 in
1705 3163 1881 3231 catis;

300 3260 348 3308 et
372 3253 713 3324 quodcunque
737 3253 950 3310 solveris
972 3273 1127 3327 super
1147 3265 1362 3321 terram,
1377 3255 1474 3309 erit
1493 3254 1724 3309 solutum
1751 3264 1800 3308 et
1826 3255 1882 3310 in

299 3341 439 3396 caelis
473 3340 686 3414 (Matth.
727 3359 838 3409 xvr,
883 3345 1006 3416 l9),
1042 3347 1351 3402 universam
1392 3344 1661 3414 signiﬁcat
1697 3343 1882 3399 Eccle-

299 3433 458 3498 siam,
487 3449 607 3504 qua
633 3435 688 3489 in
719 3435 822 3491 hoc
843 3437 1038 3494 saculo
1061 3438 1291 3496 diversis
1321 3437 1710 3493 tentationibus
1732 3437 1880 3493 velut

299 3524 580 3591 imbribus,
604 3525 934 3595 ﬂuminibus,
962 3530 1388 3601 tempestatibus,
1416 3530 1659 3600 quatitur
1685 3536 1741 3584 et
1770 3543 1878 3585 non

299 3614 463 3680 cadit,
494 3617 746 3684 quoniam
783 3617 1002 3674 fundata
1031 3628 1116 3676 est
1141 3635 1304 3690 super
1335 3629 1578 3690 petram,
1608 3617 1750 3673 unde
1778 3617 1879 3674 Pe-

298 3711 417 3759 trus
455 3720 649 3760 nomen
686 3709 911 3776 accepit.
966 3707 1083 3763 Non
1121 3709 1263 3764 enim
1294 3725 1325 3764 a
1356 3711 1516 3765 Petro
1553 3717 1734 3779 petra,
1781 3709 1877 3764 sed

295 3795 491 3853 Petrus
513 3814 544 3852 a
573 3807 719 3868 petra
739 3817 752 3864 ;
771 3800 922 3856 sicut
947 3816 1052 3856 non
1073 3801 1321 3858 Christus
1349 3817 1380 3856 a
1407 3802 1716 3858 Christiano
1738 3843 1752 3868 ,
1777 3803 1874 3858 sed

295 3885 638 3942 Christianus
672 3903 701 3941 a
739 3888 955 3945 Christo
987 3899 1228 3946 vocatur.
1262 3891 1387 3948 ldeo
1418 3894 1615 3962 quippe
1645 3892 1722 3946 ait
1762 3892 1870 3948 Do-

294 3979 476 4035 minus
525 3997 538 4032 :
585 3977 753 4049 Super
799 3981 934 4035 hanc
995 3992 1196 4053 petram
1254 3983 1524 4052 aediﬁcabo
1581 3984 1871 4041 Ecclesium

293 4090 462 4128 meam
490 4071 652 4145 (Ibid.
678 4073 765 4148 18)
785 4092 799 4140 ;
821 4077 947 4146 quia
969 4077 1178 4132 dixerat
1197 4077 1424 4133 Petrus:
1451 4077 1528 4132 Tu
1553 4096 1606 4134 es
1629 4079 1870 4137 Christus

292 4161 468 4218 Filius
499 4163 594 4218 Dei
623 4167 722 4220 uiui
748 4165 912 4238 (Ibid.
944 4168 1051 4240 16).
1078 4186 1097 4221 ι
1130 4167 1308 4238 Super
1332 4169 1472 4224 hanc
1496 4184 1644 4240 ergo,
1670 4171 1863 4242 inquit,

289 4251 506 4310 Petram
557 4271 720 4325 quam
769 4257 1050 4314 confessus
1101 4273 1161 4315 es
1184 4299 1200 4326 ,
1248 4259 1524 4316 adiﬁcabo
1569 4261 1864 4318 Ecclesiant

1990 440 2097 498 lsta
2157 443 2455 514 signiﬁcata
2517 454 2602 501 est
2654 461 2754 518 per
2811 447 3111 519 apostolum
3163 448 3382 504 Petrum
3411 491 3426 516 ,
3482 450 3571 506 illa

1989 548 2089 604 per
2135 533 2416 590 Joannem.
2518 537 2652 592 Tota
2713 538 2802 593 hic
2858 540 3037 608 agitur
3106 539 3210 594 ista
3285 556 3465 610 usque
3519 542 3573 597 in

1991 624 2150 694 hujus
2194 628 2374 684 saculi
2411 628 2573 683 ﬁnem
2602 639 2656 684 et
2685 629 2795 686 illic
2833 630 3038 684 invenit
3090 630 3250 686 ﬁnem
3284 633 3576 688 :dillertur

1991 715 2080 770 illa
2109 718 2426 786 complenda
2469 726 2590 788 post
2635 718 2795 788 hujus
2823 720 3005 774 saculi
3039 719 3220 784 ﬁnem,
3265 722 3359 774 sed
3392 706 3451 776 in
3493 723 3576 777 fu-

1991 812 2113 860 turo
2136 806 2334 862 saculo
2375 823 2481 862 non
2521 808 2682 863 habet
2709 808 2890 863 ﬁnem.
2932 809 3055 864 ldco
3079 810 3275 864 dicitur
3301 811 3454 876 huic,
3485 811 3577 866 Se-

1988 911 2146 966 quere
2169 912 2287 962 me;
2328 897 2395 952 de
2424 897 2514 952 illo
2539 906 2740 964 autem,
2777 899 2996 955 Siceum
3031 900 3142 954 volo
3172 918 3385 955 manere
3411 902 3577 957 donec

1987 988 2213 1064 ueniant.
2259 987 2401 1054 Quid
2430 990 2499 1043 ad
2538 991 2702 1044 te?tu
2740 1008 2821 1046 me
2861 1010 3074 1064 sequere
3094 991 3276 1065 (Joan.
3324 1009 3444 1059 xxv,
3487 995 3576 1059 19,

1989 1078 2103 1151 22).
2129 1078 2268 1146 Quid
2288 1081 2431 1136 enim
2453 1095 2538 1136 eat
2565 1083 2669 1138 hoc
2686 1091 2947 1152 quantum
2969 1085 3141 1154 sapio,
3167 1085 3294 1154 quid
3317 1094 3404 1140 est
3425 1085 3451 1139 ?
3476 1086 3576 1141 nisi

1993 1169 2072 1224 Tu
2097 1188 2177 1226 me
2197 1188 2427 1243 sequere,
2452 1188 2552 1243 per
2577 1174 2927 1230 imitationem
2964 1175 3271 1246 perferendi
3303 1186 3578 1247 tempora-

1989 1259 2061 1314 lia
2091 1261 2266 1328 mala;
2308 1262 2399 1319 ille
2422 1273 2639 1320 maneat
2659 1265 2830 1321 donec
2857 1267 3189 1336 sempiterna
3218 1268 3379 1322 venio
3404 1269 3582 1324 reddi-

1990 1357 2146 1408 turus
2168 1351 2308 1406 bona
2335 1372 2349 1407 :
2377 1345 2520 1423 quod
2551 1355 2811 1423 apertius,
2847 1355 2922 1409 ita
2950 1356 3056 1410 dici
3083 1365 3261 1427 potest
3287 1377 3299 1412 :
3326 1357 3578 1414 Perfecta

1990 1461 2078 1502 me
2118 1455 2378 1518 sequatur
2419 1449 2563 1504 actio
2590 1449 2879 1505 informata
2920 1467 3055 1506 mea
3093 1453 3366 1522 passionis
3393 1469 3585 1510 exem—

1986 1537 2096 1608 plo,
2126 1539 2378 1595 inchoata
2407 1555 2537 1595 vero
2558 1541 2941 1610 contemplatio
2965 1551 3180 1596 maneat
3201 1542 3373 1597 donec
3392 1545 3583 1608 venio,

1987 1627 2312 1698 perﬁcienda
2357 1645 2482 1684 cum
2514 1645 2736 1685 venero.
2766 1629 2935 1686 Nemo
2964 1642 3142 1687 tamen
3171 1633 3303 1688 istos
3333 1635 3589 1705 insignes

1919 1700 1967 1760 Β
1994 1719 2265 1788 apostolos
2291 1729 2520 1791 separet,
2552 1729 2608 1776 et
2634 1721 2688 1775 in
2718 1737 2784 1776 eo
2815 1723 2958 1791 quod
2993 1723 3332 1793 signiﬁcabat
3361 1700 3586 1790 Petrus,

1993 1812 2150 1866 ambo
2179 1821 2365 1877 erant;
2404 1823 2459 1868 et
2485 1814 2538 1866 in
2569 1827 2634 1868 eo
2674 1813 2816 1883 quo‘d
2841 1813 3107 1884 signiﬁcat
3132 1814 3390 1881 Joannes,
3418 1818 3590 1872 ambo

1991 1903 2158 1961 futuri
2199 1913 2395 1960 erant:
2429 1904 2780 1976 signiﬁcando
2817 1902 3144 1976 sequebatur
3168 1905 3288 1968 iste,
3322 1907 3595 1961 manebat

1990 1994 2116 2061 ille;
2162 1995 2435 2051 credendo
2478 2005 2684 2061 autem,
2710 1996 2869 2051 ambo
2901 1995 3043 2050 mala
3086 1997 3373 2067 prasentia
3417 1996 3594 2067 hujus

1989 2085 2571 2142 miseriatolerabant.
2593 2085 2766 2141 Ambo
2792 2085 2973 2141 lutura
3003 2086 3144 2143 bona
3170 2086 3312 2142 illius
3338 2087 3592 2144 beatitu—

1990 2177 2135 2232 dinis
2171 2179 2579 2248 exspectabant.
2610 2176 2720 2232 Nec
2757 2177 2859 2248 ipsi
2891 2177 3014 2241 soli,
3055 2176 3150 2232 sed
3178 2178 3435 2234 universa
3468 2179 3586 2234 hoc

1988 2266 2118 2323 facit
2150 2277 2339 2324 sancta
2381 2267 2624 2325 Ecclesia
2650 2284 2846 2339 sponsa
2884 2267 3112 2335 Christi,
3143 2267 3211 2324 ab
3238 2270 3359 2325 istis
3393 2279 3586 2328 tenta-

1987 2357 2229 2413 tionibus
2271 2358 2533 2424 eruenda,
2573 2358 2629 2414 in
2678 2358 2769 2413 illa
2810 2357 3068 2414 felicitate
3105 2359 3388 2413 servanda.
3423 2359 3596 2416 Sicut

1987 2465 2118 2521 ergo
2165 2465 2384 2516 nomen,
2417 2451 2612 2517 honor,
2661 2449 2913 2518 dignitas,
2963 2448 3196 2505 ollicium
3230 2451 3593 2522 evangelista

1987 2540 2056 2595 ab
2082 2539 2288 2596 Joanne
2312 2555 2420 2596 non
2463 2541 2690 2607 tollitur,
2719 2541 2846 2596 licet
2875 2542 2978 2596 hoc
3005 2557 3128 2597 cum
3155 2555 3220 2596 eo
3242 2543 3451 2613 pariter
3472 2543 3586 2597 Pco

1987 2641 2104 2689 trus
2147 2641 2204 2688 et
2249 2634 2578 2689 universitas
2627 2642 2826 2690 sancta
2871 2634 3129 2690 Ecclesia
3175 2636 3462 2699 sortiatur,
3501 2636 3591 2690 ita

1985 2740 2088 2780 nec
2134 2723 2329 2780 Petrus
2357 2725 2651 2797 primatum
2701 2725 2956 2781 Ecclesia
2989 2734 3045 2780 et
3091 2734 3422 2796 potestatem
3472 2727 3592 2781 sol-

1983 2816 2145 2872 vendi
2184 2817 2238 2871 in
2263 2831 2329 2872 ea
2353 2832 2416 2872 ac
2441 2816 2643 2887 ligandi
2686 2817 2789 2872 sibi
2831 2833 2862 2872 a
2899 2817 3126 2872 Domino
3147 2819 3217 2872 ob
3252 2816 3589 2874 indubitata

1984 2908 2479 2963 remunerationem
2508 2907 2630 2962 ﬁdei
2655 2905 3026 2979 principaliter
3058 2907 3316 2962 traditam
3345 2909 3587 2972 amittit,

1986 2998 2233 3067 quamvis
2277 2999 2358 3054 eis
2403 2998 2642 3054 Joannes
2687 3013 2810 3054 cum
2856 2998 3170 3070 integritate
3201 2997 3463 3053 Ecclesia
3521 2999 3587 3053 in

1984 3089 2089 3145 hoc
2110 3089 2432 3154 ministerio,
2472 3090 2611 3144 sicut
2653 3090 2968 3159 pradictum
3007 3097 3109 3155 cst,
3133 3091 3394 3145 societur.
3437 3089 3583 3144 [line

1981 3179 2316 3252 Augustinus
2347 3199 2359 3234 :
2389 3179 2653 3235 Omnibus
2686 3180 2850 3252 igitur
2872 3179 3074 3236 sanctis
3112 3181 3179 3235 ad
3217 3181 3424 3236 Christi
3458 3197 3586 3237 cor-

1980 3285 2082 3342 pus
2110 3272 2544 3344 inseparabiliter
2587 3272 3005 3342 pertinentibus,
3048 3279 3270 3344 propter
3299 3271 3465 3341 hujus
3493 3273 3580 3327 vi-

1981 3369 2052 3418 ta
2079 3361 2547 3432 procellosissima
2571 3361 2995 3432 gubernaculum
3022 3362 3090 3417 ad
3119 3361 3337 3432 liganda
3370 3371 3428 3416 et
3461 3361 3573 3417 sol-

1978 3454 2151 3509 venda
2180 3460 2402 3525 peccata
2426 3451 2605 3507 claves
2635 3453 2787 3521 regni
2829 3451 3090 3507 calorum
3119 3453 3331 3523 primus
3356 3460 3576 3523 aposto-

1978 3545 2154 3601 lorum
2201 3545 2396 3600 Petrus
2438 3544 2668 3614 accepit,
2719 3544 3030 3615 eisdemque
3075 3543 3330 3599 omnibus
3364 3545 3578 3599 sanctis

1976 3645 2202 3707 propter
2225 3635 2351 3690 vita
2381 3634 2524 3689 illius
2554 3634 2932 3690 secretissima
2963 3634 3363 3706 quietissimum
3388 3636 3570 3690 sinum

1977 3742 2146 3798 super
2165 3735 2354 3796 pectus
2399 3725 2602 3782 Christi
2639 3727 2875 3781 Joannes
2908 3726 3238 3798 evangelista
3268 3725 3570 3791 discubuit,

1978 3819 2235 3892 quoniam
2277 3834 2378 3874 nec
2405 3818 2508 3874 iste
2535 3819 2703 3884 solus,
2734 3821 2828 3874 sed
2853 3818 3118 3874 universa
3145 3818 3405 3874 Ecclesia
3436 3819 3566 3890 ligat

1974 3908 2242 3976 solvitque
2263 3916 2507 3977 peccata.
2533 3905 2644 3962 Nec
2659 3907 2750 3962 ille
2771 3907 2824 3961 in
2843 3908 3108 3979 principio
3129 3907 3368 3963 Verbum
3393 3909 3562 3963 Deum

1974 3999 2117 4068 apud
2144 3999 2317 4054 Deum
2339 4005 2396 4052 et
2424 4005 2622 4052 caetera
2653 3997 2719 4053 de
2744 3997 2949 4052 Christi
2975 3997 3278 4062 divinitate,
3306 4007 3364 4052 et
3391 3998 3459 4052 de
3490 4006 3562 4051 to-

1971 4089 2081 4144 tius
2101 4087 2400 4143 divinitatis
2429 4086 2695 4141 Trinitate
2715 4095 2880 4156 atque
2904 4087 3113 4142 unitate
3141 4085 3414 4152 sublimia,
3442 4100 3561 4156 qua

1967 4181 2027 4237 in
2062 4183 2154 4240 illo
2199 4197 2368 4254 regno
2406 4181 2543 4236 facie
2587 4183 2654 4237 ad
2698 4180 2894 4237 faciem
2933 4181 3368 4250 contemplanda,
3417 4197 3558 4237 nunc

1967 4282 2149 4331 autem
2193 4273 2367 4332 donec
2397 4273 2583 4329 veniat
2614 4273 2898 4338 Dominus,
2925 4272 2980 4326 in
3027 4271 3244 4344 speculo
3291 4281 3458 4342 atque
3503 4272 3556 4325 in

289 4360 499 4411 meam;
530 4354 682 4417 petra
706 4349 849 4402 enim
872 4358 990 4404 erat
1016 4349 1281 4418 Christus,
1310 4367 1471 4422 super
1491 4354 1635 4423 quod
1672 4353 1862 4411 funda-

1980 4367 2264 4438 anigmate
2294 4365 2595 4422 contuenda
2619 4371 2764 4432 sunt,
2801 4379 2921 4435 qua
2946 4363 3287 4434 praedicando
3315 4371 3553 4418 ructaret

287 4446 530 4494 mentum
577 4439 743 4493 etiam
794 4440 910 4510 ipse
935 4441 1235 4497 adiﬁcatas
1262 4449 1346 4498 est
1373 4442 1588 4500 Petrus.
1642 4443 1862 4501 Funda-

286 4537 518 4582 mentum
546 4531 732 4600 quippe
774 4531 922 4586 aliud
955 4549 1104 4587 nema
1141 4543 1305 4604 potest
1344 4549 1557 4604 ponere,
1594 4544 1787 4605 prater
1813 4535 1870 4590 id

285 4617 424 4688 quod
463 4620 691 4687 positum
715 4631 815 4687 est,
841 4620 981 4692 quod
1018 4629 1095 4676 est
1115 4620 1364 4677 Christus
1390 4623 1566 4678 Iesus.
1626 4623 1868 4680 Ecclesia

286 4723 416 4777 ergo
461 4725 582 4778 qua
630 4709 888 4765 fundatur
932 4711 988 4766 in
1025 4710 1264 4778 Christo,
1308 4712 1491 4768 claves
1513 4714 1583 4768 ab
1619 4727 1686 4768 eo
1710 4715 1862 4784 regni

284 4795 550 4854 calorum
578 4799 788 4867 accepit
809 4800 863 4852 in
884 4799 1078 4864 Petro,
1108 4799 1162 4855 id
1190 4809 1274 4855 est
1302 4808 1627 4870 potestatem
1659 4801 1860 4874 ligandi

283 4887 636 4958 solvendique
678 4898 920 4959 peccata.
968 4889 1124 4956 Quod
1146 4900 1231 4946 est
1261 4892 1407 4946 enim
1435 4907 1534 4963 per
1562 4896 1863 4966 proprieta-

285 4989 396 5034 tem
425 4981 480 5035 in
511 4981 729 5038 Christo
762 4983 1025 5049 Ecclesia,
1048 4983 1153 5039 hoc
1178 4994 1264 5040 est
1289 5001 1386 5057 per
1404 4988 1858 5058 signiﬁcationem

281 5071 478 5128 Petrus
513 5073 566 5127 in
595 5083 770 5144 petra,
796 5091 900 5144 qua
929 5075 1328 5146 signiﬁcatione
1358 5079 1676 5154 intelligitur
1697 5082 1858 5140 Chri-

282 5171 402 5220 stus
453 5173 628 5236 petra,
681 5165 876 5222 Petrus
917 5166 1182 5223 Ecclesia.
1233 5168 1360 5224 Hac
1403 5170 1570 5242 igitur
1613 5173 1856 5232 Ecclesia

278 5255 416 5312 duas
453 5257 594 5313 vitas
631 5259 734 5314 sibi
777 5261 1035 5318 divinitus
1067 5264 1386 5333 pradicatas
1420 5275 1475 5322 et
1511 5274 1856 5327 commenda-

277 5354 366 5406 tas
397 5350 585 5417 novit,
633 5365 863 5421 quarum
905 5361 990 5410 est
1012 5370 1117 5410 una
1156 5357 1209 5411 in
1250 5357 1389 5425 ﬁde,
1432 5359 1602 5416 altera
1630 5362 1683 5417 in
1736 5379 1859 5433 spc-

277 5439 391 5506 cie;
442 5456 549 5497 una
596 5440 651 5496 in
710 5451 950 5515 tempore
1015 5449 1463 5519 peregrinationis
1491 5491 1505 5515 ,
1568 5452 1741 5507 altera
1801 5454 1853 5509 in

276 5529 577 5587 uternitate
621 5535 953 5601 mansionis;
1030 5552 1136 5592 una
1197 5539 1250 5592 in
1292 5539 1476 5596 labore
1504 5579 1518 5603 ,
1582 5540 1752 5598 altera
1797 5543 1852 5597 in

277 5620 493 5688 τοσιιιίθς
517 5624 702 5682 antlia
727 5627 812 5685 via
837 5669 851 5695 ,
901 5628 1071 5686 altera
1101 5629 1156 5686 in
1185 5631 1403 5703 patria;
1471 5646 1577 5689 una
1619 5634 1673 5690 in
1725 5648 1856 5706 ope-

1971 4459 2038 4515 de
2061 4457 2210 4514 fonte
2235 4456 2499 4513 Dominici
2537 4457 2774 4526 pectoris
2797 4457 2944 4512 solus
2966 4455 3122 4520 bibit,
3153 4453 3248 4510 sed
3292 4454 3412 4524 ipse
3451 4453 3555 4508 Do-

1970 4549 2150 4604 minus
2183 4549 2361 4619 ipsum
2401 4547 2752 4617 Evangelium
2780 4561 2881 4618 pro
2905 4561 3002 4601 sua
3032 4544 3298 4619 cujusque
3343 4543 3558 4614 capaci—

1967 4644 2078 4692 tate
2104 4618 2356 4692 omnibus
2382 4636 2495 4691 suis
2523 4635 2816 4690 bibendum
2845 4640 2961 4690 toto
2989 4618 3258 4688 terrarum
3291 4633 3430 4688 orbe
3456 4632 3558 4687 dif-

1965 4725 2124 4781 fudit.
2151 4724 2320 4780 Caute
2357 4732 2536 4779 autem
2569 4723 2852 4779 humiliato
2875 4730 2930 4778 et
2971 4723 3239 4777 submisso
3283 4721 3457 4778 corde
3492 4723 3558 4779 ab

1965 4817 2254 4888 episcopis,
2287 4816 2377 4871 hic
2409 4831 2619 4880 versus,
2660 4815 2768 4870 Pro
2797 4814 3033 4885 patribus
3057 4813 3181 4876 tuis,
3207 4821 3338 4877 etc.,
3373 4811 3565 4885 legen-

1967 4909 2067 4964 dus
2109 4915 2191 4964 est
2227 4916 2284 4962 et
2323 4907 2727 4979 intelligendus.
2766 4905 2881 4961 lmo
2925 4920 3056 4960 vero
3095 4903 3241 4958 velut
3298 4903 3566 4974 indignos

1963 5008 2018 5055 et
2059 4999 2238 5054 minus
2282 4998 2504 5054 idoneos
2545 4997 2865 5067 semetipsos
2909 5004 3058 5050 tanto
3088 4994 3285 5050 debent
3323 5009 3568 5054 censere

1961 5091 2265 5150 ministerio
2293 5091 2437 5163 quod
2465 5089 2736 5160 spiritales
2765 5099 2821 5145 et
2860 5087 3300 5144 excellentissimi
3331 5087 3469 5155 viri,
3501 5106 3568 5148 ac

1963 5181 2009 5236 si
2045 5181 2302 5252 impares,
2328 5180 2646 5236 declinando
2673 5189 2729 5235 et
2769 5179 3021 5251 fugiendo
3047 5179 3293 5247 accipere
3321 5194 3569 5238 recusa-

1962 5281 2108 5328 runt.
2156 5272 2267 5328 Nec
2301 5273 2425 5328 inde
2470 5272 2832 5344 superbiendo
2883 5271 2968 5326 vel
3009 5270 3318 5326 insultando
3351 5283 3562 5329 contra

1963 5369 2181 5418 sanctos
2203 5361 2476 5434 apostolos
2505 5362 2704 5417 debent
2728 5361 3104 5424 intumescere,
3151 5360 3292 5416 sicut
3322 5359 3567 5420 illorum

1962 5465 2318 5527 oppugnator,
2350 5455 2720 5520 adversarius,
2763 5460 2819 5508 et
2859 5461 3202 5516 contemptor
3241 5451 3560 5510 vanissima

1962 5544 2177 5600 inﬂatus
2234 5545 2490 5610 elatione,
2531 5553 2586 5601 et
2642 5543 2810 5599 nimia
2857 5543 3160 5598 temeritate
3205 5557 3561 5611 praesumens

1961 5637 2192 5694 inaniter
2216 5637 2496 5707 gloriatur,
2528 5635 2613 5692 cui
2635 5642 2688 5691 et
2713 5634 2824 5691 suis
2851 5635 3055 5705 pariter
3082 5633 3348 5689 similibus
3364 5630 3549 5689 Isaias
