3838 6144
235 249 324 304 509

1209 253 1335 308 LIB.
1377 253 1747 312 ADVERSL'S
1779 257 2136 317 CLAUDIUM
2177 261 2454 321 TAURIN.

3377 281 3487 340 510

229 366 582 423 comminatur
614 366 800 443 dicens
830 385 842 420 :
877 364 968 422 Vw
1006 369 1147 423 vobis
1171 373 1260 440 qui
1288 373 1546 442 sapientes
1589 373 1711 428 estis
1744 377 1798 429 in
1825 380 1877 439 Α
1901 380 2156 451 omnique
2202 381 2476 453 diligentia
2522 387 2880 446 satisfactioni
2924 393 3254 466 insistentes,
3305 408 3482 461 credi-

223 458 382 514 oculis
421 461 626 525 vestris,
655 469 703 513 et
725 476 901 513 coram
923 461 1297 533 nobismetipsis
1327 465 1606 534 prudentes
1643 465 1797 536 (Isai.

1902 488 2023 530 mus
2049 489 2080 528 a
2107 473 2336 531 Domino
2369 493 2468 548 per
2495 495 2650 536 suam
2675 481 3005 541 ineffabilem
3025 488 3476 562 misericordiam,

220 565 269 614 v,
295 549 410 620 21).
439 547 576 603 Item
622 546 911 619 Apostolus
939 569 952 604 :
981 550 1162 606 Nolite
1198 570 1307 608 esse
1351 555 1629 624 prudentes
1659 559 1800 627 apud
1900 570 1956 618 et
1987 579 2086 634 per
2122 565 2238 620 haec
2261 546 2524 624 exercitia
2569 585 2728 639 posse
2761 573 3002 632 liberari.
3055 546 3479 657 Claudiuserg—d

216 640 551 709 vosmetipsos
575 637 748 710 (Rom.
779 656 874 703 xu,
909 640 1020 711 16).
1043 642 1171 698 Inde
1204 642 1497 715 Gregorius
1521 663 1798 717 exponens
1899 670 2070 711 novus
2099 673 2163 714 ac
2189 658 2454 716 mirabilis
2477 637 2850 734 philosophus,
2885 669 3084 723 artium
3117 686 3310 740 expers
3343 637 3479 732 ub;-

214 733 356 788 illam
385 733 714 788 sententiam
743 749 847 802 qua
879 733 1139 791 Dominus
1175 747 1296 806 post
1337 743 1795 798 resurrectionem

1897 746 2114 813 ralium,
2148 757 2316 804 totam
2345 766 2496 805 suam
2539 754 2882 820 industriam,
2915 766 3076 827 atque
3103 763 3186 816 sui
3216 765 3478 821 subtilita-

213 826 323 880 suis
360 826 440 879 ait
461 824 740 894 discipulis
766 839 780 876 :
811 842 828 875 ι
865 823 1102 889 Quorum
1130 829 1430 883 remiscritis
1457 842 1689 900 peccata,
1716 851 1797 888 re-
1897 843 2007 889 tem
2043 837 2246 907 ingenii
2289 842 2358 894 ad
2387 840 2753 898 dilaniandum
2774 885 2788 910 ,
2828 846 3280 918 lacerandumque
3309 853 3386 908 Ch
3399 857 3471 908 ri-

211 916 487 969 mittimtur
530 915 639 980 eis,
679 925 728 967 et
775 931 996 983 quorum
1054 917 1369 972 retinueritis
1425 929 1622 974 retenta
1671 931 1793 976 sunt

214 1005 392 1078 (Joan.
421 1022 512 1068 xx,
548 1004 667 1074 25),
720 1005 867 1059 lubet
899 1005 1118 1071 intueri,
1150 1007 1229 1061 illi
1265 1008 1512 1080 discipuli
1544 1011 1612 1064 ad
1643 1019 1791 1066 tanta

215 1114 373 1154 onera
399 1100 721 1155 humilitatis
756 1101 950 1165 vocati,
986 1104 1053 1156 ad
1074 1111 1333 1172 quantum
1363 1105 1573 1162 culmen
1605 1107 1790 1178 gloria;

220 1188 320 1243 sint
360 1189 625 1259 perducti.
659 1189 800 1245 Ecce
828 1205 938 1245 non
985 1192 1157 1246 solum
1182 1193 1248 1248 de
1279 1196 1584 1265 semetipsis
1613 1200 1788 1254 securi

225 1278 368 1343 ﬁunt,
395 1277 488 1333 sed
521 1279 688 1334 etiam
735 1280 925 1336 alienae
951 1282 1299 1352 obligationis
1335 1293 1657 1354 potestatem
1703 1304 1788 1344 re-

226 1365 598 1436 laxationisque
632 1368 925 1438 accipiunt.
953 1368 1324 1441 Principatum
1354 1375 1572 1444 superni
1595 1375 1786 1445 judicii

230 1456 524 1522 sortiuntur,
557 1464 615 1511 ut
633 1457 753 1512 vice
780 1458 875 1513 Dei
901 1459 1221 1528 quibusdam
1243 1472 1461 1533 peccata
1494 1466 1780 1534 retineant,

232 1548 521 1617 quibusdam
563 1548 831 1604 relaxent.
875 1549 966 1605 Sic
1012 1564 1107 1607 eos
1139 1568 1171 1606 a
1215 1551 1327 1609 Deo
1365 1554 1588 1610 decebat
1623 1557 1779 1629 erigi,

230 1638 338 1707 quia
374 1647 578 1693 tantum
605 1653 705 1708 pro
739 1640 849 1694 Deo
889 1651 1270 1700 concesserant
1296 1644 1590 1701 humiliari.
1640 1647 1781 1702 Ecce

1894 928 1963 982 sti
2023 943 2220 999 corpus
2266 930 2564 987 Ecclesiam
2615 947 2871 1002 exercet,
2928 947 2982 993 et
3021 942 3088 996 ob
3138 943 3243 999 hoc
3269 943 3474 1015 jugiter

1891 1025 2085 1084 certat,
2120 1018 2307 1086 instat,
2344 1023 2545 1090 studet,
2572 1025 2760 1096 vigilat
2788 1046 2802 1082 :
2833 1029 2958 1083 dum
2985 1033 3194 1102 antiqui
3224 1037 3471 1106 magistri

1891 1117 1946 1164 et
1971 1109 2239 1178 spiritales
2260 1112 2584 1184 phi1050phi,
2609 1118 2823 1172 unicum
2843 1127 2898 1172 ct
2925 1121 3197 1190 singulare
3231 1126 3469 1182 studium

1890 1197 1994 1254 hoc
2038 1200 2348 1268 habuerint,
2393 1204 2617 1261 laudare
2658 1210 2946 1278 apostolos,
2992 1214 3219 1284 hymnos
3259 1224 3314 1269 ct
3342 1233 3465 1271 car—

1888 1289 2036 1345 mina
2060 1290 2113 1344 in
2144 1292 2407 1348 honorem
2432 1306 2730 1367 martyrum
2757 1314 2916 1354 sensu
2936 1300 3172 1369 iucundo
3200 1321 3264 1360 ac
3292 1308 3466 1362 dulci-

1887 1392 2020 1433 sona
2048 1381 2414 1440 modulatione
2437 1401 2784 1457 componere,
2816 1405 3112 1460 eorumque
3146 1393 3260 1448 loca
3289 1397 3459 1462 adire,

1887 1469 2106 1539 suisque
2137 1487 2195 1527 se
2221 1473 2699 1532 intercessionibus
2727 1493 2940 1534 summa
2958 1497 3082 1536 cum
3118 1487 3464 1542 veneratione

1887 1572 1949 1612 ac
1979 1558 2260 1616 devotione
2302 1565 2699 1619 commendare.
2748 1567 2988 1633 Quorum
3028 1587 3168 1627 unus
3204 1573 3464 1630 Paulinus

1885 1647 2173 1717 episcopus
2201 1650 2285 1703 vir
2306 1651 2708 1710 eruditissimus
2732 1663 2788 1709 et
2811 1659 3208 1725 sanctissimus,
3236 1663 3376 1716 sicut
3408 1672 3465 1718 et

228 1732 304 1798 qui
325 1731 615 1785 districtum
647 1731 740 1786 Dei
761 1730 1329 1800 judiciummetuunt,
1361 1739 1663 1793 animarum
1684 1738 1775 1808 ju-
1800 1727 1847 1787 Β
1875 1736 2028 1792 multi
2072 1737 2141 1793 de
2178 1754 2242 1794 eo
2269 1741 2449 1795 testati
2481 1751 2626 1808 sunt,
2651 1745 2885 1800 nobilem
2912 1746 3109 1803 librum
3149 1752 3457 1820 quindecim

228 1820 352 1875 dices
383 1821 548 1886 ﬁunt;
581 1829 637 1877 et
677 1821 812 1877 alios
858 1823 1119 1880 damnant
1145 1826 1229 1881 vel
1269 1827 1522 1894 liberant,
1551 1829 1642 1898 qui
1690 1845 1775 1886 se-

226 1913 454 1980 metipsos
480 1914 727 1969 damnari
766 1918 1095 1972 metuebant.
1137 1918 1340 1975 [lorum
1364 1921 1606 1991 profecto
1631 1939 1774 1979 nunc

227 2001 271 2056 in
305 2003 526 2058 Ecclesia
555 2005 795 2076 episcopi
842 2006 1019 2061 locum
1058 2016 1259 2064 tenent.
1315 2009 1568 2065 Solvendi
1618 2027 1684 2066 ac
1711 2011 1775 2066 li-

227 2093 362 2161 gandi
389 2095 764 2148 auctoritatem
788 2096 1106 2167 suscipiunt,
1135 2103 1228 2168 qui
1249 2101 1472 2169 gradum
1497 2101 1773 2170 regiminis

223 2183 512 2238 sortiuntur.
543 2182 777 2239 Grandis
806 2186 998 2250 honor,
1051 2186 1146 2242 sed
1189 2204 1351 2258 grave
1377 2188 1586 2258 pondus
1615 2191 1772 2248 istius

222 2283 294 2328 est
313 2276 520 2332 honoris
550 2291 565 2330 :
599 2278 794 2331 durum
827 2279 1023 2348 quippe
1049 2289 1151 2346 est,
1179 2289 1238 2334 ut
1267 2281 1359 2351 qui
1387 2282 1562 2336 nescit
1587 2290 1773 2339 tenere

220 2367 557 2423 moderamina
578 2369 704 2424 vita:
731 2384 862 2435 suae,
886 2370 1051 2440 iudex
1077 2372 1200 2428 vitae
1226 2373 1318 2427 fiat
1341 2373 1546 2429 alienae.
1570 2375 1636 2429 Et
1661 2375 1774 2446 ple-

219 2471 419 2528 rumque
447 2459 738 2529 contingit,
771 2469 832 2515 ut
857 2462 1000 2517 hunc
1023 2460 1212 2530 judicii
1239 2461 1419 2518 locum
1441 2472 1642 2529 teneat,
1683 2465 1774 2520 eui-

218 2549 278 2604 ad
298 2548 460 2605 locum
490 2552 617 2608 vitte
658 2553 880 2608 minime
905 2554 1217 2610 concordat.
1240 2553 1319 2610 Ac
1345 2571 1485 2625 saepe
1509 2556 1687 2628 agitur
1713 2562 1773 2610 ut

217 2641 290 2696 vel
319 2642 523 2699 damnet
565 2644 863 2700 immeritos
898 2644 982 2700 vel
1020 2646 1156 2702 alios
1192 2646 1303 2717 ipse
1329 2647 1524 2718 ligatos
1558 2647 1766 2714 solvat;

217 2747 336 2803 sepe
369 2734 420 2789 in
454 2735 727 2791 solvendis
776 2751 841 2791 ac
869 2735 1102 2809 ligandis
1135 2737 1366 2793 subditis
1387 2752 1498 2793 suae
1524 2736 1771 2792 volunta-

218 2825 276 2878 tis
308 2836 497 2892 motus,
548 2843 657 2881 non
708 2835 890 2882 autem
939 2843 1228 2884 causarum
1261 2829 1458 2884 merita
1500 2829 1764 2898 sequitur.

214 2913 343 2971 Unde
369 2916 444 2980 ﬁt,
479 2926 541 2972 ut
574 2917 688 2988 ipsa
715 2919 820 2974 hac
841 2919 1040 2990 ligandi
1066 2930 1120 2974 et
1143 2920 1384 2976 solvendi
1408 2928 1676 2991 potestate
1708 2935 1767 2976 se

208 3006 382 3074 pri-vet,
412 3009 504 3079 qui
547 3009 688 3064 hanc
725 3025 826 3079 pro
854 3010 967 3066 suis
995 3011 1386 3077 voluntatibus,
1425 3019 1482 3066 et
1522 3026 1630 3066 non
1666 3027 1766 3082 pro

1873 1829 2207 1886 carminibus
2238 1831 2553 1888 distinctum
2580 1835 2633 1889 in
2661 1837 2867 1893 honore
2887 1848 2942 1894 et
2966 1839 3123 1895 laude
3152 1845 3326 1898 sancti
3353 1845 3458 1900 Fe-

1875 1918 1996 1973 licis
2044 1923 2298 1994 martyris
2359 1924 2556 1992 edidit;
2598 1929 2650 1982 in
2695 1945 2802 1999 quo
2839 1941 3036 2000 quanta
3083 1934 3341 1991 miracula
3403 1946 3463 1993 et

1873 2010 2101 2066 virtutes
2127 2027 2224 2081 per
2262 2013 2434 2084 ipsius
2470 2019 2664 2072 merita
2712 2030 2766 2074 et
2811 2021 3246 2091 intercessiones,
3276 2027 3457 2083 divina

1871 2097 2132 2170 largiente
2159 2101 2469 2171 clementia,
2520 2107 2588 2161 ad
2639 2124 2794 2164 suum
2838 2111 2953 2166 ﬁeri
2991 2115 3232 2182 quotidie
3270 2125 3454 2172 tumu-

1871 2188 2005 2254 lum,
2035 2197 2091 2244 et
2133 2192 2372 2249 maxime
2418 2195 2502 2249 die
2534 2197 2732 2252 natalis
2759 2199 2874 2270 ejus
2894 2203 3266 2260 anniversario
3292 2206 3460 2261 disse-

1870 2281 2000 2348 ruit,
2051 2297 2158 2337 non
2204 2281 2363 2340 facile
2402 2301 2433 2340 a
2478 2302 2749 2357 quoquam
2800 2294 3017 2362 excerpi
3073 2302 3166 2348 aut
3206 2294 3455 2351 deﬂorari

1867 2380 2067 2440 potest,
2089 2374 2217 2446 quia
2254 2388 2471 2442 cuneta,
2497 2377 2680 2445 ﬂores,
2712 2391 2972 2446 aromata,
3007 2400 3164 2450 rosae,
3195 2385 3305 2440 lilia
3330 2401 3455 2442 sua-

1867 2463 2158 2532 veolentia,
2201 2481 2265 2522 ac
2298 2467 2552 2524 melliﬂua
2595 2481 2742 2527 sunt.
2786 2472 2902 2530 Hoc
2943 2484 3121 2532 autem
3147 2477 3307 2533 modo
3335 2477 3451 2548 pri-

1866 2568 2015 2609 mum
2046 2551 2288 2623 ejusdem
2315 2557 2506 2630 incipit
2533 2574 2753 2617 carmen
2779 2581 2793 2617 :

1863 2704 2070 2778 lnclyte
2091 2708 2393 2776 confessor,
2416 2715 2625 2770 meritis
2651 2723 2704 2772 et
2733 2718 2951 2774 nomine
2981 2718 3153 2787 Felix,

1865 2794 2016 2852 Mens
2041 2797 2242 2868 pietate
2268 2809 2481 2870 potens,
2509 2809 2708 2861 summi
2739 2823 2891 2863 mens
2919 2810 3102 2866 accola
3129 2811 3276 2880 coeli,

1863 2885 1976 2942 Nec
2005 2888 2186 2945 minus
2211 2890 2267 2944 in
2297 2893 2424 2948 totis
2449 2905 2670 2964 experta
2706 2903 2949 2967 polentia
2985 2903 3166 2968 terris,

1864 2979 1966 3048 Qui
1993 2983 2282 3038 Dominum
2303 2983 2575 3042 Christum
2601 3005 2709 3045 non
2732 2991 2912 3047 vineta
2938 3009 3070 3049 voce
3093 2995 3373 3064 professus

208 3071 545 3169 subiectorum
575 3071 814 3159 moribus
834 3112 1073 3160 exercet.
1107 3071 1555 3176 Proponit'etiam
1577 3071 1760 3163 exem-
1787 3087 1832 3150 (ἶ
1859 3071 2272 3176 E°m9mnend°
2301 3083 2482 3176 "faces
2505 3081 2750 3137 mauis“
2773 3084 3004 3140 evadere
3024 3101 3236 3156 pmnaS’

206 3187 332 3257 plum
359 3192 420 3247 de
454 3192 706 3248 Ezechiel
733 3194 994 3264 propheta
1029 3197 1096 3251 ad
1129 3197 1580 3264 confirmandum,
1614 3197 1759 3268 quod

206 3280 319 3334 nulli
344 3283 660 3353 supplicanti
711 3299 776 3340 ac
801 3287 1114 3355 paenitendo
1143 3287 1410 3344 laboranti
1440 3290 1506 3345 de
1539 3299 1756 3345 sancto-

206 3383 312 3424 rum
346 3374 572 3437 meritis,
616 3374 700 3430 vel
743 3376 1224 3442 intercessionibus
1259 3379 1635 3435 confidendum
1689 3381 1760 3437 sit

209 3457 401 3525 (Bacch.
429 3479 540 3529 xxv,
571 3464 682 3535 M).
708 3464 842 3532 Noe,
881 3468 1084 3535 Daniel,
1111 3479 1164 3524 et
1193 3469 1293 3525 Job
1322 3486 1426 3525 non
1451 3470 1758 3527 liberabunt

209 3545 355 3604 lilium
386 3568 557 3622 neque
596 3554 782 3610 filiam.
820 3576 840 3609 ›
879 3556 1023 3627 Ergo
1066 3559 1396 3629 perversitas
1434 3560 1757 3616 auctoritate

209 3656 354 3699 sacrae
374 3643 664 3717 Scriptura:
683 3663 790 3702 non
803 3657 980 3719 potest
999 3651 1265 3706 veraciter
1277 3666 1397 3708 esse
1421 3650 1641 3707 defensa
1661 3667 1757 3707 ne-

208 3746 297 3802 que
334 3735 557 3802 firmata,
588 3737 714 3793 licet
735 3753 799 3793 ea
843 3740 1083 3795 haeretici
1122 3740 1489 3796 adulterantes
1529 3741 1754 3796 verbum

211 3821 289 3880 Dei
326 3827 386 3881 ad
405 3826 692 3883 favendum
714 3845 825 3884 sua:
848 3831 1099 3900 pravitati
1125 3833 1438 3898 abutantur,
1463 3841 1520 3888 et
1557 3833 1623 3886 ad
1651 3833 1756 3892 hoc

209 3928 308 3970 eam
344 3919 599 3976 violenter
637 3924 914 3978 attrahere
953 3932 1234 3980 conentur.
1264 3925 1406 3979 Dicit
1447 3925 1590 3980 enim
1621 3926 1752 3981 Pro-

208 4006 340 4072 pheta
361 4011 549 4080 impios
570 4019 624 4066 et
651 4014 1094 4082 praevaricatores
1119 4015 1476 4084 perdurantes
1504 4014 1557 4068 in
1584 4014 1752 4069 scele-

208 4099 333 4156 ribus
355 4105 482 4170 suis,
511 4104 658 4160 nullo
685 4106 844 4162 modo
864 4121 964 4176 per
985 4106 1212 4162 aliorum
1234 4107 1600 4177 quorumlibet
1626 4121 1751 4160 san-

208 4198 386 4250 elerum
418 4197 839 4253 intercessiones
883 4199 999 4254 sine
1046 4214 1142 4254 sua
1172 4199 1391 4270 propria
1433 4199 1655 4255 solertia
1695 4207 1750 4254 et

203 4280 362 4343 labore
417 4305 447 4344 a
507 4289 793 4344 tormentis
850 4304 1009 4360 posse
1063 4289 1303 4346 liberari.
1343 4290 1744 4362 Hieronymus:

207 4390 225 4425 ο
246 4374 378 4433 Unde
397 4394 497 4434 nec
522 4380 995 4449 praevaricatorem
1021 4380 1190 4436 filium
1219 4388 1428 4452 martyr
1451 4381 1652 4451 poterit
1679 4380 1745 4434 li-

201 4463 383 4534 berare,
413 4484 516 4525 nec
547 4478 748 4526 sanctae
786 4471 1220 4526 conversationis
1256 4479 1430 4526 mater
1462 4470 1745 4542 impudicae

201 4553 302 4613 ﬁlia:
325 4559 470 4616 dabit
495 4561 718 4631 praemia
743 4561 1036 4632 pudicitia}.
1081 4562 1150 4617 Et
1187 4577 1217 4617 e
1245 4561 1522 4617 contrario
1551 4575 1746 4630 paren-

199 4654 292 4702 tum
313 4652 436 4707 vitia
467 4651 596 4707 ﬁliis
622 4667 732 4707 non
767 4652 1059 4718 nocebunt,
1087 4651 1182 4708 sed
1209 4650 1387 4706 anima
1417 4664 1536 4720 quae
1559 4664 1750 4719 pecca~

198 4740 313 4794 verit
337 4743 451 4811 ipsa
504 4743 782 4799 morietur.
827 4741 944 4800 Non
990 4742 1162 4798 solum
1203 4751 1383 4797 autem
1423 4744 1597 4797 sancti
1637 4753 1746 4794 non

195 4827 471 4891 liberalium
509 4837 703 4906 impios
733 4852 841 4892 non
867 4844 1088 4908 agentes
1114 4835 1488 4907 pmnitentiam
1521 4838 1586 4893 de
1627 4855 1748 4909 pecp

196 4923 310 4979 catis
330 4934 386 4980 et
422 4927 803 4996 iniquitatibus
834 4929 969 4994 suis,
991 4928 1088 4983 sed
1122 4941 1224 4982 nec
1257 4928 1372 4998 ipse
1398 4929 1560 4986 Deus.
1595 4931 1745 4988 Unde

193 5008 460 5082 Apostolus
489 5035 501 5070 :
525 5015 752 5088 Ignoras
772 5018 1022 5090 quoniam
1049 5017 1337 5088 benignitas
1363 5019 1461 5073 Dei
1489 5020 1559 5074 ad
1580 5023 1742 5091 paeni-

189 5107 381 5162 tentiam
403 5117 454 5162 te
493 5107 751 5164 adducit?
773 5107 1074 5164 Secundum
1096 5109 1348 5163 duritiam
1374 5120 1546 5165 autem
1571 5120 1740 5179 tuam,

187 5202 232 5248 et
255 5212 338 5250 cor
365 5199 690 5268 impaenitens
717 5199 1041 5254 thesaurizas
1067 5199 1162 5254 tibi
1187 5200 1320 5255 iram
1350 5202 1405 5254 in
1439 5200 1525 5253 die
1550 5203 1646 5254 ine
1691 5210 1741 5256 et

191 5286 495 5345 reuelationis
535 5291 675 5361 justi
709 5291 906 5362 judicii
951 5290 1068 5356 Dei,
1093 5292 1184 5362 qui
1233 5292 1413 5346 reddet
1462 5293 1741 5363 unicuique

191 5379 454 5435 secundum
483 5398 641 5452 opera
669 5383 784 5454 ejus
821 5381 998 5454 (Rom.
1023 5399 1084 5449 ιι,
1123 5381 1261 5454 4-6).
1293 5381 1624 5439 Paenitentes
1648 5399 1741 5440 au.

192 5468 283 5519 tem
309 5475 362 5522 et
387 5483 682 5528 conversos
725 5470 1022 5544 afﬂigentes
1049 5487 1108 5528 se
1137 5473 1192 5529 in
1234 5472 1386 5540 ﬂetu,
1417 5483 1474 5530 et
1499 5474 1738 5546 planctu,

189 5561 238 5608 et
257 5556 610 5631 eleemosynis
639 5577 738 5617 sua
765 5563 1094 5620 redimentes
1120 5572 1362 5634 peccata,
1395 5573 1450 5620 et
1478 5564 1740 5622 inducen-

187 5652 258 5706 ωε
275 5651 638 5726 presbyteros,
687 5663 744 5711 et
780 5654 1070 5712 memorias
1104 5664 1415 5714 sanctorum
1455 5656 1736 5723 adeuntes,

1859 3165 2226 3236 Devotamque
2259 3169 2495 3225 animam
2533 3179 2804 3229 tormenta
2843 3190 2941 3244 per
2974 3179 3156 3232 omnia
3197 3179 3435 3248 Christo,

1860 3255 2064 3326 Sponte
2095 3266 2182 3312 tua
2200 3256 2388 3325 jussus
2418 3261 2612 3318 laxatis
2639 3265 2868 3320 reddere
2893 3268 3171 3334 membris,

1856 3345 2090 3414 Liquisti
2117 3362 2316 3402 vacuos
2341 3350 2545 3405 rabidis
2574 3351 2856 3408 lictoribus
2875 3363 3047 3420 artus,

1857 3433 2055 3490 Vectus
2083 3435 2138 3488 in
2167 3435 2450 3490 aetherium
2471 3439 2588 3492 sine
2618 3442 2878 3509 sanguine
2908 3452 3114 3514 martyr
3137 3445 3433 3512 honorem;

1855 3522 1899 3579 Ο
1923 3532 2093 3595 pater,
2125 3539 2158 3580 o
2181 3525 2416 3592 domine,
2442 3529 2678 3599 indignis
2704 3532 2832 3587 licet
2860 3549 3037 3589 annue
3062 3537 3258 3602 servis,

1855 3613 1927 3669 Ut
1947 3614 2160 3668 tandem
2187 3615 2326 3670 hanc
2356 3615 2529 3688 fragili
2555 3617 2820 3676 trahimus
2840 3622 2966 3678 dum
2991 3639 3219 3694 corpore
3238 3627 3432 3691 vitam,

1856 3703 2092 3761 Sedibus
2121 3707 2346 3776 optatis,
2372 3718 2427 3763 et
2451 3725 2556 3780 qua
2585 3713 2885 3782 requiescis
2916 3715 2967 3769 in
2995 3716 3138 3782 aula,

1851 3798 2007 3854 Hunc
2031 3798 2190 3855 liceat
2214 3799 2489 3857 celebrare
2520 3803 2683 3870 diem,
2710 3807 2798 3876 pia
2826 3807 3050 3864 reddere
3077 3824 3263 3866 coram

1852 3889 2010 3955 Vota,
2041 3897 2095 3944 et
2115 3891 2407 3961 gaudentes
2431 3893 2571 3950 inter
2607 3898 2840 3967 gaudere
2868 3899 3148 3956 tumultus.

1851 3976 1936 4033 Sit
1959 3978 2091 4049 jam,
2117 3996 2318 4050 quaeso,
2346 3985 2478 4040 satis
2507 3988 2700 4041 merita
2731 3989 3007 4058 impietate
3034 3991 3223 4047 tulisse

1849 4068 2000 4125 lianc
2026 4085 2265 4142 poenam,
2299 4073 2504 4144 totjam
2535 4091 2668 4148 quot
2699 4087 2748 4133 te
2777 4081 2894 4133 sine
2922 4081 3155 4136 viximus
3182 4085 3356 4148 annis,

1851 4161 1995 4218 Sede
2017 4172 2105 4218 tua
2125 4166 2337 4234 procul,
2367 4168 2502 4222 heu!
2530 4171 2778 4239 quamvis
2806 4187 2910 4225 non
2937 4181 3118 4227 mente
3141 4175 3354 4228 remoti.

1846 4249 1963 4306 1am
1995 4252 2277 4308 desideriis
2301 4256 2564 4310 immenso
2595 4266 2832 4327 tempore
2862 4259 3020 4314 fessis

1847 4339 2078 4397 Consule
2104 4360 2116 4396 :
2127 4341 2241 4410 jam
2273 4343 2355 4398 vel
2387 4359 2510 4398 sero
2538 4361 2748 4402 memor
2777 4349 3035 4404 miserere
3064 4356 3301 4415 tuorum,

1768 4436 1822 4495 D
1847 4429 2056 4500 Perque
2091 4433 2297 4496 orbem,
2346 4435 2528 4504 magni
2561 4436 2651 4505 qui
2682 4443 2780 4491 nos
2805 4438 2991 4507 procul
3027 4455 3244 4508 aequore
3277 4441 3434 4512 ponti

1841 4521 2116 4592 Disparat,
2144 4521 2363 4577 obtritis
2392 4539 2510 4594 quae
2536 4541 2634 4580 nos
2665 4526 2884 4581 inimica
2915 4530 3212 4595 retardant,

1840 4611 2022 4666 Pande
2043 4613 2158 4668 vias
2184 4611 2407 4680 faciles;
2435 4622 2490 4670 et
2515 4615 2559 4670 si
2586 4618 3004 4687 preperantibus
3039 4619 3107 4674 ad
3138 4628 3188 4674 te

1839 4701 2057 4758 Invidus
2081 4704 2254 4760 hostis
2283 4706 2459 4773 obest,
2489 4705 2699 4775 objecta
2729 4709 2986 4780 repagula
3011 4710 3152 4782 pelle

1839 4792 2057 4849 Fortior
2095 4796 2364 4862 adversis,
2396 4805 2450 4852 et
2488 4799 2696 4853 amicos
2724 4801 2962 4868 provehe
2991 4817 3201 4856 cursus.

1841 4883 1948 4939 Seu
1968 4885 2181 4954 placeat
2211 4885 2420 4952 telluris
2444 4888 2570 4952 iter,
2600 4904 2784 4944 comes
2809 4903 3004 4960 aggere
3037 4899 3150 4946 tuto

1843 4974 1974 5029 Esto
1995 4975 2133 5041 tuis;
2170 4991 2265 5031 seu
2301 4992 2493 5048 magna
2521 4978 2596 5033 tui
2624 4978 2820 5034 fiducia
2846 4979 3003 5050 longo

1847 5064 2081 5121 Suadeat
2109 5067 2186 5122 ire
2220 5068 2378 5133 mari,
2407 5069 2472 5124 da
2507 5085 2728 5127 currere
2759 5071 3009 5128 mollibus
3041 5072 3218 5142 undis,

1845 5155 1914 5211 Et
1942 5156 2160 5214 famulis
2187 5157 2417 5217 famulos
2443 5176 2470 5216 a
2498 5163 2660 5233 puppi
2694 5179 2921 5234 suggere
2952 5173 3161 5232 ventos,

1846 5247 1920 5303 Ut
1952 5248 2227 5319 Campana
2261 5251 2687 5318 simul,,Christo
2713 5253 2871 5322 duce,
2897 5255 3080 5312 littora
3109 5255 3256 5313 vecti

1844 5337 1926 5393 Ad
1959 5346 2049 5394 tua
2078 5355 2204 5396 mox
2230 5340 2397 5398 alacri
2425 5344 2702 5415 rapiamur
2723 5345 2962 5400 culmina
3001 5361 3192 5412 cursu,

1842 5429 2009 5502 Inque
2042 5441 2134 5489 tuo
2159 5433 2404 5506 placidus
2433 5437 2592 5492 nobis
2623 5436 2695 5493 sit
2719 5436 2904 5492 limine
2927 5445 3138 5509 portus.

1911 5564 2110 5652 Audiat
2135 5583 2277 5624 nunc
2298 5568 2694 5641 Vigilantianus
2720 5571 2973 5626 inimicus
2995 5567 3174 5624 crucis
3190 5566 3426 5633 Christi.

1843 5672 2122 5718 sacrarum
2149 5660 2377 5720 violator
2401 5664 2716 5736 imaginum,
2745 5663 2888 5736 quod
2929 5662 3168 5720 illustres
3198 5663 3299 5720 viri
3328 5678 3428 5719 sap.
