3838 6144
425 276 521 331 5i!

2956 184 2986 196 ο

1732 266 2035 325 DUNGALI
2072 266 2368 324 RECLUSI
3564 259 3655 313 51:2

421 383 628 454 picntia
653 391 709 438 et
732 383 1018 438 sanctitate
1047 390 1160 437 toto
1187 382 1316 436 orbe
1338 379 1655 444 eminentes,
1673 387 1866 433 cuncta
1890 377 2000 432 col-
2027 380 2080 438 Α
2103 373 2243 431 Ante
2268 384 2389 431 tuos
2426 375 2603 432 vultus
2625 375 2832 431 animas
2858 386 3074 432 vectare
3097 382 3326 447 paterno

427 473 649 528 laudant
692 488 810 543 qua
858 472 944 527 ille
994 472 1295 540 vituperat;
1355 478 1410 524 et
1450 470 1734 524 credentes
1790 467 1991 523 confir-

427 572 579 619 mant
604 581 724 634 qua
749 565 838 618 ille
866 565 1172 619 incredulus
1199 571 1392 634 negat;
1428 571 1482 616 et
1520 561 1711 630 jubent
1754 561 1994 616 exerceri

421 673 546 727 qua
581 655 668 710 ille
710 663 857 710 vetat
891 671 988 724 per
1039 654 1218 708 omnia
1267 653 1544 708 dissimilis
1589 661 1647 707 et
1690 651 1996 707 contrarius

424 752 627 800 sancta
673 744 1100 799 ortbodoxorum
1139 743 1386 814 religioni
1431 753 1488 798 et
1525 743 1822 814 sapientia.
1865 742 1996 809 Quae

422 835 562 888 enim
595 841 691 898 est,
714 842 774 888 ut
805 834 882 887 ait
925 833 1234 903 Apostolus,
1262 833 1594 904 participatio
1613 835 1839 903 justitiw
1878 849 1996 886 cum

421 924 740 994 iniquitate!
781 933 872 977 aut
907 942 1024 996 qua
1048 926 1264 980 societas
1305 925 1411 979 luci
1456 926 1525 979 ad
1552 927 1788 980 tenebras
1811 926 1838 979 ?
1865 923 1997 990 Quae

422 1021 596 1065 autem
623 1015 894 1067 conventio
916 1013 1111 1068 Christi
1136 1015 1206 1068 ad
1229 1013 1444 1069 Belial?
1466 1024 1557 1068 aut
1578 1032 1695 1082 qua
1715 1032 1839 1086 pars
1853 1015 1998 1084 ﬁdeli

422 1117 542 1154 cum
589 1102 791 1172 inﬁdeli
840 1103 893 1174 (I
928 1104 1050 1158 Cor.
1083 1121 1161 1170 vr,
1208 1105 1294 1170 M,
1329 1105 1451 1176 15)?
1495 1105 1710 1170 Audiat,
1752 1107 1995 1177 inquam,

423 1198 640 1245 sanctos
664 1199 718 1246 et
761 1193 1032 1261 sapientes
1074 1193 1318 1249 viventes
1345 1193 1524 1249 adhuc
1552 1195 1605 1248 in
1640 1210 1804 1249 carne
1839 1209 1998 1249 orare

422 1287 478 1334 et
504 1295 694 1352 rogare
725 1283 1119 1339 studiosissime
1147 1299 1212 1338 ac
1249 1284 1595 1340 devotissime
1638 1292 1854 1340 sanctos
1903 1286 2000 1340 ob-

424 1371 553 1436 itos,
581 1387 814 1441 corpore
850 1373 1152 1440 defunctos,
1196 1374 1290 1429 sed
1333 1375 1578 1430 viventes
1607 1391 1728 1430 cum
1758 1374 1996 1441 Christo,

425 1471 590 1530 atque
633 1469 944 1532 regnantes,
976 1472 1038 1518 ut
1063 1465 1410 1535 dignarentur
1441 1465 1768 1547 intervenire
1794 1481 1894 1537 pro
1919 1467 2000 1521 eis

424 1553 492 1607 ad
522 1552 828 1607 Dominum.
869 1553 1065 1609 Audiat
1093 1570 1186 1610 eos
1224 1562 1466 1610 sanetam
1504 1557 1717 1611 Domini
1757 1572 1996 1622 crucem,

425 1651 737 1697 sanctorum
765 1643 1021 1712 reliquias
1045 1660 1302 1716 congruo,
1325 1645 1469 1701 ﬁdeli
1493 1654 1548 1700 et
1574 1645 1824 1716 religioso
1849 1646 1998 1701 cuitu

2097 464 2176 521 Ne
2205 481 2401 522 renuas
2421 455 2633 538 gremio
2657 467 2870 523 Domini
2901 468 3153 540 fulgentis
3180 469 3246 524 ad
3275 483 3400 523 ora.

2729 555 2874 610 Idem
2903 557 2954 611 in
2977 557 3032 612 4.

2098 645 2174 698 Da
2203 645 2427 701 verbum
2455 645 2522 702 de
2541 645 2687 701 fonte
2717 655 2840 713 tuo;
2876 657 2966 702 tua
2994 663 3102 702 non
3137 662 3278 717 queo
3302 647 3405 702 fari

2099 735 2175 788 Te
2203 735 2321 789 sine
2348 752 2362 788 :
2390 749 2622 805 namque
2651 737 2726 790 tui
2762 737 2880 792 laus
2905 739 3178 808 martyris,
3215 747 3269 792 et
3296 747 3385 792 tua
3419 737 3538 793 laus
3563 726 3660 803 est,

2097 824 2200 892 Qui
2226 824 2358 880 facis
2383 824 2732 895 Omnipotens
2762 828 3007 883 homines
3038 829 3214 883 divina
3244 828 3424 884 valere

2099 914 2390 988 Fortiaque
2415 917 2641 973 inﬁrmis
2667 934 2949 988 superans,
2973 921 3038 975 de
3062 937 3226 976 carne
3251 923 3572 992 triumphas.

2720 1010 2870 1063 Idem
2905 1011 2960 1064 in
2997 1012 3050 1064 6.

2098 1095 2282 1170 Longa
2310 1098 2476 1169 igitur
2502 1101 2632 1155 mihi
2658 1102 2930 1166 materies,
2959 1113 3326 1172 quantumque
3350 1103 3452 1158 erit
3479 1104 3595 1168 aevi,

2101 1187 2332 1242 Tantum
2358 1187 2484 1255 erit,
2516 1197 2571 1243 et
2598 1191 2746 1246 verbi
2773 1207 2936 1261 super
2962 1193 3070 1248 hoc
3097 1208 3203 1261 quo
3226 1194 3407 1249 dicere
3431 1204 3575 1265 gesta

2099 1279 2293 1335 Felicis
2314 1288 2514 1351 pateat,
2541 1282 2586 1337 si
2623 1283 2776 1353 copia
2804 1291 2953 1337 tanta
2983 1283 3054 1338 sit
3079 1285 3212 1350 oris,

2101 1370 2311 1438 Quanta
2325 1386 2568 1442 operum,
2584 1374 2868 1442 meritique
2882 1383 3088 1429 manet:
3109 1390 3230 1428 nam
3247 1384 3489 1446 tempore
3501 1378 3566 1432 ab
3578 1376 3656 1432 illo

2101 1461 2220 1528 Quo
2241 1463 2476 1532 primum
2505 1463 2608 1517 ista
2637 1463 2753 1519 dies
2777 1464 3009 1520 Felicem
3037 1465 3141 1520 line
3167 1465 3327 1520 beato

2101 1549 2372 1618 Condidit,
2401 1561 2456 1607 et
2485 1568 2705 1608 carnem
2737 1554 2918 1619 terris,
2937 1555 3180 1608 ‘animam
3209 1554 3356 1609 dedit
3381 1555 3570 1610 astris:

2102 1639 2181 1693 Ex
2213 1639 2306 1694 illo
2333 1655 2501 1710 prope
2534 1649 2728 1696 cuneta
2756 1641 2871 1697 dies
2899 1651 3157 1712 operante
3183 1642 3399 1696 videtur

424 1729 668 1797 laudare,
711 1731 934 1803 diligere
977 1748 1041 1788 ac
1081 1735 1348 1789 venerari.
1384 1733 1522 1790 Hinc
1555 1735 1772 1790 beatum
1820 1734 2000 1790 Pauli-
2027 1743 2074 1802 Β
2101 1727 2423 1785 Confessore
2453 1731 2569 1796 Dei,
2593 1733 2790 1802 probat
2825 1739 2881 1786 et
2906 1733 3024 1787 sine
3047 1746 3276 1802 corpore
3299 1732 3481 1787 vivum

424 1838 553 1878 num
591 1824 874 1878 sanctitate
905 1832 960 1879 et
989 1826 1249 1895 sapientia
1273 1826 1580 1896 praditum,
1620 1827 1774 1896 quasi
1806 1841 2000 1896 quem-

424 1913 545 1968 dam
570 1913 796 1983 pharum
822 1913 1213 1970 lueidissimum
1233 1924 1288 1970 et
1314 1917 1505 1970 turrim
1531 1916 2000 1988 inexpugnabilem

422 2005 691 2076 imprimis
721 2007 1126 2075 praetendimus,
1171 1994 1263 2079 qui
1291 2009 1525 2081 plurima
1561 2009 1627 2063 de
1659 2009 1765 2063 hac
1791 2009 2002 2063 ratione

423 2093 875 2162 luculentissima,
907 2105 1069 2168 atque
1104 2096 1490 2155 fecundissima
1532 2114 1784 2154 sermone
1825 2100 2000 2156 disse-

425 2185 551 2248 ruit,
603 2185 679 2240 ita
721 2185 974 2256 inquiens
1015 2189 1072 2244 in
1117 2190 1290 2245 sancti
1342 2189 1598 2263 martyris
1644 2187 1840 2246 Felicis
1882 2203 2003 2245 car-

427 2275 576 2330 mine
603 2275 668 2330 2:

428 2405 662 2478 Tempus
681 2407 832 2464 adest
855 2407 1029 2480 plenis
1056 2415 1238 2481 grates
1260 2409 1357 2465 tibi
1387 2408 1616 2466 fundere
1637 2410 1799 2467 votis.

430 2495 476 2552 Ο
509 2506 682 2567 pater,
706 2513 740 2554 ο
767 2499 1008 2567 domine,
1037 2501 1276 2574 indignis
1291 2502 1420 2557 licet
1445 2503 1648 2573 optimo
1670 2504 1845 2561 servis

427 2585 667 2642 Tandem
696 2597 977 2644 exoratum
1005 2599 1089 2646 est
1115 2594 1258 2647 inter
1285 2601 1376 2648 tua
1402 2595 1589 2649 limina
1616 2595 1773 2652 nobis

425 2676 616 2733 Natale
643 2678 921 2737 celebrare
946 2690 1114 2738 tuum.
1143 2684 1267 2740 Tria
1297 2696 1539 2756 tempore
1565 2688 1728 2757 longo

426 2766 624 2822 Lustra
651 2779 1023 2836 cucurrerunt,
1051 2787 1118 2828 ex
1146 2789 1254 2844 quo
1281 2775 1610 2832 solemnibus
1639 2776 1759 2833 istis

426 2855 623 2912 Coram
648 2868 773 2914 vota
799 2860 914 2926 tibi,
939 2877 1126 2918 coram
1148 2881 1269 2920 mea
1300 2868 1464 2922 corda
1493 2869 1689 2936 dicavi,

427 2943 510 3000 Ex
545 2946 635 3002 illo
671 2951 764 3018 qui
799 2969 887 3008 me
909 2961 1163 3026 terraque
1197 2960 1443 3029 marique
1471 2961 1686 3019 labores

429 3035 750 3095 Distulerint
776 3057 808 3096 a
833 3043 961 3099 sede
986 3053 1074 3100 tua
1099 3049 1286 3117 procul
1315 3049 1445 3104 orbe
1464 3061 1690 3118 remota,

429 3125 670 3196 Novisti;
715 3148 840 3187 nam
876 3143 929 3190 te
970 3137 1102 3192 mihi
1134 3153 1346 3210 semper
1374 3142 1574 3212 ubique
1618 3144 1997 3216 propinquum,

426 3217 574 3274 Inter
606 3222 739 3277 dura
766 3224 888 3292 via,
917 3227 1146 3298 vitaque
1174 3229 1402 3297 incerta,
1436 3234 1646 3288 vocavi.

427 3309 497 3366 Et
520 3314 687 3368 maria
709 3315 926 3383 intravi,
956 3319 1092 3374 duce
1118 3328 1168 3376 te
1194 3337 1209 3376 :
1232 3323 1357 3393 quia
1389 3339 1519 3379 cura
1546 3325 1735 3396 pericii

427 3398 604 3455 Cessit
629 3417 813 3458 amore
852 3407 951 3473 tui,
975 3423 1075 3464 nec
1101 3417 1154 3465 te
1180 3412 1330 3478 sine;
1371 3429 1495 3468 nam
1525 3422 1613 3469 tua
1641 3417 1784 3471 sensi

425 3489 702 3560 Prasidia,
732 3495 787 3550 in
822 3496 1050 3556 Domino
1074 3517 1336 3572 superans
1357 3505 1524 3561 maris
1546 3521 1737 3576 aspera
1761 3508 1998 3578 Christo,

428 3583 655 3656 Semper
677 3601 743 3644 eo
766 3597 820 3644 et
841 3593 1003 3648 terris
1024 3603 1080 3648 te
1102 3604 1324 3665 propter
1347 3605 1495 3653 tutus
1529 3605 1584 3654 et
1610 3600 1786 3656 undis.

983 3704 1132 3760 Idem
1159 3708 1212 3760 in
1238 3709 1438 3764 eodem.

429 3787 570 3876 Ecce
593 3789 713 3845 vias
741 3792 895 3848 vario
915 3793 1069 3864 plebs
1096 3785 1340 3852 discolor
1356 3799 1568 3869 agmine
1590 3803 1764 3876 pingit
1787 3824 1800 3858 :

434 3873 606 3933 Urbes
634 3880 946 3938 innumeras
972 3899 1077 3938 una
1100 3887 1363 3943 miramur
1386 3890 1438 3944 in
1469 3893 1621 3947 urbe.

429 3967 474 4024 Ο
502 3968 628 4024 felix
657 3969 836 4028 Felice
861 3981 951 4028 tuo
980 3975 1077 4030 tibi
1106 3979 1332 4046 praesule
1358 3979 1509 4042 Nola,

427 4059 630 4132 inclyta
657 4063 774 4118 cive
815 4079 994 4131 sacro,
1024 4066 1231 4124 calesti
1269 4069 1420 4126 ﬁrma
1448 4081 1676 4143 patrono
1701 4091 1716 4130 :

428 4149 559 4207 Post
583 4167 702 4222 qua
731 4153 902 4224 ipsam
935 4156 1117 4212 titulos
1141 4157 1366 4215 Romam
1389 4165 1578 4218 sortita
1605 4166 1887 4222 secundos.

427 4241 558 4308 Qua
586 4245 736 4314 prius
766 4246 992 4316 imperio
1020 4256 1247 4318 tantum,
1281 4260 1336 4306 et
1363 4255 1678 4312 victricibus
1709 4259 1899 4325 armis,

427 4338 581 4393 Nunc
606 4347 662 4394 et
686 4343 995 4411 apostolicis
1026 4355 1296 4401 terrarum
1325 4356 1410 4402 est
1441 4351 1614 4420 prima
1644 4352 1926 4421 sepulcris.

2101 1818 2366 1884 Christus,
2397 1829 2457 1875 ut
2479 1823 2732 1877 ostendat
2768 1822 3026 1891 majorem
3057 1823 3112 1877 in
3142 1831 3315 1877 morte
3349 1824 3560 1894 piorum

2102 1909 2391 1980 Virtutem,
2427 1928 2590 1982 quam
2621 1914 2732 1968 vim
2761 1914 2815 1968 in
2844 1914 2956 1968 vita
2982 1928 3262 1982 superesse
3285 1914 3562 1970 malorum.

2650 2003 2801 2058 Idem
2831 2005 2885 2058 in
2913 2003 3113 2058 eodem.

2101 2089 2393 2163 Postquam
2424 2094 2726 2165 depositum
2753 2094 3060 2149 tumulandi
3081 2095 3134 2148 in
3161 2095 3291 2150 sedc
3319 2094 3594 2165 feretrum,

2101 2181 2360 2239 Certatim
2387 2184 2618 2255 populus
2647 2183 2868 2254 pietatis
2889 2183 3250 2240 circumlbsus

2105 2273 2356 2346 Undique
2385 2275 2611 2330 densato
2638 2283 2782 2330 coetu
2818 2275 2902 2330 sic
2925 2276 3167 2330 membra
3195 2285 3436 2342 coronat,

2103 2365 2392 2436 Belligiosa
2417 2366 2505 2435 pie
2531 2382 2710 2439 pugna
2743 2375 3031 2422 exercetur
3066 2376 3342 2420 amantum
3372 2385 3385 2420 :

2103 2457 2342 2529 Quisque
2381 2459 2545 2513 alium
2575 2473 2824 2528 premere
2851 2467 2907 2514 et
2931 2459 3154 2529 propius
3185 2459 3478 2513 consistere
3496 2467 3643 2514 certat

2104 2547 2410 2616 Belliquiis,
2441 2563 2749 2619 corpusque
2774 2565 2935 2603 manu
2967 2548 3280 2620 contingere
3305 2548 3511 2618 gaudet.

2102 2635 2214 2694 Nec
2239 2639 2371 2693 satis
2397 2648 2480 2693 est
2507 2639 2706 2693 vidisse
2731 2639 2915 2705 semel,
2949 2638 3102 2707 juvat
3134 2653 3305 2707 usque
3327 2638 3534 2700 morari,

2101 2727 2457 2800 Luminaquef
2476 2729 2761 2799 expositis,
2792 2738 2848 2785 et
2883 2745 2990 2800 qua
3020 2729 3180 2784 datur
3201 2729 3384 2784 oscula
3419 2726 3640 2783 membris

2102 2816 2328 2890 Figere;
2360 2820 2452 2874 dat
2473 2820 2723 2875 meritam
2745 2819 2961 2876 Christo
2997 2821 3148 2891 plebs
3175 2835 3408 2876 consona
3438 2819 3640 2875 laudem.

2654 2909 2804 2964 Idem
2835 2911 2888 2965 in
2920 2911 3118 2964 eodem.

2102 2997 2270 3055 Facta
2301 3000 2464 3072 igitur
2491 3008 2609 3055 rata
2633 2999 2775 3070 justa
2801 3002 2948 3071 pium
2996 3010 3182 3056 texere
3209 3002 3453 3071 sepulcro

2027 3107 2074 3170 ρ
2103 3089 2288 3146 Funus
2313 3108 2327 3157 ;
2357 3100 2411 3145 at
2437 3092 2490 3146 in
2515 3092 2717 3148 sanctis
2746 3093 3001 3148 divinitus
3028 3091 3188 3147 insita
3225 3093 3480 3148 membris

2107 3179 2292 3236 Gratia
2327 3196 2434 3235 non
2455 3182 2628 3251 potuit
2654 3198 2777 3237 cum
2801 3198 2968 3238 carne
2989 3182 3232 3251 morique
3258 3184 3486 3254 legique.

2103 3270 2272 3335 Illico,
2300 3271 2393 3326 sed
2419 3272 2609 3341 positis
2635 3287 2701 3326 ex
2729 3273 2941 3327 ossibus
2967 3275 3189 3329 emicuit
3213 3274 3326 3339 lux,

2105 3360 2236 3427 Qua
2264 3361 2488 3416 medicis
2522 3362 2714 3431 opibus
2735 3364 2913 3417 meriti
2943 3364 3074 3417 dare
3103 3365 3252 3432 signa
3284 3365 3514 3436 potentis

2105 3437 2381 3510 Hactenus
2405 3470 2473 3510 ex
2502 3454 2593 3509 illo
2629 3469 2735 3510 non
2763 3471 2997 3525 unquam
3035 3464 3278 3528 tempore
3305 3458 3492 3526 parcit.

2103 3547 2174 3601 Et
2207 3555 2340 3612 toto,
2367 3563 2474 3616 quo
2497 3549 2727 3603 mundus
2753 3549 2876 3614 erit,
2907 3547 3132 3622 fulgebit
3159 3551 3213 3604 in
3257 3566 3392 3616 avo,

2103 3635 2220 3692 Lux
2249 3637 2437 3691 eadem
2462 3639 2634 3693 sancti
2671 3639 2872 3694 cineris
2898 3655 2997 3710 per
3029 3641 3220 3696 sacula
3262 3651 3458 3696 custos.

2667 3730 2818 3786 Idem
2841 3734 2895 3786 in
2918 3733 3114 3787 eodem.

2103 3820 2234 3889 Qua
2264 3829 2466 3888 tamen,
2500 3822 2678 3893 ampla
2705 3822 2849 3888 licet,
2878 3824 3170 3880 vincuntur
3197 3824 3429 3879 culmina
3465 3821 3644 3885 turbis;

2103 3913 2258 3981 Quod
2283 3923 2564 3970 crescente
2593 3915 2699 3971 fide
2727 3917 3059 3987 superundat
3092 3917 3262 3987 gratia
3284 3916 3500 3982 Christi,

2104 4003 2234 4071 Qua
2262 4005 2475 4075 populis
2499 4005 2716 4061 medico
2733 4005 2968 4061 Felicem
2996 4022 3217 4062 munere
3245 4014 3465 4076 prastat

2103 4095 2318 4152 Vivere.
2345 4095 2446 4163 Qui
2471 4105 2722 4167 perstans
2749 4099 2912 4153 etiam
2947 4107 3071 4168 post
3095 4099 3336 4169 corporis
3365 4113 3529 4154 avum

2101 4189 2368 4246 Prasidet
2394 4191 2512 4261 ipse
2539 4192 2653 4247 suis
2681 4208 2836 4248 sacer
2869 4193 3117 4259 ossibus;
3144 4208 3374 4262 ossaque
3401 4191 3562 4248 sancti

2101 4279 2357 4351 Corporis
2379 4296 2409 4337 e
2440 4283 2647 4337 tumulo
2672 4297 2779 4338 non
2808 4283 2985 4339 obsita
3004 4284 3226 4354 pulvere
3248 4285 3458 4348 mortis,

2100 4373 2317 4430 Arcano
2349 4382 2566 4430 aterna
2594 4377 2688 4432 sed
2717 4378 2938 4446 pradita
2965 4377 3170 4433 semine
3198 4378 3341 4444 vita,

429 4426 517 4535 §is
557 4427 750 4535 bonist
785 4445 818 4485 ⁰
840 4430 1098 4535 Ὲίξιίίίῐυθ
1129 4435 1256 4502 mis:
1301 4436 1696 4535 θίζωίηυιηίῖυθ
1723 4450 1999 4513 Pilleum“
2026 4458 2078 4519 D
2874 4467 3114 4521 victricis
3142 4426 3394 4533 odorem;

426 4517 650 4584 Exores,
685 4520 846 4576 liceat
865 4522 1077 4593 placato
1105 4541 1330 4582 munere
1357 4527 1556 4585 Christi

426 4607 554 4663 Post
580 4609 750 4682 pelagi
775 4610 988 4680 ﬂuctus,
1017 4618 1199 4671 mundi
1225 4634 1438 4690 quoque
1465 4620 1714 4680 ﬂuctibus
1737 4625 1890 4691 actis,

423 4699 486 4755 In
511 4701 744 4758 statione
771 4714 859 4758 tua
880 4705 1090 4776 placido
1124 4710 1420 4767 consistere
1447 4722 1624 4784 portu.

917 4814 1068 4870 Idem
1097 4819 1150 4872 in
1177 4822 1408 4875 carmine
1439 4823 1494 4878 '5.

426 4895 605 4965 Hunc,
627 4915 838 4970 precor,
866 4912 1066 4960 aterna
1096 4908 1376 4966 nobiscum
1402 4927 1536 4981 pace
1563 4929 1817 4972 serenum

425 4987 595 5043 Posce
613 4989 754 5045 diem
779 5009 794 5046 :
823 4993 927 5048 hoc
951 4995 1146 5050 iterum
1169 4997 1327 5054 liceat
1351 5002 1584 5070 gaudere
1609 5019 1850 5072 reverso,

424 5075 726 5148 Annuaque
751 5080 856 5146 hic,
888 5091 943 5136 et
976 5092 1100 5139 vota
1131 5087 1258 5154 tuis,
1291 5097 1346 5144 et
1371 5091 1609 5146 carmina
1638 5091 1794 5149 festis

427 5166 669 5226 Reddere
696 5171 889 5241 placati
919 5177 1206 5246 tranquillo
1237 5181 1456 5236 numine
1477 5181 1698 5239 Christi.

426 5258 528 5314 Hic
557 5275 726 5330 amor,
757 5263 848 5322 hic
879 5264 1034 5321 labor
1063 5277 1146 5325 est
1181 5271 1364 5336 nobis;
1406 5273 1518 5331 hac
1551 5285 1673 5331 vota
1696 5276 1924 5344 imorum

425 5348 672 5420 Suscipe,
705 5358 1128 5428 commendaque
1163 5361 1287 5427 Deo,
1311 5371 1370 5416 ut
1401 5380 1521 5418 cum
1552 5367 1734 5420 sedula
1756 5384 1887 5422 cura

427 5441 718 5498 Servitium
755 5454 997 5500 nostrum
1026 5449 1184 5520 longo
1211 5452 1306 5505 tibi
1337 5454 1583 5521 pendcrit
1607 5471 1743 5520 avo,

425 5530 577 5587 Tunc
600 5533 814 5590 demum
839 5537 1079 5607 placidos
1105 5541 1306 5608 pietate
1332 5541 1534 5596 laboris
1554 5544 1796 5599 alumnos

427 5617 680 5679 Absolvat
706 5626 951 5683 mittente
981 5643 1173 5695 manu;
1202 5631 1508 5703 positasque
1535 5630 1745 5690 lucrum

2100 4555 2219 4623 Quo
2247 4557 2513 4612 medicina
2542 4566 2734 4627 potens
2755 4557 2914 4612 datur
2938 4559 3289 4612 exorantibus
3316 4557 3492 4626 agris.

2102 4646 2315 4713 Quanta
2344 4651 2682 4719 resurgentis
2717 4649 2892 4704 virtus
2915 4658 2970 4704 et
2995 4650 3165 4721 gloria
3195 4651 3393 4721 cinget,

2099 4736 2419 4807 Coniectare
2449 4739 2576 4795 licet
2602 4756 2724 4795 cum
2759 4740 2932 4810 gloria
2970 4749 3120 4796 tanta
3151 4742 3392 4811 sepultos

2097 4825 2338 4893 Ambiat,
2366 4835 2421 4883 et
2447 4836 2651 4897 quanto
2679 4829 2917 4884 rediviva
2948 4830 3142 4886 decore
3171 4832 3446 4886 micabunt

2101 4915 2366 4986 Corpora,
2394 4919 2448 4972 in
2474 4919 2720 4976 obscuris
2747 4935 2868 4975 cum
2907 4922 2978 4976 sit
3005 4922 3097 4976 ius
3126 4931 3275 4977 tanta
3302 4921 3524 4977 favillis?

2101 5005 2242 5072 Quid
2261 5005 2416 5061 nobis
2445 5007 2660 5061 miseris
2688 5008 2878 5062 horum
2905 5017 3164 5079 prastare
3190 5025 3404 5066 corona

2103 5094 2404 5165 Suillcient,
2435 5113 2667 5169 quorum
2699 5108 2756 5153 et
2787 5100 3001 5156 cineres
3030 5102 3161 5157 dant
3188 5101 3465 5158 commoda
3490 5094 3644 5154 vivis?

2657 5188 2804 5243 Idem
2831 5191 2886 5243 in
2914 5192 3110 5244 eodem.

2100 5275 2342 5347 Namque
2364 5277 2516 5334 vides
2545 5279 2688 5348 quod
2719 5293 2848 5349 agas
2876 5280 2973 5334 tibi
3015 5282 3192 5336 adhuc
3226 5295 3521 5352 superesse,
3557 5272 3634 5330 sed

2387 5419 2392 5426 .
3375 5370 3448 5444 [in
3479 5382 3575 5429 me.

2097 5455 2198 5522 Qui
2225 5471 2392 5528 prope
2415 5459 2630 5514 cacatis
2657 5459 2829 5514 oculis
2853 5467 2942 5514 tua
2972 5462 3216 5518 cominus
3243 5471 3361 5517 asto

2098 5547 2340 5613 Limina;
2369 5564 2495 5605 nam
2524 5550 2692 5604 multo
2718 5550 2879 5604 mersi
2905 5565 3025 5604 mea
3047 5550 3246 5606 lumina
3279 5550 3422 5615 ﬂetu,

2097 5637 2211 5693 Non
2239 5638 2411 5694 solum
2441 5639 2655 5709 damno,
2685 5639 2778 5697 sed
2805 5650 2858 5698 et
2886 5641 3028 5697 inter
3059 5642 3249 5713 gaudia
3275 5641 3503 5713 plorans.
