3838 6144
196 295 285 356 sis
1174 287 1301 346 LIB.
1345 287 1715 348 ADVERSUS
1752 292 2105 351 CLAUDIUM
2145 292 2422 352 ranam.

197 414 466 486 Dcmpsisti
494 425 717 466 causam
741 411 1128 478 lacrymarum,
1157 411 1281 463 tolle
1309 411 1467 464 modo
1504 419 1619 464 orta

199 507 413 560 V'ulnera
436 504 502 558 de
532 500 817 571 lacrymis;
850 499 1162 564 miseratus,
1188 508 1396 564 sancte,
1427 515 1668 555 meorum

197 598 384 652 Damna
425 593 611 656 boum,
650 589 911 644 miserare
959 589 1144 642 itidem
1186 589 1345 644 modo
1384 590 1580 644 damna
1627 605 1754 645 ocu-

1444 680 1644 754 [lorum

197 779 432 838 Donastis
458 777 686 833 reduces
713 773 950 844 pecudes
974 772 1128 837 mihi,
1160 787 1350 828 rursus
1371 779 1426 827 et
1452 772 1558 827 illis

197 871 362 927 Redde
401 883 551 923 meos
573 865 781 922 oculos.
820 863 956 918 Nam
995 864 1124 932 quid
1144 862 1299 932 juvat
1327 878 1445 918 esse
1483 864 1750 927 reductos,

200 962 249 1016 Si
270 961 552 1029 languente
581 956 696 1010 acie
717 968 957 1024 praesens
983 954 1336 1022 praesentibus
1364 953 1578 1008 absim?

199 1053 332 1108 Talia
358 1050 636 1121 praesentis
661 1047 842 1117 populi
873 1047 1043 1100 risere
1067 1057 1384 1115 querentem

201 1144 294 1198 Sed
310 1138 487 1213 procul
515 1137 746 1191 admotae
770 1135 966 1190 secreti
995 1135 1250 1205 martyris
1277 1149 1440 1190 aures

203 1236 476 1301 Suscepere
497 1228 619 1297 pias
647 1226 716 1280 ab
743 1227 928 1295 inepto
953 1225 1193 1294 supplice
1217 1240 1401 1291 voces,

203 1325 407 1391 Moxque
452 1317 653 1373 refecta
696 1331 904 1371 sacram
934 1323 1223 1370 senserunt
1253 1315 1457 1370 lumina
1481 1315 1750 1370 dextram.

201 1415 311 1467 Inde
329 1411 539 1464 domum
559 1407 799 1477 gaudens
821 1405 996 1461 oculis
1018 1407 1300 1475 bubusquc
1318 1408 1575 1476 receptis,

203 1499 523 1554 Collaudante
546 1497 712 1550 Deum
741 1495 938 1564 populo
974 1495 1268 1560 remeabat,
1296 1504 1350 1549 et
1376 1496 1527 1550 illum

205 1587 329 1642 Laeta
363 1583 692 1654 sequebatur
727 1584 925 1653 gemini
950 1583 1173 1638 victoria
1202 1584 1331 1638 voti.

677 1674 822 1728 Idem
856 1675 910 1728 in
945 1674 1175 1728 carmine
1195 1675 1246 1728 7.

3319 296 3422 350 514

1780 416 1832 475 Α
1860 415 2110 472 Βίρωοηθ
2133 418 2401 474 distentus
2433 419 2555 484 fuit,
2594 417 2777 487 utjam
2807 438 2912 478 non
2940 423 3098 477 modo
3129 431 3284 481 notos

1853 505 1948 560 ille
1977 507 2126 561 cibos
2149 507 2447 574 hominum,
2472 508 2557 562 vel
2589 510 2633 564 si
2664 520 2918 583 congesta
2942 513 3162 568 daretur

1856 596 2018 650 Multa
2048 614 2231 653 mensa
2255 598 2409 669 dape,
2446 600 2498 654 in
2525 599 2666 654 facili
2690 611 3030 658 consumeret
3056 603 3251 661 haustu

1853 688 2052 742 Verum
2079 697 2132 744 et
2156 690 2380 760 gallinas
2402 691 2739 746 habitantum
2762 693 2948 749 limine
2969 703 3168 765 raptas,

1852 777 1976 832 Mox
1995 787 2055 833 ut
2085 781 2376 836 sustulerat
2395 781 2582 835 rabido
2608 782 2941 852 discerperet
2969 799 3084 849 ore,

1851 870 1920 925 Et
1940 871 2120 941 pluma
2144 873 2383 928 incoctas
2408 889 2513 928 non
2540 875 2837 931 suifocante
2861 885 3096 932 voraret.

1852 961 1993 1030 Quin
2019 971 2070 1018 et
2096 961 2374 1018 funeream
2399 966 2606 1020 saniem
2633 966 2874 1031 sitiebat,
2901 975 2955 1023 et
2979 983 3103 1022 ossa

1851 1055 2170 1121 Lambebat,
2192 1056 2455 1125 pecudum
2479 1057 2717 1126 projecta
2745 1059 3006 1113 cadavera
3025 1057 3306 1125 mandens,

1851 1145 2130 1202 Obscenos
2158 1148 2383 1203 conviva
2413 1164 2627 1202 canum.
2659 1149 2754 1205 Hic
2785 1153 2943 1206 modo
2968 1153 3208 1207 daemone
3233 1162 3410 1222 tanto,

1854 1236 2100 1303 Sobrius,
2127 1253 2254 1294 ecce
2279 1240 2465 1308 procul
2493 1241 2817 1296 conductum
2840 1255 3056 1299 exercet
3081 1247 3334 1315 agellum.

1852 1329 1918 1382 Et
1944 1338 2168 1384 curante
2206 1330 2316 1384 Deo
2345 1340 2534 1387 saneta
2563 1331 2759 1387 Felicis
2783 1334 2835 1386 in
2863 1335 2984 1388 aula

1851 1419 2112 1474 Redditus
2145 1421 2257 1489 ipse
2288 1421 2408 1487 sibi,
2438 1422 2585 1477 claro
2607 1423 2740 1477 satis
2771 1423 2947 1478 indice
2973 1434 3239 1480 monstrat

1851 1513 2082 1569 Felicem
2107 1515 2315 1570 meritis
2339 1523 2391 1569 et
2420 1515 2619 1569 Christi
2648 1517 2864 1571 nomine
2894 1516 3107 1572 fortem.

2358 1627 2507 1682 Idem
2527 1630 2581 1683 in
2599 1631 2829 1684 carmine
2854 1632 2905 1686 9.

208 1769 398 1833 Sancte,
440 1782 657 1839 precor,
685 1781 940 1824 succurre
978 1774 1070 1820 tuo
1105 1782 1116 1818 :
1162 1766 1276 1821 scio
1305 1766 1430 1836 quia
1474 1769 1752 1837 proximus
1781 1767 1826 1826 B
1857 1743 2037 1839 §alvev
2074 1743 2240 1839 Cljal‘a
2269 1741 2742 1839 die_s_,salve,-mihi
2766 1743 3020 1839 lux-mea,
3050 1741 3212 1839 salve,

1509 1867 1676 1923 astas,

206 1950 260 2002 Et
285 1950 342 2004 de
362 1949 609 2019 contigua
643 1946 823 2001 missis
844 1947 989 2000 hunc
1014 1945 1237 1999 auribus
1262 1946 1378 2002 inde
1485 1857 1504 1930 [

205 2041 410 2105 Audisti,
433 2040 602 2104 Felix,
629 2038 809 2093 ﬂetum
839 2038 1070 2092 infelicis
1108 2037 1332 2091 alumni.

208 2129 492 2210 Sivemodo
525 2129 741 2185 excelso
770 2129 928 2184 lateri
959 2129 1282 2197 conjunctus
1311 2130 1560 2184 adhmres

204 2221 322 2275 Ante
351 2222 598 2276 thronum
626 2220 806 2292 magni
832 2221 972 2291 regis
1007 2219 1308 2285 confessus,
1340 2221 1566 2285 amicus,

207 2308 436 2380 Pauperis
454 2313 597 2366 hanc
623 2312 929 2365 venerande
965 2311 1042 2364 tui
1076 2321 1228 2365 trans
1256 2311 1437 2365 nubila
1464 2326 1647 2366 vocem

206 2399 393 2470 Accipis
417 2416 546 2455 aure
572 2401 692 2466 Dei,
715 2415 886 2471 neque
915 2402 1136 2467 temnis,
1158 2402 1253 2456 sed
1277 2402 1419 2471 petis
1438 2402 1547 2456 illic

210 2489 355 2556 Quam
378 2491 506 2545 mihi
544 2491 794 2560 deportes
829 2490 1047 2546 Christo
1067 2492 1360 2546 miserante
1381 2491 1628 2547 salutem.

740 2579 889 2634 Idem
911 2582 963 2635 in
985 2582 1183 2636 eodem.

211 2675 305 2738 Ipse
327 2671 522 2740 opifex,
551 2670 642 2725 lux
667 2680 871 2735 nostra,
898 2672 1060 2737 Deus,
1085 2672 1284 2727 Felicis
1312 2673 1472 2729 amici

211 2759 420 2816 Natalem
457 2770 605 2815 tanta
641 2761 809 2816 voluit
831 2762 1090 2816 decorare
1113 2762 1360 2828 medela;

214 2851 268 2906 Ut
287 2851 603 2908 confessoris
630 2853 883 2906 meritum
916 2852 1143 2907 sublime
1169 2852 1376 2922 potenti

211 2940 398 2995 Munere
418 2948 768 3004 monstraret,
800 2956 906 2993 non
938 2948 998 2994 ut
1023 2941 1323 2994 cumularet
1348 2941 1608 2996 honorem

212 3030 430 3102 Martyris
451 3032 553 3085 hoc
576 3046 756 3100 opere,
783 3031 1028 3101 ingentes
1053 3031 1138 3085 cui
1163 3031 1394 3086 contulit
1419 3031 1547 3086 olim

209 3121 454 3177 Nobilibus
479 3123 649 3177 titulis
679 3123 960 3177 benedicto
987 3123 1203 3176 nomine
1235 3122 1465 3191 palmas,

189 3213 332 3279 Quas
356 3215 636 3270 indefessis
667 3215 719 3268 in
741 3229 807 3269 co
833 3215 1121 3270 virtutibus
1142 3216 1289 3269 omni
1533 3195 1543 3204 ’

215 3305 442 3376 l‘empore
469 3307 752 3361 continuat
779 3305 989 3360 Domini
1020 3305 1305 3361 clementia
1339 3305 1566 3369 Christi.

207 3395 296 3450 Sed
323 3397 470 3452 nobis
498 3397 668 3451 voluit
699 3395 984 3465 specialem
1023 3404 1268 3466 tempore
1297 3396 1352 3450 in
1376 3397 1480 3451 isto
1504 3439 1513 3450 .

206 3485 445 3542 Laetitiam
473 3489 677 3542 donare
699 3488 860 3551 Deus,
889 3487 1197 3557 propriique
1224 3488 1439 3556 patroni

206 3577 314 3634 Tale
336 3580 531 3650 aliquid
558 3579 791 3649 propriis
819 3594 1051 3648 operans
1072 3580 1283 3650 signum
1311 3580 1439 3636 dare
1465 3580 1655 3635 servis.

691 3669 838 3724 Idem
859 3671 914 3724 in
945 3673 1178 3727 carmine
1197 3673 1250 3728 8.

207 3759 346 3816 Forte
374 3763 546 3832 magis
570 3762 745 3832 pietas
766 3763 920 3818 nobis
940 3763 1091 3818 dabit
1119 3764 1222 3818 ista
1248 3765 1495 3832 salutem,

208 3848 255 3904 Si
279 3862 477 3907 nostras
504 3852 627 3906 ideo
651 3851 816 3906 libeat
845 3854 1114 3923 deponere
1143 3870 1321 3921 curas,

209 3938 269 3994 Ut
291 3941 579 3996 confessori
609 3941 847 3996 laetantia
870 3945 1032 3997 corda
1062 3941 1317 4008 feramus,

209 4031 349 4100 Cujus
375 4040 577 4089 honore
603 4035 744 4089 Deus
773 4036 986 4105 gaudet,
1011 4037 1134 4105 quia
1164 4045 1372 4109 martyr
1398 4038 1661 4091 honorem

208 4119 512 4192 Contempsit
535 4124 811 4193 proprium
839 4124 1049 4180 Domini
1072 4141 1169 4196 pro
1198 4126 1414 4181 nomine
1434 4125 1656 4190 Christi,

209 4207 355 4266 Vilior
375 4212 485 4282 ipse
511 4213 634 4276 sibi,
666 4213 954 4269 utChristo
978 4215 1267 4283 pretiosior
1287 4226 1453 4271 esset.

750 4303 897 4358 Idem
933 4305 987 4359 in
1009 4306 1208 4359 eodem.

213 4389 269 4444 Ut
289 4393 547 4462 quondam
576 4395 676 4448 hos
702 4395 892 4450 habuit
917 4404 1068 4450 vetus
1098 4406 1261 4462 aetas,
1301 4398 1344 4452 si
1377 4397 1536 4452 modo
1567 4389 1749 4452 nostra

211 4478 416 4538 Felicem
447 4486 639 4540 sortita
666 4486 834 4550 salus,
863 4494 1012 4557 petat
1044 4503 1203 4543 omne
1228 4490 1370 4558 quod
1397 4491 1578 4555 audet,

213 4571 443 4646 Quodque
473 4579 644 4646 cupit,
674 4577 766 4631 tali
794 4587 975 4647 speret
1003 4578 1210 4634 conlisa
1235 4589 1464 4649 patrono

214 4661 411 4734 Sancte,
438 4668 547 4723 Deo
575 4669 790 4735 dilecte,
815 4670 910 4724 Dei
940 4678 996 4725 tu
1015 4671 1256 4736 dextera,
1282 4671 1451 4739 Felix,

212 4753 322 4811 Esto
348 4772 538 4828 precor
561 4760 716 4815 nobis
748 4769 802 4814 tu
833 4763 1193 4817 munitissima
1220 4764 1400 4819 turris.

741 4852 890 4907 Idem
909 4855 965 4907 in
988 4855 1188 4909 eodem.

215 4937 304 4995 Sed
331 4943 470 4998 velut
494 4953 725 4998 aeternos
745 4945 925 5014 pueris
955 4946 1320 5002 recinentibus
1342 4948 1593 5020 hymnos,

215 5028 453 5088 Roscidus
475 5049 736 5089 accensos
763 5035 1014 5089 discnssit
1045 5037 1264 5104 spiritus
1293 5039 1444 5107 ignes

219 5119 296 5174 Sic
326 5125 472 5178 nobis
498 5125 709 5194 placido
739 5123 933 5178 Felicis
957 5126 1128 5194 gratia
1147 5125 1293 5192 flatu,

218 5210 479 5282 Aspirante
501 5214 632 5279 Deo,
656 5214 917 5269 bellorum
947 5223 1206 5284 temperet
1228 5218 1403 5286 ignes,

214 5300 430 5374 Ortaque
453 5305 726 5359 Romuleis
751 5305 1049 5373 reprimens
1075 5306 1319 5360 incendia
1344 5306 1525 5370 terris,

214 5390 461 5448 Sollicitos
483 5395 692 5464 placida
716 5394 827 5462 jam
855 5409 989 5462 pace
1019 5395 1300 5464 refrigeret
1323 5406 1504 5460 cestus,

210 5482 463 5556 Fessaquc
504 5487 774 5541 restinctis
806 5487 1049 5539 absolvat
1079 5499 1298 5555 pectora
1323 5489 1485 5541 curis.

749 5573 894 5626 Idem
919 5575 971 5626 in
999 5575 1194 5627 eodem.

209 5664 421 5732 Quidam
457 5668 620 5722 homo
643 5680 749 5720 non
778 5663 992 5734 longum
1025 5674 1232 5734 tempus
1258 5675 1366 5720 tam
1390 5666 1672 5736 prodigiali

1859 1831 2086 1900 Semper
2106 1831 2241 1888 festa
2270 1832 2436 1896 mihi;
2467 1831 2559 1885 sed
2583 1832 2636 1884 in
2669 1832 2771 1885 hoc
2792 1834 2921 1886 mihi
2945 1834 3142 1887 clarius
3179 1849 3324 1889 anno

1857 1921 1987 1977 Orta
2017 1920 2292 1983 refulsisti,
2332 1922 2459 1992 quia
2497 1936 2618 1975 cum
2646 1920 2840 1976 Felicis
2869 1924 3073 1979 honore

1857 2012 2102 2066 Nicetam
2127 2011 2361 2076 revehis,
2389 2021 2697 2067 sanctorum
2722 2021 2780 2066 ut
2808 2029 2992 2068 amore
3021 2015 3248 2068 duorum

1855 2103 2046 2158 Binum
2077 2103 2303 2157 habeam
2347 2103 2580 2158 natalem
2611 2104 2790 2168 hodie,
2833 2120 2938 2173 quo
2973 2119 3197 2172 corpore
3226 2105 3426 2176 sumpti

1857 2194 2108 2266 Martyris
2128 2209 2409 2250 excessum
2431 2195 2709 2250 celebrans
2735 2205 2792 2249 et
2815 2211 3039 2265 corpore
3061 2197 3295 2266 prompti

2412 2311 2563 2366 Idem
2590 2311 2645 2364 in
2674 2311 2872 2365 eodem.

1854 2401 1975 2472 Ipso
1995 2418 2138 2457 nunc
2161 2399 2342 2457 Felice
2363 2417 2499 2472 opus
2527 2410 2629 2466 est,
2657 2411 2710 2456 et
2737 2400 2789 2455 in
2821 2401 2923 2456 hoc
2949 2400 3080 2454 mihi
3105 2414 3300 2456 munus

1857 2492 2066 2558 Sumat,
2097 2500 2158 2547 ut
2194 2509 2221 2546 a
2252 2493 2489 2559 Christo,
2510 2493 2642 2547 mihi
2670 2507 2804 2562 quas
2830 2492 3103 2562 impertiat
3125 2491 3260 2559 ipse,

1858 2586 1927 2642 Ut
1958 2587 2116 2657 digne
2145 2587 2244 2641 sibi
2273 2595 2454 2656 grater
2481 2601 2630 2654 opes.
2661 2585 2728 2639 Et
2756 2600 2901 2639 nunc
2933 2584 3064 2637 mihi
3092 2582 3284 2636 vellem

1854 2676 1990 2732 Viva
2013 2678 2268 2746 perennis
2296 2693 2449 2747 aqua:
2471 2684 2753 2730 manarent
2782 2675 3002 2729 ﬂumina
3029 2682 3218 2729 ventre

1858 2769 1928 2827 Ut
1950 2785 2058 2823 non
2077 2783 2172 2823 ore
2199 2784 2344 2834 meo,
2368 2769 2462 2823 sed
2485 2768 2683 2823 Christi
2711 2782 2934 2822 munere
2961 2781 3176 2836 possem

1855 2860 2123 2917 Laztitiam
2151 2874 2407 2914 enarrare
2432 2874 2630 2925 meam,
2659 2873 2778 2927 quze
2801 2872 3023 2911 munere
3046 2853 3251 2911 Christi

1857 2953 2090 3010 Uberius
2118 2952 2277 3010 solito
2298 2952 2570 3022 placidum
2599 2948 2729 3005 mihi
2758 2959 2950 3020 pectus
2982 2948 3225 3004 inundat.

2428 3064 2579 3119 Idem
2591 3065 2646 3118 in
2660 3063 2861 3117 eodem.

1851 3178 1989 3234 Nam
2017 3179 2172 3248 quasi
2201 3179 2510 3246 contignata
2539 3178 2710 3232 sacris
2737 3174 3013 3232 ctenacula
3037 3175 3215 3240 tectis,

1849 3268 2104 3340 Spectant
2125 3268 2192 3322 de
2213 3269 2422 3337 superis
2451 3267 2639 3321 altaria
2668 3275 2783 3320 tuta
2814 3265 3088 3329 fenestris,

1851 3361 1963 3417 Sub
1981 3362 2173 3430 quibus
2200 3361 2346 3414 intus
2374 3361 2576 3414 habent
2603 3368 2915 3414 sanctorum
2943 3374 3172 3428 corpora
3201 3359 3384 3413 sedem
3408 3395 3427 3424 ,

1849 3454 2094 3522 Namque
2124 3460 2178 3506 et
2204 3451 2484 3520 apostolici
2510 3452 2720 3505 cineres
2745 3449 2847 3502 sub
2872 3449 3050 3503 coalito
3073 3463 3262 3503 mensa

1850 3543 2112 3612 Depositi,
2138 3541 2408 3612 placidum
2449 3539 2666 3593 Christo
2693 3539 2950 3608 spirantis
2986 3541 3208 3594 odorem

1848 3634 2092 3689 Pulveris
2120 3633 2262 3687 inter
2289 3641 2474 3688 sancta
2501 3632 2641 3686 sacri
2668 3631 2925 3686 libamina
2952 3631 3206 3687 reddunt.

1849 3726 1949 3780 Hic
1976 3732 2130 3795 pater
2165 3723 2430 3787 Andreas,
2461 3724 2549 3778 hic
2573 3724 2664 3792 qui
2690 3724 2926 3792 piscator
2954 3723 3021 3778 ad
3042 3723 3216 3795 Argos

1768 3811 1779 3818 ”
1851 3814 2045 3870 Missus
2064 3814 2382 3884 vaniloquas
2405 3814 2587 3868 docuit
2609 3815 2896 3869 mitescere
2912 3814 3142 3884 linguas.

2417 3929 2567 3984 Idem
2588 3929 2641 3984 in
2655 3931 2854 3984 eodem.

1851 4039 1951 4095 Hic
1975 4048 2029 4094 et
2053 4038 2314 4095 Nazarius
2341 4048 2569 4111 martyr,
2591 4055 2750 4109 quem
2783 4057 3004 4096 munere
3032 4039 3140 4097 fido

1851 4130 2057 4186 Nobilis
2085 4130 2354 4184 Ambrosii
2378 4130 2650 4184 substrata
2682 4139 2860 4185 mente
2881 4131 3080 4198 recepi,

1852 4222 2098 4277 Culmina
2126 4223 2321 4278 Felicis
2351 4223 2622 4291 dignatur,
2663 4230 2718 4276 et
2745 4222 2858 4290 ipse
2883 4223 3147 4290 cohospes

1852 4313 2250 4381 Fratemasque
2264 4314 2453 4366 domos
2481 4312 2707 4380 privatis
2736 4312 2956 4366 sedibus
2975 4312 3145 4366 addit.

1853 4403 2114 4470 Quamvis
2133 4401 2307 4455 sancti
2329 4415 2540 4465 omnes,
2567 4407 2678 4454 toto
2713 4399 2872 4454 simul
2899 4399 3028 4455 orbe
3047 4416 3144 4470 per
3170 4416 3334 4458 unum

1777 4469 1830 4527 D
1861 4469 1986 4548 Sint
2009 4491 2319 4560 ubicunque
2347 4489 2517 4544 Deum
2544 4507 2556 4543 :
2588 4504 2696 4559 quo
2716 4498 3110 4559 praesentantur
3138 4488 3358 4561 ubique,

1861 4585 2118 4656 Corporis
2145 4593 2206 4638 ut
2235 4599 2331 4639 sua
2356 4584 2600 4636 membra
2625 4582 2756 4647 Deo,
2781 4580 2876 4636 sed
2905 4582 3081 4636 dedita
3110 4584 3312 4638 sanctis

1862 4678 2000 4732 Sunt
2038 4677 2157 4732 loca
2191 4675 2508 4745 corporibus
2537 4690 2552 4739 ;
2581 4689 2755 4743 neque
2800 4681 3007 4728 tantum
3031 4691 3134 4743 qua
3166 4673 3314 4743 jacet
3333 4688 3427 4730 ora

1861 4768 2055 4823 Totum
2081 4781 2299 4837 corpus,
2329 4764 2398 4819 ibi
2421 4763 2720 4833 positorum
2747 4762 2920 4834 gratia
2949 4763 3080 4817 vivit

1863 4856 1968 4914 Sed
1983 4870 2302 4928 quacunque
2315 4855 2388 4926 pii
2413 4863 2497 4910 est
2523 4869 2647 4924 pars
2675 4854 2938 4923 corporis,
2965 4864 3019 4908 et
3040 4870 3231 4911 manus
3253 4863 3433 4913 exstat

1861 4947 2211 5002 Contestante
2241 4947 2350 4999 Deo
2377 4944 2555 4998 meriti
2578 4943 2900 4997 documenta
2928 4943 3071 4996 beati

1862 5039 2051 5108 Magna
2075 5047 2130 5092 et
2155 5038 2207 5091 in
2237 5035 2430 5105 exiguo
2454 5043 2762 5090 sanctorum
2792 5033 3011 5102 pulvere
3044 5034 3216 5090 virtus

1858 5127 2067 5182 Clamat
2094 5128 2370 5196 apostolici
2398 5128 2507 5180 vim
2539 5128 2798 5195 corporis,
2829 5127 3005 5182 indice
3027 5127 3212 5182 verbo.

1862 5221 1958 5275 His
1989 5221 2150 5290 igitur
2183 5219 2394 5272 vicinus
2422 5219 2526 5271 erit
2548 5218 2851 5286 quicunque
2873 5215 3126 5286 supernis

1863 5300 2056 5363 Castus
2083 5316 2199 5378 aget
2231 5308 2404 5370 tectis,
2428 5314 2482 5361 et
2506 5307 2595 5375 qui
2627 5307 2811 5376 procul
2840 5306 3046 5360 advena
3070 5311 3219 5359 recto

1858 5396 2103 5453 Percitus
2132 5395 2321 5449 affectu
2353 5403 2566 5448 sanctas
2591 5394 2894 5463 properarit
2913 5394 2978 5446 ad
3003 5393 3145 5446 aedes
3169 5428 3186 5454 ,

1863 5489 1998 5544 Cum
2023 5487 2152 5541 velit
2175 5494 2386 5540 oratum
2411 5486 2627 5539 Christo
2648 5492 2888 5539 secretus
2910 5482 3060 5534 adire

1864 5579 1988 5633 Sive
2010 5579 2096 5632 die
2122 5592 2215 5631 seu
2241 5585 2397 5631 nocte
2426 5577 2553 5629 velit
2581 5592 2674 5629 sua
2704 5587 2950 5642 promere
2978 5579 3122 5634 vota,

1861 5668 2093 5739 impiger
2123 5670 2322 5740 attiguo
2346 5670 2409 5726 de
2430 5668 2610 5722 limine
2640 5665 2863 5735 prodeat
2886 5663 3103 5731 hospes.
