3838 6144
1740 309 2043 370 DUNGALI
2084 302 2379 364 necusr
3026 363 3030 366 ,
3568 278 3644 340 διδ

2036 436 2086 493 Α
2111 416 2426 472 Ambrosius
2451 411 2628 476 Latio,
2653 406 2967 465 Vincentius
2991 411 3167 461 exstat
3197 401 3433 465 lliberis,

2104 507 2274 563 Gallia
2308 502 2622 565 Martinum,
2648 497 2970 568 Delphinum
2990 493 3280 564 Aquitania
3302 489 3551 561 sumpsit,

2107 597 2382 664 Multaque
2408 599 2674 661 praeterea
2699 601 2799 657 per
2824 585 3044 640 easdem
3081 582 3305 650 largiter
3329 594 3457 634 oras

2105 689 2325 743 Semina
2351 691 2665 740 sanctorum
2693 677 2886 749 positis
2911 673 3100 730 diffusa
3124 671 3384 741 sepulcris

429 335 536 391 515

1004 431 1150 488 Idem
1165 434 1220 487 in
1243 432 1439 486 eodem.

428 535 584 608 Quod
613 539 861 605 superest
880 544 943 584 ex
979 527 1063 581 his
1089 541 1209 596 quae
1239 525 1380 578 facta
1409 531 1464 577 et
1491 522 1634 592 picta
1665 520 1931 584 videmus,

430 626 708 684 Materiam
736 620 927 677 orandi
952 633 1049 689 pro
1074 632 1160 671 me
1186 615 1284 670 tibi
1308 628 1540 685 suggero
1561 627 1814 682 poscens,

431 718 562 772 Rem
589 711 788 767 Felicis
816 723 979 779 agens
1000 714 1058 760 ut
1085 720 1182 775 pro
1212 719 1300 759 me
1331 701 1549 758 sedulus
1577 716 1720 756 ores.

431 807 499 862 Et
526 807 697 868 decet,
722 810 784 856 ut
800 767 960 870 quem
993 767 1174 851 mente
1201 796 1289 865 pia
1317 793 1620 857 comitaris,
1649 790 1900 846 eumdem
2103 783 2379 839 illustrant
2407 785 2579 834 totum
2599 773 2810 844 superis
2830 769 3124 870 virtutibus
3151 767 3356 822 orbem.

430 897 499 951 Et
525 895 720 950 mentis
745 892 882 947 facie
904 888 1110 946 referas
1136 888 1424 956 animoque
1449 885 1696 955 sequaris
2679 859 3110 956 Idemirieodem.

431 985 538 1040 Par
567 985 619 1036 in
669 995 854 1035 amore
881 979 989 1032 mei
1017 995 1031 1042 ;
1067 992 1168 1031 nec
1215 944 1361 1030 enim
1401 944 1568 1028 miser
1595 973 1807 1044 ambigo
1837 972 2008 1029 amari
2109 963 2203 1018 Sic
2229 963 2411 1030 itaque
2446 966 2502 1013 et
2519 963 2705 1012 nostra
2725 955 2842 1010 haec
2865 949 3067 1007 Christi
3091 944 3402 1002 miserantis
3424 955 3591 1000 amore

2108 1052 2306 1108 Felicis
2342 1048 2541 1104 meruit
2567 1045 2765 1101 muniri
2802 1041 2935 1097 Nola
2962 1039 3232 1109 sepulcro,

2111 1141 2443 1212 Purgarique
2465 1136 2656 1201 simul;
2686 1134 2814 1204 quia
2835 1131 2993 1187 caecis
3024 1130 3194 1184 mixta
3216 1127 3390 1182 ruinis

2109 1231 2286 1296 Orbis,
2319 1237 2375 1284 et
2401 1228 2516 1298 ipsa
2536 1224 2775 1281 moriens
2798 1223 2850 1276 in
2881 1217 3290 1286 noctejacebat.

2698 1311 2850 1366 Idem
2869 1311 2924 1364 in
2943 1308 3142 1363 eodem.

2111 1411 2361 1466 Persona:
2383 1405 2660 1464 exululant
2684 1403 2860 1474 poenis
2879 1401 2971 1471 qui
2997 1399 3215 1455 numine
3237 1396 3377 1452 falso

2113 1501 2177 1556 Di
2217 1500 2464 1564 fuerant;
2492 1505 2546 1552 et
2567 1495 2658 1566 qui
2685 1493 2912 1548 mentito
2941 1490 3162 1546 nomine
3185 1488 3338 1543 vivos

2111 1591 2250 1646 Ante
2271 1590 2367 1645 Dei
2395 1589 2598 1644 cultum
2619 1585 2722 1640 sibi
2748 1584 2824 1638 nil
2851 1582 3069 1638 caeleste
3092 1579 3337 1634 videntes

2114 1680 2441 1736 Dediderant
2460 1676 2731 1739 homines,
2765 1673 2820 1727 hi
2847 1685 2992 1726 nunc
3013 1669 3104 1723 ubi
3127 1668 3330 1722 lumine
3358 1665 3555 1722 Christi

2039 1773 2087 1834 B
2115 1767 2257 1824 Vera
2288 1765 2424 1822 ﬁdes
2443 1764 2636 1835 patuit,
2665 1776 2772 1816 non
2797 1765 3025 1830 possunt
3046 1756 3186 1812 ferre
3213 1755 3472 1825 sepultos.

2115 1883 2266 1938 Idem
2287 1883 2343 1936 in
2367 1879 2600 1934 carmine
2635 1877 2700 1932 l5
2736 1875 2800 1929 de
2838 1872 3128 1955 Gothorum
3154 1872 3411 1925 exercitus
3444 1885 3558 1924 cum
3582 1884 3664 1924 suo

2712 1961 2829 2015 rege
2851 1952 3086 1997 interitu.

2113 2048 2364 2105 Pluribus
2390 2047 2506 2100 haec
2527 2040 2727 2099 etenim
2756 2053 2921 2094 causa
2944 2043 3027 2091 est
3053 2041 3241 2090 curata
3267 2032 3529 2102 patronis.

2119 2139 2194 2196 Ut
2218 2137 2466 2193 Romana
2500 2133 2666 2196 salus,
2695 2139 2749 2185 et
2769 2128 2984 2200 publica
3016 2126 3125 2180 vita
3153 2129 3412 2187 maneret,

2115 2230 2216 2287 llic
2232 2229 2447 2292 Petrus,
2469 2227 2558 2281 hic
2577 2223 2773 2279 Paulus
2794 2235 3068 2293 proceres,
3095 2218 3184 2272 hic
3206 2225 3469 2286 martyres
3480 2228 3669 2277 omnes,

2115 2320 2219 2390 Qui
2242 2317 2400 2374 simul
2428 2317 2741 2370 innumeros
2754 2325 2965 2382 magnae
2985 2316 3136 2364 tenet
3158 2307 3392 2362 ambitus
3411 2305 3584 2369 Urbis,

2119 2413 2374 2482 Quosque
2396 2423 2496 2479 per
2522 2409 2836 2462 innumeras
2859 2401 3052 2459 diffuso
3079 2399 3252 2454 limite
3277 2405 3480 2468 gentes,

2115 2505 2261 2560 Intra
2282 2500 2570 2557 Romuleos
2589 2505 2881 2554 veneratur
2900 2493 3138 2550 Ecclesia
3165 2493 3320 2558 flues,

2123 2593 2400 2649 Sollicitas
2420 2589 2581 2645 simul
2603 2591 2846 2660 impenso
2856 2587 3058 2642 duxere
3075 2593 3302 2656 precatu

2121 2684 2416 2743 Excubias.
2439 2681 2593 2738 Felix
2615 2695 2768 2736 meus
2789 2679 2875 2734 his
2893 2676 3043 2734 velut
3061 2691 3203 2730 unus
3221 2688 3408 2729 eorum

2115 2775 2177 2831 ιιι
2203 2774 2454 2845 precibus
2473 2785 2599 2842 pars
2625 2783 2818 2841 magna
2844 2762 2974 2833 fuit;
2999 2766 3095 2822 sed
3119 2778 3328 2820 summa
3356 2760 3507 2834 petiti

2121 2864 2365 2922 Muneris
2397 2863 2465 2919 ad
2487 2869 2710 2918 cunctos
2730 2859 2863 2915 nulli
2889 2857 3098 2930 privata
3127 2853 3380 2911 refertur.

2714 2970 2866 3026 Idem
2894 2970 2951 3024 in
2986 2966 3073 3022 14.

2125 3071 2283 3128 Nunc
2304 3069 2370 3125 ad
2400 3076 2476 3135 te,
2499 3064 2806 3122 venerande
2827 3076 3047 3134 parens,
3089 3069 3290 3116 :eterne
3312 3067 3531 3130 patrono

2126 3159 2421 3230 Susceptor
2442 3173 2616 3223 meus,
2643 3163 2697 3211 et
2715 3153 2930 3210 Christo
2955 3152 3274 3207 charissime
3301 3150 3472 3216 Felix,

2126 3250 2414 3308 Gratiticas
2437 3262 2596 3303 verso
2621 3244 2855 3300 referam
2893 3256 3144 3298 sermone
3168 3239 3427 3311 loquelas.

2129 3341 2297 3398 Multa
2323 3341 2458 3396 mihi
2482 3339 2650 3394 variis
2679 3334 2920 3392 tribuisti
2949 3349 3174 3389 munera
3194 3334 3368 3397 donis,

2125 3433 2328 3490 Omnia
2353 3430 2635 3503 prtesentis
2667 3429 2794 3483 vitae
2822 3441 2938 3481 rem
2955 3439 3212 3496 spemque
3241 3422 3433 3478 futurae

2130 3525 2262 3592 Quae
2282 3524 2502 3596 pariunt
2522 3520 2618 3577 tibi
2649 3518 2867 3574 memini
2894 3516 3123 3572 debere:
3157 3515 3244 3570 cui
3265 3529 3352 3569 me

2130 3616 2454 3686 Mancipium
2481 3612 2669 3685 primis
2703 3610 2926 3666 donavit
2953 3607 3199 3663 Christus
3223 3606 3291 3661 ab
3310 3605 3480 3661 annis.

2131 3706 2190 3762 Si
2214 3705 2344 3761 mihi
2366 3701 2636 3757 flumineis
2652 3699 2904 3755 facundia
2930 3705 3175 3753 curreret
3199 3696 3379 3759 undis,

2132 3796 2347 3866 Oraque
2377 3792 2525 3848 mille
2545 3791 2723 3846 forent
2741 3789 2984 3845 centenis
3013 3801 3242 3858 persona
3262 3784 3456 3856 linguis

2131 3887 2295 3942 Forte
2321 3898 2423 3939 nec
2447 3882 2534 3936 his
2560 3881 2753 3950 opibus
2780 3878 2980 3934 collato
3010 3875 3158 3932 fonte
3181 3873 3437 3938 refectus,

2133 3977 2329 4034 Omnia
2350 3974 2548 4032 Felicis
2570 3985 2889 4044 percurrere
2915 3983 3140 4025 munera
3167 3982 3382 4038 possem

2133 4067 2347 4134 Quanta
2376 4081 2475 4121 suo
2502 4063 2761 4120 Dominus
2788 4062 3008 4118 donavit
3035 4059 3286 4116 Christus
3320 4059 3509 4121 amico,

2134 4159 2201 4213 Et
2223 4157 2358 4212 mihi
2388 4153 2668 4212 confessor
2694 4151 2896 4208 famulo
2925 4151 3230 4206 transmisit
3267 4149 3495 4204 alumno.

1030 4236 1181 4294 Idem
1201 4239 1254 4294 in
1274 4242 1472 4296 eodem.
2686 4243 2836 4297 Idem
2867 4243 2923 4296 in
2957 4241 3157 4296 eodem.

462 4321 553 4430 Sic
572 4323 716 4430 Deus
733 4333 806 4430 Iet
830 4327 1053 4430 reliquis
1083 4331 1326 4410 tribuens
1353 4333 1442 4403 pia
1472 4350 1698 4391 munera
1727 4338 1905 4400 terris,
2137 4338 2193 4394 Si
2221 4337 2394 4408 prima
2418 4345 2669 4406 repetens
2707 4335 2774 4389 ab
2796 4334 3003 4404 origine
3027 4340 3218 4387 cuncta
3248 4330 3532 4394 revolvam,

463 4414 892 4521 iparisitpbiqu‘e
937 4421 1041 4476 loci
1047 4437 1289 4521 luagnas
1316 4440 1412 4480 sua
1440 4429 1683 4483 membra
1726 4444 1823 4499 per
1848 4430 2028 4485 urbes.
2056 4455 2111 4516 Β
2136 4427 2267 4495 Quae
2293 4427 2497 4498 pietate
2522 4426 2643 4496 pari
2669 4425 2819 4480 vario
2849 4424 2980 4478 mihi
3009 4424 3261 4492 pnestitit
3288 4438 3420 4486 aevo,

577 4508 724 4611 dedit
743 4510 1019 4611 Andream
1047 4513 1286 4611 Parthis,
1307 4517 1642 4611 _Ephesoque
1667 4518 1955 4611 Ioannem,
2056 4507 2104 4516 ”’
2134 4521 2275 4574 Ante
2297 4533 2493 4589 queam
2513 4517 2706 4586 capitis
2725 4516 2929 4587 proprii
2953 4529 3242 4570 munerare
3273 4512 3491 4583 capillos

558 4598 719 4654 simul
741 4599 1006 4671 Europam
1040 4613 1201 4673 atque
1226 4605 1411 4662 Asiam
1437 4617 1653 4664 curaret
1676 4610 1730 4664 in
1753 4609 1878 4676 illis,
2135 4609 2307 4678 Quam
2331 4619 2423 4666 tua
2453 4609 2598 4665 circa
2622 4624 2730 4673 me,
2757 4607 2909 4662 Felix
2935 4607 3096 4670 bone,
3130 4605 3272 4660 dona
3307 4603 3520 4659 referre.

467 4689 880 4793 Pisctlier‘etque
908 4710 1101 4764 graves
1129 4712 1226 4767 per
1250 4699 1455 4755 lumina
1496 4710 1643 4756 tanta
1671 4703 1942 4758 tenebras.
2703 4701 2848 4757 Idem
2877 4701 2931 4755 in
2955 4699 3156 4754 eodem.

460 4777 678 4884 ξῆξξδία
706 4781 1432 4884 Mil-ltlweumfomplectitur,
1470 4790 1617 4847 India
1643 4792 1927 4861 Thomam,
2095 4797 2103 4806 '
2136 4795 2397 4854 Incolumi
2428 4792 2564 4849 solio
2591 4801 2646 4848 et
2668 4806 2946 4862 nunquam
2974 4791 3207 4845 rimante
3227 4788 3473 4861 sepulcro

461 4865 747 4974 Eebbmtim
777 4871 993 4974 Libyes,
1019 4875 1260 4974 Phryges
1286 4894 1559 4974 accepere
1577 4879 1903 4952 Philippum,
2137 4887 2388 4956 Undique
2413 4885 2673 4939 vallatum
2703 4883 2872 4938 solido
2903 4881 3202 4937 munimine
3236 4896 3431 4952 corpus

462 4959 623 5016 Creta
666 4961 842 5018 Titum
893 4965 994 5020 sibi
1049 4970 1295 5040 sumpsit,
1346 4980 1401 5025 et
1440 4971 1726 5030 Antiochia
1774 4985 1829 5032 et
1877 4976 2028 5035 Ostia
2135 4977 2388 5048 Martyris
2419 4984 2475 5031 et
2495 4975 2675 5030 meriti
2700 4974 2862 5029 nullis
2881 4973 3122 5044 patuisse
3145 4971 3362 5042 piaclis:

999 5146 1011 5158 υ
1190 5149 1202 5158 .
1247 5150 1262 5158 _
1520 5155 1534 5158 _
1705 5063 1955 5139 [Lucam,
2133 5067 2202 5122 Et
2229 5067 2451 5137 dignum
2479 5066 2717 5122 retinere
2738 5078 2849 5121 sum
2880 5064 2969 5136 pia
2996 5064 3175 5119 carnis
3202 5065 3459 5120 honorem

463 5144 697 5213 Marcus,
722 5145 1048 5203 Alexandria
1066 5189 1080 5214 ,
1107 5149 1204 5206 tibi
1231 5150 1404 5217 datus,
1435 5161 1494 5208 ut
1520 5155 1656 5212 bove
1681 5157 1855 5228 pulso.
2135 5157 2289 5223 Ossa,
2328 5159 2454 5227 quia
2478 5156 2682 5213 sanctis
2702 5169 2977 5226 nunquam
3003 5154 3215 5210 desistit
3232 5153 3420 5209 adesse

1037 5239 1188 5336 Idem
1209 5244 1472 5336 insodem.
2147 5247 2423 5320 Spiritus:
2457 5248 2603 5302 unde
2630 5247 2734 5316 piis
2761 5253 2871 5300 stat
2900 5245 3074 5317 gratia
3098 5244 3218 5299 viva
3254 5238 3526 5314 sepulcris.

459 5330 530 5383 At
549 5327 819 5401 Carthago
847 5340 1040 5402 potens
1070 5326 1342 5408 Cypriane
1377 5346 1616 5412 martyre
1639 5341 1858 5412 gaudet,

2135 5339 2266 5408 Quae
2286 5341 2478 5411 probat
2508 5339 2563 5392 in
2603 5336 2822 5393 Christo
2863 5344 3087 5392 cunctos
3110 5335 3229 5390 sine
3256 5341 3431 5388 morte
3469 5321 3679 5398 sepultos

433 1074 688 1144 Martyre,
717 1070 801 1125 vel
827 1068 1026 1124 modici
1055 1067 1306 1135 dignatus
1336 1080 1522 1120 amore
1557 1063 1757 1126 catelli,

431 1165 566 1219 Cum
601 1163 731 1217 mihi
761 1161 893 1224 vita,
920 1159 1137 1222 domus,
1162 1172 1270 1221 res,
1299 1157 1491 1226 gratia,
1521 1155 1708 1226 gloria,
1738 1152 1913 1224 panis,

436 1252 519 1308 Sit
546 1251 698 1306 Felix
723 1249 959 1304 donante
994 1248 1136 1312 Deo;
1166 1261 1273 1316 quo
1299 1247 1528 1316 prznsule
1552 1260 1717 1314 posce

436 1342 706 1397 Montibus
733 1341 786 1393 in
812 1339 1014 1393 sanctis
1037 1352 1154 1391 mea
1183 1335 1530 1390 fundamenta
1557 1335 1746 1400 locari,

437 1432 506 1486 Et
527 1437 760 1498 coeptam
797 1427 981 1498 peragi
1011 1427 1217 1497 irrupto
1241 1425 1516 1480 molimine
1553 1425 1766 1480 turrim.

875 1541 879 1544 ·
952 1518 1102 1572 Idem
1124 1519 1180 1570 in
1201 1517 1432 1571 carmine
1454 1517 1541 1572 18.

443 1613 635 1668 Sidera
657 1611 702 1666 si
730 1609 890 1675 caelo,
919 1609 964 1664 si
993 1615 1216 1679 possunt
1233 1607 1478 1678 gramina
1519 1606 1678 1662 terris

438 1704 656 1769 Defore,
688 1703 845 1758 mella
874 1701 1031 1766 favis,
1066 1715 1204 1770 aqua
1224 1699 1482 1763 fontibus,
1507 1698 1764 1753 uberibus
1785 1697 1899 1764 lac;

441 1793 532 1849 Sic
556 1801 805 1862 poterant
834 1791 1032 1862 linguis
1053 1790 1241 1844 laudes
1273 1803 1490 1843 cessare
1512 1788 1728 1858 piorum

439 1885 496 1940 ln
523 1885 716 1954 quibus
743 1891 798 1939 et
819 1884 943 1938 vita:
969 1882 1164 1940 virtus.
1196 1890 1250 1935 et
1277 1881 1444 1951 gloria
1469 1880 1658 1935 mortis

438 1973 557 2044 Ipse
584 1974 756 2040 Dcus;
783 1989 884 2043 pro
905 1988 1012 2042 quo
1034 1971 1202 2025 vitam
1237 1971 1456 2025 voluere
1484 1970 1686 2040 pacisci

439 2065 506 2122 Et
529 2066 808 2122 moriendo
832 2064 980 2136 piam
1003 2063 1218 2119 sancire
1245 2062 1404 2117 fidem
1433 2062 1777 2132 populorum.

1012 2155 1161 2210 Idem
1179 2157 1233 2208 in
1247 2155 1446 2210 eodem.

441 2242 648 2298 Horum
673 2245 737 2299 de
757 2259 984 2298 numero
1004 2260 1289 2314 procerum
1314 2243 1600 2299 confessor
1625 2244 1678 2298 in
1701 2244 1808 2300 ista

446 2333 593 2388 Urbe
630 2333 790 2388 datus
815 2334 964 2388 Felix
999 2334 1171 2404 longe,
1203 2333 1416 2404 lateque
1438 2349 1535 2403 per
1554 2336 1741 2390 orbem

442 2419 689 2476 Nominis
718 2422 940 2477 emicuit
967 2422 1125 2476 titulo
1150 2441 1162 2475 ε
1193 2424 1285 2478 sed
1315 2421 1447 2477 Nola
1469 2423 1666 2494 sepulti

444 2513 610 2569 Facta
634 2515 844 2582 domus,
876 2525 1134 2586 tanquam
1163 2517 1382 2586 proprio
1421 2517 1524 2571 sibi
1562 2517 1738 2572 sidere
1778 2517 2013 2588 plaudit:

440 2601 629 2658 Omnis
652 2605 796 2658 enim
823 2620 1145 2675 quacunque
1173 2615 1358 2660 manet
1386 2606 1676 2661 mandatus
1704 2607 1759 2661 in
1779 2622 1876 2662 ora

443 2693 666 2763 Martyr,
692 2695 845 2750 stella
872 2694 975 2748 loci
999 2695 1157 2750 simul
1186 2703 1242 2749 et
1282 2696 1551 2752 medicina
1596 2697 1870 2753 colentum
1915 2707 2018 2755 est.

442 2787 688 2860 Namque
718 2789 1061 2845 tenebrosum
1081 2792 1251 2848 veteri
1277 2791 1508 2861 caligine
1533 2795 1816 2862 mundum,

448 2879 901 2952 Languentesque
931 2884 1141 2939 animas
1185 2884 1478 2941 miseratus
1510 2885 1565 2939 in
1614 2886 1747 2942 orbe
1773 2884 2021 2955 Creator,

447 2969 543 3024 Sic
569 2985 664 3024 sua
694 2970 959 3039 disposuit
981 2974 1144 3029 terris
1178 2976 1514 3030 munimenta
1539 2976 1777 3046 piorum,

450 3055 663 3130 Sparsit
682 3067 742 3114 ut
762 3069 1035 3117 astrorum
1055 3071 1321 3120 nocturno
1347 3065 1552 3121 lumina
1577 3066 1734 3123 coelo.

1029 3113 1552 3211 magesi“
1580 3113 1734 3123 "'"'
2048 3113 2094 3178 ο

449 3235 562 3292 Hos
584 3238 749 3310 igitur
771 3241 928 3296 nobis
948 3243 1172 3312 cupiens
1195 3252 1442 3302 avertere
1467 3247 1688 3304 morbos

452 3326 840 3384 Omnimedens
875 3331 1153 3399 Dominus,
1180 3343 1394 3390 sanctos
1419 3337 1737 3394 mortalibus
1762 3340 1924 3411 agris

452 3417 561 3474 Per
587 3421 767 3476 varias
791 3431 977 3493 gentes
1000 3426 1236 3481 medicos
1255 3427 1457 3497 pietate
1478 3429 1684 3486 salubri

455 3509 677 3577 Edidit;
722 3519 885 3581 utque
917 3529 1068 3569 suam
1091 3516 1270 3572 divina
1297 3519 1536 3588 potentia
1558 3536 1745 3576 curam

453 3598 668 3656 Clarius
696 3613 963 3671 exereret,
988 3607 1289 3676 potioribus
1309 3609 1491 3664 intulit
1518 3611 1640 3668 illos

456 3687 735 3757 Urbibus;
779 3701 836 3748 et
861 3697 1122 3763 quosdam
1165 3697 1292 3753 licet
1328 3701 1522 3770 oppida
1551 3717 1718 3771 parva
1759 3711 2030 3762 retentant

457 3777 752 3848 Martyres,
789 3782 860 3836 ad
893 3798 1146 3852 proceres
1181 3788 1323 3842 Deus
1352 3790 1498 3858 ipsos
1526 3794 1795 3851 mtenibus
1837 3797 2032 3867 amplis

456 3868 664 3934 Intulit,
686 3879 740 3924 et
760 3887 960 3942 paucas
988 3874 1200 3933 functos
1229 3879 1412 3934 divisit
1440 3881 1496 3935 in
1516 3898 1672 3950 oras;

459 3957 609 4025 Quos
635 3970 813 4016 tamen
843 3973 968 4018 ante
989 3966 1194 4020 obitum
1219 3976 1333 4024 toto
1366 3971 1512 4026 dedit
1548 3973 1679 4029 orbe
1708 3977 2028 4048 magistros;

459 4051 588 4104 lnde
605 4049 824 4106 Petrum
851 4062 904 4108 et
923 4053 1147 4110 Paulum
1165 4056 1406 4113 Romana
1435 4059 1552 4116 fixit
1578 4063 1632 4117 in
1666 4063 1818 4131 urbe,

461 4138 804 4211 Principibus
829 4145 1081 4214 quoniam
1111 4148 1330 4205 medicis
1353 4160 1513 4221 caput
1538 4153 1686 4210 orbis
1710 4157 1921 4224 egebat.

461 5421 626 5491 Cujus
654 5437 722 5480 ex
745 5439 840 5480 ore
861 5427 1020 5482 simul
1047 5429 1254 5499 profusi
1278 5440 1333 5487 et
1365 5434 1624 5504 sanguine
1652 5433 1829 5488 fontes

461 5513 902 5574 Fecundaverunt
931 5519 1113 5592 Libya:
1143 5523 1377 5579 sitientis
1396 5539 1606 5579 arenas.

1021 5611 1172 5667 Idem
1192 5615 1246 5667 in
1259 5615 1459 5668 eodem.

465 5690 573 5749 Nec
598 5697 774 5754 minor
797 5703 1034 5761 occiduis
1053 5704 1254 5760 effulsit
1274 5707 1446 5774 gratia
1474 5707 1651 5772 terris,

2128 5430 2211 5486 Ad
2239 5439 2455 5500 tempus
2489 5428 2703 5498 placido
2729 5427 2892 5498 sopiri
2925 5441 3150 5496 corpora
3176 5439 3389 5481 somno.

2728 5518 2878 5573 Idem
2904 5518 2958 5572 in
2991 5517 3076 5572 l5.

2133 5615 2242 5670 Ver
2279 5628 2376 5684 age
2401 5611 2776 5668 carminibus:
2804 5610 2936 5665 fluat
2955 5608 3239 5663 articulata
3267 5603 3514 5661 modestis

2134 5703 2250 5760 Vox
2273 5703 2546 5769 numeris;
2581 5701 2734 5768 ades,
2769 5717 2802 5757 ο
2828 5702 3000 5765 dives,
3030 5687 3160 5754 mihi
3199 5692 3361 5753 causa
3388 5685 3625 5765 loquendi
