3838 6144
243 274 343 330 517

244 389 411 454 Felix,
436 395 491 443 et
519 385 685 440 tacito
705 400 824 440 mea
843 384 1008 440 corda
1031 383 1253 438 illabere
1279 383 1431 438 ﬂatu.

246 480 478 550 Spiritus
498 492 595 532 ore
622 490 742 531 meo
762 483 948 530 curret
971 483 1094 528 tuus
1121 491 1135 540 ;
1169 482 1285 528 esto
1312 475 1448 528 meis
1472 473 1593 530 fons

245 571 484 641 Eloquiis
508 586 523 633 ;
556 585 656 638 ego
682 583 815 622 vero
843 567 949 620 tuis
972 582 1064 622 ero
1087 565 1262 621 ﬁstula
1290 566 1441 630 rivis,

244 664 386 731 Quos
414 663 548 717 mihi
574 661 874 730 praebueris
899 659 1067 714 divini
1103 675 1134 714 a
1156 657 1378 714 ﬂumine
1407 657 1580 714 verbi.

809 772 958 826 Idem
982 772 1037 825 in
1067 771 1268 825 eodem.

249 869 415 937 Surge
440 867 628 934 igitur,
657 863 968 932 blandoque
994 877 1174 916 meum
1197 862 1494 931 spiramine
1519 868 1711 930 pectus

246 957 547 1020 ingredere,
577 971 611 1009 ο
635 954 790 1010 Felix
814 962 988 1023 pater,
1011 961 1065 1007 et
1091 951 1328 1017 domine,
1359 961 1521 1021 atque
1549 960 1778 1020 patrone
1803 965 1818 1013 ;

247 1050 322 1102 'l‘u
351 1048 543 1102 domus
568 1055 622 1099 et
647 1044 913 1099 medicina
937 1042 1088 1108 mihi,
1118 1051 1174 1096 et
1201 1041 1466 1111 sapientia
1496 1039 1676 1094 Felix:

247 1137 322 1190 Tu
350 1152 493 1190 nunc
513 1135 764 1189 obtusam
796 1133 929 1187 mihi
961 1133 1120 1200 longa
1158 1147 1257 1202 per
1289 1132 1400 1186 otia
1425 1139 1660 1186 mentem

246 1229 460 1284 Exacue
488 1227 658 1298 iguito
682 1234 940 1296 vegetans
969 1239 1090 1280 mea
1125 1224 1326 1280 lumine
1351 1224 1536 1279 corda.

809 1335 958 1389 Idem
986 1335 1039 1389 in
1061 1335 1261 1389 eodem.

251 1429 354 1484 Sed
387 1428 518 1483 mihi
551 1442 659 1482 non
707 1427 810 1480 isto
840 1425 1143 1480 fundendus
1168 1425 1221 1478 in
1252 1439 1470 1494 aequore
1515 1438 1694 1479 sermo
1715 1431 1821 1490 est,

250 1522 316 1577 Ut
343 1536 442 1592 per
463 1527 771 1574 sanctorum
797 1517 986 1572 merita
1022 1527 1114 1571 aut
1141 1516 1401 1572 miracula
1431 1529 1672 1581 curram,

250 1611 313 1667 Et
337 1626 456 1680 qua:
478 1624 576 1680 per
604 1616 820 1663 sanctos
843 1621 1030 1661 omnes
1053 1607 1120 1661 ab
1149 1607 1359 1677 origine
1382 1620 1564 1660 rerum

249 1703 476 1758 Praestat
499 1701 714 1772 agitque
737 1701 897 1765 Deus,
939 1714 1096 1753 versu
1119 1709 1403 1769 pertexere
1424 1713 1610 1762 coner,

250 1797 374 1864 Qua:
403 1809 506 1850 nec
540 1809 692 1848 mens
711 1793 947 1847 humana
977 1793 1141 1863 capit,
1178 1807 1280 1848 nec
1308 1793 1488 1864 lingua
1513 1790 1717 1863 profari

249 1887 314 1942 Et
341 1887 470 1956 quid
492 1886 548 1939 in
572 1885 673 1938 hoc
696 1885 912 1946 mirum,
939 1884 987 1937 si
1015 1884 1205 1937 charta
1234 1883 1504 1937 volumine
1539 1891 1650 1937 toto

249 1975 361 2031 Non
393 1975 572 2044 capiat
599 1988 718 2042 quze
743 1987 843 2027 nec
863 1973 1094 2027 mundus
1115 1973 1280 2042 capit,
1315 1974 1498 2028 omnia
1524 1973 1708 2028 totus?

248 2069 414 2137 Major
439 2069 585 2122 enim
608 2066 806 2120 mundo
834 2065 1013 2119 mundi
1044 2074 1209 2130 sator,
1245 2066 1358 2136 ipse
1381 2065 1522 2119 Deus
1555 2081 1671 2129 rex,

249 2159 348 2227 Qui
372 2170 577 2214 terram
599 2156 902 2224 caelumque
933 2156 1158 2224 implet,
1199 2169 1360 2225 quem
1392 2170 1499 2209 non
1543 2156 1691 2225 capit
1727 2153 1830 2210 iste

249 2251 496 2314 Mundus,
525 2263 649 2303 eum
681 2249 900 2318 capiunt
920 2247 1091 2301 sancti
1113 2261 1220 2301 non
1252 2247 1500 2316 corporis
1526 2246 1705 2316 amplo

249 2341 354 2398 Sed
385 2342 587 2412 pietate
615 2337 867 2404 humiles,
894 2345 950 2391 et
970 2337 1169 2391 mundo
1197 2336 1360 2392 corde
1388 2351 1636 2406 capaces.

811 2449 960 2504 Idem
998 2451 1051 2504 in
1077 2450 1278 2504 eodem.

250 2544 400 2604 Nunc
429 2547 615 2614 itaque
641 2553 702 2600 ut
725 2543 902 2599 divina
932 2543 1036 2596 mei
1074 2543 1211 2597 bene
1239 2549 1390 2612 gesta
1417 2540 1634 2610 patroni

250 2637 444 2693 Felicis
473 2637 704 2692 referam
731 2676 744 2700 ,
782 2634 867 2688 vel
896 2649 1016 2704 quae
1046 2633 1177 2688 mihi
1212 2634 1496 2688 commoda
1529 2633 1652 2687 vita:

251 2729 571 2794 Contulerit,
600 2729 685 2784 vel
719 2745 838 2798 qua:
865 2727 1049 2782 multis
1085 2741 1186 2796 ope
1212 2725 1392 2779 ctelite
1413 2735 1701 2795 prrestans,

251 2820 567 2875 Muneribus
605 2818 852 2874 conferre
880 2818 983 2888 piis
1011 2832 1118 2871 non
1147 2816 1348 2870 desinit
1373 2816 1522 2870 omni

251 2913 391 2968 Pene
417 2913 524 2976 die,
565 2911 730 2966 variis
765 2910 1006 2964 tribuens
1031 2909 1118 2978 pia
1153 2923 1375 2961 munera
1407 2907 1578 2977 signis
1610 2924 1624 2961 :
1721 2923 1724 2930 '

253 3005 528 3060 Christum
558 3002 768 3056 laudari
798 3001 1114 3055 meritorum
1156 2998 1392 3068 postulat
1429 2999 1580 3054 ordo.

252 3094 363 3149 Non
398 3094 696 3157 hominem,
728 3091 821 3147 sed
858 3106 981 3146 eum
1018 3089 1199 3160 potius
1238 3089 1460 3144 laudare
1487 3088 1715 3145 videbor
1741 3127 1760 3156 ,
1855 3119 1901 3182 ρ
1937 3139 2010 3194 Er

252 3188 365 3257 Quo
389 3187 542 3242 Felix
574 3196 799 3240 auctore
828 3194 1043 3256 potens,
1075 3184 1384 3238 venerabile
1409 3199 1608 3240 nomen

253 3279 496 3343 Ohtinet,
526 3287 582 3332 et
599 3277 836 3332 medicas
858 3277 949 3332 dat
969 3289 1120 3345 opes,
1143 3275 1338 3344 quibus
1358 3290 1499 3344 regra
1522 3275 1707 3329 revisit

254 3371 515 3440 Corpora,
553 3370 901 3438 captivasque
934 3366 1145 3420 animas
1173 3365 1225 3419 vi
1256 3365 1514 3420 daemonis
1549 3365 1653 3418 atri

255 3461 493 3516 Absolvit
518 3467 808 3529 superante
835 3460 944 3514 Deo
975 3473 989 3511 :
1017 3472 1117 3512 nec
1143 3457 1195 3510 in
1226 3458 1327 3511 hac
1356 3471 1456 3525 ope
1486 3464 1693 3511 tantum

259 3551 539 3605 lluniﬁcus
562 3550 712 3604 Felix
739 3557 993 3618 operatur
1019 3563 1240 3603 munera
1269 3546 1472 3602 Christi
1505 3587 1521 3612 ,

260 3644 321 3696 Et
346 3643 411 3698 de
439 3643 658 3712 vipereo
684 3631 1010 3696 fortissimus
1039 3641 1193 3695 hoste
1215 3641 1527 3711 triumphat.

323 3773 458 3830 Item
487 3785 551 3830 ut
577 3774 752 3844 magis
782 3775 1007 3830 miretur
1035 3773 1229 3829 lividus
1256 3784 1538 3831 accusator
1568 3815 1582 3840 ,
1630 3775 1739 3830 imo
1773 3785 1834 3832 ut

261 3867 453 3922 fremat
483 3877 539 3922 et
571 3869 828 3933 tabescat,
873 3869 1056 3922 audiat
1097 3867 1401 3932 Paulinum,
1442 3879 1501 3922 ut
1551 3869 1628 3923 ait
1652 3871 1833 3940 Augu-

261 3961 454 4024 stinus,
477 3958 742 4013 Nolanum
783 3960 1114 4028 episcopum,
1147 3973 1213 4013 ex
1239 3959 1644 4029 opulentissimo
1671 3962 1834 4018 divite

262 4051 537 4105 voluntate
567 4050 971 4120 pauperrimum
998 4091 1012 4116 ,
1055 4060 1110 4105 et
1137 4051 1510 4121 copiosissime
1540 4062 1785 4108 sanctum
1817 4095 1832 4122 ,

265 4142 325 4196 de
357 4142 638 4210 sapientiae
665 4141 894 4196 scientia
923 4157 1030 4195 non
1054 4141 1314 4204 inﬂatum,
1340 4144 1434 4198 sed
1460 4144 1830 4200 humiliatum:

265 4234 385 4303 quia
431 4235 720 4289 charitatis
749 4233 941 4287 ardore
967 4241 1086 4286 erat
1132 4231 1389 4303 ﬁagratus
1422 4241 1477 4289 et
1504 4236 1619 4305 ejus
1643 4246 1837 4292 ornatu

262 4326 578 4378 aediﬁcatus.
601 4323 801 4378 Audiat
825 4363 840 4389 ,
872 4324 1091 4392 inquam
1117 4363 1132 4388 ,
1164 4323 1324 4377 talem
1351 4324 1632 4380 Paulinum
1659 4327 1731 4381 ita
1757 4328 1838 4381 di-

265 4425 475 4470 centem
514 4416 570 4468 in
608 4430 702 4468 sua
746 4414 972 4484 epistola
1025 4414 1093 4467 ad
1173 4411 1459 4483 Sulpitium
1530 4414 1832 4471 Severum:

272 4522 289 4555 ι
321 4506 532 4570 Eritne,
558 4520 760 4573 quaso,
793 4512 1005 4572 tempus
1049 4502 1197 4569 illud,
1241 4513 1297 4558 et
1324 4503 1602 4560 illucescel
1621 4507 1712 4562 ille
1740 4506 1836 4561 ali-

267 4597 480 4665 quando
509 4597 647 4662 dies,
669 4611 775 4665 quo
805 4595 1203 4650 fraternitatem
1229 4604 1398 4661 tuam,
1424 4599 1622 4653 comite
1647 4599 1844 4654 electo-

269 4701 384 4741 rum
419 4686 513 4740 Dei
541 4681 784 4750 cohorte,
806 4687 1136 4752 venientem,
1165 4687 1220 4740 in
1248 4687 1451 4756 gremio
1471 4686 1581 4756 jam
1609 4705 1845 4745 commu-

269 4776 351 4832 nis
379 4778 595 4848 patroni
617 4777 922 4832 dominaadii
966 4777 1069 4832 mei
1097 4776 1295 4832 Felicis
1317 4779 1624 4848 excipiam?
1652 4799 1671 4832 ι
1697 4779 1843 4836 Idem

270 4874 334 4927 ad
358 4871 608 4926 eumdem
641 4871 695 4925 in
719 4870 942 4939 epistola
968 4871 1033 4926 de
1055 4871 1312 4939 palliolis:
1339 4889 1358 4923 ι
1393 4871 1686 4942 Tugurium
1715 4889 1844 4929 vero

269 4972 537 5030 nOStrum,
578 4962 720 5032 quod
771 4979 802 5017 a
855 4973 999 5018 terra
1041 4979 1362 5034 suspensum
1392 4965 1696 5032 cmnaculo,
1735 4981 1842 5020 una

271 5055 482 5124 porticu
509 5053 718 5110 cellulis
741 5053 1096 5121 hospitalibus
1125 5052 1464 5123 interposita,
1492 5055 1703 5125 longius
1730 5063 1844 5110 ten-

273 5145 434 5209 ditur,
485 5145 639 5214 quasi
683 5144 966 5199 dilatatum
1023 5143 1198 5214 gratia
1242 5143 1456 5199 Domini
1510 5160 1616 5199 non
1669 5145 1842 5200 solum

271 5236 478 5291 sanctis
505 5235 600 5304 qui
641 5234 786 5290 illam
824 5235 1044 5304 plurimi
1087 5234 1509 5303 comitabantur,
1551 5237 1648 5291 sed
1681 5237 1844 5290 etiam

271 5324 499 5380 divitum
546 5325 759 5380 illorum
817 5326 1051 5381 catervis
1123 5340 1232 5380 non
1296 5340 1520 5396 capaces
1571 5326 1847 5395 angustias

269 5417 536 5488 praebuit;
592 5415 648 5470 in
697 5430 805 5484 quo
852 5415 1104 5486 personis
1145 5429 1436 5485 puerorum
1479 5429 1545 5470 ac
1577 5414 1848 5485 virginum

273 5509 458 5564 eboris
512 5505 693 5563 vicina
733 5506 1042 5562 dominaedii
1071 5507 1245 5562 nostri
1275 5506 1471 5561 Felicis
1504 5506 1738 5561 culmina
1764 5520 1852 5562 re-

277 5601 576 5655 sultabant.
607 5618 627 5651 ι
655 5598 800 5655 Idem
825 5599 892 5654 ad
926 5599 1176 5654 eumdem
1216 5585 1499 5655 de'sancto
1520 5597 1680 5654 Claro
1702 5615 1856 5670 pres-

279 5698 471 5762 bytero
507 5690 708 5747 comite
739 5690 910 5747 sancti
939 5688 1188 5748 Martini:
1212 5690 1438 5759 cltaque
1460 5699 1660 5746 sancta:
1686 5689 1854 5762 ipsius

1236 271 1365 328 [ΑΒ.
1409 272 1778 330 ADVERSUS
1819 273 2177 333 CLAUDllJM
2216 277 2494 334 TAURlN.

3395 283 3496 342 518

1845 388 1900 448 Α
1925 389 2200 443 memoria:
2231 406 2437 455 versus,
2470 406 2576 446 non
2608 391 2732 461 quia
2759 391 2960 462 aliquid
2991 394 3188 450 divinis
3229 395 3344 464 ejus
3385 412 3502 452 me-

1923 479 2040 534 ritis
2067 480 2287 550 dignum
2329 480 2475 550 loqui
2519 495 2754 551 possem,
2778 482 2870 537 sed
2897 491 2958 537 ut
2989 485 3225 539 studium
3255 485 3500 554 plurimm

1920 570 1974 624 in
2025 570 2170 626 illius
2213 573 2392 626 anima
2435 573 2720 628 charitatis
2748 576 3134 644 exprimerem,
3176 594 3341 634 ausus
3379 594 3500 635 sum

1921 660 2100 718 facere
2125 671 2180 718 et
2211 664 2550 718 unanimitati
2595 671 2699 717 tuae
2745 665 2981 719 mittere.
3029 664 3177 732 Quos
3220 674 3275 720 tu
3314 682 3500 723 coram

1921 755 2152 811 Domino
2202 765 2402 812 sanctae
2449 767 2504 812 et
2547 757 2910 828 cohospitanti
2963 765 3139 813 tecum
3184 775 3395 829 semper
3444 759 3499 815 in

1921 846 2151 902 Domino
2203 848 2397 902 anima:
2440 846 2556 915 ejus
2596 849 2848 913 recitans,
2891 849 3180 904 excusabis
3215 849 3497 906 audaciam

1922 950 2098 990 meam
2122 943 2176 989 et
2198 937 2604 991 commendabis
2631 937 2973 1008 obsequium.
3015 957 3032 991 ι

1921 1045 2210 1118 Presbyter
2239 1049 2326 1102 hic
2351 1049 2488 1103 situs
2508 1057 2591 1104 est
2626 1051 2834 1104 meritis
2865 1058 2919 1104 et
2944 1051 3160 1104 nomine
3190 1051 3386 1106 Clarus
3414 1091 3432 1118 ,

1923 1139 2158 1195 Martino
2187 1141 2378 1195 studiis
2406 1157 2612 1206 comes,
2635 1150 2689 1196 et
2719 1143 2896 1196 meriti
2933 1144 3090 1197 modo
3122 1159 3372 1198 consors.

1925 1229 2093 1301 Digna
2127 1232 2216 1300 pio
2244 1231 2435 1286 domus
2463 1240 2546 1286 est
2575 1232 2790 1296 altaria,
2823 1234 2921 1288 sub
2963 1234 3157 1302 quibus
3186 1244 3338 1290 artus

1925 1318 2183 1374 Conditur
2207 1324 2517 1389 exanimos,
2555 1340 2679 1378 nam
2711 1325 2933 1394 spiritus
2971 1326 3172 1379 :ethere
3215 1327 3433 1396 gaudet,

1924 1411 2364 1482 Discipulumque
2384 1415 2500 1484 pari
2530 1416 2701 1469 sociat
2727 1431 2887 1484 super
2913 1422 3059 1469 astra
3091 1419 3371 1485 magistro.

1926 1500 2083 1556 Clare
2106 1502 2232 1567 ﬁde,
2262 1504 2521 1573 praeclare
2550 1514 2694 1571 actu,
2727 1505 3026 1560 clarissime
3054 1506 3226 1560 fructu
3253 1546 3268 1571 ,

1997 1592 2099 1658 Qui
2138 1595 2350 1648 meritis
2385 1595 2600 1649 titulum
2630 1597 2867 1650 nominis
2891 1597 3215 1666 mquiparas,

1927 1681 2089 1739 Casta
2118 1692 2264 1738 tuum
2295 1686 2454 1756 digne
2487 1687 2669 1740 velant
2703 1687 2899 1740 altaria
2924 1703 3124 1757 corpus
3149 1729 3165 1754 ,

2001 1774 2072 1830 Ut
2105 1775 2362 1845 templum
2391 1774 2594 1831 Christi
2621 1787 2870 1847 contegat
2902 1794 2993 1831 ara
3023 1778 3140 1832 Dei.

1931 1863 2038 1920 Sed
2066 1866 2191 1936 quia
2223 1876 2278 1920 tu
2306 1881 2413 1920 non
2437 1867 2540 1921 hac
2563 1882 2666 1936 qua
2697 1881 2891 1937 corpus
2914 1868 3040 1920 sede
3067 1867 3269 1922 teneris
3291 1906 3310 1935 ,

2000 1957 2099 2024 Qui
2124 1958 2336 2012 meritis
2357 1959 2566 2028 superis
2589 1958 2809 2027 spiritus
2839 1958 3108 2012 involitas.

1932 2046 2056 2102 Sive
2079 2057 2294 2118 patrum
2326 2049 2536 2102 sinibus
2562 2048 2812 2113 recubas,
2843 2047 3122 2102 Dominive
3145 2049 3244 2104 sub
3274 2065 3367 2105 ara

1999 2138 2280 2204 Conderis,
2305 2149 2398 2193 aut
2423 2155 2580 2194 sacro
2607 2141 2846 2209 pasceris
2871 2141 2922 2195 iu
2951 2157 3206 2206 nemore;

1931 2230 2179 2299 Qualibet
2203 2231 2256 2285 in
2287 2232 2506 2300 regione
2532 2233 2638 2301 poli
2663 2232 2798 2286 situs
2828 2242 2921 2286 aut
2951 2233 3224 2302 paradisi,

1999 2321 2177 2388 Clare,
2209 2322 2309 2378 sub
2333 2331 2533 2378 aeterna
2559 2337 2691 2392 pace
2714 2324 2906 2378 beatus
2929 2324 3083 2394 agis;

1931 2415 2056 2471 Haec
2089 2426 2433 2485 peccatorum
2458 2415 2631 2470 bonus
2655 2417 2839 2484 accipe
2863 2424 2987 2469 vota
3024 2423 3310 2487 rogantum
3333 2455 3352 2483 ,

2003 2505 2074 2560 Ut
2095 2506 2170 2561 sis
2192 2505 2398 2560 Paulini
2427 2506 2806 2576 Therasiteque
2841 2522 3070 2561 memor.

1932 2593 2103 2665 Dilige
2129 2597 2412 2650 mandatos
2447 2597 2840 2651 interveniente
2862 2595 3068 2650 Severo

2003 2684 2148 2752 Quos
2183 2686 2444 2756 ignorasti
2481 2702 2711 2757 corpore
2737 2686 2816 2742 sic
2845 2686 3088 2742 meritos.

1933 2774 2188 2832 Unanimi
2213 2777 2519 2839 communis
2545 2792 2698 2831 amor
2721 2777 2812 2843 sit,
2845 2776 3015 2832 fomes
3041 2777 3285 2847 utrisque

2001 2865 2254 2936 Perpetui
2282 2883 2494 2923 summo
2519 2867 2744 2923 fcederis
2770 2869 2824 2923 in
2847 2869 3101 2924 Domino.

1932 2956 2049 3014 Non
2074 2967 2225 3028 potes
2248 2960 2535 3031 implicitos
2562 2960 2856 3026 divellere;
2884 2961 2928 3015 si
2959 2961 3130 3016 trahis
3153 2977 3316 3017 unum
3343 3003 3358 3029 ,

2014 3048 2165 3104 Unus
2188 3050 2578 3116 adbzerentem,
2605 3066 2708 3120 qua
2734 3051 2959 3120 rapitur,
2986 3053 3178 3123 rapiet.

2011 3154 2080 3210 go
2109 3140 2415 3195 individuos
2437 3141 2640 3211 pariter
2661 3141 3020 3211 complectere
3042 3143 3238 3198 fratres
3260 3182 3278 3208 ,

2009 3231 2186 3300 thue
2226 3247 2430 3294 sumus,
2463 3234 2542 3286 sic
2564 3247 2662 3287 nos
2692 3231 2850 3303 dilige
2880 3232 3230 3302 participans.

1932 3320 2025 3377 Sic
2054 3322 2197 3376 Deus
2223 3323 2441 3386 accivit,
2475 3322 2554 3376 sic
2581 3337 2679 3376 nos
2705 3322 2969 3376 Martinus
2991 3324 3191 3376 amavit
3215 3340 3228 3388 ;

2003 3410 2094 3466 Sic
2122 3419 2178 3464 et
2211 3420 2264 3464 tu
2295 3412 2523 3479 pariter,
2557 3409 2733 3475 Clare,
2764 3419 2915 3464 luere
2941 3425 3118 3480 pares.

1931 3502 2048 3558 Non
2079 3503 2287 3556 meritis
2316 3503 2410 3556 sed
2437 3517 2624 3556 amore
2649 3517 2840 3572 pares;
2875 3510 2951 3566 tu,
2982 3509 3186 3568 sancte,
3216 3502 3446 3570 valebis,

2002 3595 2266 3658 Exorare,
2293 3608 2454 3664 pares
2479 3601 2534 3647 et
2561 3593 2771 3647 meritis
2803 3591 2941 3646 ﬁeri.

1936 3686 1990 3742 Si
2015 3703 2136 3741 cum
2164 3686 2396 3740 Martino
2429 3687 2574 3741 socia
2606 3687 2806 3755 pietate
2835 3686 3051 3743 labores
3077 3729 3092 3753 ,

2006 3776 2076 3832 Ut
2102 3777 2322 3831 vincant
2344 3785 2538 3830 vestra:
2562 3776 2790 3830 crimina
2818 3785 3002 3831 nostra
3040 3792 3245 3848 preces.

1933 3867 2000 3921 Et
2024 3867 2183 3921 simul
2213 3867 2266 3920 iu
2291 3868 2454 3922 vestri
2480 3868 2740 3921 ducamur
2769 3876 2915 3922 sorte
2947 3867 3134 3923 Severi
3162 3909 3178 3934 ,

2006 3961 2303 4031 Vestraque
2331 3975 2429 4015 nos
2459 3962 2648 4015 ambos
2677 3969 2927 4030 protegat
2949 3962 3031 4015 ala
3055 3962 3200 4016 sinu.

2006 4052 2147 4108 Idem
2177 4053 2243 4107 de
2275 4053 2358 4107 his
2389 4053 2564 4107 tribus
2593 4052 2797 4122 pariter
2828 4053 2881 4106 in
2909 4068 3075 4106 unum
3114 4053 3374 4117 collectis,
3412 4051 3522 4108 hoc

1935 4155 2017 4199 est
2051 4145 2117 4199 de
2141 4153 2326 4199 sancta
2365 4145 2593 4214 pictura,
2637 4153 2692 4198 et
2741 4144 2921 4198 divina
2969 4158 3130 4198 cruce
3157 4184 3172 4207 ,
3229 4145 3519 4212 sacrisque

1937 4242 2245 4288 sanctorum
2273 4232 2514 4300 reliquiis
2547 4271 2562 4296 ,
2603 4233 2668 4286 de
2697 4233 2894 4302 quibus
2937 4231 3338 4301 blasphemator
3361 4233 3525 4301 quasi

1938 4323 2076 4377 alter
2102 4322 2391 4376 immanior
2425 4329 2699 4376 tartareus
2746 4321 3014 4376 Cerberus
3043 4323 3231 4376 rabida
3265 4323 3366 4376 tria
3396 4331 3521 4392 gut-

1939 4426 2058 4470 tura
2087 4415 2324 4485 pandens
2356 4413 2567 4469 trifauci
2591 4413 2881 4484 perstrepit
2905 4412 3128 4479 latratu,
3165 4425 3220 4468 ct
3252 4415 3399 4469 velut
3425 4429 3524 4470 se-

1940 4513 2080 4581 tiger
2107 4510 2387 4579 olidusque
2412 4510 2594 4564 hircus
2622 4510 2786 4564 vitem
2815 4524 3084 4564 amoenam
3105 4508 3303 4563 Christi
3331 4518 3384 4562 et
3407 4523 3525 4564 suae

1941 4601 2197 4656 Ecclesia:
2224 4601 2554 4670 discerpere,
2583 4607 2637 4654 et
2679 4599 2990 4654 cicatricem
3036 4598 3087 4653 ei
3140 4597 3337 4652 foedam
3378 4596 3522 4652 inlli-

1942 4707 2068 4761 gere
2098 4705 2369 4745 venenoso
2404 4691 2564 4744 dente
2597 4697 2845 4754 conatur,
2877 4689 2949 4743 ita
2983 4688 3238 4744 disseruit
3271 4703 3285 4741 :
3315 4706 3332 4738 c
3365 4688 3524 4756 Quod?

1943 4783 1988 4837 si
2021 4782 2286 4837 Dominus.
2301 4780 2624 4836 desiderium
2655 4781 2849 4836 anima:
2878 4789 3072 4837 vestra:
3097 4780 3290 4836 fecerit
3321 4795 3522 4835 secun-

1946 4875 2070 4929 dum
2106 4872 2265 4928 ﬁdem
2292 4882 2550 4938 vestram,
2593 4869 2852 4941 adjiciens
2878 4872 3092 4927 ornatui
3123 4881 3178 4927 et
3207 4871 3521 4928 sanctiﬁca-

1947 4963 2078 5019 tioni
2104 4979 2328 5035 operum
2357 4972 2683 5030 vestrorum,
2715 4971 2778 5018 ut
2801 4977 2992 5019 sacros
3020 4963 3231 5036 cineres
3258 4963 3324 5018 de
3347 4963 3518 5018 bene-

1947 5055 2107 5111 dictis
2125 5055 2480 5125 gloriosorum
2508 5054 2871 5124 apostolorum
2921 5062 3016 5108 aut
3054 5062 3354 5124 martyrum
3396 5052 3524 5107 reli-

1947 5147 2090 5216 quiis
2139 5145 2511 5216 adipiscamini
2546 5143 2715 5217 (quia
2765 5144 2925 5215 hujus
2971 5144 3090 5202 voti
3105 5142 3526 5215 praesumptione

1948 5250 2046 5290 vos
2091 5234 2252 5289 aliam
2303 5235 2441 5304 apud
2477 5233 2862 5289 Primuliacum
2915 5243 3184 5298 nostram,
3229 5241 3286 5286 et
3337 5231 3525 5302 priore

1950 5324 2209 5394 majorem
2237 5321 2516 5378 basilicam
2537 5336 2872 5392 praeparasse
2893 5319 3523 5393 cognovimus),dignum

1947 5426 2112 5484 opere
2145 5411 2268 5466 ﬁdei
2294 5420 2486 5468 vestra:
2516 5451 2532 5477 ,
2560 5421 2616 5467 et
2649 5411 2830 5481 operis
2865 5411 3094 5467 ﬁdeliter
3138 5407 3396 5463 elaborati
3425 5405 3524 5461 de-

1949 5505 2218 5562 dicatione
2229 5505 2414 5577 procul
2428 5504 2588 5561 dubio
2601 5505 2970 5569 celeberrima,
2985 5510 3292 5558 sanctorum
3306 5511 3525 5570 quoque

1949 5597 2190 5668 reliquiis
2243 5597 2440 5652 decens
2469 5595 2831 5660 arbitramur,
2861 5601 2922 5648 ut
2948 5593 3051 5647 hoc
3073 5589 3236 5644 etiam
3268 5589 3412 5660 quod
3452 5589 3526 5645 de

1955 5703 2116 5744 cruce
2169 5686 2437 5752 misimus,
2474 5683 2676 5754 pariter
2702 5681 3001 5753 depositum
3031 5685 3410 5738 sacratumque
3429 5689 3523 5732 ve-
