3838 6144
314 189 421 250 519
1610 164 1918 231 DUNGAL’I
1957 163 2251 226 RECLUSI
3482 158 3570 218 590

317 300 600 358 ueremini.
628 292 783 365 Quod
834 293 882 351 si
930 293 1004 347 ita
1050 287 1339 360 placuerit,
1370 287 1626 358 placitum
1657 296 1896 340 vestrum
1926 285 1974 344 A
2001 298 2193 338 versus
2213 295 2476 352 suamque
2501 279 2794 334 adhortans
2816 275 3164 342 animam,ait
3190 275 3246 330 in
3267 273 3576 344 praefatione

316 395 397 460 hi,
426 393 473 448 si
503 389 791 453 videbitur,
818 382 1072 441 versiculi
1109 378 1453 436 nuntiabunt.
1488 397 1507 431 ι

2020 377 2121 432 ibri
2142 377 2510 449 καθημερινῶν.
2704 370 2718 393 ’

2135 465 2299 536 Atqui
2331 465 2437 520 fine
2463 463 2566 519 sub
2586 461 2777 517 ultimo

2071 556 2353 613 Peccatrix
2381 555 2563 609 anima
2591 547 2877 608 stultitiam
2900 555 3083 606 exuat.

2001 646 2202 702 Saltem
2221 660 2354 700 voce
2378 644 2550 700 Deum
2573 641 2936 706 concelebret,
2957 641 3004 695 si
3031 640 3239 697 meritis
3269 641 3488 710 nequit.

2141 736 2372 808 Hymnis
2397 735 2677 790 continuet
2703 734 2846 800 dies,

2071 827 2183 884 Nec
2207 844 2313 883 vox
2341 827 2446 881 ulla
2468 834 2642 891 vocet,
2669 824 2798 894 quin
2824 823 3117 878 Dominum
3141 831 3322 878 canat.

1999 921 2211 992 Pugnet
2230 927 2417 976 contra
2440 920 2696 982 haereses,
2721 916 3048 972 catholicam
3075 915 3332 971 discutiat
3359 914 3546 972 fidem.

2139 1011 2433 1068 Conculcet
2454 1026 2610 1065 sacra
2639 1009 2904 1080 gentium,

2069 1105 2294 1171 Labem,
2316 1105 2508 1171 Roma,
2535 1105 2641 1160 tuis
2669 1105 2868 1159 inferat
2898 1103 3076 1159 idolis.

2001 1194 2231 1251 Carmen
2255 1195 2588 1265 martyribus
2610 1194 2891 1257 devoveat,
2912 1192 3096 1248 laudet
3119 1193 3417 1264 apostolos.

2144 1284 2272 1340 Haec
2301 1285 2428 1340 dum
2465 1283 2644 1338 scribo
2665 1282 2750 1337 vel
2770 1283 3014 1351 eloquor.

2072 1374 2278 1430 Vinclis
2303 1375 2509 1429 utinam
2535 1374 2779 1444 corporis
2805 1374 3054 1430 emicem.

2003 1466 2188 1534 Liber,
2213 1481 2320 1536 quo
2340 1466 2522 1521 tulerit
2548 1465 2728 1537 lingua
2755 1480 2888 1521 sono
2917 1466 3128 1522 mobilis
3149 1463 3372 1522 ultimo!

2273 1557 2424 1611 Idem
2454 1559 2511 1611 in
2538 1549 2763 1611 Romani
2785 1558 3029 1628 martyris
3054 1560 3303 1613 carmine.

1934 1621 1982 1681 Β
2011 1649 2236 1714 Vellem,
2259 1649 2481 1704 sinister
2507 1649 2652 1703 inter
2677 1621 2954 1705 haedorum
2979 1664 3169 1722 greges

2011 1739 2084 1796 Ut
2105 1755 2224 1794 sum
2246 1737 2478 1804 futurus,
2502 1739 2717 1793 eminus
2742 1739 3092 1810 dignoscerer

2005 1828 2203 1900 Atque,
2226 1827 2328 1883 hoc
2350 1835 2627 1898 precante,
2651 1829 2855 1884 diceret
2877 1845 2972 1885 rex
2999 1830 3266 1900 optimus:

2005 1917 2284 1972 Romanus
2307 1923 2428 1972 orat
2452 1937 2465 1970 :
2491 1917 2730 1972 transfer
2756 1919 2899 1974 hunc
2917 1920 3131 1975 haedum
3155 1921 3318 1988 mihi;

2007 2005 2092 2060 Sit
2117 2006 2308 2061 dexter
2327 2021 2516 2074 agnus,
2542 2007 2799 2063 induatur
2818 2007 3036 2064 vellere.

315 524 567 581 Divinum
596 515 908 574 veneranda
937 520 1129 585 tegunt
1152 510 1344 566 altaria
1382 507 1580 572 fmdus,

388 610 712 680 Compositis
749 621 962 663 sacrum
1001 620 1123 659 cum
1161 617 1324 658 cruce
1350 599 1696 669 martyribus.

313 705 521 760 Cuncta
549 699 813 756 salutiferi
839 704 1038 753 coeunt
1062 695 1324 764 martyria
1345 687 1545 747 Christi
1570 729 1587 754 ,

387 792 554 856 Crux,
578 794 797 856 Corpus,
825 786 1067 856 sanguis,
1099 782 1356 852 martyris
1385 782 1498 851 ipse
1522 780 1685 833 Deus.

316 880 560 948 Namque
591 879 733 932 Deus
764 891 979 946 semper
1003 872 1156 927 vobis
1182 887 1280 926 sua
1307 885 1530 924 munera
1567 874 1748 923 servat
1775 906 1792 932 ,

388 970 565 1038 Atque
589 968 680 1022 ubi
703 965 974 1028 Christus,
999 964 1072 1017 ibi
1099 961 1332 1032 Spiritus
1360 968 1416 1014 et
1439 959 1598 1012 Pater
1628 965 1729 1012 est.

320 1060 413 1116 Sic
437 1060 530 1115 ubi
556 1074 709 1122 crux,
737 1063 792 1111 et
823 1062 1033 1124 martyr
1059 1053 1130 1108 ibi
1155 1069 1169 1116 ;
1194 1066 1299 1121 qua
1326 1049 1583 1120 martyris
1603 1056 1659 1102 et
1681 1062 1814 1102 crux
1847 1085 1862 1110 ,

391 1150 632 1219 Martyrii
665 1147 882 1209 sanctis,
918 1160 1038 1214 qua:
1065 1143 1155 1213 pia
1184 1157 1348 1196 causa
1386 1138 1504 1193 fuit.

321 1241 415 1295 llla
444 1240 623 1294 cibum
654 1237 780 1290 vitae
806 1234 1146 1297 mortalibus,
1177 1231 1268 1286 illa
1293 1243 1524 1286 coronas
1547 1269 1562 1293 ,

394 1331 524 1397 Quae
550 1327 778 1383 Domino
805 1325 1035 1380 famulos
1061 1324 1407 1394 participant,
1437 1319 1671 1391 peperit.

321 1421 380 1475 ln
411 1435 572 1476 cruce
597 1417 700 1472 fixa
725 1432 854 1472 caro
877 1425 980 1481 est,
1008 1430 1114 1485 qua
1149 1428 1362 1485 pascor,
1381 1413 1446 1467 de
1473 1425 1634 1466 cruce
1659 1408 1880 1480 sanguis

397 1509 489 1564 llle
517 1508 651 1573 ﬂuit,
691 1507 855 1560 vitam
884 1520 989 1575 quo
1010 1505 1154 1570 bibo,
1185 1505 1348 1559 corda
1376 1503 1518 1556 lavo.

326 1601 565 1666 Christe,
594 1607 686 1654 tuo
715 1605 909 1654 coeant
937 1597 1098 1652 simul
1131 1598 1248 1652 haec
1277 1605 1365 1650 tua
1403 1596 1542 1650 dona
1573 1592 1795 1660 Severo,

397 1690 635 1744 Portitor
658 1696 716 1742 et
743 1688 894 1742 testis
921 1687 992 1741 sit
1015 1687 1193 1742 crucis
1217 1688 1318 1741 iste
1349 1675 1472 1740 tuas.

323 1779 500 1838 Carne
530 1790 620 1835 tua
643 1781 810 1845 vivat,
833 1787 956 1834 tuus
982 1779 1055 1833 illi
1087 1779 1279 1848 pocula
1308 1777 1529 1848 sanguis

399 1869 666 1934 Praabeat,
694 1869 748 1922 in
774 1869 942 1922 verbo
968 1868 1134 1933 vivat,
1161 1877 1391 1937 agatque
1413 1876 1506 1922 tuo
1522 1909 1538 1933 ,

324 1960 547 2029 Quaque
569 1969 718 2013 tuum
739 1958 886 2014 socio
917 1957 1204 2011 Martinum
1231 1957 1526 2012 ascendere
1561 1957 1722 2014 Claro

400 2051 546 2104 Vidit
571 2057 626 2103 et
653 2049 766 2118 ipse
795 2057 885 2104 tuo
909 2063 1130 2103 munere
1154 2057 1341 2104 vectus
1363 2057 1470 2104 eat.

405 2159 426 2190 σ
470 2138 526 2194 Si
557 2154 687 2193 vero
721 2139 895 2208 magis
922 2138 1132 2208 placeat
1172 2139 1326 2194 vobis
1349 2141 1492 2194 hanc
1523 2141 1590 2195 de
1623 2155 1784 2195 cruce
1810 2139 1867 2195 bc

2019 2118 2161 2173 idem
2216 2119 2272 2172 in
2308 2121 2844 2208 hymnt‘tusanctlortltm
2881 2131 3172 2204 martyrum
3214 2123 3486 2179 Emitlten'i
3527 2134 3574 2179 et

411 2188 526 2242 1‘."
572 2188 681 2193 ’”’
721 2188 891 2208 ”’“⁰’”
923 2188 1130 2243 τ’.”ἶ’“’
1187 2188 1324 2194 ””’”
1349 2188 1490 2194 “““’
1527 2188 1587 2195 “
1627 2188 1783 2195 ”““
1805 2188 1876 2244 ῗῖ
2349 2188 2658 2244 Chelidonii
2685 2188 3237 2262 Calagurritanorum.

325 2231 689 2287 nedictioncm
727 2231 795 2284 ad
835 2231 1203 2300 quotidianam
1240 2231 1461 2284 tutelam
1493 2240 1654 2300 atque
1680 2231 1902 2286 medici-
2077 2277 2283 2300 ρης-,Α
2320 2287 2440 2300 μη,
2476 2279 2602 2300 __,_
2649 2280 2866 2300 ,ΜΨ-⁸
3164 2299 3189 2300 η

327 2336 453 2375 nam
484 2321 538 2374 in
563 2328 813 2391 promptu
840 2321 1061 2386 habere,
1093 2335 1160 2374 ne
1189 2319 1358 2374 semel
1381 2321 1598 2374 condita
1627 2321 1682 2374 in
1710 2320 1905 2374 altario

321 2427 428 2465 non
457 2425 672 2480 semper
697 2411 764 2464 ad
791 2424 1008 2464 manum
1035 2451 1048 2476 ,
1085 2419 1146 2464 ut
1171 2425 1301 2465 usus
1330 2409 1525 2480 exigit,
1559 2419 1758 2480 prtesto
1784 2410 1854 2465 sit
1887 2451 1902 2477 ,

322 2501 519 2556 sufficit
553 2508 607 2557 et
636 2501 727 2555 illa
773 2503 842 2556 ad
891 2501 1128 2558 basilica:
1174 2503 1638 2558 consecrationem
1681 2503 1854 2574 gratia
1887 2544 1902 2570 ,

323 2596 535 2652 scilicet
558 2596 819 2651 Dominus
849 2612 971 2652 cum
1009 2597 1265 2667 apostolis
1299 2605 1353 2652 et
1381 2596 1745 2667 martyribus;
1769 2611 1904 2666 quo-

323 2704 444 2741 rum
473 2687 809 2743 venerandus
846 2687 985 2744 cinis
1013 2729 1027 2754 ,
1059 2689 1104 2744 si
1141 2691 1259 2745 sine
1283 2691 1461 2745 crucis
1484 2690 1756 2745 consortio
1777 2691 1903 2746 sub-

316 2779 538 2848 jiciatur
570 2778 856 2845 altaribus,
883 2781 974 2834 hic
1003 2789 1225 2850 opertos
1252 2781 1440 2836 titulus
1468 2780 1726 2836 indicavit
1756 2793 1775 2835 :

2077 2277 2290 2349 Scripta
2318 2287 2443 2333 sunt
2470 2279 2609 2334 ccelo
2642 2280 2873 2336 duorum
2901 2291 3200 2353 martyrum
3223 2283 3490 2350 vocabula,

2003 2369 2198 2424 Aureis
2217 2385 2336 2438 quae
2355 2369 2606 2426 Christus
2631 2371 2742 2426 illic
2761 2373 3038 2428 adnotavit
3058 2375 3278 2442 litteris,

2008 2458 2296 2529 Sanguinis
2325 2459 2490 2524 notis,
2513 2470 2566 2514 et
2595 2461 2737 2516 idem
2760 2463 2963 2534 scripta
2986 2465 3149 2521 terris
3177 2465 3414 2524 tradidit.

2074 2547 2248 2603 Pollet
2275 2549 2378 2604 hoc
2401 2548 2528 2604 felix
2560 2563 2658 2620 per
2685 2553 2872 2607 orbem
2902 2563 3048 2609 terra
3066 2555 3220 2611 lbera
3243 2559 3533 2622 stemmate,

2006 2639 2107 2695 Hic
2134 2636 2285 2695 locus
2310 2639 2505 2712 dignus
2530 2641 2780 2697 tenendis
2797 2645 3012 2702 ossibus
3041 2647 3189 2702 visus
3212 2648 3339 2714 Deo,

2007 2729 2111 2797 Qui
2135 2731 2418 2786 beatorum
2444 2731 2673 2800 pudicus
2698 2741 2840 2788 esset
2861 2735 3060 2806 hospes
3085 2752 3386 2807 corporum.

2077 2822 2178 2878 Hic
2209 2821 2448 2878 calentes
2468 2824 2651 2878 hausit
2670 2825 2846 2880 undas
2870 2826 3014 2880 caede
3043 2827 3242 2885 tinctus
3271 2829 3484 2901 duplici.

323 2890 555 2962 Pignora
582 2899 892 2947 sanctorum
921 2893 1118 2948 divina:
1151 2894 1322 2965 gloria
1352 2908 1551 2948 mensae

2019 2915 2174 2970 illitas
2196 2930 2391 2970 cruore
2416 2923 2602 2970 sancto
2623 2932 2767 2972 nunc
2796 2931 2992 2972 arenas
3022 2919 3210 2976 incolae

398 2983 552 3077 Ῡςὲιίιῑ
576 2983 890 3077 θροξῑοιίξὶίὲ
917 2983 1062 3077 ad“?
1089 2986 1404 3077 ροτροτίὺυε
1429 3026 1445 3051 ν
1930 2977 1978 3042 C
2007 3006 2475 3077 Confrequentant
2495 3007 2844 3063 obsecrantes
2867 3023 3018 3073 voce,
3040 3011 3203 3077 votis,
3224 3027 3466 3070 munere.

325 3073 559 3143 Spiritus
586 3082 641 3128 et
667 3074 881 3129 Domini
911 3075 1135 3130 medicis
1162 3076 1454 3133 virtutibus
1471 3077 1638 3134 instat
1661 3118 1680 3147 ,
2079 3073 2266 3151 Εχιείιί
2289 3111 2389 3151 nec
2408 3111 2517 3151 non
2544 3105 2599 3152 ει
2623 3097 2772 3153 orbis
2799 3096 2906 3152 huc
2931 3098 3155 3156 colonus
3176 3073 3425 3168 Advenit;

369 3166 498 3268 .Per
517 3168 841 3268 documenta
871 3181 1058 3268 sacros
1093 3169 1214 3224 viva
1240 3171 1434 3268 probat
1459 3174 1688 3230 cineres.
2007 3187 2174 3244 Fama
2195 3203 2320 3243 nam
2346 3196 2520 3244 terras
2539 3189 2594 3243 in
2617 3203 2805 3245 omnes
2832 3192 3174 3260 percucurrit
3194 3166 3483 3263 proditrix,

325 3255 417 3312 Sic
444 3259 714 3328 geminata
745 3258 850 3328 piis
889 3258 1092 3330 aspirat
1121 3263 1294 3332 gratia
1319 3265 1477 3331 votis,

2019 3278 2110 3336 llic
2135 3287 2394 3350 patronos
2417 3295 2538 3336 esse
2562 3281 2770 3346 mundi,
2796 3255 2932 3353 quos
2957 3255 3241 3353 precantes
3261 3255 3528 3342 ambiant.

394 3348 535 3404 infra
571 3352 902 3448 martyribus
940 3352 1173 3421 desuper
1200 3361 1320 3409 acta
1351 3353 1542 3448 sacris.
2077 3348 2248 3426 Nemo
2269 3385 2433 3440 puras
2460 3371 2550 3426 hic
2570 3348 2831 3442 rogando-
2844 3348 3046 3428 frustra
3071 3376 3342 3446 congessit
3363 3388 3599 3448 preces;

327 3439 466 3498 Vota
497 3442 811 3505 sacerdotis,
852 3441 1127 3498 viventum
1158 3451 1214 3497 et
1239 3446 1542 3512 commoda,
1571 3461 1742 3517 parvo

2019 3461 2187 3516 Laetus
2213 3439 2304 3516 hic
2339 3461 2498 3516 tersis
2520 3439 2745 3516 revertit
2768 3463 3097 3534 supplicator
3123 3439 3356 3532 ﬂetibus,

397 3531 628 3589 Pulvere
656 3541 971 3590 sanctorum
1001 3549 1148 3589 mors
1180 3534 1415 3604 pretiosa
1434 3535 1609 3605 juvat.
1650 3556 1669 3590 ο

2019 3551 2179 3607 Dmne
2207 3552 2351 3621 quod
2379 3551 2584 3621 justum
2605 3531 2851 3624 poposcit
2872 3531 3216 3625 impetratum
3241 3531 3507 3614 sentiens.

679 3643 832 3698 Idem
861 3645 926 3699 de
951 3646 1146 3700 eisdem
1172 3647 1332 3701 ternis
1361 3649 1546 3703 sacris.
2077 3642 2249 3697 Tanta
2269 3658 2370 3713 pro
2402 3644 2604 3699 nostris
2629 3644 2848 3714 periclis
2876 3661 3006 3700 cura
3031 3644 3440 3718 suffragantium
3467 3659 3579 3716 est,

2005 3732 2124 3788 Non
2156 3735 2365 3799 sinunt,
2393 3734 2554 3790 inane
2582 3743 2642 3790 ut
2668 3735 2811 3791 ullus
2830 3751 2964 3792 voce
2985 3753 3229 3792 murmur
3248 3737 3481 3805 fuderit;

1205 3780 1217 3792 ,
1246 3780 1258 3792 ,
1783 3785 1795 3798 ,
1859 3787 1872 3799 ,
2007 3776 2124 3788 ......
2156 3776 2365 3799 -...-.n,
2393 3776 2554 3790 ........,
2585 3776 2642 3790 ...
2671 3776 2811 3791 "......
2842 3776 2964 3792 ......
2986 3776 3220 3792 ......m...
3248 3776 3481 3805 ...υυιιη

2005 3823 2268 3889 Audiunt,
2291 3824 2586 3894 statimque
2613 3826 2682 3880 ad
2704 3841 2891 3881 aurem
2921 3827 3064 3898 regis
3089 3827 3283 3884 aeterni
3311 3828 3524 3885 ferunt.

329 3869 697 3939 apostolorum
741 3877 798 3924 et
851 3879 1152 3941 martyrum
1213 3873 1458 3942 reliquiis
1508 3877 1651 3931 sacri
1691 3878 1906 3934 cineres

325 3959 379 4012 in
405 3959 622 4014 nomine
651 3957 854 4015 Christi
884 3969 1196 4016 sanctorum
1227 3965 1403 4018 sancti
1432 4005 1446 4029 ,
1500 3973 1556 4021 et
1602 3976 1902 4038 martyrum
2006 4003 2045 4059 s

324 4050 600 4121 martyris,
635 4057 691 4104 et
718 4049 1056 4105 dominorum
1085 4052 1297 4107 Domini
1324 4057 1717 4110 consecrahunt
1747 4075 1759 4110 :
1791 4057 1904 4128 ipse

323 4142 468 4196 enim
505 4149 733 4196 testatus
785 4151 868 4198 est
911 4157 971 4198 se
1000 4143 1239 4198 vicissim
1265 4145 1637 4202 confessorum
1681 4165 1902 4203 suorum

323 4229 688 4285 confessorem
725 4229 987 4286 futurum.
1027 4233 1154 4289 Ideo
1185 4249 1348 4305 super
1377 4237 1480 4292 hac
1503 4247 1701 4307 praeter
1723 4240 1900 4309 pictu-
2083 4298 2119 4309 η
2266 4300 2278 4309 _
2553 4210 2713 4309 Idem
2742 4215 2798 4267 in
2827 4215 3028 4309 cogam

325 4334 442 4372 ram
467 4321 641 4390 gratia
672 4321 974 4390 geminatus
1001 4331 1087 4378 est
1121 4298 1308 4380 titulus
1338 4326 1405 4382 de
1430 4298 1644 4397 pictura
1673 4343 1688 4381 :
1723 4298 1740 4309 -
1928 4333 1982 4393 D
2005 4385 2044 4397 ι
2079 4298 2309 4356 amaris
2332 4300 2534 4397 vexilla
2553 4301 2824 4372 liminum,
2850 4306 3056 4376 elisum
3085 4308 3295 4378 Signum
3321 4311 3510 4374 "uois"

2005 4385 2218 4458 Proque
2238 4391 2481 4446 ventosis
2503 4392 2822 4461 draconum,
2845 4412 2982 4466 quos
3002 4400 3278 4468 gerebant,
3301 4401 3489 4470 palliis,

2004 4477 2305 4535 Praeferunt
2332 4481 2543 4551 insigne
2565 4482 2796 4554 lignum,
2820 4488 2964 4556 quod
2991 4488 3282 4546 draconem
3304 4492 3545 4547 subdidit.

2537 4571 2689 4629 Idem
2712 4575 2766 4629 in
2800 4576 3001 4631 eodem.

2076 4657 2173 4713 His
2221 4661 2396 4717 modis
2451 4677 2705 4732 spurcum
2738 4665 3004 4720 latronem
3055 4677 3356 4740 martyrum
3409 4671 3564 4724 virtus

3283 4759 3499 4832 [qualit;

2011 4838 2135 4893 Haec
2163 4849 2398 4907 coercet,
2426 4850 2663 4913 torquet,
2698 4845 2826 4910 urit,
2857 4846 2972 4902 haec
2993 4856 3214 4904 catenas
3252 4850 3472 4917 incutit;

2009 4927 2196 4983 Przedo
2233 4940 2460 4986 vexatus
2491 4934 2696 4988 relictis
2725 4949 2785 4990 se
2807 4936 3054 4992 medullis
3082 4940 3247 4993 exuit.

2079 5018 2299 5090 Linquit
2325 5022 2545 5077 illaasam
2583 5025 2860 5094 rapinam;
2894 5025 3137 5082 faucibus
3159 5029 3320 5084 siccis
3345 5027 3500 5098 fugit:

2012 5109 2200 5180 Ungue
2227 5111 2295 5165 ab
2318 5113 2427 5168 imo
2453 5129 2625 5183 usque
2652 5116 2719 5168 ad
2743 5115 2994 5185 capillum
3017 5118 3162 5172 salva
3185 5120 3359 5174 reddit
3380 5119 3557 5176 omnia.

396 5191 526 5246 Item
549 5192 798 5250 Aurelius
835 5196 1158 5256 Prudentius
1192 5201 1460 5270 Clemens,
1488 5207 1571 5260 vir
1607 5209 1908 5264 consularis
2007 5200 2282 5256 COHﬁtenS
2317 5204 2509 5258 ardere
2534 5220 2654 5259 sese
2680 5223 2692 5258 ε
2719 5222 2844 5259 nam
2868 5207 3127 5276 881100118
3146 5218 3232 5264 εει
3263 5209 3451 5264 i000“!-

325 5300 391 5340 ac
435 5284 756 5341 Hiberorum
783 5288 1201 5356 eruditissimus,
1238 5294 1428 5349 eodem
1475 5294 1601 5350 fidei
1649 5313 1714 5352 ac
1743 5299 1904 5352 devo—
2079 5290 2218 5358 Qnid
2247 5292 2437 5362 loquar
2463 5304 2688 5363 purgata
2716 5296 2891 5368 longis
2920 5298 3038 5352 alba
3065 5300 3266 5355 morbis
3302 5294 3541 5370 corpora?

327 5375 490 5430 tionis
519 5377 693 5431 studio
714 5377 968 5448 ﬂagrans,
1008 5381 1176 5434 multa
1214 5381 1281 5434 de
1318 5391 1630 5438 sanctorum
1657 5385 1905 5442 laudibus
2003 5381 2226 5449 Algidus
2251 5398 2374 5436 cum
2401 5383 2681 5440 decoloros
2702 5387 2896 5441 horror
2917 5398 3070 5444 artus
3091 5394 3368 5451 concutit;

329 5459 907 5536 intercessionibusque
941 5469 1279 5538 postulandis
1314 5471 1541 5526 metrico
1564 5480 1714 5528 textu
1755 5489 1867 5531 com

2019 5471 2104 5526 Hic
2130 5481 2309 5529 tumor
2332 5465 2539 5530 vulturii
2569 5477 2843 5547 relinquit,
2872 5481 2958 5536 hic
2987 5482 3136 5536 color
3163 5499 3326 5538 verus
3353 5481 3528 5538 reddit.

335 5551 526 5615 posuit.
551 5551 686 5606 Hinc
708 5555 842 5610 mira
865 5556 1170 5612 humilitate
1189 5559 1585 5619 substernendo
1605 5563 1673 5618 ad
1695 5579 1752 5622 se
1773 5580 1902 5622 con-
2073 5564 2185 5622 Hoc
2214 5567 2413 5624 bonum
2446 5567 2696 5625 Salvator
2717 5571 2832 5641 ipse
2853 5587 2960 5644 quo
2982 5570 3229 5629 fruamur
3247 5573 3511 5648 praestitit,

2076 3912 2204 3967 Inde
2237 3912 2382 3983 larga
2409 3913 2557 3969 fonte
2583 3915 2651 3969 ab
2678 3915 2795 3984 ipso
2822 3916 2961 3971 dona
2983 3918 3144 3972 terris
3170 3916 3427 3986 inﬂuunt,

2049 4005 2344 4074 upplicium
2377 4020 2570 4061 causas
2590 4008 2775 4074 petitis
2809 4023 2929 4078 quae
2951 4009 3174 4065 medelis
3197 4010 3446 4082 irrigant.

2005 4090 2092 4145 Nil
2123 4093 2236 4146 suis
2261 4091 2436 4148 bonus
2455 4095 2672 4165 negavit
2692 4095 2942 4151 Christus
2968 4113 3210 4168 unquam
3236 4099 3481 4156 testibus.

325 4430 647 4486 Sanctorum
668 4432 823 4488 labor
849 4443 903 4490 et
927 4451 1135 4493 merces
1158 4438 1261 4493 sibi
1292 4439 1395 4495 rite
1423 4441 1718 4505 cohaerent,

323 4522 504 4576 Ardua
535 4537 667 4577 crux
692 4524 1032 4595 pretiumque
1063 4527 1241 4582 crucis
1263 4526 1494 4584 sublime
1519 4539 1743 4586 corona.

322 4609 442 4678 Ipse
465 4609 608 4663 Deus
630 4611 786 4665 nobis
805 4612 1058 4683 princeps
1087 4622 1249 4684 atque
1269 4632 1468 4672 corona

325 4697 469 4750 inter
496 4697 715 4752 ﬂoriferi
741 4702 960 4755 caeleste
981 4717 1170 4758 nemus
1193 4707 1430 4773 paradisi

327 4785 440 4840 Sub
465 4802 626 4840 cruce
657 4791 948 4858 sanguinea
982 4792 1137 4846 niveo
1168 4803 1274 4848 stat
1299 4795 1546 4851 Christus
1569 4799 1623 4852 in
1651 4816 1808 4872 agno,

325 4877 509 4946 Agnus
530 4887 589 4931 ut
610 4879 840 4934 innocua
873 4882 1074 4949 injuslo
1109 4885 1265 4939 datus
1289 4887 1463 4941 hostia
1491 4888 1655 4944 letho.

325 4967 464 5022 Alite
491 4985 646 5038 quem
672 4971 880 5039 placida
910 4983 1126 5031 sanctus
1152 4977 1426 5047 perfundit
1453 4981 1690 5038 hiantem

328 5055 580 5126 Spiritus,
606 5068 659 5112 et
685 5062 842 5115 rutila
871 5061 1096 5118 Genitor
1121 5067 1185 5121 de
1210 5069 1351 5123 nube
1379 5082 1618 5128 coronat.
