3838 6144
334 273 424 330 sai
1314 279 1440 333 LIB.
1482 280 1854 337 anvsasus
1892 280 2247 347 summa
2287 256 2566 349 riuum.
3426 297 3524 363 ssi

331 386 613 458 Martyrum
637 402 760 441 cum
792 386 1033 443 membra
1065 397 1251 444 nostro
1273 392 1615 447 consecravit
1642 394 1858 464 oppido,
1924 407 1972 463 Α

338 478 595 547 Sospitam
615 492 736 547 quae
762 492 906 531 nunc
933 476 1153 534 colonos
1176 493 1313 549 quos
1347 480 1531 536 Iberus
1555 481 1728 536 alluit.

333 578 468 638 Idem
488 584 551 638 de
586 585 757 639 sancti
782 583 1055 640 Laurentii
1079 587 1321 657 passione
1356 587 1519 642 verbis
1550 591 1747 644 orantis
1777 591 1849 644 ait
1877 606 1894 641 :

2211 404 2373 472 Audi,
2404 416 2457 462 et
2478 416 2689 478 poetam
2715 410 2977 469 rusticum

2209 492 2399 551 Cordis
2424 496 2679 552 fatentem
2706 499 2953 568 crimina,

2205 586 2272 641 Et
2298 586 2437 641 facta
2462 589 2777 657 prodentem
2806 606 2925 647 sua.

592 695 875 767 Absterge,
901 695 1139 763 Christe,
1160 697 1265 754 hoc
1287 695 1539 761 dedecus,

529 785 726 840 cimitte
751 784 973 842 Gabriel
998 794 1173 853 tuum,

520 878 793 947 Agnoscat
818 887 877 933 ut
906 894 1092 935 verum
1116 880 1285 938 Deum

526 969 731 1025 Errans
749 968 924 1026 lulica
951 972 1192 1027 caecitas.

590 1064 657 1117 Et
678 1065 793 1135 jam
825 1072 1074 1121 tenemus
1099 1065 1316 1121 obsides

523 1154 843 1210 Fidissimos
873 1153 1033 1225 hujus
1061 1156 1209 1227 spei;

522 1242 621 1304 llic
648 1264 845 1320 nempe
861 1248 977 1321 jam
1005 1259 1234 1321 regnant
1261 1251 1367 1307 duo

518 1340 899 1409 Apostolorum
934 1340 1228 1411 principes.

587 1429 744 1486 Alter
768 1440 992 1487 vocator
1016 1432 1279 1502 gentium,

524 1517 680 1573 Alter
705 1519 1016 1575 cathedram
1042 1519 1326 1590 possidens

519 1606 787 1675 Primam,
818 1609 1048 1665 recludit
1071 1609 1306 1666 creditas

515 1700 867 1758 Eternitatis
887 1703 1102 1774 ianuas.

590 1794 834 1859 Discede,
862 1794 1074 1849 adulter
1094 1793 1358 1865 luppiter,

518 1884 722 1952 Stupro
749 1884 953 1939 sororis
970 1883 1156 1950 oblite,

512 1974 551 2026 ll
562 1974 781 2043 elinque
802 1974 1032 2028 Romam
1052 1974 1302 2040 liberam,

512 2064 843 2136 Plebemque
865 2065 978 2135 jam
1003 2064 1205 2122 Christi
1239 2064 1363 2137 fuge
1384 2100 1400 2117 .

589 2157 668 2213 Te
691 2157 891 2213 Paulus
918 2156 1048 2213 hinc
1074 2157 1423 2223 exterminat,

523 2251 605 2306 Te
634 2249 856 2321 sanguis
876 2250 1129 2305 exturbat
1149 2248 1321 2316 Petri,

518 2342 641 2396 Tibi
670 2341 724 2396 id
752 2339 896 2410 quod
920 2340 1036 2412 ipse
1064 2356 1401 2408 armaveras,

510 2432 737 2490 Factum
761 2431 995 2489 Nemnis
1019 2432 1206 2489 allicit.

746 2600 755 2604 -
860 2544 1010 2601 Idem
1032 2546 1087 2602 in
1112 2545 1314 2602 eodem.

584 2637 631 2694 0
657 2646 739 2693 ter
769 2645 1071 2708 quaterque
1090 2645 1146 2693 et
1166 2636 1392 2707 septies,

519 2729 719 2785 Beatus
747 2729 908 2787 Urbis
933 2729 1131 2798 incola,

511 2818 619 2887 Qui
648 2827 700 2873 te
729 2833 794 2874 ac
817 2828 1031 2875 tuorum
1069 2821 1317 2875 cominus

522 2908 719 2965 Sedem
748 2908 991 2965 celebrat
1014 2909 1241 2975 ossium,

579 2998 678 3056 Cui
700 3009 924 3070 propter
944 3000 1155 3057 advolvi
1180 3000 1329 3068 licet,

515 3093 621 3160 Qui
643 3090 858 3148 ﬂetibus
885 3093 1093 3164 spargit
1123 3092 1324 3159 locum,

518 3183 621 3250 Qui
644 3192 834 3254 pectus
858 3183 911 3238 in
947 3190 1148 3238 terram
1170 3184 1388 3254 premit,

508 3275 611 3343 Qui
636 3284 761 3331 vota
793 3274 969 3331 fundit
990 3291 1294 3332 murmure.

582 3365 694 3422 Nos
721 3366 894 3422 Vasco
921 3366 1110 3422 lberus
1131 3367 1321 3422 dividit

516 3457 663 3515 Binis
695 3465 937 3515 remotos
958 3458 1185 3528 Alpibus

511 3547 685 3605 Trans
702 3548 1075 3606 Cottianorum
1091 3551 1248 3622 juga,

516 3639 691 3695 Trans
715 3640 769 3695 in
792 3639 1035 3710 Pyrenas
1060 3641 1370 3712 ninguidos.

582 3731 683 3788 Vix
713 3732 857 3787 fama
878 3741 1007 3789 nota
1034 3742 1141 3800 est,
1170 3733 1371 3790 abditis

512 3823 682 3891 Quam
710 3823 868 3894 plena
898 3825 1102 3880 sanctis
1128 3824 1299 3880 Roma
1324 3825 1417 3893 sit,

510 3912 680 3980 Quam
710 3914 860 3970 dives
888 3915 1156 3970 urbanum
1182 3915 1357 3973 solum

511 4003 695 4060 Sacris
729 4004 991 4075 sepulcris
1016 4005 1226 4061 floreat.

580 4095 687 4151 Sed
715 4096 806 4166 qui
837 4111 1088 4153 caremus
1115 4097 1201 4153 bis
1225 4095 1384 4154 bonis

510 4182 621 4238 Nec
644 4185 929 4256 sanguinis
957 4186 1182 4257 vestigia

510 4273 705 4332 Videre
728 4292 912 4333 coram
938 4293 1247 4349 possumus,

503 4364 710 4423 Gaium
732 4368 1007 4424 intuemur
1026 4370 1257 4426 eminus.

606 4473 759 4530 Idem
786 4476 844 4531 in
865 4477 1101 4546 ejusdem
1137 4479 1244 4549 ﬁne
1270 4482 1553 4554 passionis.

562 4563 693 4631 Quae
718 4565 788 4620 sit
814 4574 1056 4636 potestas
1079 4570 1307 4639 credita,

501 4653 570 4709 Et
589 4646 834 4713 muneris
866 4668 1128 4729 quantum
1150 4662 1359 4732 datum,

505 4746 743 4803 Probant
763 4748 1030 4817 Quiritum
1052 4747 1268 4824 gaudia,

508 4838 719 4907 Quibus
746 4851 968 4914 rogatus
1001 4846 1219 4901 annuis.

575 4931 733 4999 Quod
758 4934 991 5005 quisque
1017 4936 1238 5007 supplex
1264 4938 1520 5007 postulat,

503 5024 633 5080 Fert
661 5025 1007 5096 impetratum
1028 5044 1320 5099 prospere;

503 5115 765 5183 Poscunt,
789 5116 1036 5185 litantur,
1064 5119 1329 5189 indicant,

502 5206 569 5263 Et
596 5209 768 5266 tristis
794 5217 889 5264 aut
921 5210 1061 5265 ullus
1086 5211 1244 5267 redit.

567 5299 680 5356 Ceu
706 5309 908 5370 ιιι-ωεῑο
933 5318 1149 5375 semper
1175 5305 1376 5375 adsies,

501 5385 756 5465 Tuosque
781 5393 1027 5452 alumnos
1054 5398 1275 5455 urbicos

497 5479 759 5540 Lactante
786 5486 1101 5557 complexus
1128 5490 1254 5545 sinu

495 5574 734 5633 Paterno
763 5594 950 5635 amore
969 5581 1197 5639 nutrias.

571 5665 684 5724 ﬂos
712 5669 877 5737 inter,
897 5683 933 5725 ο
958 5671 1162 5729 Christi
1185 5675 1373 5747 decus,

687 5761 967 5828 ΡΑτιιοι..
1014 5763 1142 5832 CV.

2274 678 2528 750 Indignus
2553 695 2788 752 agnoseo
2815 690 2870 738 et
2890 684 3026 751 scio,

2210 766 2380 835 Quem
2405 770 2655 828 Christus
2684 774 2801 844 ipse
2824 777 3099 844 exaudiat,

2209 858 2319 913 Sed
2347 868 2448 928 per
2465 870 2726 931 patronos
2754 873 3024 936 martyres

2206 941 2391 1003 Potest
2424 952 2688 1007 medelam
2721 957 3002 1026 consequi.

2274 1040 2437 1106 Audi,
2459 1041 2744 1113 benignus,
2780 1048 3077 1117 supplicem

2212 1129 2414 1187 Christi
2439 1149 2591 1189 reum
2614 1134 2987 1205 Prudentium,

2205 1222 2273 1275 Et
2309 1222 2637 1279 servientem
2663 1230 2898 1298 corpori,

2208 1310 2442 1368 Absolve
2463 1314 2658 1371 vinclis
2692 1319 2894 1373 surculi.

2241 1421 2375 1478 Item
2412 1426 2465 1479 in
2497 1426 2602 1496 ﬁne
2628 1429 2808 1500 hymni
2834 1441 3029 1489 sanctae
3052 1424 3300 1493 Eulalia.

2269 1534 2488 1605 Carpite
2508 1553 2807 1611 purpureas
2836 1544 3029 1613 violas,

2210 1625 2653 1700 Sanguineosque
2682 1647 2874 1690 crocos
2901 1639 3089 1693 metite
3115 1654 3131 1693 :

2208 1715 2328 1772 Non
2356 1730 2507 1775 caret
2530 1721 2615 1777 his
2635 1723 2864 1793 genialis
2889 1725 3086 1796 hiems,

2204 1807 2378 1865 Laxat
2404 1819 2459 1865 et
2481 1825 2608 1866 arva
2634 1820 2820 1884 tepens
2839 1815 3061 1887 glacies,

2208 1900 2460 1959 Floribus
2487 1912 2545 1958 ut
2566 1906 2803 1962 cumulet
2829 1909 3093 1968 calathos.

2268 1992 2375 2048 Ista
2400 1996 2740 2053 comantibus
2767 2013 2798 2053 e
2822 1999 2967 2056 foliis

2200 2079 2444 2150 Munera,
2472 2085 2625 2157 virgo
2646 2100 2908 2160 puerque,
2931 2090 3088 2160 date;

2198 2172 2299 2229 Ast
2326 2190 2425 2246 ego
2452 2186 2598 2232 serta
2622 2179 2788 2238 choro
2809 2181 2865 2237 in
2894 2184 3076 2241 medio

2201 2262 2372 2322 Texta
2397 2267 2568 2324 feram
2597 2272 2734 2342 pede
2760 2274 3049 2346 dactylico,

2200 2358 2360 2423 Vilia,
2385 2362 2652 2429 marcida,
2680 2363 2817 2420 festa
2845 2375 3048 2423 tamen.

2270 2448 2364 2505 Sic
2394 2455 2701 2511 venerarier
2724 2471 2847 2512 ossa
2868 2456 3020 2524 libet,

2198 2536 2427 2596 Ossibus
2450 2541 2619 2600 altare
2642 2554 2695 2600 et
2721 2548 3058 2617 impositum,

2197 2629 2293 2684 llla
2314 2631 2410 2685 Dei
2439 2632 2542 2687 sita
2564 2633 2664 2688 sub
2692 2635 2921 2704 pedibus

2196 2719 2466 2794 Pr05picit
2491 2726 2628 2791 hac,
2650 2728 2985 2800 populosque
3019 2743 3148 2789 suos

2199 2809 2454 2870 Carmine
2475 2815 2766 2887 propitiata
2795 2816 2962 2877 fovet.

2131 2921 2282 2981 Idem
2305 2926 2361 2981 in
2380 2929 2622 2996 passione
2649 2933 2821 2988 sancti
2854 2929 3115 2989 Vinmtii
3136 2940 3403 3006 martyres.

2270 3035 2423 3094 Felix
2448 3041 2649 3096 amoeni
2673 3042 2875 3101 littoris

2203 3126 2463 3186 Secessus
2491 3130 2598 3197 ille,
2629 3134 2721 3203 qui
2744 3149 2899 3192 sacra

2202 3218 2414 3277 Fovens
2443 3224 2624 3280 arenis
2658 3226 2869 3283 viscera

2197 3309 2350 3366 Viem
2377 3312 2610 3383 sepulcri
2634 3319 2884 3385 prmbuit.

2264 3400 2403 3457 Dum
2424 3416 2556 3459 cura
2585 3410 2901 3463 sanctorum
2921 3410 3009 3480 pia

2194 3488 2406 3545 Deﬂens
2440 3490 2669 3547 adornat
2690 3509 2962 3566 aggerem,

2196 3576 2534 3652 Tumuloque
2566 3600 2765 3656 corpus
2798 3587 3066 3645 creditum

2199 3672 2336 3728 Vita:
2363 3683 2609 3729 reservat
2637 3686 2891 3747 posterae.

2263 3764 2369 3821 Sed
2400 3752 2522 3822 mox
2549 3768 2791 3827 subactis
2817 3770 3084 3842 hostibus,

2190 3853 2308 3910 iam
2339 3871 2473 3927 pace
2489 3857 2654 3929 iustis
2678 3861 2915 3930 reddita,

2190 3946 2345 4001 Altar
2364 3948 2600 4018 quietem
2625 3950 2865 4008 debitam

2191 4036 2427 4095 Praestat
2454 4039 2631 4097 beatis
2658 4042 2895 4099 ossibus.

2402 4148 2550 4209 Idem
2572 4154 2628 4209 in
2646 4155 2827 4210 eadem
2851 4156 3114 4227 passione.

2258 4243 2459 4299 Adesto
2488 4260 2655 4310 nunc,
2678 4253 2733 4302 et
2760 4246 2983 4317 percipe

2187 4328 2360 4387 Voces
2388 4342 2709 4402 precantum
2733 4334 3025 4405 supplices,

2195 4419 2374 4477 Nostri
2400 4429 2582 4479 reatus
2602 4421 2790 4480 ellicax

2199 4511 2397 4567 Orator
2418 4512 2487 4567 ad
2514 4514 2770 4569 thronum
2797 4511 2996 4571 Patris.
3061 4570 3068 4578 ,

2260 4601 2367 4657 Per
2392 4610 2464 4668 te,
2488 4617 2584 4674 per
2605 4602 2753 4660 illum
2779 4608 3107 4677 carcerem,‘

2189 4694 2423 4751 Honoris
2457 4704 2808 4767 augmentum
2837 4698 2939 4766 tui,

2190 4783 2295 4841 Per
2318 4783 2519 4851 vincla,
2546 4784 2814 4853 ﬂammas,
2843 4789 3097 4860 ungulas,

2183 4875 2290 4931 Per
2317 4876 2649 4934 carceralem
2677 4880 2940 4951 stipitem,

2251 4967 2357 5025 Per
2380 4966 2627 5042 fragmen
2651 4972 2782 5028 illud
2808 4981 3059 5045 testeum,

2183 5058 2302 5127 Quo
2331 5067 2485 5131 parta
2523 5062 2698 5117 crevit
2721 5063 2917 5135 gloria,

2195 5148 2301 5205 Per
2323 5165 2484 5220 quem
2512 5160 2807 5210 trementes
2840 5158 3044 5225 posteri

2192 5237 2582 5296 Exosculamur
2607 5241 2883 5300 lectulum.

2257 5328 2513 5386 Miserere
2537 5342 2851 5391 nostrarum
2877 5339 3147 5407 precum,

2188 5415 2440 5474 Placatus
2465 5429 2525 5475 ut
2550 5420 2798 5481 Christus
2827 5427 2943 5483 suis

2189 5507 2417 5565 lnclinet
2443 5525 2629 5567 aurem
2661 5530 2999 5586 prosperam,

2184 5595 2366 5655 Noxas
2398 5615 2499 5657 nec
2518 5617 2705 5660 omnes
2731 5606 2980 5676 imputet.

2252 5686 2315 5746 Si
2339 5690 2441 5752 rite
2471 5692 2764 5751 solemnem
2786 5694 2929 5751 diem

3073 5783 3146 5847 17
