3838 6144
277 248 387 303 ἲὶἓῖς
645 266 653 277 ι
1584 239 1836 296 DUNGAI

2034 241 2225 298 ELUSI
2529 252 2538 257 '
3444 239 3536 293 5:24

494 358 826 414 Venerantur
850 372 958 421 ore,
986 365 1225 428 pectore,
1882 357 1930 416 Α

494 447 551 503 Si
579 446 679 502 sub
702 454 915 501 tuorum
942 446 1141 516 gaudio

2097 356 2298 427 Cespes
2322 357 2560 412 includat
2580 372 2730 420 suus,
2757 364 2810 411 et
2839 366 3067 425 paterno

2106 445 2298 502 Servet
2324 448 2657 517 amplectens
2679 447 2884 502 tumqu
2902 448 3048 503 beati

496 537 857 607 Vcstigiorum
884 535 1208 590 sternimur.

566 627 845 696 Paulisper
872 627 980 682 huc
1004 634 1059 680 tu
1088 623 1333 690 illabere,

503 715 704 772 Christi
734 712 977 769 favorem
1005 711 1277 778 deferens,

501 802 705 859 Sensus
730 802 938 872 gravati
958 808 1020 856 ut
1048 801 1288 857 sentiant

505 894 774 949 Levamen
805 892 1172 963 indulgentiae.

322 1009 468 1095 Idem
504 1009 569 1063 de
599 1009 792 1079 hymno
815 1015 1123 1095 sanctorum
1150 1021 1286 1060 xvm
1312 1013 1605 1076 martyrum
1628 1002 1836 1058 Camar—

853 1077 1313 1148 Augustanorum.

428 1171 517 1225 Bis
540 1184 731 1226 novem
754 1176 941 1224 noster
960 1166 1190 1239 populus
1225 1167 1325 1223 sub
1349 1182 1457 1222 uno

428 1260 725 1331 Martyrum
756 1266 938 1314 servat
973 1257 1185 1313 cineres
1209 1256 1457 1326 sepulcro

429 1350 895 1419 Cmsaraugustam
917 1346 1216 1402 vocitamus
1236 1345 1423 1401 urbem

638 1435 751 1493 Res
780 1437 869 1493 cui
909 1442 1059 1491 tanta
1087 1442 1188 1490 est.

430 1528 596 1584 Plena
626 1541 948 1599 magnorum
973 1526 1166 1581 domus
1194 1527 1542 1594 angelorum,

431 1621 551 1678 Non
583 1620 714 1676 time
734 1618 920 1674 mundi
948 1615 1156 1688 fragilis
1180 1616 1413 1679 ruinam,

431 1711 534 1767 Tot
557 1711 678 1768 sinu
713 1716 932 1783 gestans
953 1707 1115 1763 simul
1135 1705 1411 1762 offerenda

650 1800 872 1856 Munera
901 1798 1142 1855 Christo.

430 1891 565 1948 Cum
592 1891 734 1947 Deus
758 1889 1007 1946 dextram
1030 1890 1283 1959 quatiens
1312 1901 1619 1951 coruscam,

433 1983 587 2040 Nube
615 1983 879 2040 subnixus
905 1981 1089 2038 veniet
1115 1981 1363 2046 rubente,

429 2074 696 2132 Gentibus
713 2072 917 2144 justam
946 2072 1226 2143 positurus
1259 2084 1416 2139 aequo

645 2164 891 2221 Pondere
911 2164 1125 2220 libram.

434 2254 581 2311 Orbe
609 2256 673 2311 de
694 2270 889 2326 magno
920 2261 1081 2324 caput
1110 2252 1346 2308 excitata

441 2345 668 2404 Obviam
699 2345 914 2401 Christo
936 2352 1297 2414 properanter
1324 2343 1423 2397 ibit

438 2436 642 2493 Civitas
665 2450 893 2507 qumque
918 2435 1153 2505 pretiosa
1177 2441 1398 2503 portans

647 2531 797 2584 Dona
822 2528 1096 2583 canistris.

432 2620 565 2676 Afra
586 2618 861 2692 Carthago
885 2626 973 2673 tua
1004 2625 1217 2688 promet
1243 2631 1392 2683 ossa,

432 2712 543 2771 Ore
571 2709 803 2767 facundo
826 2708 1097 2780 Cypriane
1131 2708 1354 2773 doctor;

434 2805 685 2864 Corduba
712 2802 1009 2859 Ascisclum
1038 2801 1206 2868 dabit,
1228 2807 1285 2857 et
1316 2797 1576 2864 Zoellum,

650 2891 894 2964 Tresque
914 2907 1162 2949 coronas.

437 2988 517 3044 Tu
546 2985 717 3043 tribus
750 2984 978 3057 gemmis
1003 2982 1248 3038 diadema
1272 2979 1558 3051 pulchrum

432 3075 646 3134 Oil'eres
666 3073 884 3130 Christo
914 3070 1145 3143 genitrix
1178 3069 1417 3141 piorum,

431 3166 693 3230 Tarraco,
718 3164 913 3220 intexit
939 3161 1026 3217 cui
1052 3161 1387 3217 Fructuosus

652 3254 822 3311 Sutile
845 3253 1102 3309 vinclum.

433 3350 637 3404 Nomen
665 3348 769 3402 hoc
789 3360 1015 3417 gemmae
1042 3343 1288 3414 strophio
1321 3342 1588 3413 illigatum
1616 3347 1731 3406 est;

434 3439 680 3493 Emicant
699 3436 853 3506 juxta
877 3435 1083 3505 lapides
1103 3433 1340 3503 gemelli,

432 3530 600 3585 Ardet
621 3536 676 3583 ct
696 3516 951 3598 splendor
974 3523 1166 3596 parilis
1184 3523 1416 3580 duorum

649 3619 775 3688 igne
802 3630 1049 3673 corusco.

436 3711 610 3765 Parva
634 3706 836 3764 Felicis
850 3706 1026 3771 decus
1046 3704 1329 3761 exhibebit

434 3800 677 3856 Artubus
711 3794 914 3851 sanctis
944 3792 1181 3864 locuples
1207 3793 1485 3860 Gerunda,

436 3886 634 3942 Nostra
658 3881 889 3955 gestabit
917 3880 1225 3951 Calagurris
1252 3881 1460 3946 ambos.

650 3973 796 4041 Quos
824 3986 1169 4028 veneramur.

436 4068 739 4127 Barchinon
765 4066 911 4122 claro
945 4064 1203 4122 Cucufate
1233 4064 1371 4120 freta

441 4159 658 4232 Surget,
680 4165 733 4212 ct
759 4154 924 4212 Paulo
946 4156 1187 4226 speciosa
1216 4154 1418 4222 Narbo,

439 4251 622 4324 Teque
640 4248 963 4321 prtepollens
988 4246 1178 4303 Arelas
1202 4245 1444 4314 habebit,

2323 537 2574 609 Martyris
2601 553 2748 593 ossa.

2292 628 2445 683 Idem
2474 629 2528 682 in
2560 628 2664 697 ﬁne
2689 627 2920 697 ejusdem
2945 627 3225 697 passionis.

2109 717 2219 773 Nos
2250 718 2339 787 pio
2374 716 2522 781 ﬂetu,
2548 718 2692 783 date,
2721 716 3033 793 perluamus

2111 808 2438 862 Marmorum
2465 807 2662 873 sulcos,
2695 808 2891 878 quibus
2913 815 2999 862 est
3022 815 3206 877 operta

2112 897 2268 968 Spes,
2290 906 2349 951 ut
2372 897 2617 952 absolvat
2641 897 3061 953 retinaculorum

2327 986 2515 1042 Vincla
2545 1002 2810 1042 meorum.

2041 1056 2070 1089 ”
2113 1078 2307 1134 Sterne
2333 1085 2384 1134 te
2415 1086 2582 1134 totam
2605 1094 2863 1159 genergsa
2889 1080 3096 1135 sanctis

2113 1168 2317 1225 Civitas
2345 1185 2555 1225 mecum
2583 1160 2822 1234 tumulis,
2847 1171 3045 1225 deinde

2116 1259 2236 1315 Mox
2266 1268 2609 1331 resurgentes
2637 1261 2865 1328 animas,
2894 1270 2949 1317 et
2973 1270 3124 1317 artus

2320 1350 2456 1406 Tota
2480 1349 2743 1420 sequeris.

2194 1460 2345 1516 Idem
2371 1461 2425 1514 in
2456 1461 2563 1530 ﬁne
2587 1462 2847 1532 passionis
2870 1471 3067 1516 sancta:
3088 1462 3320 1533 Agnetis.

2191 1555 2235 1611 Ο
2267 1557 2421 1625 virgo
2448 1554 2597 1619 felix,
2631 1570 2665 1610 ο
2687 1571 2824 1611 nova
2860 1553 3054 1626 gloria,

2196 1646 2448 1702 Caelestis
2471 1647 2616 1705 arcis
2645 1647 2842 1702 nobilis
2869 1647 3065 1712 incola,

2193 1742 2413 1797 Intende
2438 1742 2640 1798 nostris
2667 1742 3078 1809 colluvionibus,

2190 1831 2408 1886 Vultum
2436 1832 2663 1902 gemello
2691 1848 2815 1888 cum
2838 1833 3181 1899 diademate;

2187 1922 2285 1977 Cui
2316 1938 2475 1992 posse
2502 1923 2601 1979 soli
2626 1923 3018 1993 Cunctiparens
3044 1926 3189 1980 dedit

2190 2011 2325 2067 Cum
2353 2011 2440 2067 vel
2467 2012 2644 2082 ipsum
2669 2013 2896 2089 reddere
2914 2012 3196 2069 fornicem.

2189 2100 2467 2170 Purgabor
2495 2101 2605 2156 oris
2627 2103 2985 2173 propitiabilis

2187 2191 2417 2263 Fulgore
2438 2203 2680 2249 nostrum
2705 2195 2750 2249 si
2772 2197 2928 2266 jecur
2953 2197 3199 2268 impleas.

2184 2281 2270 2336 Nil
2296 2298 2401 2336 non
2429 2282 2681 2351 pudicum
2704 2294 2808 2351 est,
2840 2288 2983 2355 quod
3009 2288 3097 2357 pia
3125 2289 3301 2344 visere

2189 2373 2458 2445 Dignaris,
2487 2374 2628 2429 almo
2656 2375 2742 2429 vel
2769 2375 2903 2446 pede
2933 2385 3174 2449 tangere.

1981 2483 2130 2538 Idem
2162 2485 2215 2556 in
2232 2484 2436 2556 _hymno
2481 2484 2748 2556 beatorum
2787 2494 3100 2556 martyrum,
3135 2487 3406 2542 Fructuosi
3432 2491 3535 2554 rpi-

2048 2554 2191 2624 scopi
2228 2553 2661 2618 Tarraconensis,
2685 2563 2734 2607 et
2767 2553 2992 2625 Augurii
3021 2567 3175 2629 atque
3213 2557 3393 2627 Eulogi
3429 2562 3535 2612 dia-

2050 2640 2297 2677 canorum
2307 2663 2319 2676 .

2199 2712 2335 2766 Tum
2358 2712 2424 2767 de
2444 2713 2762 2783 corporibus
2787 2716 2957 2773 sacris
2986 2716 3202 2787 favillaz,

2124 2806 2191 2860 Et
2214 2801 2433 2872 perfusa
2456 2819 2607 2860 mero
2630 2803 2883 2876 leguntur
2911 2823 3053 2876 ossa,

2121 2896 2251 2964 Quae
2281 2896 2476 2965 raptim
2503 2898 2605 2952 sibi
2633 2901 2860 2971 quisque
2883 2902 3207 2960 vindicabat.

2200 2986 2455 3042 Fratrum
2482 2998 2663 3046 tantus
2690 3008 2844 3048 amor
2870 2993 3089 3049 domum
3115 2994 3315 3053 referre

2123 3077 2446 3134 Sanctorum
2469 3080 2709 3135 cinerum
2735 3081 2915 3138 dicata
2947 3085 3110 3153 dona,

2121 3170 2229 3224 Aut
2252 3178 2461 3241 gestare
2480 3170 2598 3226 sinu
2628 3170 2786 3228 ﬁdele
2805 3174 3021 3245 pignus.

2194 3262 2301 3317 Sed
2328 3278 2396 3317 ne
2418 3262 2697 3333 relliquias
2725 3267 3147 3336 resuscitandas,

2123 3352 2188 3407 Et
2214 3367 2339 3408 mox
2369 3368 2492 3408 cum
2514 3353 2742 3411 Domino
2768 3356 2930 3411 simul
2962 3356 3193 3426 futuras,

2124 3443 2387 3499 Discretis
2414 3444 2533 3500 loca
2562 3445 2802 3501 dividant
2821 3447 3106 3516 sepulcris,

2189 3533 2491 3605 Cernentur
2520 3534 2692 3591 niveis
2719 3536 2874 3592 stolis
2906 3538 3111 3602 amicti,

2119 3625 2374 3679 Mandant
2407 3626 2640 3691 restitui,
2666 3642 2908 3697 cavoque
2943 3629 3118 3685 claudi

2119 3713 2328 3769 ilixtim
2361 3729 2635 3771 marmore
2658 3716 2938 3787 pulverem
2966 3722 3304 3777 sacrandum.

2188 3802 2233 3859 Ο
2261 3802 2454 3873 triplex
2480 3804 2676 3870 honor,
2697 3820 2730 3862 ο
2756 3806 3007 3864 triforme
3029 3810 3259 3877 culmen,

2118 3894 2236 3962 Quo
2265 3904 2464 3951 nostra;
2493 3905 2657 3967 caput
2680 3899 2947 3955 excitatur
2972 3900 3146 3968 urbis,

2118 3985 2338 4044 Cunctis
2360 3988 2584 4042 urbibus
2605 3989 2849 4045 eminens
2871 3991 3072 4047 lberis!

2184 4078 2473 4134 Exsultare
2496 4078 2670 4135 tribus
2691 4079 2823 4135 libet
2852 4084 3119 4152 patronis,

2116 4166 2357 4235 Quorum
2380 4168 2633 4238 praesidio
2665 4167 2914 4226 fovemur
2941 4186 3152 4239 omnes,

2117 4256 2405 4312 Terrarum
2429 4256 2613 4328 populi
2648 4257 3050 4330 Pyrenaearum.

652 4339 853 4396 Sancte
881 4338 1100 4396 Genesi.

437 4431 819 4489 Lusitanorum
849 4436 1009 4500 caput
1026 4428 1347 4502 oppidon

440 4527 580 4584 Urbs
600 4525 837 4580 adorata:
858 4523 1070 4579 cineres
1096 4523 1287 4595 puellae

438 4615 663 4673 Obviam
686 4612 902 4670 Christo
924 4614 1159 4685 rapiens,
1180 4615 1246 4668 ad
1268 4626 1418 4667 aram

645 4702 888 4775 Porriget
913 4704 1104 4773 ipsam.

442 4796 764 4865 Sanguinem
786 4793 924 4849 Justi
945 4794 1029 4848 cui
1053 4801 1240 4863 pastor
1263 4794 1451 4857 hmret,

442 4885 725 4942 Ferculum
747 4884 963 4956 duplex,
987 4884 1365 4954 geminumque
1386 4883 1586 4937 donum

442 4979 603 5034 Ferre
625 4975 962 5045 Complutum
992 4975 1198 5046 gremio
1211 4972 1441 5042 juvabit.

651 5070 889 5126 Membra
916 5068 1162 5127 duorum.

438 5162 649 5231 ingeret
670 5158 857 5231 Tingis
886 5174 983 5214 sua
1006 5156 1347 5222 Cassianum,

440 5252 598 5307 Festa
620 5249 908 5321 Massylum
936 5257 1281 5303 monumenta
1306 5260 1510 5319 regum,

438 5342 537 5411 Qui
569 5342 704 5398 cinis
724 5349 909 5412 gentes
934 5338 1162 5395 domitas
1186 5340 1363 5412 coegit

652 5431 731 5486 Ad
759 5431 887 5503 juga
908 5428 1127 5486 Christi.

828 5521 978 5578 Idem
1002 5531 1115 5595 post
1142 5540 1333 5594 pauca.

443 5612 551 5669 Iloc
570 5614 750 5671 colunt
780 5616 944 5682 cives,
975 5614 1111 5672 velut
1142 5614 1253 5686 ipsa
1287 5612 1528 5670 membra

1895 4375 1948 4435 Ι)
2008 4366 2158 4423 Idem
2183 4369 2239 4423 in
2268 4369 2511 4439 passione
2534 4371 2706 4424 sancti
2746 4368 2989 4426 Cassiani
3017 4370 3495 4429 Forocorneliensis.

2050 4462 2151 4517 Hie
2178 4462 2331 4526 mihi,
2356 4476 2479 4516 cum
2506 4470 2749 4533 peterem
2779 4470 2850 4529 te,
2880 4478 3064 4520 rerum
3099 4465 3329 4520 maxima
3351 4463 3525 4524 Roma,

1980 4552 2116 4625 Spes
2137 4562 2220 4608 est
2245 4554 2439 4609 oborta
2472 4569 2792 4624 prosperum
2818 4553 3094 4610 Christum
3123 4554 3257 4611 fore.

2049 4645 2268 4701 Stratus
2293 4645 2467 4711 humi,
2492 4645 2698 4701 tumulo
2727 4645 3065 4711 advolvebar,
3088 4660 3248 4717 quem
3286 4657 3426 4701 sacer
3444 4654 3529 4695 or-
3555 4680 3578 4698 .

2119 4805 2321 4876 Martyr
2350 4804 2532 4860 dicato
2559 4803 2853 4861 Cassianus
2879 4819 3131 4875 corpore.
3357 4734 3462 4805 [mu

2044 4896 2181 4951 Dum
2230 4895 2540 4966 lacrymans
2578 4909 2788 4950 mecum
2832 4902 3025 4964 reputo
3066 4909 3188 4951 mea
3222 4894 3448 4953 vulnera,
3478 4896 3529 4942 et

3291 4995 3465 5041 ornncs

1973 5075 2106 5129 Vita:
2131 5073 2367 5140 labores,
2393 5090 2456 5129 ac
2481 5073 2727 5130 dolorum
2749 5074 3022 5140 acumina,

2042 5162 2202 5217 Erexi
2229 5163 2295 5217 ad
2323 5163 2517 5218 coelum
2550 5163 2778 5229 faciem;
2811 5162 2962 5219 stetit
2981 5163 3142 5221 obvia
3162 5170 3344 5219 contra

1974 5252 2133 5308 Fucis
2154 5251 2390 5307 colorum
2413 5253 2557 5322 picta
2590 5253 2768 5324 imago
2798 5254 3070 5324 martyris,

2043 5343 2237 5415 Plagae
2257 5343 2402 5399 mille
2430 5327 2647 5413 gerens,
2670 5351 2813 5399 totos
2832 5343 3066 5399 lacerata
3091 5357 3190 5412 per
3218 5351 3381 5397 artus.

2502 5432 2651 5488 Idem
2682 5445 2796 5505 post
2830 5453 3017 5506 pauca.

2045 5522 2302 5580 IEdituus
2321 5524 2599 5580 consultus
2626 5525 2702 5579 ait
2727 5544 2738 5579 :
2766 5527 2919 5593 Quod
2941 5528 3226 5598 prospicis,
3257 5528 3459 5595 hospes,

1971 5615 2087 5673 Non
2115 5624 2198 5671 est
2227 5617 2422 5684 inanis,
2455 5627 2547 5673 aut
2567 5618 2725 5674 anilis
2750 5617 2947 5674 fabula.
