3838 6144
328 248 427 306 5‘25

392 360 685 418 Historiam
707 361 919 433 pictura
948 363 1131 431 refert,
1155 380 1274 435 quae
1303 368 1500 423 tradita
1530 369 1703 436 libris,

329 454 521 510 Veram
546 455 745 510 vetusti
771 458 1029 526 temporis
1053 467 1320 514 monstrat
1340 459 1521 516 ﬁdem.

646 561 792 617 Idem
817 564 871 618 in
898 565 1005 633 ﬁne
1036 567 1268 636 ejusdem
1300 569 1578 639 passionis.

296 664 305 677 '
394 652 517 709 Baio
557 663 686 710 sunt
724 671 845 725 qua:
882 657 1099 728 liquidis
1145 675 1403 729 expressa
1448 661 1755 725 coloribus,
1797 664 1900 719 ho-

328 815 535 871 lliraris
558 833 572 869 :
598 816 705 870 ista
727 827 813 871 est
832 817 1076 873 Cassiani
1104 819 1295 889 gloria.
1656 751 1825 824 [ψθῇ

394 904 665 977 Suggere,
705 906 749 960 si
780 907 923 976 quod
958 908 1126 963 habes
1154 910 1388 980 justum,
1424 911 1508 966 vel
1547 911 1777 967 amabile
1800 928 1895 968 vo-

1667 1000 1826 1073 [tum,

324 1084 458 1158 Spes
484 1087 529 1142 si
553 1102 663 1157 qua
696 1087 794 1142 tibi
816 1096 921 1152 est,
947 1088 992 1143 si
1019 1088 1147 1158 quid
1172 1089 1319 1145 intus
1341 1099 1554 1146 testuas.

388 1179 572 1245 Audit,
600 1180 785 1245 crede,
807 1195 997 1250 preces
1019 1189 1228 1250 martyr
1251 1184 1649 1251 prosperrimus
1682 1197 1896 1248 omnes,

326 1269 593 1339 Ratasque
612 1270 808 1335 reddit,
831 1286 969 1340 quas
994 1271 1142 1325 videt
1170 1272 1492 1341 probabiles.

390 1362 600 1427 Pareo,
640 1363 970 1432 complector
1013 1365 1277 1420 tumulum
1306 1405 1321 1431 ,
1369 1364 1636 1436 lacrymas
1684 1382 1898 1437 quoque

1605 1456 1820 1530 [fundo,
1860 1470 1869 1481 ‘

323 1547 472 1602 Altar
500 1549 729 1618 tepescit
755 1564 869 1616 ore,
897 1565 1089 1605 saxum
1120 1561 1359 1620 pectore.

391 1637 543 1693 Tunc
562 1653 764 1692 arcana
794 1640 900 1693 mei
924 1654 1221 1708 percenseo
1245 1649 1439 1695 cuncta
1462 1639 1687 1706 laboris;

322 1725 471 1781 Tune
493 1727 637 1797 quod
656 1729 925 1797 petebam,
949 1729 1093 1799 quod
1124 1730 1376 1785 timebam
1401 1745 1698 1787 murmuro.

387 1816 455 1871 Et
480 1825 607 1887 post
631 1824 779 1886 terga
806 1819 1022 1873 domum
1049 1819 1209 1875 dubia
1239 1820 1339 1875 sub
1363 1830 1509 1876 sorte
1536 1821 1800 1889 relictam,

319 1906 386 1962 Et
410 1921 565 1977 spem
593 1906 763 1962 futuri
792 1907 933 1964 forte
961 1917 1243 1965 nutantem
1267 1912 1414 1967 boni.

383 1996 611 2063 Audior,
637 1997 835 2054 Urbem
860 2000 1027 2067 adeo,
1043 2000 1249 2055 dextris
1279 2002 1621 2059 successibus
1647 2016 1802 2071 utor;

316 2087 543 2144 Domum
566 2097 832 2157 revertor,
854 2090 1173 2146 Cassianum
1195 2093 1448 2162 praedico.

381 2179 716 2236 Fortunatus
756 2180 1007 2237 similiter
1031 2192 1270 2248 sanctos,
1298 2191 1353 2239 et
1381 2199 1567 2242 eorum
1604 2188 1894 2245 memorias

314 2266 587 2327 laudando
617 2279 674 2327 et
710 2271 1048 2338 honorando,
1090 2274 1203 2328 suis
1246 2275 1439 2332 devote
1480 2286 1535 2331 ct
1580 2277 1811 2333 ﬁdeliter
1833 2294 1893 2334 se

312 2365 651 2421 orationibus
678 2367 1121 2422 commendantes
1143 2383 1302 2438 posse
1341 2369 1601 2440 adjuvare
1639 2380 1694 2428 et
1720 2374 1893 2428 credi-

313 2456 410 2522 dit,
434 2464 494 2512 et
516 2455 719 2513 docuit.
750 2456 888 2512 liine
911 2458 979 2513 de
1001 2458 1229 2514 basilica
1257 2460 1432 2517 sancti
1460 2460 1707 2531 Gregorii
1734 2478 1893 2520 enar-

315 2561 442 2601 rans
463 2547 544 2601 ait
566 2564 587 2602 :
1380 2544 1383 2547 ’

314 2634 414 2702 Qui
434 2637 635 2693 virtute
659 2647 853 2709 potens
873 2640 1112 2697 Orientis
1135 2642 1192 2697 in
1217 2658 1318 2699 axe
1343 2644 1606 2715 sepultus,

379 2726 523 2782 Ecce
550 2729 652 2783 sub
680 2729 909 2785 occiduo
934 2731 1154 2786 cardine
1177 2734 1380 2801 praebet
1397 2748 1577 2804 opem.

312 2817 455 2889 Ergo
478 2828 751 2874 memento
773 2835 981 2889 preces,
1005 2829 1060 2877 et
1090 2823 1314 2878 reddere
1341 2833 1485 2889 vota,
1518 2827 1709 2892 viator,

380 2907 603 2965 Obtinet
625 2911 716 2966 hic
739 2912 952 2967 meritis
971 2914 1114 2983 quod
1133 2915 1269 2984 petit
1293 2915 1434 2971 alma
1460 2917 1611 2973 ﬁdes.

380 3018 533 3076 Idem
554 3016 621 3077 de
644 3033 826 3079 sancto
850 3024 1131 3092 Mauricio,
1147 3036 1196 3082 et
1224 3028 1335 3083 suis
1363 3029 1815 3087 commilitonibus.

308 3110 642 3171 Fortunatus
667 3116 809 3171 enim
837 3132 936 3188 per
958 3115 1155 3189 fulgida
1187 3120 1325 3175 dona
1349 3119 1608 3179 Tonantis

384 3202 463 3259 Ne
489 3205 732 3262 tenebris
758 3206 989 3274 crucier,
1016 3224 1222 3278 quaeso,
1244 3208 1436 3267 feratis
1464 3226 1639 3282 opem.

723 3310 873 3370 Idem
894 3314 959 3370 de
982 3327 1162 3372 sancto
1196 3314 1474 3375 Hedardo.

309 3401 439 3460 litae
460 3406 548 3476 pie
568 3416 742 3476 pauca
772 3406 952 3462 ferens
975 3423 1077 3477 ego
1101 3408 1431 3465 Fortunatus
1453 3427 1659 3477 amore,

382 3493 656 3550 Auxilium
680 3510 862 3566 posco,
888 3497 954 3551 da
983 3499 1115 3553 mihi
1136 3506 1284 3565 vota,
1307 3515 1520 3570 precor.

308 3604 464 3663 Idem
510 3607 568 3661 in
613 3608 873 3679 epitapltio
924 3607 1166 3692 Gregorii
1208 3611 1433 3682 episcopi
1488 3613 1712 3668 civitatis
1767 3613 1894 3669 Lin-

1030 3698 1212 3736 OﬁlCd’.

995 3697 1212 3751 gomcaa.

309 3763 370 3820 Si
400 3781 618 3836 quaeras
642 3768 917 3833 meritum,
942 3769 1177 3840 produnt
1210 3771 1469 3826 miracula
1500 3787 1714 3838 rerum,

378 3852 490 3912 Per
514 3866 676 3927 quem
706 3857 973 3914 debilibus
1002 3858 1176 3915 fertur
1199 3863 1373 3916 amica
1400 3862 1562 3918 salus.

306 3962 464 4022 Idem
487 3967 545 4022 in
569 3968 831 4040 epitaphio
852 3959 1096 4094 Calétrici
1120 3973 1402 4096 (Chartetici
1425 3976 1649 4046 episcopi
1672 3977 1895 4032 civitatis

987 4056 1115 4096 arno
1139 4058 1270 4096 eme.

987 4056 1270 4098 arnotenw.

310 4124 439 4182 Hec
469 4126 585 4197 qui,
613 4138 798 4183 sancte
819 4128 1001 4195 Pater,
1030 4146 1130 4201 pro
1154 4133 1361 4204 magnis
1389 4149 1556 4203 parva
1589 4142 1828 4201 susurro,

378 4216 494 4272 Pro
516 4216 838 4285 Fortunato,
874 4235 1077 4289 qumso,
1108 4237 1331 4291 precare
1356 4231 1466 4278 tuo.

532 4325 681 4383 Idem
713 4329 777 4385 de
805 4329 1057 4402 Gregorio
1095 4334 1332 4404 episcopo
1366 4333 1680 4390 Turonense.

312 4418 536 4476 Martini
564 4423 773 4478 meritis
798 4440 896 4494 per
925 4432 1165 4494 tempora
1192 4426 1372 4498 longa,
1403 4426 1626 4499 Gregori
1648 4469 1663 4493 ,

381 4508 721 4568 Turonicum
752 4514 935 4569 foveas
960 4524 1149 4585 pastor
1181 4516 1235 4570 in
1275 4517 1408 4571 urbe
1433 4533 1679 4588 gregem;

312 4605 576 4662 Conciliis
605 4606 776 4660 sacris
810 4606 887 4660 sis
916 4622 1103 4661 norma
1134 4614 1187 4661 et
1210 4607 1318 4660 vita
1345 4607 1586 4676 priorum
1607 4648 1622 4671 ,

385 4696 757 4767 Exemploque
784 4706 875 4751 tuo
901 4706 1111 4752 crescat
1136 4695 1362 4765 adeptus
1387 4699 1576 4751 honor.

312 4788 525 4844 Lumen
557 4787 912 4859 apostolicum
943 4788 1154 4858 populis
1184 4796 1268 4843 tua
1299 4788 1475 4858 lingua
1504 4788 1786 4854 ministret,

388 4880 459 4934 Et
485 4878 610 4935 cteli
638 4880 836 4934 donum
864 4887 916 4936 te
951 4879 1194 4935 radiante
1219 4879 1399 4934 micet.

387 4994 649 5066 Legimus
670 4994 834 5049 etiam
855 4994 1057 5051 electos
1077 4994 1287 5049 Domini
1316 5009 1414 5065 per
1439 4993 1681 5065 priorum
1710 4994 1901 5049 merita

317 5093 635 5141 sanctorum
669 5085 953 5140 Dominum
984 5100 1259 5153 exorasse,
1283 5087 1425 5141 sicut
1453 5087 1507 5141 in
1538 5086 1756 5141 Daniele
1785 5100 1901 5140 me-

319 5183 569 5231 moratur
595 5175 664 5230 de
691 5174 887 5230 Azaria
914 5177 991 5230 ita
1025 5186 1216 5231 orante
1251 5193 1263 5227 :
1299 5176 1399 5240 Ne,
1429 5192 1727 5246 queamus
1747 5217 1762 5240 ,
1793 5185 1904 5229 tra-

224 5260 227 5263 ’
321 5266 421 5319 das
446 5281 543 5320 nos
567 5266 625 5318 in
650 5275 955 5336 perpetuum
983 5276 1193 5335 propter
1217 5282 1403 5320 nomen
1429 5275 1599 5330 tuum,
1626 5277 1673 5318 et
1707 5282 1770 5319 ne
1796 5265 1905 5319 dis-

321 5358 461 5428 sipes
482 5366 849 5413 testamentum
873 5369 1045 5423 tuum,
1072 5374 1233 5428 neque
1259 5358 1464 5428 auferes
1494 5358 1903 5414 misericordiam

325 5458 475 5502 tuam
519 5464 555 5502 ι
599 5448 746 5505 nobis
789 5457 1000 5518 propter
1036 5448 1302 5502 Abraham
1344 5446 1587 5502 dilectum
1634 5458 1813 5514 tuum,
1853 5458 1902 5503 et

328 5538 488 5595 Isaac
507 5555 714 5595 urvum
743 5550 888 5593 tuum
907 5577 925 5605 ,
953 5548 1004 5593 et
1037 5537 1210 5592 Israel
1237 5547 1476 5592 sanctum
1511 5546 1687 5603 tuum,
1715 5539 1902 5611 quibus

324 5632 534 5685 (nutus
558 5645 613 5684 es
631 5668 649 5697 ,
681 5629 931 5701 pollicem
958 5628 1097 5701 quod
1126 5626 1497 5698 multiplicans
1522 5642 1694 5684 semen
1722 5644 1901 5684 eorum

1314 254 1439 310 LIB.
1484 250 1850 314 ADVERSUS
1888 252 2244 315 CLAUDIUM
2284 250 2559 315 TAL'RIN.

1920 4404 1973 4462 D

3469 253 3571 318 5228

1924 369 1976 431 Α
2000 379 2133 423 sicut
2164 371 2343 426 stellas
2379 371 2526 437 cali,
2560 382 2607 426 et
2652 374 2784 427 sicut
2820 386 3031 429 arenam
3060 386 3178 448 q‘me
3214 386 3288 434 est
3325 380 3379 436 in
3404 383 3575 438 littore

2001 461 2161 514 maris
2188 458 2360 532 (Dan.
2389 461 2507 533 ιιι).
2545 460 2697 530 Quod
2730 465 2915 533 procul
2950 467 3113 523 dubio
3151 469 3458 529 nullatenus
3492 476 3575 533 fe-

1999 548 2219 612 cissent,
2249 550 2375 615 nisi,
2403 550 2584 607 divino
2606 552 2878 608 revelanle
2907 555 3133 625 Spiritu,
3160 561 3462 619 certissime
3484 579 3577 621 eo-

1996 637 2305 704 gnovissent
2336 638 2458 708 plus
2491 640 2630 708 apud
2668 640 2953 696 Domimnn
2983 644 3166 699 valere
3199 659 3445 718 sanctos,
3477 655 3573 709 de-

1996 726 2173 797 posita
2220 730 2584 798 corruptibilis
2617 739 2671 785 et
2712 734 2955 789 mortalis
2998 739 3212 793 sarcina
3265 744 3465 807 carnis,
3524 746 3574 802 ei

1996 814 2431 885 inseparabiliter
2456 819 2814 885 adhmrcntes,
2839 838 3001 891 quam
3031 826 3164 881 alios
3193 828 3246 882 in
3272 830 3372 888 hac
3399 835 3576 890 adhuc

1993 922 2297 964 aerumnosa
2324 910 2431 963 vita
2455 910 2729 979 degentes,
2754 914 2845 966 ubi
2874 929 3003 969 caro
3026 921 3360 990 concupiscit
3386 925 3574 982 adver~

1996 1012 2090 1053 sus
2111 1000 2380 1069 spiritum,
2405 1010 2460 1055 et
2482 1003 2704 1071 Spiritus
2728 1005 2988 1061 adversus
3007 1023 3224 1064 carnem
3248 1028 3263 1077 ;
3294 1029 3429 1082 quos
3449 1015 3578 1072 licet

1996 1089 2222 1158 perfecti
2263 1091 2399 1156 sint,
2446 1100 2658 1147 terrena
2702 1103 2878 1150 tamen
2928 1108 3185 1169 aggravat
3223 1120 3286 1158 ac
3322 1106 3577 1176 deprimit

1997 1179 2289 1245 habitatio,
2321 1189 2377 1234 et
2412 1181 2479 1235 de
2510 1184 2811 1266 semetipsis
2844 1201 3057 1257 semper
3084 1192 3277 1247 debent
3312 1210 3429 1251 esse
3467 1199 3576 1251 sol-

2000 1267 2151 1323 liciti.
2191 1269 2344 1325 Unde
2384 1272 2673 1341 Apostolus
2709 1277 2975 1343 queritur,
3014 1284 3260 1349 quamvis
3296 1300 3417 1339 eum
3449 1301 3575 1356 spes

1998 1359 2191 1415 futura:
2212 1362 2523 1417 consolatur
2542 1363 2823 1429 libertatis,
2848 1367 3030 1423 dicens
3048 1388 3060 1423 :
3080 1368 3419 1430 Condelector
3435 1381 3573 1434 enim

1996 1449 2098 1520 legi
2120 1450 2217 1505 Dei
2243 1452 2526 1506 secundum
2560 1453 2854 1508 interiorem
2890 1457 3170 1513 hominem.
3214 1460 3370 1518 Video
3399 1477 3576 1523 autem

1995 1540 2158 1594 aliam
2186 1541 2347 1610 legem
2372 1540 2427 1594 in
2451 1542 2693 1596 membris
2718 1545 2846 1598 meis
2872 1558 3243 1617 repugnantem
3268 1551 3368 1623 legi
3389 1558 3576 1611 mentis

1997 1648 2155 1698 mete,
2187 1641 2235 1685 et
2271 1634 2613 1703 captivantem
2646 1652 2728 1689 me
2760 1636 2816 1689 in
2861 1636 2972 1707 lege
3004 1641 3201 1708 peccati
3236 1658 3355 1712 qua:
3393 1654 3469 1699 est
3518 1649 3575 1702 in

1925 1712 1971 1771 Β
1999 1724 2242 1777 membris
2267 1724 2415 1777 meis.
2447 1723 2646 1795 Infelix
2668 1743 2760 1796 ego
2779 1728 2933 1782 homo
2954 1770 2969 1794 ,
2997 1733 3115 1801 quis
3142 1749 3223 1788 me
3248 1734 3487 1791 liberabit
3512 1740 3578 1793 de

1996 1829 2212 1884 corpore
2231 1818 2414 1872 mortis
2435 1818 2633 1889 hujus?
2657 1819 2842 1875 Gratia
2863 1822 2963 1876 Dei
2982 1839 3076 1893 per
3101 1825 3286 1881 Iesum
3311 1828 3576 1885 Christum

1995 1903 2277 1961 Dominum
2307 1919 2539 1963 nostrum
2571 1909 2746 1982 (Rom.
2780 1911 2898 1985 vn).
2928 1912 3046 1970 Non
3070 1917 3245 1972 solum
3272 1928 3453 1976 autem
3492 1923 3578 1978 di-

1994 1998 2167 2053 versis
2207 1999 2451 2055 vivorum
2490 2004 2984 2062 necessitudinibus
3022 2008 3409 2068 intercessione
3443 2026 3575 2071 san-

1993 2094 2205 2143 ctorum
2222 2105 2253 2143 a
2268 2089 2494 2146 Domino
2514 2093 2833 2149 mirabiliter
2846 2103 2900 2149 et
2921 2099 3334 2165 praesentialiter
3353 2117 3565 2158 succur-

1993 2176 2154 2242 ritur,
2197 2191 2382 2232 verum
2414 2180 2576 2235 etiam
2606 2181 2873 2239 defunctis
2901 2184 3328 2256 ﬁdelibus,juxta
3353 2207 3573 2249 eorum-

1992 2268 2115 2322 dem
2144 2270 2434 2326 memorias
2457 2272 2711 2341 humatis,
2742 2274 2919 2330 divina
2956 2276 3230 2335 credimus
3256 2289 3309 2336 et
3346 2281 3575 2354 legimus

1992 2360 2239 2425 prtestari
2278 2357 2564 2431 suﬁ’ragia,
2594 2362 2680 2417 bis
2706 2363 2957 2421 videlicet
2984 2366 3077 2435 qui
3105 2367 3209 2423 hoc
3246 2382 3344 2439 per
3380 2386 3576 2442 corpus

1992 2456 2119 2501 ante
2145 2458 2475 2518 paraverunt
2502 2459 2556 2505 et
2588 2464 3036 2522 promeruerunt,
3066 2465 3126 2511 ut
3150 2467 3206 2513 et
3230 2460 3494 2516 sacriﬁcia
3521 2472 3577 2518 et

1991 2541 2268 2596 orationes
2295 2550 2456 2612 atque
2479 2543 2834 2615 eleemosynze
2860 2561 2980 2616 qua:
3005 2562 3104 2618 pro
3128 2549 3209 2603 eis
3239 2551 3309 2605 ab
3331 2550 3573 2607 Ecclesia

1991 2629 2076 2685 vel
2116 2630 2183 2685 ab
2228 2632 2417 2688 amicis
2450 2634 2778 2703 quibuslibet
2815 2639 3195 2706 superstitibus
3234 2640 3402 2708 ﬁunt,
3440 2644 3574 2714 ipsis

1991 2731 2114 2793 post
2150 2722 2354 2778 obitum
2396 2724 2608 2780 valeant
2644 2727 2925 2796 prolicere.
2965 2728 3117 2785 Unde
3151 2731 3481 2802 Augustinus
3519 2735 3572 2790 in

1992 2813 2132 2868 libro
2158 2814 2224 2869 de
2248 2829 2377 2869 cura
2405 2831 2504 2886 pro
2530 2819 2759 2874 mortuis
2785 2821 3023 2889 gerenda
3054 2822 3122 2877 ad
3151 2823 3433 2879 Paulinum
3462 2828 3575 2896 epl-

1992 2917 2233 2973 scopum.
2271 2922 2289 2956 ¢
2327 2905 2604 2977 Seripsisti
2638 2908 2770 2963 mihi
2796 2924 3041 2979 qumrens
3066 2926 3097 2966 a
3130 2927 3217 2968 me
3243 2923 3423 2969 utrum
3451 2926 3575 2985 pro-

1994 2994 2066 3051 sit
2088 2994 2280 3065 cuique
2299 3004 2422 3067 post
2445 3005 2674 3052 mortem
2703 3001 3063 3070 quod-corpus
3089 3002 3207 3073 ejus
3228 3005 3367 3072 apud
3401 3006 3573 3061 sancti

1996 3085 2225 3156 alicujus
2245 3087 2561 3144 memoriam
2585 3088 2859 3158 sepelitur.
2886 3106 2903 3142 ι
2926 3090 2993 3144 Ει
3012 3099 3135 3161 post
3154 3107 3326 3163 pauca
3352 3103 3365 3147 ‘:
3390 3114 3408 3146 ε
3435 3095 3572 3151 Nam

1994 3179 2131 3235 dicis
2171 3181 2340 3236 videri
2389 3181 2484 3236 tibi
2520 3197 2627 3237 non
2660 3195 2780 3238 esse
2825 3182 3014 3239 inanes
3052 3196 3229 3241 motus
3272 3189 3575 3245 animorum

1994 3270 2368 3341 religiosorum
2401 3281 2563 3342 atque
2587 3273 2823 3329 ﬁdelium
2845 3290 2945 3346 pro
2974 3277 3088 3333 suis
3119 3278 3219 3334 ista
3248 3282 3573 3337 curantium.

1992 3358 2254 3429 Adjungis
2282 3361 2445 3415 etiam
2477 3364 2657 3418 vacari
2689 3380 2795 3418 nou
2819 3379 2997 3434 posse,
3025 3369 3168 3437 quod
3202 3370 3451 3427 universa
3478 3388 3577 3443 pro

1995 3447 2260 3503 defunctis
2296 3446 2537 3505 Ecclesia
2569 3453 2869 3524 supplicare
2910 3458 3189 3511 consuevit
3217 3476 3230 3510 :
3264 3468 3325 3513 ut
3359 3461 3487 3516 hinc
3520 3470 3577 3516 et

1995 3535 2124 3591 illud
2151 3538 2342 3608 conjici
2368 3540 2569 3608 possit,
2596 3541 2799 3596 homini
2826 3544 3085 3612 prodesse
3116 3555 3240 3615 post
3274 3556 3499 3605 mortem
3528 3552 3573 3605 si

1996 3626 2099 3680 ﬁde
2127 3632 2346 3682 suorum
2379 3629 2651 3686 bumando
2682 3630 2801 3700 ejus
2832 3635 3043 3705 corpori
3077 3637 3199 3691 talis
3226 3639 3576 3709 provideatur

1996 3716 2173 3782 locns,
2209 3717 2262 3771 in
2300 3732 2407 3788 quo
2434 3728 2691 3789 appareat
2724 3721 3004 3792 opitulatio
3025 3764 3040 3791 ,
3078 3726 3242 3783 etiam
3281 3729 3384 3784 isto
3416 3732 3577 3786 modo

1995 3806 2241 3875 quesita,
2264 3816 2593 3863 sanctorum.
2627 3809 2736 3865 Sed
2763 3827 2885 3867 eum
2913 3814 3029 3869 bzec
3056 3816 3130 3870 ita
3158 3817 3286 3883 sint,
3308 3822 3576 3888 quomodo

1994 3899 2123 3955 huic
2155 3901 2393 3971 opinioni
2427 3905 2761 3960 contrarium
2798 3921 2907 3962 non
2964 3908 3037 3964 sit
3072 3911 3215 3980 quod
3250 3913 3325 3968 ait
3349 3913 3579 3984 Apostoc

1994 3989 2079 4045 lus
2109 4006 2124 4045 :
2156 3990 2344 4047 Omnes
2368 3994 2653 4052 astabimus
2685 4007 2807 4053 ante
2835 4000 3067 4055 tribunal
3100 4001 3327 4072 Christi,
3358 4014 3415 4061 ut
3445 4008 3579 4078 refe-

1999 4091 2080 4137 rat
2110 4084 2459 4155 unusquisque
2495 4089 2781 4143 secundum
2819 4106 2881 4144 ea
2911 4106 3028 4162 qui:
3060 4110 3155 4163 per
3183 4108 3368 4168 corpus
3397 4100 3575 4168 gessit,

1996 4177 2101 4230 sive
2138 4176 2327 4232 bonum
2358 4180 2464 4233 sive
2502 4180 2700 4235 malum
2732 4181 2815 4253 (II
2852 4180 2973 4238 Cor.
3004 4201 3057 4251 v,
3091 4187 3199 4256 10),
3231 4205 3337 4245 non
3367 4198 3419 4245 te
3447 4195 3577 4246 satis

1999 4267 2182 4322 videre
2218 4269 2509 4337 signiﬁcas.
2551 4269 2678 4325 Hzec
2726 4273 2922 4342 quippe
2969 4276 3261 4343 apostolica
3307 4281 3576 4334 sententia

2001 4365 2129 4412 ante
2165 4366 2393 4413 mortem
2437 4359 2689 4414 admonet
2734 4362 2878 4427 ﬁeri,
2926 4363 3068 4431 quod
3111 4366 3281 4434 possit
3322 4369 3579 4437 prodesse

1999 4457 2123 4517 post
2154 4456 2412 4514 mortem;
2445 4465 2551 4504 non
2584 4458 2709 4505 tunc
2735 4453 2948 4520 quando
2962 4452 3075 4522 jam
3104 4458 3470 4527 recipiendum
3495 4473 3578 4515 cst

1999 4536 2142 4607 quod
2176 4536 2403 4607 quisque
2433 4541 2659 4610 gesserit
2682 4551 2809 4599 ante
2840 4554 3089 4601 mortem.
3123 4549 3323 4605 Verum
3359 4552 3474 4607 haec
3505 4554 3578 4607 ita

1999 4627 2225 4681 solvitur
2244 4629 2491 4696 qumstio,
2513 4632 2763 4699 quoniam
2784 4635 3015 4704 quodam
3037 4637 3160 4693 vita:
3182 4654 3380 4710 genere
3401 4644 3580 4713 acqui-

1999 4715 2158 4781 ritur,
2186 4716 2313 4770 dum
2337 4717 2388 4771 in
2406 4717 2510 4773 hoc
2528 4734 2755 4790 corpore
2774 4724 2988 4789 vivitur,
3013 4734 3073 4780 ut
3103 4727 3303 4799 aliquid
3325 4730 3581 4802 adjuvant

1910 4828 1913 4833 ν
2000 4808 2100 4862 ista
2131 4806 2444 4875 defunctos;
2475 4824 2541 4866 ac
2587 4826 2683 4881 per
2735 4813 2839 4870 hoc
2888 4816 3181 4872 secundum
3227 4833 3290 4873 ea
3337 4830 3457 4890 qua:
3483 4836 3581 4891 per

2001 4913 2198 4968 corpus
2224 4911 2541 4971 gesserunt,
2583 4904 2662 4958 eis
2696 4920 2817 4974 qua:
2849 4920 2947 4974 per
2975 4922 3172 4978 corpus
3205 4909 3452 4983 religiose
3480 4928 3580 4983 pro

2001 4988 2109 5044 illis
2127 4988 2271 5045 facta
2298 4990 2521 5058 fuerint,
2545 4994 2888 5065 adjuvantur.
2924 4996 3063 5053 Sunt
3095 5001 3239 5055 enim
3276 5016 3412 5072 quos
3445 5003 3579 5057 nihil

2003 5082 2226 5137 omnino
2251 5082 2506 5153 adjuvant
2529 5085 2665 5151 ista;
2694 5087 2809 5142 sive
2832 5101 2931 5157 pro
2949 5089 3031 5145 eis
3055 5089 3187 5145 liam
3214 5106 3442 5161 quorum
3466 5100 3577 5145 tam

2004 5172 2145 5227 mala
2175 5181 2303 5228 sunt
2333 5174 2557 5241 merita,
2583 5183 2643 5230 ut
2671 5190 2847 5246 neque
2884 5177 3081 5235 talibus
3105 5181 3247 5252 digni
3291 5182 3399 5236 sint
3423 5179 3578 5249 adju—

2006 5260 2159 5314 vari:
2192 5260 2307 5317 sive
2332 5277 2433 5333 pro
2452 5264 2533 5319 eis
2557 5279 2785 5334 quorum
2817 5273 2927 5321 tam
2957 5269 3119 5335 bona,
3155 5276 3213 5322 ut
3252 5268 3447 5323 talibus
3469 5284 3577 5322 non

2006 5351 2285 5421 indigeant
2320 5353 2666 5424 adjumentis.
2699 5354 2910 5411 Genere
2933 5357 3098 5425 igitur
3126 5356 3269 5420 vitae,
3295 5355 3437 5423 quod
3458 5370 3578 5425 gest

2005 5443 2079 5498 sit
2110 5444 2341 5514 quisque
2366 5459 2465 5515 per
2491 5460 2686 5516 corpus
2706 5486 2722 5513 ,
2765 5446 2996 5503 eﬁleitur
3021 5454 3080 5499 ut
3105 5444 3314 5516 prosint
3349 5444 3432 5500 vel
3471 5460 3577 5500 non

2003 5536 2216 5606 prosint
2236 5550 2568 5608 quaecunque
2598 5553 2699 5608 pro
2719 5537 2811 5591 illo
2838 5538 2924 5605 pie
2958 5535 3125 5599 ﬁunt,
3153 5549 3275 5588 cum
3299 5534 3582 5605 reliquerit

2005 5642 2225 5700 corpus.
2256 5626 2395 5684 Nam
2421 5629 2675 5685 meritum
2700 5643 2799 5701 per
2824 5626 2966 5698 quod
2993 5626 3097 5682 ista
3126 5626 3356 5698 prosint,
3386 5628 3433 5685 si
3459 5625 3581 5682 nul-
