3838 6144
45 241 144 291 5:37

1351 233 1649 287 υιτΜιΑιΛ
1690 230 1979 288 llECLUSl

3193 234 3302 288 528

47 355 155 410 lum
181 364 551 422 comparatum
577 364 660 409 est
685 355 738 408 in
767 354 870 409 hac
896 355 1000 409 vita
1022 395 1037 420 ,
1083 357 1284 408 lt‘usll'a
1328 362 1447 422 post
1485 353 1624 406 hanc
1653 353 1700 410 A
1729 364 1864 402 rum.
1889 345 2230 402 adversarius
2275 353 2330 400 ct
2359 345 2791 414 blasphematur,
2831 347 3084 400 inimicus
3126 363 3306 404 crucis

47 446 310 516 qua:ritur
333 445 518 499 vitam.
549 445 627 500 Ita
655 443 715 498 ﬁt
741 451 802 497 ut
824 457 997 512 neque
1025 442 1256 496 inaniter
1279 440 1517 494 Ecclesia
1541 439 1625 493 vel

47 551 269 590 suorum
298 550 427 589 cura
454 549 552 604 pro
577 532 860 597 defunctis,
892 533 1034 602 quod
1069 532 1320 602 potuerit,
1351 530 1628 600 religionis

52 629 356 698 impendat;
396 636 449 680 et
479 635 658 680 tamen
687 625 824 679 ferat
850 624 1216 692 unusquisque
1247 624 1542 677 secundum
1562 637 1625 675 ea

51 735 169 787 qua:
198 733 296 786 per
325 731 517 784 corpus
543 715 722 784 gessit,
762 714 875 768 sive
901 715 1099 775 bonum
1119 714 1232 768 sive
1261 713 1479 778 malum,
1508 712 1626 766 red-

52 813 212 866 dente
253 809 484 864 Domino
512 808 799 876 unicuique
843 808 1136 862 secundum
1175 821 1338 877 opera
1377 806 1514 876 ejus.
1559 804 1629 860 Ut

51 903 195 955 enim
237 901 339 954 hoc
367 899 507 969 quod
545 898 903 968 impenditur,
948 899 1122 968 possit
1153 898 1202 952 ei
1229 899 1482 967 prodesse
1506 905 1628 966 post

50 1006 263 1060 corpus,
299 991 352 1044 in
387 1004 450 1044 ea
469 989 579 1044 vita
607 988 929 1058 acquisitum
953 995 1036 1043 est
1060 1003 1219 1057 quam
1248 988 1413 1056 gessit
1436 988 1488 1042 in
1511 1002 1628 1043 cor-

53 1094 204 1147 pore.
245 1098 262 1130 ι
298 1078 361 1132 Et
388 1087 511 1148 post
545 1077 752 1131 multa:
801 1095 818 1127 ι
860 1077 1118 1131 Provisus
1148 1075 1471 1144 sepeliendis
1510 1092 1629 1131 cor-

48 1170 267 1238 poribus
297 1168 438 1238 apud
461 1169 777 1223 memoriam
804 1176 1112 1222 sanctorum
1134 1167 1301 1232 locus,
1327 1167 1479 1221 bona:
1500 1166 1629 1220 aﬁ‘e—

48 1259 241 1314 ctionis
270 1259 519 1313 humanre
546 1265 633 1312 est
677 1273 804 1328 erga
848 1257 1038 1311 funera
1085 1272 1304 1311 suorum
1330 1275 1342 1310 :
1373 1257 1628 1326 quoniam

49 1349 92 1401 si
144 1347 400 1402 nonnulla
429 1347 618 1417 religio
659 1354 741 1400 est
786 1354 845 1400 ut
898 1347 1256 1416 sepeliantur,
1304 1363 1406 1402 non
1451 1356 1629 1418 potest

50 1437 196 1492 nulla
235 1453 358 1493 esse
403 1439 618 1508 quando
659 1438 749 1492 ubi
799 1439 1126 1507 sepeliantur
1162 1439 1474 1494 attenditur.
1524 1439 1628 1494 Sed

52 1547 172 1586 cum
197 1531 322 1585 talia
351 1531 592 1586 vivorum
618 1531 808 1586 solatia
831 1532 1196 1599 requiruntur,
1218 1533 1414 1600 quibus
1439 1547 1628 1587 eorum

53 1621 172 1690 pius
198 1622 251 1675 in
279 1636 405 1676 suos
433 1621 644 1676 animus
670 1628 956 1690 appareat,
1003 1637 1111 1677 non
1156 1623 1310 1676 video
1353 1637 1472 1691 quae
1523 1624 1631 1678 sint

1729 438 1955 504 Christi,
1979 445 2288 505 sancteque
2317 436 2434 505 ejus
2459 436 2767 490 destructor
2795 445 2850 489 et
2892 435 3154 491 caullator
3181 439 3308 493 ima-

1727 530 1887 600 ginis,
1921 543 1986 584 ac
2025 543 2122 598 per
2154 529 2255 582 hoc
2283 527 2546 598 gradatim
2571 527 2891 592 ascendens,
2925 529 3313 586 incarnationis

1727 630 1782 676 et
1808 619 2072 690 passionis
2096 620 2212 690 ejus
2251 619 2460 674 derisor
2503 628 2557 672 et
2589 627 2948 688 contemptor.
2991 620 3316 691 Ubicunque

1727 713 1872 768 enim
1911 709 2162 764 Cruciﬁxi
2193 724 2402 764 sacram
2433 709 2669 762 intuetur
2706 706 2955 777 efﬁgiem,
2987 725 3114 765 suos
3140 713 3312 765 strin-

1728 817 1859 872 gens
1898 800 2083 856 oeulos
2129 814 2296 868 osque
2347 797 2531 853 buccis
2568 806 2934 867 contorquens
2977 802 3314 856 tumentibus

1729 893 2108 950 subsannando
2121 899 2177 947 et
2197 889 2572 946 cachinnando
2591 891 2884 958 perstrepit
2899 899 3058 959 atque
3077 890 3309 947 clamat:

1729 983 1868 1039 Ecce
1894 982 2142 1037 Christus
2171 988 2434 1044 mortuus,
2459 987 2515 1034 et
2540 986 2732 1033 tortus.
2777 978 2949 1045 Quem
2987 982 3056 1036 ob
3088 981 3190 1036 hoc
3212 982 3316 1038 Ju-

1729 1074 1830 1129 dazi
1859 1089 1971 1144 pra:
2007 1071 2220 1128 caeteris
2267 1072 2320 1124 in
2365 1071 2466 1126 hac
2515 1069 2734 1140 regione
2768 1070 3108 1137 collaudant,
3139 1073 3317 1127 omni-

1729 1167 1938 1236 busque
1969 1163 2286 1234 proferunt;
2323 1173 2378 1218 et
2404 1162 2531 1232 quia
2563 1163 2616 1216 in
2645 1162 2787 1217 nullo
2817 1165 2886 1218 ab
2916 1178 3104 1219 eorum
3133 1168 3309 1220 tradi-

1729 1255 1877 1309 tione
1895 1263 1950 1309 et
1971 1254 2228 1324 religione
2255 1253 2518 1319 dissonat,
2534 1254 2992 1323 sapientissimum
3018 1271 3141 1312 eum
3161 1257 3314 1312 Chri-

1730 1347 2031 1402 stianorum
2055 1353 2282 1411 vocant,
2331 1360 2468 1416 quos
2507 1345 2677 1400 veluti
2713 1346 2991 1416 imperitos
3026 1357 3081 1403 et
3111 1349 3315 1406 inScios

1730 1439 1798 1494 ab
1827 1453 1893 1493 eo
1941 1437 2148 1493 discere
2194 1446 2250 1492 et
2291 1451 2420 1492 suos
2460 1437 2574 1492 ﬁeri
2608 1437 2901 1506 discipulos
2928 1439 3222 1496 deridendo
3256 1452 3312 1496 et

1728 1528 2038 1584 insultando
2075 1528 2463 1592 exhortantur;
2514 1527 2629 1597 ipso
2675 1527 3026 1584 nihilominus
3070 1530 3310 1587 vicissim

1731 1635 1844 1686 eos,
1883 1627 1940 1674 et
1965 1619 2200 1674 maxime
2230 1635 2358 1674 suos
2395 1617 2584 1674 afﬁnes
2612 1618 2934 1685 Saracenos,
2977 1621 3160 1678 nimiis
3209 1623 3311 1694 hy-

53 1709 362 1779 adjumcnta
388 1720 741 1777 mortuorum,
770 1713 872 1766 nisi
907 1713 972 1767 ad
995 1713 1099 1768 huc
1129 1722 1189 1768 ut
1219 1714 1344 1768 dum
1385 1715 1624 1770 recolunt

1731 1708 2127 1778 perbolicisque
2149 1707 2406 1763 efferente
2434 1709 2739 1777 przeconiis.
2785 1709 2885 1764 Hie
2914 1711 3075 1782 igitur
3098 1720 3309 1768 tantum

55 1799 146 1852 ubi
174 1800 282 1855 sint
304 1802 479 1870 posita
502 1817 688 1857 eorum
720 1818 856 1871 quos
893 1804 1120 1873 diligunt
1145 1819 1393 1875 corpora,
1425 1807 1627 1861 eisdem

55 1891 260 1945 sanctis
281 1890 402 1946 illos
428 1899 681 1960 tanquam
711 1895 955 1962 patronis
979 1903 1255 1964 susceptos
1281 1897 1419 1964 apud
1452 1897 1631 1950 Domi-

56 1997 183 2036 num
213 1981 542 2052 adjuvandus
567 1986 772 2041 orando
798 1987 1194 2042 commendent.
1233 1988 1386 2054 Quod
1414 1989 1629 2059 quidam

55 2071 232 2128 facere
256 2082 496 2142 possent,
521 2074 734 2130 etiamsi
761 2077 957 2132 talibus
992 2077 1124 2133 locis
1149 2093 1242 2134 eos
1271 2081 1494 2134 humare
1523 2096 1627 2134 non

52 2171 290 2231 possent.
343 2183 361 2216 ι
407 2163 474 2217 Et
519 2179 680 2220 mox:
731 2184 748 2217 ι
779 2166 911 2222 Cum
961 2168 1144 2237 itaque
1187 2169 1376 2224 recolit
1417 2170 1630 2225 animus

51 2255 143 2308 ubi
175 2254 440 2324 sepultum
471 2255 541 2310 sit
563 2257 864 2313 charissimi
893 2275 1112 2331 corpus,
1147 2270 1202 2316 et
1224 2264 1461 2317 occurrit
1482 2263 1632 2319 locus

52 2341 270 2397 nomine
300 2344 556 2414 martyris
580 2347 924 2412 venerabilis,
947 2349 1120 2405 eidem
1148 2353 1371 2422 martyri
1394 2353 1629 2406 animam

53 2431 300 2488 dilectam
323 2437 660 2492 commendat
676 2441 1008 2496 recordantis
1021 2450 1076 2496 et
1093 2444 1366 2512 precantis
1380 2444 1626 2500 affectus.

55 2524 158 2590 Qui
186 2539 308 2580 cum
337 2525 604 2584 defunctis
632 2545 663 2582 a
691 2529 937 2587 ﬁdelibus
960 2533 1298 2590 charissimis
1319 2538 1626 2602 exhibetur,

53 2629 176 2668 eum
220 2615 478 2684 prodesse
506 2633 611 2672 non
659 2620 878 2674 dubium
907 2630 989 2678 est
1029 2623 1096 2678 iis
1126 2625 1239 2694 qui,
1273 2640 1395 2680 eum
1429 2627 1482 2682 in
1511 2642 1632 2682 cor-

52 2718 184 2772 pore
220 2705 488 2773 viverent,
521 2710 648 2764 talia
689 2711 792 2766 sibi
835 2720 957 2782 post
999 2713 1138 2771 hanc
1167 2715 1332 2770 vitam
1373 2718 1631 2786 prodesse

53 2805 386 2852 meruerunt.
423 2817 442 2850 »
473 2798 709 2866 Idcirco,
736 2810 793 2856 ut
819 2803 1084 2870 arbitror,
1132 2805 1449 2863 Ambrosius
1474 2824 1629 2864 suum

54 2880 278 2939 fratrem
303 2885 748 2959 Satyrum,quem
776 2894 998 2948 nimium
1029 2895 1308 2963 dilexerat,
1327 2897 1480 2967 juxta
1506 2915 1627 2954 san-

55 2982 200 3028 ctum
216 2985 504 3047 martyrem
531 2981 800 3037 Victorem
825 2985 1086 3054 sepelivit,
1111 2986 1176 3041 de
1199 3001 1305 3057 quo
1328 2996 1438 3043 tres
1465 2989 1630 3044 libros

55 3064 221 3119 edidit
247 3068 490 3142 egregios
515 3083 530 3122 :
563 3086 727 3126 unum
754 3072 818 3127 de
845 3074 961 3145 ejus
985 3074 1197 3146 planctu
1216 3119 1229 3141 ,
1264 3078 1462 3134 alteros
1488 3079 1624 3135 duos

59 3156 446 3214 consolatorios
494 3161 560 3216 de
606 3167 1003 3223 resurrectione
1043 3175 1098 3223 et
1142 3170 1412 3239 paradiso.
1462 3171 1625 3243 Cujus

53 3246 384 3317 epitaphium
408 3249 510 3306 hoc
533 3252 769 3310 dictatur
798 3257 1149 3314 tetrasticho:

125 3377 328 3436 Uranio
358 3381 552 3453 Satyro
575 3400 884 3455 supremum
907 3387 1076 3446 frater
1099 3391 1359 3447 honorem

193 3470 445 3542 Martyris
473 3474 541 3530 ad
567 3476 754 3531 laevam
782 3479 973 3535 detulit
1001 3481 1340 3540 Ambrosius.

123 3560 246 3618 llaec
272 3565 451 3621 meriti
481 3582 689 3625 merces
712 3579 771 3624 ut
798 3573 938 3627 sacri
971 3577 1251 3645 sanguinis
1275 3578 1471 3636 humor

193 3655 477 3715 Finitimas
501 3673 793 3730 penetrans
820 3665 986 3720 alluat
1010 3669 1252 3724 exuvias.

123 3792 427 3850 Concordat
452 3806 630 3852 autem
661 3799 786 3852 huic
804 3800 999 3853 rationi
1020 3801 1160 3870 quod
1187 3802 1384 3873 legitur
1411 3807 1463 3860 in
1479 3785 1627 3864 libro

52 3887 276 3956 Regum,
309 3887 539 3941 cadaver
566 3888 844 3956 cujusdam
879 3892 1140 3956 hominis,
1187 3904 1248 3949 ut
1291 3911 1414 3951 ossa
1449 3898 1626 3955 Elisaei

53 3976 328 4046 prophetae
377 3977 632 4048 tetigerit,
675 3981 859 4036 statim
905 3981 1071 4039 fuisse
1109 3987 1509 4044 resuscitatum.
1549 3990 1623 4046 Ita

51 4067 194 4120 enim
222 4065 294 4120 ibi
321 4067 626 4123 continetur
649 4088 661 4124 :
695 4069 934 4126 Mortuus
961 4083 1034 4126 est
1060 4091 1180 4145 ergo
1206 4075 1432 4132 Elisarus
1465 4089 1512 4133 et
1546 4097 1626 4134 sc-

51 4155 307 4226 pelierunt
347 4175 484 4214 eunt.
519 4157 828 4215 Latrunculi
863 4180 1064 4234 quoque
1091 4165 1154 4219 de
1183 4166 1340 4221 Moab
1381 4179 1624 4225 venerunt

51 4248 104 4301 in
133 4257 323 4304 terram
351 4252 405 4305 in
432 4253 543 4322 ipso
568 4269 726 4308 anno.
753 4252 980 4320 Quidam
1003 4265 1175 4311 autem
1205 4259 1503 4328 sepelientes
1526 4261 1623 4315 ho-

1729 1807 1784 1853 et
1814 1799 1995 1854 taliter
2021 1807 2222 1854 sanctae
2247 1806 2304 1853 et
2329 1798 2610 1853 catholicae
2638 1798 2760 1853 ﬁdei
2789 1808 2844 1856 et
2871 1815 3017 1856 sanae
3053 1801 3312 1858 doctrinm

1731 1887 2155 1942 obstinatissime
2180 1888 2457 1954 resistens,
2481 1896 2534 1942 et
2555 1897 2744 1942 contra
2764 1889 2904 1943 hanc
2929 1890 3312 1959 procacissime

1729 1979 1977 2050 garriens
2003 1989 2058 2034 et
2085 1981 2419 2036 contendens
2438 2019 2453 2047 ,
2482 1987 2541 2034 ut
2579 1981 3023 2050 perversissimus
3050 1982 3311 2036 schisma-

1732 2072 1899 2134 ticus,
1949 2069 2411 2139 pravissimusque
2462 2070 2752 2126 hiereticus
2802 2071 3213 2140 corripiendus;
3256 2082 3310 2126 et

1731 2161 1884 2231 quasi
1909 2177 2006 2217 vas
2033 2160 2225 2216 inutile
2239 2161 2577 2218 amarissimo
2594 2161 2736 2228 felle,
2755 2169 2811 2217 et
2829 2177 3037 2217 veneno
3064 2162 3312 2218 lethifero

1729 2248 1968 2319 plenum,
1995 2249 2302 2319 apostolicae
2338 2259 2394 2304 et
2433 2251 2706 2306 canonicae
2739 2251 3080 2307 auctoritatis
3105 2267 3311 2322 praeva—

1730 2338 1836 2394 lida
1868 2340 2250 2406 conterendus,
2291 2340 2401 2395 imo
2447 2339 2863 2411 confringendus
2908 2351 2996 2396 est
3032 2343 3201 2414 virga.
3242 2344 3309 2398 lit

1729 2430 1875 2485 enim
1910 2440 2104 2486 extera
2131 2432 2398 2496 omittam,
2426 2433 2694 2501 quomodo
2719 2441 2812 2487 aut
2841 2434 3076 2502 qualiter
3101 2434 3308 2511 episco-

1729 2536 1831 2591 pus
1860 2537 2076 2578 erucem
2107 2522 2318 2578 Domini
2349 2525 2667 2591 abhorrens,
2698 2526 3042 2592 conculcans,
3071 2526 3293 2590 violans,

1730 2625 1794 2666 ac
1816 2612 2102 2668 destruens
2130 2611 2500 2669 ecclesiastica
2521 2612 2712 2681 oﬂicia,
2744 2617 2848 2672 hoc
2887 2625 2973 2672 est
3004 2617 3302 2687 baptizare,

1729 2705 1968 2759 chrisma
1994 2705 2278 2772 conﬁcere,
2307 2722 2500 2762 manus
2536 2697 2951 2776 impositionem,
2978 2709 3300 2764 benedictio-

1731 2812 1924 2852 nemve
1947 2797 2183 2868 aliquam
2214 2799 2375 2864 dare,
2405 2807 2498 2854 aut
2524 2799 2791 2870 quaslibet
2822 2800 3000 2856 facere
3025 2817 3299 2857 consecra-

1733 2889 1926 2955 tiones,
1955 2897 2049 2944 aut
2078 2889 2298 2945 missam
2333 2890 2608 2948 celebrare
2644 2892 2761 2948 sine
2786 2892 2928 2948 illius
2956 2893 3294 2963 inscriptione

1732 2979 1997 3035 salutiferi
2027 2988 2203 3051 potest
2231 2983 2512 3054 signaculi,
2545 2983 2661 3040 sine
2684 2999 2792 3055 quo
2818 2984 2921 3041 ista
2947 2985 3128 3042 omnia
3151 3000 3295 3042 sacra

1731 3069 1834 3124 rite
1858 3085 1921 3124 ac
1951 3070 2155 3126 illibate
2176 3071 2358 3141 peragi
2382 3073 2687 3142 nequeunt?
2723 3071 2862 3128 Hine
2883 3081 3107 3130 sanctus
3129 3073 3296 3144 Augu-

1727 3160 1901 3215 stinus
1927 3161 2003 3214 ait
2033 3161 2085 3215 in
2128 3163 2463 3232 expositione
2497 3163 2770 3234 Evangelii
2814 3165 3110 3220 secundum
3152 3163 3298 3220 Joan-

1726 3265 1849 3305 nem
1877 3269 1888 3303 :
1939 3271 1957 3301 ι
1993 3251 2271 3307 Postremo
2294 3252 2421 3322 quid
2445 3260 2529 3308 est
2564 3253 2708 3323 quod
2732 3267 2920 3308 omnes
2947 3263 3208 3309 noverunt
3232 3254 3298 3308 si-

1725 3360 1888 3415 gnum
1919 3343 2151 3410 Christi,
2200 3344 2304 3399 nisi
2336 3360 2471 3400 crux
2501 3343 2741 3399 Christi?
2775 3345 2928 3412 Quod
2966 3346 3297 3420 signum‘nisi

1728 3435 2050 3491 adhibeatur
2072 3435 2185 3491 sive
2211 3435 2477 3492 frontibus
2503 3435 2858 3518 credentium,
2897 3437 3014 3492 sive
3035 3437 3132 3506 ipsi
3156 3450 3297 3506 aqua:

1726 3543 1792 3581 ex
1825 3542 1932 3597 qua
1974 3538 2365 3598 regenerantur
2386 3569 2401 3596 ,
2440 3528 2555 3584 sive
2601 3528 2722 3584 oleo
2750 3544 2856 3599 quo
2892 3529 3183 3586 chrismate
3208 3545 3297 3582 un—

1726 3625 1941 3687 gantur,
1973 3616 2090 3672 sive
2116 3617 2386 3672 sacriﬁcio
2411 3631 2517 3687 quo
2542 3616 2760 3672 aluntur
2777 3657 2791 3682 ,
2836 3617 2971 3672 nihil
2992 3633 3181 3674 eorum
3204 3618 3298 3672 rite

1725 3705 2023 3778 perﬁcitur.
2055 3705 2332 3774 Quomodo
2355 3721 2484 3778 ergo
2516 3721 2616 3778 per
2644 3707 2695 3762 id
2732 3707 2875 3778 quod
2903 3707 3032 3764 mali
3075 3707 3295 3772 faciunt,

1726 3798 1860 3853 nihil
1890 3797 2019 3853 boni
2047 3797 2416 3869 signiﬁcatur,
2459 3799 2674 3869 quando
2722 3815 2820 3870 per
2858 3815 3076 3857 crucem
3102 3798 3297 3858 Christi

1724 3905 1887 3960 quam
1921 3888 2165 3946 fecerunt
2206 3891 2330 3945 mali
2360 3891 2414 3945 i‘n
2452 3890 2812 3946 celebratione
2844 3889 3296 3948 sacramentorum

1724 3980 1861 4050 ejus,
1882 3982 2081 4038 bonum
2115 3982 2268 4038 nobis
2294 3997 2454 4039 omne
2493 3982 2779 4054 signatur?
2819 4003 2839 4036 ι
2880 3982 3190 4051 Quomodo,
3219 3984 3271 4040 in

1725 4086 1904 4139 quam,
1936 4072 2079 4128 inter
2108 4072 2459 4130 Christicolas
2489 4075 2756 4130 veraciter
2793 4077 2994 4146 poterit
3028 4075 3295 4146 reputari,

1725 4163 1850 4218 dum
1881 4178 1944 4219 ea
1973 4179 2092 4233 quae
2133 4166 2398 4222 catholica
2455 4176 2675 4222 exercet
2721 4168 2965 4224 Ecclesia
3011 4167 3211 4224 refutat
3237 4182 3297 4222 ac

1725 4255 2067 4310 detestatur?
2101 4255 2158 4309 ln
2201 4255 2406 4313 litaniis
2437 4259 2579 4312 enim
2627 4266 2682 4313 et
2719 4258 2775 4312 in
2808 4259 3018 4314 caneris
3046 4257 3298 4314 Ecclesiae

51 4337 242 4392 minem
271 4339 507 4394 viderunt
539 4339 863 4397 latrunculos
890 4351 937 4396 et
967 4345 1296 4414 proiecerunt
1321 4347 1546 4403 cadaver
1568 4349 1622 4404 in
1651 4381 1702 4440 Ι)
1727 4344 1924 4404 ofﬁciis
1953 4347 2155 4401 nullum
2184 4358 2494 4404 sanctorum
2519 4350 2635 4405 vult
2659 4365 2978 4418 memorare,
3008 4357 3102 4406 aut
3125 4351 3298 4407 nomi-

47 4428 343 4496 sepulcrum
368 4430 570 4496 Elisa’i,
595 4436 732 4503 quod
753 4435 994 4498 adlursit,
1019 4446 1065 4490 et
1085 4438 1248 4507 tetigit
1275 4454 1390 4491 ossa
1416 4438 1618 4506 Eliswi,

48 4527 94 4570 et
119 4519 298 4573 revixit
321 4521 492 4584 homo,
511 4531 556 4574 et
573 4524 706 4576 stetit
730 4541 884 4592 super
901 4524 1054 4594 pedes
1071 4542 1192 4579 suos
1210 4524 1260 4596 (1
1279 4524 1314 4578 ν
1333 4517 1458 4598 Reg.
1476 4529 1618 4600 xm).

49 4605 144 4661 llis
168 4623 296 4678 ergo
320 4610 571 4666 omnibus
597 4613 844 4682 superius
869 4630 1066 4683 compr.
1090 4617 1294 4683 hcnsis,
1322 4620 1623 4675 certissime

47 4704 102 4749 et
127 4697 528 4754 evidentissime
556 4711 704 4771 patet
730 4705 968 4772 picturas
995 4717 1214 4763 sanctas
1235 4748 1248 4773 ,
1293 4718 1345 4762 et
1377 4719 1621 4764 sanctam

49 4784 259 4840 Domini
289 4803 538 4855 crucem,
575 4801 628 4844 et
669 4808 851 4847 sacras
889 4794 1181 4850 electorum
1229 4797 1323 4851 Dei
1365 4799 1624 4867 reliquias

47 4875 222 4945 dignis
250 4885 306 4931 et
335 4881 586 4948 congruis
624 4883 916 4938 honoribus
963 4901 993 4939 a
1038 4887 1318 4942 catholicis
1349 4897 1404 4943 et
1431 4891 1619 4945 ortho-

49 4963 201 5018 doxis
223 4964 277 5018 in
302 4965 410 5020 Deo
433 4975 485 5020 et
515 4978 732 5039 propter
755 4971 925 5026 Deum
954 4975 1194 5030 venerari
1224 4985 1492 5044 oportere,
1514 4995 1619 5034 non

47 5062 105 5108 ut
131 5057 488 5113 sacriﬁcando
519 5061 600 5114 eis
631 5062 840 5116 divinus
870 5064 1060 5126 honor,
1095 5075 1149 5120 et
1177 5067 1352 5122 cultus
1381 5069 1480 5124 soli
1509 5069 1620 5127 Deo

43 5147 284 5201 omnium
313 5149 547 5203 creatori
575 5150 783 5204 debitus
812 5151 881 5205 sit
907 5167 937 5205 a
964 5168 1235 5224 quoquam
1264 5155 1615 5225 deferendus,

44 5240 136 5294 sed
164 5248 219 5294 ut
247 5240 300 5294 in
339 5239 454 5307 ejus
493 5256 674 5296 amore
695 5283 708 5306 ,
753 5241 988 5310 honore,
1021 5245 1207 5312 laude,
1242 5253 1296 5301 et
1323 5247 1493 5317 gloria
1521 5264 1617 5305 sua

43 5337 250 5394 sancta,
292 5330 544 5399 insignia,
572 5341 624 5386 et
659 5333 984 5388 venerabilia
1026 5349 1187 5400 vasa,
1234 5343 1394 5405 prout
1432 5338 1614 5404 decet,

41 5421 252 5489 singula
274 5437 461 5478 eorum
483 5423 550 5477 ab
569 5426 820 5480 omnibus
843 5425 1088 5481 ﬁdelibus
1110 5436 1162 5480 et
1185 5427 1448 5498 religiosis
1468 5430 1614 5485 salva

44 5509 148 5564 ﬁde
179 5521 234 5566 et
273 5530 378 5570 non
424 5515 550 5570 ﬁcta
597 5515 932 5570 honorentur
973 5527 1028 5570 et
1069 5519 1482 5586 amplectantur.
1523 5521 1614 5577 Ille

46 5613 173 5656 vero
200 5601 562 5660 Eunomianus
595 5614 650 5660 et
676 5603 1089 5676 Vigilantianus,
1118 5610 1356 5664 omnium
1397 5621 1612 5666 sancto-

1730 4450 1885 4500 nare,
1911 4435 1998 4490 vel
2041 4451 2229 4491 eorum
2269 4439 2630 4493 anniversaria
2677 4439 2949 4494 celebrare
2992 4438 3160 4504 festa,
3207 4439 3298 4494 sed

1728 4523 1874 4577 velut
1904 4539 2096 4578 vanam
2134 4527 2563 4582 observationem
2592 4537 2646 4582 et
2671 4527 2910 4584 inutilem
2958 4530 3299 4584 consuetudic

1729 4628 1850 4666 nem
1881 4614 2200 4684 despiciens,
2248 4617 2428 4672 omnia
2470 4619 2852 4689 prmtermittit.
2884 4619 2963 4675 Ne
3005 4623 3160 4690 quasi
3205 4636 3298 4692 per

1727 4717 1914 4757 eorum
1941 4704 2355 4762 intercessiones
2385 4707 2585 4777 aliquid
2619 4723 2650 4762 a
2681 4709 2790 4763 Deo
2826 4711 3098 4780 pustulare
3122 4711 3298 4766 videa—

1731 4803 1840 4861 tur,
1885 4797 2082 4866 quibus
2107 4799 2340 4868 seipsum
2370 4801 2606 4870 praefert,
2637 4801 2847 4856 illorum
2877 4801 3131 4872 reliquias
3161 4803 3296 4856 ossi.

1724 4885 1821 4939 bus
1855 4900 2141 4954 pecorum,
2184 4887 2457 4958 aridisque
2499 4889 2656 4960 lignis
2683 4905 2746 4945 ac
2773 4889 3040 4960 lapidibus
3078 4905 3291 4961 compa-

1723 4973 1925 5039 rando,
1971 4974 2243 5046 lampades
2291 4993 2581 5048 cereusque
2632 4979 2686 5033 in
2733 4979 2974 5035 Ecclesia
3018 4995 3118 5050 per
3155 4981 3293 5036 diem

1722 5064 1920 5130 lucere,
1953 5068 2246 5138 oculosque
2275 5071 2476 5126 orando
2507 5072 2572 5126 ad
2605 5083 2802 5126 terram
2833 5073 3092 5128 inclinare
3115 5075 3291 5144 prohi—

1721 5156 1832 5222 bet,
1870 5159 2024 5226 quasi
2053 5159 2194 5214 Deus
2223 5161 2421 5230 ubique
2451 5177 2555 5216 non
2584 5173 2722 5218 esset
2746 5202 2762 5229 ,
2804 5171 2860 5218 et
2887 5164 3040 5233 quasi
3065 5165 3168 5218 hoc
3193 5164 3290 5217 hu-

1725 5250 1968 5305 militatis
1990 5267 2055 5306 ac
2082 5252 2286 5306 devote
2314 5254 2573 5308 orationis
2597 5255 2849 5310 indicium
2881 5254 2996 5310 fore
3013 5271 3123 5309 non
3150 5254 3288 5307 vide-

1722 5348 1891 5395 retur.
1921 5341 2054 5395 Cum
2086 5343 2136 5395 in
2169 5343 2456 5414 Evangelio
2491 5345 2557 5398 de
2593 5346 2880 5414 publicano
2907 5346 3141 5416 legitur:
3184 5342 3290 5396 Nec

1721 5431 1902 5484 oculos
1927 5432 2150 5485 audebat
2181 5434 2249 5485 ad
2279 5434 2458 5487 aulum
2492 5435 2660 5489 [crare
2688 5437 2837 5507 (Luc.
2869 5453 3020 5500 xvm,
3045 5435 3150 5507 10).
3175 5434 3288 5488 Ste-

1718 5522 2034 5589 phanusque
2063 5539 2161 5592 pro
2187 5523 2546 5592 lapidantibus
2570 5542 2629 5580 se
2658 5543 2819 5580 orans
2841 5543 3013 5597 genua
3037 5526 3214 5597 posuit
3233 5524 3284 5577 ia

1716 5621 1915 5670 terram
1949 5614 2084 5688 (Act.
2113 5631 2208 5681 vn,
2239 5615 2348 5688 60).
2385 5616 2488 5672 Sed
2511 5627 2564 5672 et
2591 5618 2786 5673 Paulus
2824 5619 3041 5675 Simone
3076 5619 3226 5690 Mago
3254 5633 3281 5674 a
