3838 6144
283 373 390 428 529
1760 368 2086 427 CARMINA.
3447 377 3551 433 530

283 486 623 547 daemonibus
648 487 700 543 in
724 499 851 542 aera
874 486 1134 543 subrecto
1155 498 1359 557 pronus
1380 488 1447 542 ad
1471 496 1670 543 terram
1691 502 1876 543 orasse
1904 490 1954 550 A
1979 490 2094 545 haec
2136 488 2336 545 diutius
2374 488 2716 545 dissimulare
2763 507 2867 545 non
2910 492 3209 547 debuerant
3233 508 3246 556 ;
3273 507 3447 562 neque
3487 494 3555 550 ad

285 578 637 636 describitur.
666 576 795 633 Haec
816 584 998 633 autem
1019 578 1234 633 interim
1260 578 1462 634 dixisse
1482 578 1734 634 sufﬁciat.
1759 579 1875 635 Caa—
1976 578 2172 633 damna
2200 579 2500 633 animarum
2522 581 2843 635 cumulamla
2865 591 2919 635 et
2940 597 3195 637 cancrum
3218 580 3557 639 mortiferum

284 680 406 726 tera
425 684 562 726 vero
584 683 750 739 quam
773 668 1006 737 plurima
1035 684 1156 740 qua:
1191 684 1290 739 per
1316 670 1452 725 alios
1488 669 1673 725 ﬁdeles
1699 670 1876 725 homi-
1976 668 2341 733 nutriendum,
2376 668 2467 722 tali
2498 678 2616 723 erat
2643 671 2973 740 parcendum
2997 669 3225 736 homini,
3256 671 3369 740 qui,
3394 680 3455 726 ut
3479 671 3558 727 ait

287 776 386 817 nes
408 767 465 817 et
494 774 717 816 veraces
759 760 829 815 ab
855 773 923 814 eo
948 758 1154 829 prolata
1195 760 1477 816 audientes
1509 769 1565 816 et
1601 761 1757 815 nobis
1788 775 1873 816 rc-
1978 757 2286 829 Apostolus,
2309 758 2421 814 Deo
2444 774 2548 814 non
2574 760 2770 829 placet,
2793 772 2849 815 et
2862 761 3112 816 omnibus
3133 761 3441 816 hominibus
3464 762 3559 817 ad.

286 851 601 906 nuntiantes
636 849 961 914 didicimus,
1007 858 1117 904 tam
1157 849 1322 920 impia
1365 859 1421 906 et
1455 856 1566 905 tam
1608 850 1873 921 sacrilega
1979 854 2241 902 versatur.
2294 847 2405 918 Ego
2445 863 2574 904 vero
2618 850 2687 906 ob
2731 851 2926 905 divina:
2969 853 3148 908 crucis
3191 860 3555 924 contemptum

287 944 590 1010 habentur,
635 949 696 996 ut
723 941 938 997 animus
973 940 1315 997 Christianus
1339 942 1423 998 vel
1447 954 1510 997 ea
1537 941 1735 997 litteris
1763 951 1874 997 tra-
1979 936 2192 1002 telam.
2218 944 2274 991 el
2311 937 2533 993 πειθηᾶο
2562 949 2885 1009 commotus,
2909 941 3411 1013 blasphemiamque
3435 958 3555 999 san-

292 1037 437 1101 dere,
467 1034 553 1089 vel
596 1032 720 1088 aliis
761 1031 970 1087 referre
1000 1039 1214 1087 recuset
1254 1039 1310 1087 et
1355 1039 1635 1102 expaveat.
1666 1029 1872 1086 Idcirco
1978 1036 2193 1085 ctorum
2223 1027 2387 1082 surda
2417 1043 2548 1083 aure
2578 1031 2811 1087 transire
2832 1032 3113 1102 nequiens,
3135 1033 3261 1102 quia
3286 1032 3555 1088 membro-

295 1126 383 1180 illa
411 1123 648 1179 scribere
681 1122 993 1178 amittentes
1027 1122 1095 1176 ad
1130 1120 1328 1185 verba,
1361 1120 1732 1177 tantummodo
1760 1135 1872 1176 sua:
1978 1133 2099 1173 rum
2123 1116 2409 1187 despectus
2435 1118 2505 1172 ad
2532 1119 2725 1188 capitis
2761 1122 2844 1175 sui
2886 1122 3151 1177 redundat
3188 1122 3460 1193 injuriam,
3489 1136 3557 1177 eo

298 1215 530 1286 epistola:
553 1211 881 1283 respondere
900 1211 1227 1267 curavimus.
1254 1210 1482 1281 Propter
1503 1210 1662 1267 istam
1689 1217 1872 1265 autem
1976 1210 2217 1266 dicente:
2250 1208 2354 1275 Qui
2377 1226 2463 1264 vos
2485 1212 2700 1280 spernit,
2715 1229 2796 1267 me
2818 1215 3012 1284 spernit
3039 1214 3189 1287 (Luc.
3214 1231 3269 1282 χ,
3294 1214 3405 1287 16).
3429 1214 3556 1270 llaec

302 1305 696 1360 insanissimam
744 1300 1163 1372 perversitatem
1212 1302 1392 1357 renuit
1438 1302 1505 1356 ad
1549 1308 1872 1357 conventum
1976 1315 2149 1370 pauca
2172 1302 2244 1356 de
2269 1301 2474 1356 sanctis
2500 1301 2652 1357 libris
2681 1318 2981 1368 assumens,
3008 1304 3231 1377 collegi,
3263 1306 3309 1361 si
3334 1319 3555 1361 necesse

300 1406 578 1448 occurrere
627 1392 1046 1462 episeoporum,
1093 1406 1296 1447 vocans
1343 1391 1558 1446 illorum
1609 1388 1873 1462 synodum
1975 1389 2140 1447 fuerit
2185 1391 2252 1447 ad
2298 1392 2658 1448 resistendum
2694 1392 2944 1459 diabolo,
2977 1392 3193 1450 Obristo
3235 1395 3550 1465 opitulante.

301 1484 763 1557 congrtgationem
786 1482 1084 1539 asinorum.
1101 1481 1209 1539 Sed
1231 1482 1308 1538 illi
1332 1483 1558 1538 nimium
1582 1481 1871 1551 patientes,
1974 1481 2064 1538 bis
2098 1480 2226 1548 alia,
2251 1491 2415 1552 prout
2440 1483 2556 1554 ipse
2585 1483 2815 1552 dederit,
2843 1482 3212 1553 adiuncturus.

1211 1767 1837 1883 DUNGALI
1923 1767 2599 1881 CARMINA.

1265 1985 1525 2051 (mrtem,
1551 1988 1764 2051 ampliss.
1788 1984 2013 2047 Collect.,
2039 1991 2159 2037 tom.
2186 1985 2272 2051 Vl,
2299 1999 2409 2050 pag.
2436 1987 2488 2037 8t
2505 1986 2567 2049 l.)

712 2200 1019 2257 CARMINA
1058 2198 1103 2266 1,
1133 2198 1200 2266 Η,
1228 2198 1316 2264 ΙΙΙ,
1349 2196 1439 2253 IV.
1900 2199 1949 2257 Β

1277 2198 1316 2264 l,
1349 2196 1439 2253 IV.
1900 2199 1949 2257 Β
2726 2194 2789 2253 Χ.

802 2306 868 2386 γε
1145 2304 1349 2386 itus;
1473 2375 1485 2386 .
2131 2308 2318 2381 ερίταρ

2131 2308 2473 2381 Epitaphium
2517 2306 2743 2364 Folradi
2772 2306 2998 2381 (abbatis
3025 2309 3089 2368 8.
3111 2310 3397 2386 Dionysii).

438 2381 600 2453 (Vide
626 2378 948 2452 Patrologia:
984 2388 1113 2434 tom.
1145 2376 1374 2444 XCVIII,
1404 2375 1505 2433 col.
1538 2373 1721 2443 1445.)

1046 2468 1116 2522 V.

2031 2420 2125 2477 :lix
2164 2419 2256 2475 illa
2295 2420 2577 2477 hominum
2607 2428 2695 2477 est
2720 2436 2870 2478 mors
2901 2428 2957 2477 et
2989 2424 3230 2492 pretiosa
3262 2426 3547 2490 bonan-mn,

1102 2510 1124 2586 ᾗ
1160 2560 1423 2586 ---με-,η
2044 2509 2227 2567 Gloria
2255 2526 2418 2581 quam
2445 2512 2712 2582 sequitur,
2746 2512 2881 2577 vita,
2918 2511 3197 2584 salusque,
3228 2517 3406 2586 quies.

838 2560 1567 2673 ΫῗνξίξῖεῩέέῗξῖῗξίίῖῗῖῖη.-
1973 2560 2354 2673 ubiubi;

1973 2602 2076 2669 Qui
2105 2560 2341 2673 patriam
2370 2560 2623 2672 repetjunt
2650 2602 2962 2672 linquentes
2988 2560 3410 2670 extizra,m‘undi,

298 2661 415 2715 ιιςυο
550 2656 688 2711 mira
715 2654 914 2760 ειοιηιιξ
1109 2652 1322 2760 deum
1354 2650 1592 2753 φειαιιο»
1980 2650 2628 2745 “migrassem.
2652 2650 3266 2760 g;;a;"1;,;.;“;;;.;.;:;

483 2747 535 2758 ..
601 2746 613 2758 .
1195 2740 1208 2761 .
1377 2740 1390 2753 .
2040 2740 2063 2743 —
2197 2740 2422 2745 --ηηη
2450 2740 2624 2745 τη-τη
2652 2740 2846 2760 o———~—
2870 2740 3026 2760 ""O—
3062 2740 3266 2747 -ν--νπ

363 2746 569 2851 Νθῒξ¹¹¹έ
599 2761 654 2800 ¹¹¹
674 2743 854 2851 flet!“
883 2742 1134 2850 “05””
1162 2755 1309 2851 malm
1338 2755 1464 2851 Ρ¹⁰ξι
1520 2841 1536 2851 Δ
1973 2779 2049 2833 Ex
2081 2794 2311 2849 quorum
2341 2794 2566 2835 numero
2594 2780 2774 2835 clarus
2795 2780 2909 2851 jam
2935 2780 3061 2850 jure
3090 2784 3345 2839 sacerdos

300 2842 436 2897 Auro
463 2847 606 2895 tecta
634 2839 832 2907 nitent,
859 2838 1045 2909 paries
1072 2844 1364 2908 argenteus
1393 2835 1562 2900 albet,

2039 2835 2281 2939 corpore
2310 2868 2557 2939 deposito
2582 2869 2687 2925 hoc
2705 2835 2853 2938 jacet
2881 2835 3192 2926 imminuit).

362 2929 640 3032 E‘f’m‘io
665 2943 853 3032 Ρτξθ³³³
885 2942 1159 3032 ω³¹ξ¹¹ξ⁰⁹θ
1186 2934 1332 2982 una
1359 2925 1609 3032 εθωίίζι
1630 3030 1670 3032 Η
1971 2925 2165 3015 Clarus
2186 2959 2279 3029 qui
2304 2925 2517 3015 meritis
2537 2960 2679 3027 vitm,
2705 2925 2825 3031 spe,
2856 2960 3077 3017 nomine
3110 2960 3271 3027 fulsit,

302 3022 417 3122 “1‘?
445 3021 683 3077 formosa
713 3021 925 3088 domus’
956 3020 1133 3122 Viam}-
1156 3031 1487 3122 φῧυθθίῗθῗθ
1512 3014 1704 3082 debes'
2044 3014 2313 3106 Virtuium
2340 3050 2529 3117 radiis,
2555 3014 3038 3122 sple'nd‘or'ubique

366 3116 599 3186 um1’0"a
624 3121 936 3170 morum
967 3112 1209 3168 θθηδίηθί
1235 3126 1347 3167 “na
1374 3110 1558 3166 “ium'
1972 3140 2073 3209 Qui
2096 3141 2367 3212 probitate
2389 3110 2545 3211 pater
2565 3110 2669 3196 fuit
2697 3110 3140 3214 omnibus-atque
3170 3142 3447 3215 magister,

1040 3224 1131 3280 Vl.
2038 3233 2163 3289 lllos
2191 3239 2308 3289 arte
2335 3248 2586 3302 monens,
2614 3235 2719 3291 bos
2744 3235 2950 3306 pietate
2977 3251 3190 3307 regens.

733 3326 741 3335 ‘
841 3314 1027 3371 Versus
1055 3317 1124 3371 ad
1155 3317 1343 3387 fontes.
1974 3324 2231 3381 Ecclesiae
2258 3323 2454 3392 cultor,
2486 3324 2669 3380 fautor
2690 3340 2997 3398 peregrum,
3025 3327 3170 3382 ultor
3194 3334 3465 3400 egentum.

314 3406 401 3463 llic
425 3406 542 3466 fons
565 3408 803 3481 irriguos
829 3408 1016 3463 vitalia
1046 3409 1186 3464 dona
1215 3408 1513 3471 ministrat,
2045 3413 2309 3470 Proderat
2337 3426 2434 3470 ore
2460 3415 2671 3470 cunctis
2695 3415 2785 3470 hic
2810 3415 3012 3486 pietate
3037 3417 3154 3485 pari
3180 3435 3195 3471 :

370 3499 721 3606 Et‘renovans
746 3498 972 3606 populos
999 3498 1165 3603 mittit
1186 3498 1275 3601 ad.
1293 3504 1441 3606 astra
1897 3543 1941 3606 Ο
1972 3505 2200 3575 Eloquio
2224 3506 2416 3571 dulcis,
2448 3506 2605 3561 factis
2631 3507 2854 3577 probus,
2890 3521 2986 3563 ore
3013 3522 3257 3576 serenus,

315 3587 382 3642 En
410 3590 474 3645 ibi
509 3589 758 3646 Christus
788 3590 959 3655 adest,
994 3590 1088 3660 qui
1117 3588 1279 3659 primi
1309 3587 1474 3643 fontis
1502 3588 1653 3657 origo
1898 3587 1941 3606 υ
2044 3596 2268 3653 Pectore
2290 3603 2568 3662 nectarco,
2594 3603 2878 3666 promptus
2904 3596 2972 3652 ad
3001 3613 3161 3654 omne
3185 3599 3405 3655 bonum.

379 3683 553 3739 Abluit
581 3698 742 3739 omne
765 3683 961 3749 scelus,
989 3691 1185 3754 purgat
1210 3689 1265 3737 et
1295 3695 1455 3737 omne
1483 3680 1656 3735 nefas.
1974 3687 2081 3745 Sed
2106 3690 2234 3759 quia
2272 3698 2479 3744 certum
2520 3698 2603 3746 est
2633 3696 2686 3745 te
2712 3690 2948 3760 palmam
2985 3691 3253 3748 meruisse
3300 3700 3549 3764 patrone,

316 3772 510 3832 Currite
537 3792 705 3843 nunc,
735 3776 908 3847 pueri,
934 3776 1000 3831 ad
1030 3774 1221 3829 latices
1244 3774 1527 3843 undasque
1548 3780 1789 3829 sacratas
2040 3779 2148 3836 Pro
2171 3780 2460 3852 peregrino
2481 3795 2568 3835 me
2592 3796 2760 3853 posco
2782 3795 3008 3852 precare
3033 3790 3145 3837 tuo.

373 3863 624 3933 sordibus
651 3864 923 3922 immersis
951 3880 1177 3920 munera
1208 3864 1341 3920 ferte
1365 3863 1501 3920 Deo.
1782 3919 1787 3925 .
2694 3915 2765 3971 Π

2133 4009 2473 4081 Epitaphium
2505 4008 2752 4079 Fardulﬁ
2782 4008 3008 4081 (abbatis
3032 4008 3092 4065 S.
3123 4009 3402 4081 Dionysii).

1974 4122 2075 4189 Qui
2101 4123 2302 4194 pietate
2332 4131 2504 4193 pater,
2537 4129 2742 4193 pastor,
2771 4133 3011 4190 curaque
3038 4121 3315 4190 magister,

2043 4213 2410 4281 Tranquillus,
2440 4212 2703 4282 placidus,
2735 4219 3021 4282 promptus
3050 4211 3117 4265 ad
3140 4225 3299 4265 omne
3326 4211 3548 4269 bonum.

1944 4334 1949 4339 ~
1976 4304 2232 4359 Ecclesia:
2258 4303 2456 4367 cultor,
2484 4302 2668 4373 largus
2694 4303 2985 4357 miseratur
3008 4315 3236 4371 egenum

2037 4394 2323 4449 Fardulfus
2354 4394 2531 4449 fuerat
2558 4410 2573 4448 :
2602 4392 2869 4463 hocjacet
2890 4394 2945 4448 in
2974 4394 3199 4459 tumulo,

1974 4485 2031 4538 ln
2056 4483 2163 4538 hac
2189 4483 2305 4538 :ede
2333 4482 2429 4537 Dei
2456 4482 2570 4537 tolli
2593 4483 2685 4552 qui
2712 4481 2930 4537 nomine
2953 4482 3102 4538 claro

2043 4574 2287 4631 Alternis
2314 4574 2515 4630 meruit
2538 4574 2787 4630 laudibus
2811 4582 2867 4629 et
2891 4573 3165 4644 precibus.

2709 4683 2821 4738 XII.

2603 4771 2705 4826 Alii
2730 4788 2933 4829 versus.

781 4065 972 4122 Versus
996 4067 1066 4120 ad
1091 4066 1394 4137 fenestram.

321 4151 387 4208 Ne
415 4155 577 4211 David
610 4157 893 4228 grabatum
926 4163 1159 4212 tentatur
1183 4156 1409 4212 callidus
1442 4156 1626 4222 intret,

378 4247 625 4321 Signetur
654 4249 866 4304 Domini
905 4248 1008 4305 ista
1043 4247 1284 4305 fenestra
1312 4264 1512 4314 manu;

319 4338 547 4405 Quadrus
569 4341 836 4412 evangelii
867 4339 1122 4398 defendat
1150 4356 1407 4398 numerus
1434 4358 1595 4397 omne

381 4430 579 4501 Corpus
603 4440 662 4488 et
684 4432 913 4488 interius
936 4432 1311 4503 cunctipotens
1335 4433 1593 4491 animam.

1024 4542 1152 4626 Vill.

835 4633 1028 4691 Versus
1056 4634 1125 4689 ad
1153 4636 1365 4690 ostium.

317 4721 410 4790 Qui
437 4723 720 4798 Egyptios
740 4726 862 4797 agni
890 4725 1090 4781 dudum
1114 4726 1182 4781 de
1210 4724 1472 4796 sanguine
1495 4731 1678 4794 postes

380 4811 649 4890 Signavit,
672 4825 887 4874 nostros
905 4817 1085 4888 signet
1108 4824 1164 4874 et
1190 4816 1307 4886 ipse
1333 4815 1500 4874 Deus.

1044 4927 1136 4982 ιχ,
1210 4884 1225 4886 _
1899 4898 1950 4958 ι)
1975 4885 2190 4982 Egregii
2214 4900 2467 4982 proceres
2484 4884 2807 4982 .Clotharius
2831 4900 2898 4942 ac
2925 4885 3281 4982 Dagobertus,

1978 4977 2149 5032 Filius
2174 4985 2230 5032 et
2258 4985 2414 5046 pater
2442 4976 2531 5033 hic
2559 4984 2930 5032 memorantur
2951 4977 3108 5032 laude
3132 4979 3375 5049 perenni.
3412 4978 3421 4988 ⁴

1978 5066 2085 5123 Sed
2110 5068 2282 5137 magis
2311 5067 2597 5122 ecclesiam
2628 5067 2823 5123 ditavit
2848 5067 2991 5123 hanc
3016 5066 3354 5138 Dagobertus

1976 5161 2112 5219 Cum
2147 5157 2437 5213 Nanthildc
2466 5173 2564 5213 sua
2594 5173 2755 5227 quem
2784 5166 3056 5213 exornant
3082 5175 3245 5214 aurea
3270 5159 3445 5213 busta.

740 5018 930 5074 Venus
967 5019 1037 5073 ad
1066 5020 1435 5075 ministerium.

316 5108 409 5175 Qui
431 5126 494 5166 cx
532 5111 670 5167 duro
704 5110 894 5165 latices
917 5109 1082 5180 jussit
1107 5109 1406 5179 producere
1433 5126 1586 5175 saxo,

286 5242 290 5248 .
378 5201 470 5257 llic
489 5203 680 5273 iubeat
701 5216 897 5273 purum
930 5200 1155 5257 fundere
1184 5214 1325 5271 szepe
1352 5216 1582 5257 merum.

313 5286 390 5343 Sit
416 5266 508 5346 tibi
534 5266 744 5347 summa
774 5290 920 5345 salus
946 5305 1161 5361 semper
1186 5266 1305 5346 sine
1333 5290 1439 5346 fine
1463 5291 1642 5354 beata,
2526 5358 2542 5361 _
2689 5266 2819 5361 ΧΨ·

313 5380 418 5437 lloc
439 5391 589 5454 optat
618 5381 813 5437 Martia
843 5358 1148 5453 vestraeque
1174 5381 1365 5437 salutis
1395 5390 1627 5446 amator,

1492 5390 1627 5446 ator,
2515 5358 2543 5411 1
2548 5368 2650 5413 tem
2684 5358 2779 5413 alii
2813 5376 3008 5415 versus.

309 5470 546 5528 Assiduis
584 5473 874 5529 Dominum
912 5473 1273 5544 precibusque
1310 5469 1618 5543 poposcerit
1647 5470 1867 5525 almum.
1977 5469 2188 5542 Effigies
2212 5485 2399 5542 regum
2428 5470 2518 5525 hic
2543 5478 2598 5526 et
2624 5471 2843 5525 nomina
2868 5471 3015 5526 clara
3039 5467 3305 5537 refulgent

311 5560 697 5633 JEIcrnamque
719 5564 881 5618 simul
904 5562 1066 5619 faciat
1091 5572 1144 5620 te
1166 5577 1382 5619 sumere
1403 5561 1639 5633 palmam
1976 5560 2238 5630 Prtecipui
2264 5558 2443 5616 Caroli
2466 5567 2521 5615 et
2550 5559 2764 5630 Pippini
2790 5558 2945 5614 fortis
2972 5556 3196 5620 alumni,

311 5649 530 5708 Pectore
558 5668 685 5709 nam
713 5668 850 5723 puro
883 5653 1172 5708 Dominum
1202 5662 1420 5724 portare
1448 5659 1718 5707 memento
1978 5651 2225 5721 Optimus
2250 5651 2524 5723 Augustus
2547 5666 2759 5707 summo
2788 5664 2893 5717 quo
2918 5653 3345 5717 patrc’coruscut

315 5741 380 5800 Ut
408 5745 556 5830 illum
580 5746 764 5801 valcas
788 5754 1056 5803 rectorem
1081 5760 1296 5817 semper
1323 5745 1539 5812 habere,
1573 5752 1676 5798 ctc.
1980 5745 2176 5811 Caesar,
2210 5760 2366 5813 quem
2397 5744 2604 5815 peperit
2630 5743 2788 5797 Bcrta
2819 5739 3177 5810 pulcherrima
3207 5746 3400 5796 mater.
