3838 6144
273 431 369 497 Ml

998 495 1136 554 XIV.

580 635 919 715 Epitaphium
949 627 1158 700 Pippini
1184 623 1319 694 regis
1347 617 1540 673 Italia.

281 789 395 845 Iloc
414 786 560 857 jacet
586 780 644 834 in
671 771 879 831 tumqu
900 764 1162 837 Pippinus
1192 774 1290 815 rex
1311 748 1679 812 venerandus,

352 847 669 947 Hesperiam
701 865 863 929 rexit,
892 863 998 916 hoc
1024 857 1171 926 jacet
1197 853 1251 908 in
1275 847 1507 905 tumulo.

283 934 511 1025 Francia
532 974 694 1031 quem
719 953 904 1026 genuit
928 948 1154 1021 pulchra
1183 942 1388 1014 pietate
1418 934 1707 1004 repletum,

354 1060 509 1116 Nunc
533 1026 678 1110 tenet
701 1046 961 1117 Hesperia
991 1038 1220 1096 Francia
1246 1045 1410 1105 quem
1437 1026 1643 1100 genuit.

287 1148 494 1207 Nobilis
520 1146 574 1199 in
605 1150 822 1213 genere,
848 1133 1078 1204 pulchra
1108 1129 1174 1182 de
1199 1126 1370 1192 stirpe
1396 1128 1710 1176 coruscans,

356 1239 529 1306 Quem
557 1230 744 1303 genuit
769 1224 995 1282 Carolus
1023 1216 1220 1275 nobilis
1251 1215 1304 1269 in
1336 1222 1557 1282 genere.

292 1293 488 1387 Nubila
525 1293 721 1381 cuncta
756 1318 951 1388 fugans
986 1309 1176 1368 mundi
1218 1300 1529 1377 properavit
1568 1297 1636 1352 ad
1677 1293 1858 1356 aethra,

362 1421 519 1476 Nunc
546 1416 665 1471 sine
695 1411 801 1465 Ilue
844 1410 1029 1462 Inanet
1056 1398 1240 1456 nubila
1263 1400 1458 1450 cuncta
1488 1388 1705 1460 fugans.

296 1513 484 1580 Deque
507 1522 605 1563 sua
629 1502 773 1558 facie
821 1492 1111 1568 superabat
1140 1490 1249 1580 lilia
1278 1485 1528 1555 pulchra,

358 1577 536 1657 Fulsit
556 1595 704 1651 clara
731 1591 847 1647 dies
875 1589 1046 1656 deque
1076 1597 1173 1637 sua
1202 1577 1362 1641 facie,

295 1691 541 1751 Nobilior
568 1684 777 1743 meritis
799 1693 960 1751 quam
985 1674 1106 1746 quis
1133 1669 1277 1726 valet
1297 1680 1394 1721 ore
1427 1660 1630 1717 referre
1650 1698 1665 1723 ,

366 1783 426 1839 In
448 1778 628 1852 specie
651 1774 898 1847 pulcher,
921 1764 1153 1822 nobilior
1176 1757 1408 1816 meritis.

299 1875 454 1933 Unus
476 1848 641 1925 amor
668 1862 868 1938 populi,
898 1859 1089 1919 virtus,
1121 1869 1227 1924 pax
1255 1848 1506 1906 omnibus
1536 1859 1664 1905 una,

373 1962 571 2020 Dilexit
598 1964 822 2015 cunctos
849 1965 990 2007 unus
1017 1961 1173 2001 amor
1200 1940 1404 2014 populi.

301 2056 418 2113 Ilex
442 2054 616 2108 bonus
637 2055 693 2103 et
718 2042 983 2117 placidus,
1014 2036 1146 2092 nulli
1177 2035 1379 2105 pietate
1408 2024 1701 2087 secundus,

373 2146 503 2201 Jure
528 2143 663 2197 alios
684 2138 824 2194 rexit
849 2150 946 2190 rex
971 2134 1148 2188 bonus
1175 2135 1229 2182 et
1252 2123 1516 2196 placidus.

298 2238 474 2311 ‘Cujus
500 2236 569 2301 ab
601 2248 697 2289 ore
728 2232 823 2315 pio
845 2226 1075 2300 populus
1104 2238 1201 2279 sua
1234 2227 1359 2275 vota
1384 2214 1640 2278 metebat,

376 2308 576 2383 Suavia
606 2308 801 2379 cuncta
826 2320 964 2373 bibit
989 2315 1143 2385 cujus
1172 2313 1240 2366 ab
1269 2324 1363 2365 ore
1387 2308 1492 2379 pio.

311 2421 517 2492 Raptus
543 2418 614 2473 ab
641 2415 774 2470 orbe
798 2411 901 2466 fuit
925 2409 1035 2465 cito
1059 2413 1250 2477 pastor
1270 2402 1452 2470 largus
1474 2402 1734 2475 egentum

381 2488 411 2565 ξ
473 2548 491 2566 .
564 2543 585 2562 .
661 2544 678 2559 .
753 2542 769 2558 .
842 2501 1097 2569 .Raptus
1131 2496 1199 2550 ab
1224 2508 1321 2549 ore
1348 2488 1472 2549 fuit.

1043 2622 1160 2682 XV.

783 2742 1124 2818 Epitaphium
1155 2734 1428 2792 Motharii.

317 2866 420 2936 Qui
444 2862 691 2920 manibus
717 2859 936 2919 librum,
965 2855 1153 2916 lector,
1180 2841 1586 2916 comprenderis
1606 2840 1771 2895 istum

383 2956 483 3012 llic
505 2959 772 3026 prazcepta
804 2948 899 3003 Dei
925 2946 1133 3001 discere
1162 2953 1319 2995 sacra
1348 2944 1526 3005 potes.

320 3047 655 3118 Scriptorem
683 3040 864 3096 forsan
892 3034 1076 3105 operis
1099 3031 1145 3087 si
1168 3040 1392 3084 noscere
1424 3037 1607 3087 curas,

388 3137 537 3193 Illius
555 3147 754 3190 nomen
780 3128 904 3185 nolo
924 3125 1091 3180 latere
1114 3120 1233 3178 tibi.

320 3227 504 3285 Elidit
530 3226 676 3280 hunc
700 3219 897 3277 librum
923 3212 1221 3270 Motharius
1247 3208 1364 3279 ipse
1391 3201 1667 3265 sacerdos,

396 3312 732 3384 Conscripsit
756 3308 943 3377 digitis
972 3307 1075 3360 hoc
1101 3315 1238 3371 opus
1267 3314 1334 3353 ex
1361 3292 1616 3365 propriis.

324 3410 501 3478 Atque
530 3407 585 3460 in
613 3381 819 3458 honore
846 3397 995 3454 dedit
1024 3399 1226 3450 sanctae
1251 3403 1407 3444 sacer
1436 3385 1529 3439 ille
1557 3381 1762 3446 Mariae,

399 3496 471 3554 Ut
491 3502 674 3565 posset
700 3490 941 3561 requiem
968 3484 1237 3557 prendere
1257 3486 1603 3551 perpetuam.

328 3587 586 3659 Quisquis
608 3602 693 3651 es,
717 3599 750 3638 ο
777 3583 967 3646 lector,
1000 3578 1197 3633 librum
1220 3572 1314 3643 qui
1343 3570 1542 3642 legeris
1572 3568 1762 3629 istum,

400 3682 499 3744 Det
522 3678 627 3735 sibi
651 3676 740 3735 dic
766 3672 1026 3730 Dominus
1053 3673 1372 3739 perpetuam
1403 3659 1666 3729 requiem.

1056 3800 1189 3860 XVI.

962 3896 1100 3953 Item
1127 3890 1295 3949 aliud.

334 4025 449 4087 Hoc
472 4020 694 4079 recubat
717 4015 924 4073 tumulo
949 4008 1248 4068 Motharius
1275 4004 1365 4059 ille
1397 4000 1673 4066 sacerdos,

405 4114 507 4182 Qui
533 4112 685 4182 prius
706 4109 761 4163 in
787 4105 987 4162 mundo
1008 4100 1146 4156 vixit
1174 4109 1359 4151 amore
1391 4093 1502 4163 pio.

335 4207 488 4263 Felix
515 4186 756 4265 ille'l‘uit,
782 4195 969 4253 mundi
1001 4204 1215 4248 terrena
1243 4185 1485 4256 reliquit,

404 4296 568 4368 Eligit
591 4302 647 4349 et
671 4304 834 4347 sanas
862 4287 1071 4343 discere
1100 4278 1385 4341 litterulas,

339 4391 556 4448 Plenius
577 4395 639 4443 ut
662 4383 875 4443 Domini
900 4378 1167 4451 potuisset
1188 4373 1368 4427 dicere
1392 4369 1566 4440 jussa,

413 4482 547 4537 Ante
569 4477 672 4533 fuit
696 4473 914 4531 humilis
936 4470 1130 4542 plenus
1161 4477 1347 4521 amore
1374 4460 1496 4516 Dei.

1062 4595 1223 4654 XVII.

823 4692 1157 4763 Epitaphium
1184 4685 1438 4758 Dungali.

346 4807 600 4885 Quisquis
621 4822 681 4862 es
703 4807 846 4860 hunc
869 4819 1094 4860 cernens
1124 4801 1359 4864 titulum,
1391 4798 1478 4851 dic
1509 4800 1731 4864 pectore
1756 4803 1921 4865 puro,

416 4897 500 4965 Sit
530 4894 747 4974 requies
774 4894 872 4960 illi,
894 4895 1062 4949 lector
1086 4891 1288 4960 opime,
1318 4901 1539 4957 precor.

1410 387 1713 453 DUNGALI
1744 379 2040 441 RECLUSI
2075 372 2396 455 CAR‘MINA.
2802 452 2817 455 Δ
2911 452 2924 455 ῃ
3075 446 3111 455 ﬁ
3291 443 3307 455 .
3331 441 3346 455 ο
3426 354 3528 411 53,

1876 478 1919 538 Α
1951 468 2029 525 Te
2056 446 2273 537 precor,
2306 460 2651 530 omnipotens
2676 452 2928 526 quadrati
2955 446 3204 505 conditor
3228 441 3399 506 orbis,

3427 356 3487 386 P1”.

2021 556 2299 628 Dungalus
2321 558 2384 607 ut
2405 550 2586 621 vigeat
2606 545 2763 602 miles
2782 542 2983 611 ubique
3008 546 3153 602 tuus,

1955 649 2132 718 Atque
2156 659 2312 701 suum
2332 640 2534 711 iugiter
2556 635 2818 692 defendas
2845 645 3045 701 corpus
3075 629 3133 683 in
3157 640 3355 691 aevum,

2028 741 2108 797 Ne
2135 740 2293 811 lupus
2321 736 2600 791 incautum
2629 730 2929 787 dilacerare
2956 731 3139 795 queat.

1962 833 2250 889 Sidereum
2279 834 2342 882 ut
2363 825 2541 880 valeat
2568 824 2674 878 rite
2695 818 3088 889 comprendere
3114 815 3424 887 Olympum,

2036 922 2174 979 Cum
2200 919 2404 976 sanctis
2430 916 2597 970 vitam
2623 910 2953 983 participare
2976 912 3160 976 queat.

1969 1014 2226 1082 Quaerere
2249 1008 2488 1066 divinum
2517 1020 2626 1059 non
2646 1008 2825 1059 cessat
2850 1006 3009 1055 nocte
3035 997 3230 1066 dieque

2035 1101 2330 1163 Auxilium,
2361 1106 2424 1152 ut
2444 1095 2621 1167 poscit
2646 1092 2870 1147 vincere
2903 1096 3102 1144 cuncta
3128 1085 3290 1140 mala.

1967 1195 2195 1252 Divitias
2222 1191 2404 1246 varias
2436 1187 2629 1242 temnit
2653 1182 2838 1238 mundi
2865 1177 3116 1251 perituri,

2041 1285 2081 1341 A
2119 1282 2307 1338 mundi
2337 1279 2482 1335 curis
2505 1277 2676 1331 libera
2704 1273 2866 1328 corda
2894 1270 3065 1333 vehit,

1970 1375 2147 1444 Atque
2172 1373 2313 1443 regit
2336 1368 2613 1440 propriam
2639 1363 2787 1434 justo
2819 1348 3191 1417 moderamine
3213 1369 3457 1418 carnem,

2046 1464 2153 1520 Pro
2182 1462 2364 1518 carnis
2385 1460 2517 1514 vitio
2549 1471 2618 1511 ne
2642 1463 2829 1526 pereat
2858 1451 3061 1506 anima.

1977 1553 2389 1621 Mortiferasque
2416 1556 2573 1620 rogat
2599 1544 2785 1606 mundi
2808 1552 3157 1600 contemnere
3183 1552 3429 1609 pompas.

2052 1646 2303 1706 leestis
2331 1643 2484 1713 regni
2512 1654 2756 1711 quazrere
2781 1636 2932 1692 lucra
2968 1640 3142 1704 rogat.

1980 1740 2037 1795 In
2062 1736 2273 1795 Domini
2301 1733 2572 1789 meditans
2602 1737 2716 1784 toto
2744 1725 3027 1782 conamine
3054 1723 3194 1792 lege,

1907 1822 1954 1881 Β
2049 1830 2117 1885 Et
2144 1828 2311 1884 servit
2337 1825 2567 1879 Domino
2591 1834 2746 1875 mens
2766 1819 2854 1889 pia
2873 1817 2997 1885 jure
3019 1829 3139 1869 suo.

1982 1916 2285 1989 Discipulos
2314 1913 2569 1986 proprios
2594 1910 2836 1965 illustrat
2855 1907 3059 1961 lumine
3087 1916 3265 1966 sacro,

2057 2011 2165 2065 Ceu
2189 2009 2365 2079 posita
2394 2006 2449 2059 in
2481 2002 2628 2058 celso
2654 2002 2801 2057 clara
2826 1999 3049 2053 lucerna
3080 1995 3219 2050 loco.

1987 2100 2297 2170 Scripturas
2322 2095 2526 2166 promit
2547 2101 2701 2148 casto
2730 2091 2797 2146 de
2824 2097 3047 2160 pectore
3068 2099 3274 2149 sacras,

2058 2192 2260 2246 Edocet
2290 2188 2535 2243 inﬁrmos
2563 2191 2617 2240 et
2645 2183 2854 2237 validos
2884 2180 3108 2252 pariter.

1988 2283 2153 2340 Lacte
2175 2281 2357 2351 rigans
2384 2290 2602 2348 pueros,
2632 2282 2688 2330 et
2715 2273 2808 2329 dat
2834 2270 3172 2341 capientibus
3198 2281 3401 2330 escam,

2060 2373 2198 2428 IIinc
2222 2371 2307 2426 lac
2331 2377 2391 2423 ut
2419 2368 2657 2437 capiant,
2688 2365 2814 2420 inde
2839 2362 3021 2418 cibum
3050 2360 3277 2431 pariter.

1992 2463 2102 2520 Ceu
2126 2461 2218 2532 pia
2247 2467 2420 2514 mater
2442 2457 2538 2512 alit
2559 2465 2716 2510 natos
2738 2468 2861 2509 cum
2888 2457 3073 2507 mente
3105 2448 3356 2518 benigna,

2066 2556 2260 2610 Escam
2287 2549 2609 2624 grandaevis,
2641 2547 2726 2601 lac
2752 2544 2977 2601 rudibus
3002 2542 3268 2597 tribuens.

1994 2646 2155 2702 Plura
2180 2643 2310 2714 quid
2338 2652 2651 2696 enumerem
2681 2635 2883 2693 sanctis
2906 2632 3198 2688 virtutibus
3221 2627 3372 2684 istis?

2064 2737 2254 2793 Dicere
2280 2749 2417 2805 quas
2444 2745 2675 2801 nequeo,
2707 2728 2946 2784 scribere
2974 2738 3076 2780 nec
3097 2721 3275 2778 valeo.

1996 2829 2222 2885 Pectore
2243 2826 2289 2880 si
2314 2824 2545 2879 ﬂuerent
2565 2821 2731 2876 verba
2754 2834 2856 2874 ceu
2879 2815 3100 2872 ﬂumina
3126 2818 3334 2876 nostro,

2071 2916 2183 2971 Nec
2210 2915 2288 2970 sic
2316 2913 2618 2969 suilicerem
2649 2910 2806 2980 digna
2837 2907 3041 2963 referre
3067 2904 3187 2959 tibi.

2003 3008 2092 3064 Sis
2113 3003 2528 3075 sanus,.vigeas,
2560 3008 2709 3071 opto,
2734 3014 2835 3069 per
2859 3006 3105 3066 tempora
3127 2995 3311 3066 longa,

2069 3096 2393 3165 Perpetuam
2424 3092 2667 3162 requiem
2693 3089 2785 3145 det
2806 3088 2925 3154 tibi,
2954 3101 3117 3157 posce
3142 3084 3274 3140 Deo.

1928 3162 1972 3221 (ἶ
2006 3188 2244 3245 Solvitur
2271 3183 2492 3239 incertis
2518 3181 2749 3237 mundus
2775 3188 2896 3233 cum
2924 3176 3141 3232 casibus
3164 3174 3293 3239 iste,

2078 3277 2145 3331 Et
2174 3289 2342 3346 genus
2375 3274 2671 3329 humanum
2700 3267 2941 3340 pessima
2972 3280 3117 3321 mors
3139 3263 3384 3333 perimit,

2008 3366 2143 3423 Cum
2166 3364 2319 3419 venit
2341 3369 2669 3425 extremum,
2698 3357 2774 3415 nil
2800 3363 3022 3428 prosunt
3053 3362 3300 3424 tempora
3322 3352 3496 3423 longa,

2087 3458 2160 3511 De
2184 3453 2376 3509 mortis
2397 3451 2577 3511 nullus
2601 3449 2717 3519 lege
2763 3446 2971 3503 solutus
3000 3444 3172 3505 adest.

2710 3624 2889 3687 XVIII.

2325 3786 2661 3858 Epitaphium
2699 3779 2964 3838 Autltelmi
3002 3775 3266 3835 monachi.

1958 3956 1966 3965 ’
2015 3967 2288 4027 Autbelmi
2313 3964 2566 4022 monachi
2595 3963 2757 4019 busto
2783 3966 2910 4016 sunt
2935 3956 3177 4013 membra
3205 3953 3308 4009 sub
3337 3952 3462 4017 isto,

2084 4061 2230 4117 Mors
2257 4058 2480 4114 inimica
2509 4054 2668 4110 annis
2697 4067 2859 4123 quem
2888 4051 3012 4105 tulit
3037 4049 3094 4104 in
3121 4045 3339 4103 teneris.

2018 4153 2289 4222 Principio
2314 4152 2439 4205 vitae
2459 4148 2585 4203 felix
2617 4155 2835 4201 terrena
2862 4141 3104 4213 reliquit,

2091 4241 2347 4313 Despexit
2370 4239 2652 4303 mundum,
2683 4249 2826 4290 nunc
2852 4247 3013 4301 super
3046 4237 3191 4284 astra
3219 4226 3405 4282 micat.

2018 4333 2225 4390 Nobilis
2254 4333 2308 4385 in
2330 4344 2548 4402 genere,
2588 4325 2850 4398 placidus,
2877 4324 3074 4386 bonus,
3099 4319 3353 4374 omnibus
3385 4327 3589 4385 aequus.

2093 4420 2335 4477 Nobilior
2363 4418 2590 4482 meritis,
2622 4429 2783 4485 quam
2810 4412 2953 4467 valet
2974 4426 3069 4465 ore
3096 4408 3263 4478 loqui.

1941 4509 1996 4567 D
2020 4513 2195 4582 Atque
2219 4510 2321 4565 fuit
2344 4509 2579 4578 sapiens,
2611 4504 2850 4569 humilis,
2877 4502 3077 4573 pietate
3102 4485 3361 4568 repletus,

2094 4603 2312 4675 Ingenio
2335 4600 2515 4665 fortis,
2544 4597 2694 4652 fulsit
2721 4596 2777 4651 in
2802 4594 2934 4649 orbe
2958 4601 3174 4663 potens.

2029 4695 2303 4764 Quisquis,
2328 4708 2363 4748 ο
2392 4692 2583 4756 lector,
2616 4688 2831 4744 titulum
2853 4685 2946 4756 qui
2974 4682 3205 4755 perlegis
3231 4682 3420 4743 istum,

2101 4789 2422 4860 Perpetuam
2446 4783 2692 4855 requiem
2715 4780 2807 4837 det
2827 4777 2949 4845 sibi,
2972 4787 3157 4848 posce,
3193 4772 3353 4828 Deus.

1704 5180 2235 5204 “WG-1W
