3838 6144
205 357 298 413 537
1265 359 1585 418 STATUTA
1631 362 1766 419 [διιο
1806 362 2155 419 MONACHIS
2197 362 2372 419 SUIS.
3367 362 3474 421 558

207 482 331 528 tres.
384 471 521 527 Alia:
544 485 677 527 vero
703 473 1064 530 necessitates
1098 490 1235 544 quas
1270 475 1455 532 eterici
1486 476 1666 532 facere
1691 479 1782 533 de-
1810 482 1854 538 Α
1889 479 2133 543 Domini,
2178 478 2239 533 S.
2271 476 2664 546 Theoplianize,
2712 476 2877 547 Missa
2905 477 3117 534 domnae
3152 478 3434 538 Balthildae
3460 522 3482 551 ,

211 566 367 627 bent,
416 577 519 633 per
560 560 840 632 pulsantes
871 563 1023 619 fiant.
1084 565 1152 619 Et
1200 566 1321 621 ideo
1360 580 1583 621 necesse
1618 577 1702 623 est
1729 580 1789 623 ut
1888 569 2207 624 Puriﬁcatio
2238 567 2298 623 S.
2330 567 2509 622 Mariae
2532 607 2546 632 ,
2595 567 2783 623 Primo
2829 569 2917 624 die
2952 568 3286 638 jejuniorum
3324 571 3475 639 Qua-

216 655 343 710 tales
364 653 438 709 ibi
462 661 761 723 ponantur,
789 656 880 724 qui
904 671 1097 712 omnes
1123 658 1475 713 necessitates
1501 659 1791 715 interiores

220 748 383 804 facere
404 746 637 817 possint,
658 753 719 801 et
743 746 811 801 de
838 745 1043 803 familia
1071 756 1256 803 nostra
1279 749 1418 814 sint;
1450 765 1553 805 nec
1578 758 1791 805 contra-

225 838 389 893 dicere
417 835 712 907 quidquam
743 836 1002 903 audeant,
1034 845 1088 891 et
1108 837 1265 908 juxta
1294 839 1437 908 quod
1466 853 1585 894 esse
1612 847 1792 909 potest

225 939 278 987 ut
295 930 545 988 otﬁeiales
570 930 701 997 sint,
725 936 781 985 et
806 930 873 985 de
900 930 1018 999 ipso
1042 927 1245 994 officio,
1270 929 1356 984 vel
1384 929 1645 999 religione
1670 944 1786 992 sua,

224 1030 333 1095 post
360 1021 710 1094 prtepositum
748 1030 805 1078 et
838 1019 1137 1085 decanum,
1160 1020 1250 1074 ‘ad
1291 1020 1573 1075 custodem
1616 1019 1790 1075 sancti

225 1113 428 1169 Joannis
454 1112 755 1183 respiciant
781 1130 794 1166 :
828 1126 932 1167 nec
956 1112 1180 1167 omnino
1206 1110 1326 1166 sine
1354 1110 1600 1165 custodia
1630 1109 1794 1164 relin-

226 1212 469 1274 quantur,
510 1218 580 1259 ne
619 1210 843 1273 propter
875 1201 1112 1272 aliquam
1152 1201 1540 1272 turpitudinem
1579 1199 1793 1255 illorum

228 1295 401 1367 religio
423 1293 739 1349 monasterii
766 1293 1195 1364 blasphemetur.

292 1384 417 1439 Itan
444 1384 508 1439 de
533 1383 707 1439 (eicis.
749 1384 1104 1440 Matricularii
1125 1397 1152 1426 ι
1184 1380 1467 1442 duodecim
1488 1426 1503 1450 ,
1539 1384 1667 1441 laici
1696 1387 1796 1441 tri-

231 1473 385 1544 ginta.
431 1472 508 1526 Ad
536 1474 772 1543 primam
800 1488 1075 1529 cameram
1104 1489 1199 1529 sex
1218 1514 1233 1540 ,
1263 1483 1478 1531 sutores
1504 1483 1648 1542 tres;
1698 1492 1795 1534 ca-

233 1565 408 1620 valarii
453 1566 595 1632 duo;
652 1565 786 1621 fullo
830 1582 990 1622 unus.
1048 1566 1132 1623 Ad
1179 1568 1475 1627 secundam
1519 1584 1795 1626 cameram

233 1657 641 1727 quatuordecim.
674 1657 755 1713 Ex
776 1658 862 1713 his
881 1660 950 1714 ad
968 1674 1244 1715 cameram
1273 1676 1445 1727 unus;
1480 1661 1618 1717 fabri
1644 1678 1798 1732 gros-

238 1748 355 1802 sarii
381 1762 502 1814 sex;
538 1748 795 1805 auritices
824 1750 957 1817 duo;
987 1761 1202 1808 sutores
1228 1753 1368 1819 duo;
1400 1754 1623 1810 scutarii
1651 1754 1791 1820 duo;

1892 657 2210 729 dragesimaz
2233 697 2248 723 ,
2297 656 2435 711 adeo
2470 663 2530 711 ut
2566 657 2801 726 spatium
2838 656 3078 712 habeant
3105 657 3486 718 confessiones

1891 764 2019 804 suas
2047 763 2350 813 renovare;
2392 747 2561 803 Coena
2590 748 2835 813 Domini,
2867 748 3200 815 Parasceve,
3235 750 3485 809 Sabbato

1891 849 2107 908 saneto,
2152 841 2356 909 Quarta
2400 840 2534 896 feria
2584 842 2637 896 in
2680 842 2925 907 Pascha,
2975 843 3339 914 Rogationes,
3383 847 3485 901 tri-

1890 934 1997 989 duo
2015 932 2321 999 ;Ascensio
2342 932 2580 999 Domini,
2599 932 2653 989 S.
2674 931 2902 989 Joannis
2923 935 3202 1006 Baptistze,
3230 936 3288 991 S.
3311 937 3480 1003 Petri,

1892 1021 1950 1079 S.
1988 1022 2317 1085 Marcellini,
2357 1022 2418 1078 S.
2448 1023 2676 1078 Firmini
2697 1064 2713 1089 ,
2746 1024 2804 1079 S.
2837 1025 3086 1092 Martini,
3125 1026 3182 1082 S.
3207 1027 3479 1093 Andreae,

1891 1115 2087 1186 Vigilia
2117 1114 2326 1171 Natalis
2356 1115 2591 1171 Domini.
2626 1116 2695 1171 Et
2728 1116 2807 1172 illi
2834 1118 2953 1174 dies
2986 1120 3052 1175 de
3082 1128 3317 1190 quatuor
3344 1130 3481 1177 tem-

1889 1212 2130 1283 poribus.

2517 1301 2746 1357 CAPUT
2781 1302 2868 1357 III.

1964 1392 2093 1448 meo
2135 1399 2262 1448 sunt
2310 1407 2432 1462 quae
2478 1392 2693 1448 clericis
2737 1392 2940 1450 nostris
2989 1396 3273 1454 canonicis
3313 1414 3479 1469 supra

1895 1483 2152 1553 scriptis,
2207 1482 2300 1551 qui
2351 1481 2663 1552 specialiter
2706 1482 2992 1552 pulsantes
3039 1486 3315 1554 dicuntur,
3360 1489 3481 1543 dari

1894 1574 2111 1629 debent.
2140 1573 2218 1628 De
2236 1574 2592 1628 vestimento:
2620 1574 2833 1629 tunicas
2857 1575 2993 1631 duas
3012 1575 3166 1633 albas
3187 1586 3244 1632 et
3264 1580 3482 1635 tertiam

1893 1664 1962 1719 de
1991 1663 2099 1719 alio
2126 1662 2308 1719 colore
2335 1681 2348 1716 :
2398 1670 2453 1717 et
2496 1662 2699 1734 caligas
2728 1670 2982 1733 quatuor,
3037 1664 3318 1723 femoralia
3349 1668 3482 1737 duo,

1898 1771 2090 1812 soccos
2120 1755 2351 1810 flltrinos
2371 1753 2397 1793 δ
2427 1754 2583 1821 duos,
2616 1754 2914 1811 calcearios
2945 1765 3181 1826 quatuor
3203 1774 3328 1814 cum
3354 1759 3485 1815 solis

234 1838 644 1910 pergaminarius
670 1854 842 1905 unus;
889 1840 1193 1896 saminator
1221 1858 1391 1909 unus;
1440 1840 1630 1898 fusarii
1660 1852 1791 1899 tres.
1824 1831 1872 1892 Β
1902 1848 2053 1903 novis
2080 1889 2095 1914 ,
2145 1847 2389 1917 exceptis
2437 1847 2675 1902 denariis
2719 1854 2843 1902 octo
2892 1849 2963 1903 ad
3010 1848 3439 1906 caleeamentum
3465 1892 3481 1917 ,

234 1929 308 1983 Ad
326 1930 527 1985 tertiam
547 1946 844 1997 cameram,
861 1940 1001 1987 tres:
1027 1933 1394 1989 adcellarium
1418 1942 1473 1991 et
1491 1935 1795 2005 dispensam

239 2025 446 2093 portarii
474 2025 610 2091 duo;
660 2025 729 2080 ad
758 2026 977 2082 domum
1006 2025 1345 2083 infirmorum
1389 2044 1556 2093 unus,
1596 2029 1796 2101 gararii

239 2116 367 2182 duo;
398 2117 461 2172 ad
482 2116 775 2189 lignarium
806 2117 862 2171 in
885 2118 1119 2189 pistrino
1144 2133 1316 2184 unus;
1351 2119 1418 2173 ad
1445 2128 1655 2189 portam
1684 2135 1797 2176 me-

236 2204 436 2262 dianam
463 2222 627 2275 unns;
665 2208 998 2279 carpentarii
1026 2216 1290 2278 quatuor;
1341 2210 1633 2265 mattiones
1661 2226 1796 2281 qua-

238 2305 376 2364 tuor;
413 2298 601 2355 medici
630 2300 766 2366 duo;
815 2300 883 2356 ad
924 2316 1107 2357 casam
1137 2301 1491 2357 vassallorum
1518 2301 1646 2358 dno.
1699 2304 1793 2359 Isti

236 2398 353 2445 sunt
376 2388 505 2445 infra
530 2390 943 2447 monasterium.

303 2482 397 2538 Isti
424 2501 532 2539 vero
558 2493 707 2540 extra
735 2485 1134 2540 monasterium.
1182 2486 1263 2541 Ad
1300 2486 1561 2541 molinum
1593 2487 1795 2543 duode-

238 2569 337 2626 cim
361 2590 373 2623 :
398 2572 458 2627 ad
482 2574 772 2643 piscariam
801 2589 926 2640 sex;
958 2575 1026 2630 ad
1050 2575 1319 2629 stabulum
1346 2576 1481 2642 duo;
1516 2578 1581 2631 ad
1607 2578 1795 2635 hortos

239 2671 378 2729 octo;
401 2664 461 2719 ad
481 2665 696 2720 Buriam
709 2665 740 2709 δ
758 2674 961 2736 septem
980 2683 995 2732 ;
1020 2666 1088 2721 ad
1106 2666 1413 2721 arboretam
1436 2682 1631 2723 novam
1653 2667 1789 2735 duo;

237 2749 503 2809 berbicarii
530 2755 665 2821 duo;
698 2755 767 2810 ad
790 2756 1056 2811 vivarium
1084 2756 1340 2826 quinque.

830 2848 1060 2905 CAPUT
1096 2849 1160 2904 II.

295 2935 385 2992 Isti
412 2945 587 2993 autem
618 2951 744 2995 sunt
770 2939 887 2995 dies
915 2940 1174 2995 tredecim
1195 2983 1207 3005 ,
1245 2941 1297 2995 in
1329 2941 1526 3012 quibus
1555 2941 1635 2997 eis
1667 2957 1792 3011 pro-

231 3039 349 3098 pter
373 3047 604 3087 amorem
650 3034 745 3088 Dei
797 3041 852 3087 et
900 3034 1160 3089 honorem
1201 3043 1512 3089 sanctorum
1540 3035 1788 3098 dierum,

230 3129 442 3190 excepto
469 3123 743 3191 proven’a
790 3137 885 3177 sua
913 3163 928 3188 ,
978 3123 1023 3177 si
1073 3138 1180 3178 non
1228 3124 1493 3193 amplius,
1536 3124 1620 3179 vel
1666 3125 1791 3179 talis

1899 1947 2129 1994 vuantos
2166 1938 2341 2004 duos,
2396 1936 2648 1993 mulfolas
2697 1937 2853 1994 duas.
2916 1938 3045 1995 Hmc
3089 1941 3268 1995 omnia
3316 1958 3478 1998 anno.

1898 2028 2135 2100 Cappam
2163 2043 2292 2084 vero
2317 2028 2383 2085 de
2413 2043 2573 2100 sago,
2614 2036 2668 2082 et
2695 2029 2964 2100 pelliciam
2988 2072 3003 2096 ,
3050 2040 3255 2087 cottum
3287 2042 3382 2087 aut
3407 2033 3484 2088 lc-

1897 2120 2160 2185 ctarium,
2190 2120 2305 2175 sive
2332 2134 2551 2191 sagum,
2587 2120 2641 2174 in
2674 2121 2837 2176 tertio
2865 2136 3008 2176 anno
3035 2123 3325 2195 accipiant.
3374 2123 3482 2180 Ista

1896 2213 2078 2268 omnia
2108 2212 2175 2266 de
2204 2210 2297 2266 illo
2322 2212 2648 2267 vestimento
2677 2212 2879 2267 debent
2908 2213 3174 2284 accipere,
3204 2214 3347 2283 quod
3379 2215 3483 2270 fra-

1897 2311 2007 2358 tres
2036 2302 2269 2358 reddunt
2296 2302 2424 2358 dum
2453 2302 2731 2373 accipiunt
2757 2318 2955 2359 novum
2980 2345 2996 2370 ,
3045 2312 3102 2359 et
3137 2305 3264 2360 talia
3295 2306 3362 2361 de
3396 2307 3482 2362 bis

1900 2393 2166 2465 eligantur
2184 2393 2292 2448 illis
2316 2394 2493 2464 qualia
2523 2393 2756 2449 inveniri
2782 2403 3009 2465 possunt
3034 2397 3273 2452 utiliora.
3312 2397 3483 2453 Caete-

1898 2500 2015 2538 rum
2046 2484 2298 2555 capellze,
2344 2485 2608 2549 hroccus,
2652 2485 2767 2540 sive
2806 2484 3015 2540 cuculla
3058 2485 3123 2541 de
3165 2502 3297 2557 sago
3338 2488 3481 2541 unde

1896 2577 2129 2632 broccus
2156 2576 2271 2631 ﬂeri
2302 2576 2493 2647 possit,
2522 2577 2590 2631 ad
2617 2576 2899 2630 arbitrium
2928 2577 3126 2647 prioris
3150 2578 3273 2632 erit.

2505 2666 2735 2723 CAPUT
2772 2668 2861 2723 IV.

1964 2754 2361 2811 Constituimus
2402 2756 2474 2811 'ad
2521 2756 2845 2828 hospitalem
2892 2772 3190 2828 pauperum
3241 2761 3482 2829 quotidie

1898 2846 2028 2901 dare
2046 2861 2213 2916 panes
2234 2846 2300 2901 de
2322 2846 2557 2901 mixtura
2580 2857 2603 2885 ο
2629 2846 2819 2912 factos,
2844 2849 3199 2919 quadraginta
3219 2851 3482 2921 quinque,

1893 2930 2153 2988 librarum
2181 2934 2346 2989 trium
2368 2942 2423 2989 et
2446 2935 2698 2999 dimidim,
2724 2944 2778 2990 et
2805 2936 2870 2990 de
2901 2936 3172 2993 frumento
3196 2939 3280 2994 vel
3312 2941 3483 3010 spelta

1893 3038 2064 3094 panes
2093 3024 2365 3094 quinque,
2412 3025 2602 3097 quales
2628 3024 2848 3081 vassalli
2892 3026 3199 3097 accipiunt,
3247 3038 3305 3084 ut
3350 3031 3483 3085 fiant

1895 3117 2056 3172 simul
2086 3117 2499 3189 quinquaginta.
2547 3117 2651 3188 Ipsi
2683 3134 2812 3174 vero
2837 3134 3007 3189 panes
3037 3121 3142 3176 isto
3172 3122 3332 3177 modo
3360 3136 3483 3192 par-

231 3183 511 3269 eonsolatio
537 3214 715 3269 danr’a
744 3223 828 3269 est
853 3230 867 3269 :
906 3215 962 3270 id
990 3224 1073 3270 est
1102 3215 1247 3269 inter
1276 3183 1429 3280 duos,
1465 3217 1623 3285 panis
1651 3233 1791 3271 unus
1819 3183 1864 3243 Ο
1903 3208 2128 3274 lianlul‘.
2155 3217 2218 3263 ιιι
2242 3210 2525 3264 duodecim
2553 3225 2839 3279 pauperes,
2866 3211 2957 3280 qui
2985 3226 3146 3282 supra
3173 3222 3382 3269 noctem
3411 3214 3484 3273 ibi

232 3303 566 3360 vassallorum
611 3305 736 3359 talis
762 3305 854 3375 qui
887 3306 1022 3360 fiunt
1060 3321 1125 3360 ex
1171 3305 1351 3361 modio
1389 3321 1497 3361 uno
1529 3307 1788 3378 triginta;

231 3399 283 3444 et
307 3393 584 3465 unicuique
611 3394 901 3465 cujuslibet
946 3394 1161 3466 generis
1202 3394 1465 3465 pnlmenti
1510 3396 1684 3450 media
1728 3396 1792 3449 li-

233 3480 362 3536 bra:
402 3492 453 3540 et
490 3486 782 3556 unicuique
821 3484 1012 3555 plenus
1052 3485 1213 3551 calix,
1250 3486 1295 3539 si
1337 3483 1501 3538 fuerit
1534 3485 1695 3550 unde,
1727 3487 1792 3540 de

235 3572 372 3639 vino,
410 3576 491 3630 sin
535 3584 719 3631 autem
750 3576 814 3631 de
846 3575 1052 3631 cervisa
1092 3574 1341 3630 fratrum.
1396 3574 1660 3631 Nativitas
1691 3578 1793 3631 Do-

237 3665 377 3731 mini,
406 3666 772 3737 Theophania,
807 3668 967 3721 Missa
998 3669 1209 3722 domnae
1238 3667 1546 3732 Balthildze;
1592 3676 1645 3722 et
1677 3669 1792 3739 ipso

238 3753 318 3808 die
340 3757 399 3812 de
423 3759 725 3814 ministerio
754 3758 1073 3823 camerarii;
1106 3757 1424 3813 Purificatio
1452 3766 1653 3813 sancta:
1684 3759 1793 3812 Ma-

238 3842 355 3908 rize,
394 3846 475 3902 die
517 3846 798 3902 Dominica
845 3847 1059 3901 initium
1103 3846 1576 3918 Quadragesimm,
1624 3847 1791 3903 Coena

241 3932 452 4003 Domini,
472 3938 701 4018 Ifaseha,
727 3940 988 3996 Ascensio
1008 3941 1243 4006 Domini,
1265 3941 1605 4010 Pentecoste,
1631 3942 1793 3997 Missa

200 4075 205 4081 .
243 4029 394 4083 sancti
411 4028 629 4087 Joannis
647 4031 923 4102 Baptista),
955 4031 1126 4087 sancti
1146 4030 1317 4097 Petri,
1341 4032 1513 4087 sancti
1545 4032 1784 4101 Martini,

243 4120 395 4174 sancti
420 4120 665 4176 Androm.

304 4209 549 4267 Similiter
575 4213 740 4268 etiam
784 4214 872 4269 isti
902 4221 1032 4269 sunt
1057 4215 1173 4271 dies
1201 4216 1399 4287 quibus
1429 4216 1509 4271 eis
1538 4216 1605 4273 ab
1631 4232 1794 4288 opere

245 4293 499 4357 Dominieo
521 4313 543 4341 ε
573 4302 908 4372 parcendum
939 4312 1022 4359 est
1052 4304 1302 4377 (excepto
1332 4306 1460 4361 illud
1497 4307 1564 4361 ad
1592 4300 1799 4362 victum’

245 4393 629 4460 praeparandum
656 4393 913 4467 pertinet)
942 4413 954 4447 :
992 4393 1257 4451 Nativitas
1303 4397 1533 4463 Domini,
1586 4396 1642 4451 S.
1674 4397 1796 4453 Ste-

245 4475 422 4547 phani,
470 4480 530 4537 S.
573 4479 838 4549 Joannis,
888 4484 1078 4539 Natale
1122 4485 1492 4540 Innocentium
1520 4527 1534 4552 ,
1591 4485 1811 4543 Octaba

303 4618 718 4694 flotricnlarii.
745 4621 979 4694 Nomina
1025 4622 1255 4694 obscura
1301 4622 1575 4694 explicare
1619 4624 1797 4694 pergit

245 4684 496 4763 Acherius.
516 4691 883 4763 Matricnlarii,
910 4693 1285 4763 marguillicrs,
1314 4684 1666 4747 ecclesiarum
1694 4684 1791 4751 οἶ]-

246 4758 430 4825 stodes.
459 4770 553 4815 aut
583 4758 1082 4827 administratores,
1121 4764 1235 4819 sive
1266 4765 1429 4817 etiam
1471 4763 1561 4831 qui
1606 4780 1791 4817 curam

248 4839 412 4950 ierunt
457 4846 776 4912 pauperum.
825 4832 1119 4898 Cavalarii,
1161 4833 1371 4901 equites
1423 4842 1517 4887 aut
1568 4834 1788 4903 auriga.

280 4902 677 4950 “amittamus-
704 4904 793 4950 nni
821 4918 1208 4950 mruamnmlm
1238 4911 1410 4950 autat.
1454 4902 1788 4950 Saminatnr-

280 4902 677 4973 ergaminarius,
704 4904 794 4971 qui
821 4918 1209 4973 pergamenum
1238 4911 1411 4972 aptat.
1454 4902 1790 4968 Samiuator,

249 4975 322 5044 aut
358 4972 643 5044 samiator,
693 4973 788 5044 qui
837 4972 971 5044 cote
1008 4974 1173 5028 acuit.
1226 4973 1438 5031 Fusarii
1489 4974 1649 5029 iidem
1700 4976 1794 5044 qui

249 5032 446 5116 liuores.
492 5032 738 5116 Gararii',
782 5058 918 5112 quos
947 5043 1177 5116 dicimus
1201 5060 1438 5116 gruyers,
1479 5032 1791 5116 quinem'n-

249 5105 372 5163 ribus
402 5112 648 5167 secandis
684 5105 944 5184 pratsunt.
984 5105 1408 5185 Mattion'csfqni
1443 5105 1620 5169 edulia
1657 5130 1797 5183 pne-

276 5190 429 5234 arant.

249 5189 581 5324 erigimur.
621 5252 806 5324 Buria,
829 5253 1006 5324 pergit
1027 5253 1313 5319 Aeberius,
1340 5253 1491 5309 locus
1514 5253 1603 5324 ubi
1632 5253 1796 5324 lintea

249 5313 560 5397 dealbantur,
604 5338 696 5397 seu
741 5313 1145 5397 liii-viousordes
1170 5313 1629 5397 abluunturLGal.
1657 5322 1797 5397 Rue-

249 5389 321 5439 rie.
359 5389 641 5457 Arboreta,
673 5393 825 5448 locus
852 5395 1137 5449 arboribus
1164 5395 1429 5449 consitus.
1471 5393 1790 5458 Berbicarii,

249 5467 465 5538 Peloros
491 5464 697 5538 ovium,
726 5464 954 5535 bcrgers.
1010 5464 1288 5519 Vivarium
1333 5464 1424 5519 ubi
1469 5464 1648 5533 pisces
1691 5479 1792 5517 nu-

249 5533 474 5597 triuntur,
508 5534 686 5587 eivier.

302 5602 512 5677 f_0pere
538 5603 822 5677 dominico.
878 5602 1152 5677 Obsequio
1195 5604 1429 5659 dominis
1470 5603 1685 5668 debito,
1736 5612 1794 5658 ut

302 5619 319 5638 υ
348 5619 391 5654 υ
425 5619 512 5656 ere
538 5619 659 5656 aom

249 5666 357 5722 vidit
378 5619 663 5728 Icherius.

299 5738 319 5779 ά
345 5740 531 5801 Saccas
560 5742 805 5812 ﬁltrinos.
848 5742 977 5812 Qure
1017 5745 1115 5798 hoc
1146 5744 1322 5817 capite
1352 5744 1663 5800 obscuriora
1695 5760 1792 5807 no-

1902 3305 2146 3362 manent,
2169 3298 2438 3367 accipiant
2467 3298 2661 3368 singuli
2686 3300 3055 3369 unusquisque
3083 3315 3277 3370 panem
3303 3319 3481 3369 suum,

1900 3401 1956 3447 et
1984 3392 2037 3446 in
2068 3391 2362 3446 crastinum
2393 3391 2764 3460 unusquisque
2790 3392 2858 3445 ad
2886 3392 3145 3446 viaticum
3174 3393 3477 3449 dimidium.

1901 3485 2247 3556 Hospitalarii
2274 3493 2455 3539 autem
2484 3485 2611 3549 duo,
2642 3485 2734 3554 qui
2764 3485 2837 3540 ibi
2867 3485 3201 3548 deserviunt,
3229 3486 3295 3540 de
3320 3500 3483 3554 supra

1902 3577 2102 3646 scripto
2151 3589 2380 3630 numero
2427 3573 2800 3643 unusquisque
2846 3588 3038 3642 panem
3086 3589 3252 3628 unum
3291 3592 3303 3627 :
3356 3589 3483 3628 nam

1899 3682 2069 3736 panes
2099 3666 2339 3737 quinque
2378 3664 2720 3719 frumcntacii
2759 3665 2957 3720 debent
2990 3666 3183 3736 partiri
3219 3666 3361 3720 inter
3388 3681 3480 3736 pc-

1902 3759 2148 3830 regrinos
2197 3757 2426 3814 clericos
2469 3756 2562 3827 qui
2611 3756 2666 3810 in
2714 3755 3061 3812 refectorium
3105 3756 3378 3813 ducuntur
3416 3759 3484 3813 ad

1899 3850 2196 3914 viaticum,
2243 3856 2300 3904 et
2338 3847 2583 3903 infirmos
2610 3847 2705 3918 qui
2736 3848 2809 3904 ibi
2841 3856 3263 3905 sustentantur:
3311 3851 3482 3920 ipsam

1903 3948 2085 3995 tamen
2122 3939 2559 3995 distributionem
2596 3955 2798 4011 panum
2829 3940 3056 3995 arbitrio
3090 3943 3483 3997 committimus

1902 4031 2273 4101 hospitalarii;
2306 4047 2369 4087 ea
2388 4031 2640 4087 videlicet
2667 4032 2895 4096 ratione,
2919 4041 2979 4086 ut
3005 4032 3048 4087 si
3070 4034 3283 4089 venerit
3310 4032 3485 4102 major

1901 4139 2160 4179 numerus
2188 4137 2487 4193 pauperum
2508 4164 2522 4187 ,
2558 4130 2652 4177 aut
2679 4122 2800 4193 plus
2828 4131 2923 4177 aut
2950 4124 3129 4179 minus
3158 4124 3482 4193 indigentes,

1902 4213 2042 4269 sicut
2072 4222 2198 4269 sunt
2226 4213 2403 4269 inedia
2432 4213 2660 4277 defecti,
2704 4220 2796 4267 aut
2832 4214 3041 4285 pueruli
3078 4216 3322 4285 parvuli,
3370 4217 3485 4287 ipse

1902 4305 2218 4370 discernat,
2258 4302 2414 4372 juxta
2460 4305 2603 4374 quod
2631 4313 2866 4375 Oportet.
2918 4304 3071 4371 Quod
3111 4306 3157 4360 si
3196 4307 3487 4379 contigerit

1903 4396 2084 4464 aliquo
2116 4402 2357 4462 tempore
2386 4393 2567 4449 minus
2592 4394 2777 4448 venire
2810 4409 3102 4464 pauperes,
3150 4396 3265 4466 ipse
3301 4398 3481 4468 hospi-

1904 4486 2148 4552 talarius,
2180 4492 2236 4539 et
2266 4484 2526 4556 magister
2551 4482 2667 4553 ejus
2697 4483 2881 4539 senior
2910 4486 3185 4556 portarius
3205 4528 3220 4552 ,
3267 4487 3321 4541 in
3365 4503 3476 4542 mc-

1899 4622 2044 4678 mina
2071 4627 2387 4685 occurrunt,
2417 4620 2494 4673 ita
2520 4620 2909 4689 interpretatur
2934 4619 3221 4677 Acherius.
3275 4619 3432 4677 Socci
3459 4663 3477 4688 ,

1932 4707 2069 4747 enus
2098 4690 2475 4755 calceamenti,
2506 4689 2624 4744 Gal.
2656 4707 2840 4760 suque:
2874 4704 2892 4743 .'
2930 4690 2969 4745 ii
2998 4692 3200 4746 debent
3244 4706 3364 4747 esse
3410 4709 3475 4757 ex

1932 4710 2069 4747 011118
2098 4710 2475 4755 calceamenu,
2506 4710 2624 4744 bal.
2656 4710 2840 4760 suque:
2874 4710 2892 4743 ἰ
2930 4710 2969 4745 ιι
2998 4710 3200 4746 acuent
3244 4710 3364 4747 esse
3410 4710 3475 4757 ex

1898 4710 2063 4827 gltro,
2092 4764 2194 4817 hoc
2220 4768 2323 4825 est,
2352 4761 2610 4832 grossiori
2641 4776 2843 4832 panno,
2873 4777 3033 4830 quem
3061 4761 3232 4830 feutre
3259 4771 3475 4829 vocant,

1900 4833 2062 4898 Solae,
2092 4833 2405 4903 pantouﬂes.
2430 4831 2810 4903 ‘Yuantinsive
2838 4832 3044 4903 guanti,
3073 4840 3243 4901 gants.
3280 4832 3477 4887 Iisdem

1898 4900 2579 4974 adiunguntur‘mulfolze,
2630 4902 2765 4961 alias
2817 4900 3092 4967 mulfulze,
3142 4918 3280 4972 quas
3329 4905 3483 4966 dicas

1900 4973 2153 5045 meamea,
2175 4973 2554 5045 ant‘mitaines,
2578 4982 2633 5027 et
2650 4981 2781 5045 sunt
2808 4974 3139 5045 cltirothecae
3167 4974 3474 5045 ampliores.

1903 5034 2163 5113 Seqiiitu'r
2185 5042 2424 5116 pellicia,
2456 5034 2577 5113 quée
2607 5044 2823 5116 videtur
2849 5052 2941 5098 aut
2972 5044 3136 5099 vestis
3166 5058 3197 5100 e
3223 5034 3475 5116 pellibus,

1898 5116 2083 5185 vulgo,
2112 5113 2361 5185 pellisson
2379 5153 2394 5177 ,
2438 5121 2533 5185 aut
2561 5128 2680 5185 qua;
2707 5113 2909 5185 dicitur
2938 5131 3201 5173 aumusse.
3223 5113 3237 5116 ⁷
3256 5114 3470 5185 Cottum

1900 5182 2055 5255 vero,
2086 5182 2230 5253 quod
2262 5182 2404 5255 idem
2433 5182 2635 5238 dicitur
2661 5183 2941 5239 lectarinm
2973 5186 3087 5243 sive
3116 5200 3328 5255 sagum,
3361 5184 3473 5253 pal-

1900 5253 2031 5308 lium
2058 5252 2142 5309 est
2167 5252 2513 5322 quadratum,
2542 5255 2657 5308 sive
2686 5257 3086 5322 coopertorium
3118 5252 3271 5309 lectis
3298 5252 3473 5309 inser-

1898 5323 2072 5378 viens.
2122 5321 2368 5394 Capella,
2398 5339 2582 5394 cappte
2610 5321 3008 5379 diminutivum.
3056 5325 3328 5387 Ilroccus,
3361 5323 3478 5394 sive

1899 5394 2142 5458 cuculla,
2189 5392 2355 5447 vestis
2398 5391 2809 5463 est'suprcma,
2863 5410 2982 5464 qua:
3031 5403 3202 5447 totum
3235 5407 3265 5444 a
3298 5391 3476 5459 capite

1898 5480 2098 5534 corpus
2128 5465 2278 5536 tegit,
2308 5473 2469 5536 atque
2495 5464 2618 5519 inde
2634 5464 2844 5536 factum
2870 5473 2954 5519 est
2981 5466 3281 5536 rochetum.

1973 5527 2012 5574 θ’
2026 5536 2097 5589 De
2125 5527 2398 5610 mixtura:
2416 5534 2563 5610 Quos
2592 5535 2821 5610 dicimus
2860 5536 2923 5587 de
2950 5531 3159 5610 ηιαὲιεεὶζ2
3200 5527 3474 5610 miscellos

1898 5620 2084 5678 panes.
2129 5604 2312 5678 Spelta
2341 5622 2469 5662 vero
2497 5605 2755 5662 frumenti
2795 5618 2993 5671 genus;
3033 5601 3248 5670 quidam
3278 5601 3474 5666 eiciunt

1897 5676 2186 5746 appellant.
