3838 6144
403 334 506 392 539

1352 328 1408 385 S.
1445 329 1841 386 ADALHARDI
1873 328 2162 384 ABBATIS
2197 324 2641 385 CORBElENSlS

3522 326 3640 383 540

395 445 623 517 moriam
644 442 966 500 omnimodis
987 441 1239 503 habeant,
1262 446 1463 507 quanto
1485 439 1552 494 de
1576 454 1737 515 supra
1762 438 1963 507 scripto
1990 438 2041 499 Α
2065 448 2247 494 menta
2293 438 2519 493 fratrum
2560 446 2741 493 vetera
2764 479 2778 503 ,
2834 438 3160 508 pauperibus
3213 437 3497 493 tribuenda
3540 454 3639 493 se-

396 550 620 591 uumero
656 541 876 603 propter
904 531 1229 601 paucitatem
1260 529 1587 582 venientium
1631 529 1809 583 minus
1854 527 1963 582 dis-

397 635 676 697 pensatur,
707 633 767 678 ut
806 625 1000 677 iterum
1031 636 1156 675 cum
1181 620 1363 690 plures
1390 619 1668 684 venerint,
1702 618 1961 687 quod.re-

399 717 616 780 mansit,
643 715 1004 783 dispensetur.

466 805 687 861 Caeteris
719 818 850 857 vero
891 801 1216 872 pauperibus
1254 799 1629 867 venientibus,
1680 808 1735 854 et
1775 801 1963 856 eadem

398 896 484 948 die
516 890 913 955 recedentibus,
945 889 1083 943 solet
1120 890 1234 944 dari
1274 889 1620 959 quartarius,
1662 888 1780 953 vel,
1825 890 1966 944 sicut

398 985 650 1047 diximus,
672 980 827 1051 juxta
856 979 999 1049 quod
1026 977 1408 1047 hospitalarius
1435 977 1745 1047 prazviderit
1770 978 1823 1030 in
1852 992 1967 1031 ma-

391 1074 499 1144 jori
529 1071 609 1126 vel
638 1069 834 1124 minori
865 1083 1089 1123 numero
1134 1074 1226 1120 aut
1266 1066 1589 1121 necessitate
1631 1065 1963 1135 compedine,

397 1162 832 1233 companaticus,
878 1154 971 1214 aut
1012 1158 1308 1215 secundum
1338 1158 1784 1213 consuetudinem
1808 1198 1823 1224 ,
1869 1156 1969 1213 tri-

396 1256 611 1310 huatur.

467 1344 544 1398 De
581 1349 709 1413 potu
751 1346 929 1394 autem
959 1338 1201 1409 quotidie
1237 1338 1397 1394 detur
1427 1338 1640 1393 modius
1676 1338 1964 1403 dimidius,

399 1434 454 1494 id
491 1440 574 1488 cst
613 1433 845 1488 sextaria
883 1448 1002 1497 vm,
1040 1432 1108 1486 de
1140 1432 1335 1500 quibus
1376 1430 1691 1485 dividuntur
1727 1431 1965 1485 sextaria

396 1511 630 1595 quatuor
662 1527 804 1579 inter
837 1525 955 1579 illos
988 1525 1269 1579 duodecim
1299 1540 1462 1593 supra
1498 1525 1746 1595 scriptos,
1792 1525 1866 1579 ita
1908 1534 1967 1581 ut

399 1617 768 1685 unusquisque
801 1617 1031 1685 accipiat
1059 1614 1257 1690 calices
1292 1614 1448 1668 duos.
1491 1614 1573 1667 Ex
1610 1614 1731 1668 aliis
1755 1629 1967 1683 quoque

397 1718 633 1777 quatuor
662 1723 757 1763 sex
794 1707 991 1761 dantur
1018 1706 1263 1772 clericis,
1303 1707 1498 1777 quibus
1527 1706 1691 1775 pedes
1719 1705 1968 1760 lavantur

2063 531 2298 586 cundum
2339 530 2798 585 consuetudinem.
2848 528 3206 584 Obseeramus
3241 528 3405 600 igitur
3441 545 3639 585 omnes

2063 621 2260 691 quibus
2311 621 2617 675 ordinatum
2669 619 2829 673 fuerit
2881 618 3117 673 ofﬁcium
3177 619 3231 672 in
3289 619 3393 673 hoc
3445 634 3637 673 mona-

2062 711 2256 773 sterio,
2304 718 2364 764 ut
2406 710 2459 763 in
2506 709 2757 780 largitate
2795 723 2860 763 ac
2898 708 3277 763 distributione
3316 708 3412 763 Dei
3452 708 3636 777 potius

2063 801 2342 856 attendant
2364 800 2711 866 voluntatem,
2734 816 2896 870 quam
2923 808 3124 855 nostra:
3150 800 3434 869 parcitatis
3457 815 3637 855 exem-

2061 890 2232 961 plum,
2275 890 2529 960 quoniam
2570 890 2939 960 unusquisque
2976 897 3061 944 est
3099 904 3200 958 pro
3234 905 3292 945 se
3324 888 3633 945 redditurus

2065 984 2346 1039 rationem.

2666 1072 2892 1130 CAPUT
2941 1073 3026 1130 VI.

2135 1165 2312 1230 Ratio,
2345 1165 2432 1222 vel
2455 1179 2715 1219 numerus
2744 1177 3001 1229 annonae,
3042 1178 3134 1218 seu
3158 1164 3346 1233 panis,
3379 1164 3633 1234 qualiter,

1970 1282 1977 1288 ’
2065 1256 2151 1311 vel
2174 1257 2333 1323 unde,
2362 1256 2448 1311 vel
2474 1263 2735 1323 quantum
2758 1256 2826 1309 ad
2849 1255 3235 1309 monasterium
3260 1255 3455 1310 debeat
3480 1257 3636 1311 annis

2065 1347 2290 1418 singulis
2307 1347 2523 1412 venire;
2550 1345 2635 1399 vel
2654 1345 2888 1415 qualiter
2907 1354 3091 1400 custos
3111 1345 3268 1415 panis
3292 1344 3426 1401 illud
3448 1346 3639 1404 debeat

2066 1438 2397 1507 dispensare.

2137 1523 2395 1579 Volumus
2420 1532 2482 1579 ut
2509 1523 2666 1578 annis
2701 1522 2927 1594 singulis
2953 1522 3176 1577 veniant
3203 1523 3271 1578 de
3297 1523 3468 1593 spelta
3502 1524 3646 1580 bene

2067 1616 2324 1670 ventilata
2367 1624 2531 1685 atque
2572 1615 2832 1671 mundata
2863 1615 3013 1670 corbi
3047 1630 3216 1679 occa,
3268 1616 3645 1686 unusquisque

2069 1705 2266 1759 corbus
2294 1705 2500 1760 habens
2524 1704 2704 1759 modia
2733 1720 2831 1770 ιιι,
2855 1703 2992 1758 bene
3018 1703 3291 1773 coagitata
3316 1712 3371 1758 et
3396 1720 3547 1770 rasa,
3577 1705 3649 1760 ad

397 1814 428 1852 a
458 1798 731 1864 fratribus,
755 1800 1043 1868 unicuique
1069 1799 1207 1852 calix
1234 1814 1395 1864 unus,
1419 1806 1473 1853 et
1493 1797 1828 1852 Willeranno
1855 1814 1968 1852 ser-
1996 1775 2041 1834 Β
2068 1796 2230 1849 istum
2258 1810 2455 1849 novum
2489 1795 2727 1850 modium
2755 1808 2916 1863 quem
2945 1793 3193 1849 dominus
3223 1793 3520 1862 imperator
3547 1809 3624 1864 po

397 1890 555 1943 vitori
584 1889 723 1943 calix
754 1906 928 1943 unus:
967 1889 1108 1957 quod
1139 1888 1416 1943 residuum
1446 1886 1629 1951 fuerit,
1661 1887 1712 1941 in
1742 1887 1967 1942 arbitrio

397 1978 733 2047 bospitalarii
758 1978 1112 2047 relinquimus
1135 1978 1403 2046 quomodo
1424 1976 1555 2030 illud
1578 1976 1691 2031 sive
1714 1977 1964 2043 inﬁrmis,

396 2070 512 2124 sive
543 2068 667 2123 aliis
694 2068 1021 2137 pauperibus
1048 2067 1269 2121 dividat.
1308 2069 1384 2122 De
1410 2067 1537 2121 vino
1566 2076 1745 2121 autem
1770 2068 1877 2121 erit
1912 2068 1969 2122 in

397 2158 624 2212 arbitrio
657 2158 855 2226 prioris
877 2169 923 2210 ιι.
980 2155 1323 2210 lnﬁrmorum
1369 2163 1547 2209 autem
1588 2156 1967 2210 necessitatem

397 2248 578 2303 senior
597 2245 869 2315 portarius
889 2243 1215 2312 debetjuxta
1234 2243 1646 2314 possibilitatem
1665 2244 1967 2312 providere,

397 2340 511 2393 sive
542 2337 594 2391 in
622 2338 768 2400 cibo,
800 2336 914 2391 sive
945 2337 997 2390 in
1029 2344 1190 2404 potu,
1232 2337 1285 2390 in
1324 2337 1411 2391 his
1445 2337 1607 2391 rebus
1635 2351 1754 2405 qua:
1782 2336 1968 2404 hospi-

399 2428 589 2482 talario
617 2427 809 2481 desunt
832 2426 899 2479 ad
924 2440 1058 2494 opus
1085 2424 1419 2478 inﬁrmorum
1440 2462 1456 2478 .

469 2514 526 2570 Si
557 2515 843 2585 contigerit
867 2515 1052 2568 venire
1081 2513 1396 2584 peregrinos
1422 2513 1489 2567 de
1515 2512 1821 2584 longinquis
1847 2528 1973 2585 pro—

396 2605 631 2669 vinciis,
682 2603 774 2673 qui
824 2619 989 2674 supra
1039 2605 1299 2673 scriptum
1344 2619 1630 2658 numerum
1667 2605 1965 2669 excedant,

395 2698 668 2766 portarius
699 2698 982 2767 provideat
1009 2698 1088 2752 eis
1116 2712 1237 2766 quae
1272 2697 1576 2752 necessaria
1604 2705 1766 2763 sunt,
1803 2698 1878 2751 ita
1912 2705 1972 2751 ut

396 2802 502 2841 non
531 2787 807 2841 minuatur
830 2788 1122 2858 quidquam
1150 2787 1217 2842 de
1244 2786 1330 2842 his
1358 2803 1478 2856 qua:
1506 2787 1834 2858 quotidianis
1860 2787 1972 2843 die-

397 2877 497 2932 bus
526 2878 776 2947 deputata
805 2887 952 2933 sunt.

1018 2968 1246 3024 CAPUT
1288 2969 1351 3024 γ.

468 3059 730 3115 Addimus
755 3061 925 3125 etiam
939 3061 1004 3116 de
1027 3062 1399 3130 companatico
1427 3061 1480 3115 in
1503 3062 1652 3116 cibos
1676 3076 1968 3130 pauperum

2066 1886 2190 1940 suit.
2238 1886 2303 1939 Et
2331 1886 2513 1940 veniat
2552 1887 2665 1955 ipsa
2690 1900 2903 1939 annona
2929 1886 2994 1941 de
3020 1885 3150 1954 ipsis
3172 1885 3313 1939 villis
3341 1900 3478 1954 quas
3512 1902 3635 1955 pra:

2065 1975 2275 2043 positus
2306 1975 2612 2045 specialiter
2643 1974 2695 2028 in
2726 1974 3025 2029 ministerio
3056 1975 3238 2037 habet,
3270 1983 3326 2028 et
3348 1974 3393 2029 si
3421 1990 3653 2031 necesse

2068 2064 2234 2119 fuerit
2262 2065 2328 2119 de
2357 2067 2638 2129 omnibus,
2682 2066 2766 2121 sin
2810 2076 2991 2121 autem
3030 2066 3098 2121 de
3140 2066 3246 2121 illis
3287 2068 3483 2137 quibus
3529 2069 3654 2138 ipse

2068 2169 2191 2208 cum
2237 2154 2431 2209 abbate
2475 2155 2919 2210 consideraverit.
2974 2155 3140 2211 Istum
3188 2171 3475 2210 numerum
3523 2156 3654 2213 ideo

2071 2245 2248 2298 taliter
2279 2245 2669 2310 ordinavimus,
2709 2253 2771 2299 ut
2808 2260 2905 2316 per
2940 2245 3054 2300 dies
3090 2245 3328 2317 singulos
3355 2246 3518 2311 anni,
3551 2249 3651 2318 qui

2069 2343 2194 2389 sunt
2218 2351 2440 2401 ccccxv,
2467 2350 2679 2405 semper
2706 2336 2840 2391 duos
2870 2336 3061 2409 corbes
3090 2337 3322 2402 habeat;
3358 2337 3451 2406 qui
3481 2338 3652 2393 simul

2070 2430 2196 2477 sunt
2224 2423 2373 2477 corbi
2404 2439 2631 2479 nccxxx.
2688 2423 2812 2479 Ideo
2842 2432 3019 2480 autem
3047 2442 3118 2479 xx
3151 2426 3346 2481 addere
3379 2425 3651 2491 fecimus,

2069 2524 2129 2565 ut
2172 2519 2329 2566 antea
2378 2522 2752 2582 supercrcseat
2793 2528 2953 2582 quam
2995 2513 3231 2568 deﬁciat.
3285 2514 3355 2568 Et
3394 2517 3653 2584 quamvis

2071 2600 2185 2671 ipsa
2229 2618 2443 2658 annona
2486 2588 2763 2658 interdum~
2803 2603 3017 2669 melior,
3067 2604 3336 2660 interdum
3380 2606 3651 2671 deter-iur,

2068 2700 2124 2745 et
2169 2692 2459 2764 aliquando
2506 2695 2772 2764 amplius,
2825 2696 3112 2765 aliquando
3158 2698 3337 2753 minus
3370 2698 3437 2753 de
3470 2699 3651 2754 farina

2070 2785 2295 2839 reddere
2326 2785 2526 2851 soleat;
2574 2802 2672 2841 nos
2707 2795 2885 2843 tamen
2912 2788 3260 2844 mediocriter
3288 2792 3649 2857 aestimantes,

2068 2889 2349 2943 speramus
2377 2877 2520 2944 quod
2551 2877 2615 2931 de
2645 2877 2751 2932 illis
2776 2878 2980 2934 duobus
3007 2880 3189 2934 corbis
3215 2895 3429 2950 semper
3456 2883 3648 2938 decem

2070 2966 2257 3021 haberi
2301 2968 2467 3023 modii
2509 2969 2736 3038 possint.
2790 2968 2881 3024 Sic
2918 2985 3045 3041 ergo
3074 2971 3282 3043 singula
3307 2972 3485 3027 modia
3518 2991 3644 3039 xxx,

2071 3072 2238 3126 panes
2284 3074 2398 3114 ccc.
2464 3059 2599 3126 Quia
2652 3071 2829 3114 autem
2883 3060 3013 3115 certi
3069 3076 3256 3117 sumus
3305 3062 3448 3132 quod
3500 3065 3643 3118 omni

397 3150 466 3205 ad
495 3163 692 3219 pensas
715 3165 845 3216 xxx,
874 3165 994 3220 quae
1022 3151 1220 3205 dantur
1246 3150 1389 3204 inter
1412 3165 1630 3204 caseum
1656 3158 1712 3204 et
1734 3149 1963 3215 lardum,
1997 3149 2041 3176 ἐ*
2075 3157 2315 3217 tempore
2350 3163 2456 3202 non
2488 3149 2666 3203 minus
2692 3164 2852 3217 quam
2885 3151 3146 3216 trecenti,
3192 3160 3247 3206 et
3287 3150 3490 3220 aliquid
3534 3168 3642 3207 am-

395 3248 453 3294 et
479 3240 689 3295 modios
715 3257 823 3295 xxx
855 3241 923 3295 de
958 3239 1340 3311 leguminibus,
1370 3241 1616 3308 quintam
1645 3247 1857 3309 partem
1902 3241 1967 3295 de

396 3331 607 3385 decima
647 3346 808 3401 quam
851 3331 1048 3399 accipit
1090 3330 1362 3400 portarius
1392 3345 1423 3383 a
1454 3330 1737 3385 cellerario
1772 3330 1838 3385 de
1873 3346 1969 3384 an-

394 3425 603 3495 guillis,
634 3424 720 3479 vel
753 3439 910 3480 caseo
941 3432 1190 3489 recente,
1237 3423 1327 3492 qui
1359 3424 1687 3478 constitutus
1721 3432 1804 3479 est
1838 3425 1967 3479 dare

394 3516 462 3571 de
490 3517 673 3571 decem
697 3516 1037 3581 herbicariis,
1064 3532 1164 3571 nec
1189 3531 1296 3570 nor:
1327 3524 1381 3569 et
1408 3515 1473 3569 de
1502 3515 1591 3568 illo
1618 3516 1707 3584 qui
1738 3516 1803 3570 de
1830 3516 1968 3570 villis

395 3606 681 3659 dominicis
710 3606 866 3660 datur
890 3606 944 3659 in
971 3604 1256 3660 decimam.
1292 3603 1555 3658 Similiter
1574 3621 1789 3659 onmem
1813 3607 1968 3675 quin-

396 3703 505 3748 tam
532 3694 752 3749 decimze
772 3695 837 3749 de
856 3695 1170 3764 pecudibus,
1196 3694 1247 3748 id
1270 3703 1378 3758 est,
1403 3694 1457 3746 in
1482 3695 1684 3759 vitulis,
1716 3695 1766 3748 in
1792 3695 1969 3749 berbi-

398 3785 574 3849 cibus,
596 3783 680 3837 vel
704 3785 952 3837 omnibus
981 3798 1101 3851 qua:
1128 3783 1325 3837 dantur
1346 3784 1411 3837 de
1435 3785 1684 3853 gregibus
1704 3786 1965 3854 portario,

397 3875 559 3927 etiam
592 3874 644 3926 in
677 3873 919 3927 caballis.

465 3963 689 4029 Insuper
709 3962 1070 4031 disposuimus
1088 3962 1218 4017 dare
1241 3964 1339 4032 ipsi
1363 3979 1524 4033 supra
1546 3974 1969 4021 commemorato

398 4054 747 4123 hospitalario
788 4055 854 4107 de
895 4054 1039 4109 omni
1081 4064 1303 4125 argento
1331 4056 1590 4125 quidquid
1639 4057 1705 4111 ad
1752 4067 1966 4127 portam

397 4146 605 4199 venerit
625 4146 865 4215 quintam
888 4155 1117 4214 partem,
1141 4161 1236 4215 per
1257 4162 1446 4201 manus
1468 4149 1692 4216 portarii
1716 4149 1963 4205 senioris.

400 4235 472 4288 De
512 4249 617 4303 quo
659 4242 880 4303 argento
913 4234 1073 4287 talem
1102 4234 1348 4289 volumus
1378 4236 1493 4289 ﬁeri
1525 4237 1960 4307 dispositionem;

396 4332 582 4378 utnon
605 4324 781 4377 minus
805 4324 1046 4393 quotidie
1069 4340 1227 4394 quam
1251 4332 1485 4394 quatuor
1505 4328 1713 4382 denarii
1735 4330 1960 4395 dentur;

2068 3235 2248 3304 plius,
2295 3251 2508 3305 semper
2548 3237 2694 3293 intus
2737 3238 2951 3292 assidue
2993 3248 3310 3305 manentes,
3357 3250 3412 3295 et
3454 3258 3638 3310 super-

2069 3326 2347 3380 venientes
2381 3328 2433 3380 in
2469 3330 2796 3383 monasterio
2827 3329 3063 3395 erimus,
3112 3345 3233 3384 cum
3265 3338 3448 3385 tamen
3485 3331 3635 3385 modo

2070 3434 2177 3472 non
2209 3420 2574 3490 magis‘quam
2621 3422 2847 3475 trecenti
2879 3421 3264 3492 quinquaginta
3300 3422 3499 3487 simus;
3543 3435 3635 3475 nos

2072 3517 2251 3565 tamen
2299 3513 2426 3581 quia
2476 3510 2764 3581 aliquando
2814 3513 3032 3577 minus,
3082 3512 3370 3582 aliquando
3416 3513 3632 3582 amplius

2070 3618 2232 3671 quam
2260 3604 2634 3674 quadringenti
2662 3604 2894 3658 fortasse
2925 3619 3133 3670 sumus,
3160 3605 3235 3658 ita
3264 3605 3514 3659 ordinare
3540 3618 3626 3657 vo-

2070 3692 2247 3747 lumus
2280 3708 2344 3747 ac
2376 3694 2421 3747 si
2451 3694 2599 3748 omni
2632 3701 2872 3763 tempore
2913 3695 3291 3766 quadringenti
3333 3695 3526 3758 simus,
3570 3700 3627 3746 ut

2070 3798 2137 3838 ex
2175 3798 2241 3838 eo
2281 3784 2498 3853 quando
2542 3784 2718 3840 minus
2766 3767 2929 3854 quam
2974 3785 3357 3857 quadringenti
3407 3800 3616 3846 sumus,

2070 3874 2469 3942 supercrescit,
2517 3874 2715 3928 habeat
2757 3876 2897 3929 unde
2938 3876 3276 3931 abundanter
3320 3877 3434 3932 dari
3471 3875 3623 3947 possit

2070 3963 2285 4033 quando
2314 3964 2542 4033 amplius
2576 3980 2783 4019 sumus.
2827 3964 2974 4019 Raro
3002 3974 3180 4020 tamen
3211 3965 3309 4031 ﬁt,
3356 3968 3491 4038 quod
3510 3981 3617 4020 am-

2069 4053 2212 4122 plius
2251 4053 2420 4108 simus
2444 4094 2458 4120 ,
2506 4068 2629 4108 cum
2676 4055 2779 4108 hoc
2825 4056 3121 4126 saepissime
3160 4056 3254 4112 ﬁat
3287 4059 3432 4128 quod
3470 4057 3615 4112 multo

2070 4144 2251 4199 minus
2276 4160 2437 4213 quam
2465 4144 2842 4216 quadringenti
2873 4147 3057 4201 simus.

2141 4234 2418 4290 Addamus
2447 4251 2577 4306 ergo
2619 4252 2685 4291 ex
2723 4251 2787 4291 eo
2827 4237 2970 4306 quod
3002 4238 3067 4291 de
3096 4238 3311 4292 molinis
3340 4239 3477 4293 venit
3501 4252 3613 4306 quu-

2070 4325 2197 4381 tidie
2225 4328 2403 4382 modia
2430 4335 2684 4397 quatuor,
2726 4336 2781 4382 et
2810 4327 2948 4382 ﬁunt
2980 4344 3149 4398 panes
3178 4338 3394 4383 centum
3418 4326 3606 4400 viginti.

395 4424 449 4470 ct
478 4416 522 4469 si
555 4416 731 4469 minor
760 4414 920 4469 fuerit
948 4433 1203 4473 numerus
1244 4417 1311 4472 de
1360 4420 1473 4489 ipsa
1518 4422 1706 4490 quinta
1733 4463 1747 4488 ,
1794 4439 1957 4492 quam
1986 4454 2039 4514 Β
2062 4418 2227 4489 junge
2255 4419 2453 4485 simul,
2499 4427 2555 4473 et
2594 4428 2722 4473 sunt
2746 4435 2913 4489 panes
2939 4436 3157 4476 ceccxx.
3213 4422 3352 4478 Ecce
3380 4423 3610 4485 habemus

394 4505 645 4561 sufﬁcere
675 4507 843 4576 possit
869 4507 935 4561 ad
967 4508 1105 4562 hanc
1133 4509 1565 4566 distributionem
1592 4514 1961 4581 quotidianam

397 4597 726 4661 faciendam,
773 4599 937 4653 abbas
986 4599 1030 4652 si
1074 4599 1187 4652 vult
1228 4600 1472 4669 suppleat
1518 4601 1771 4668 aliunde;
1818 4612 1874 4659 et
1918 4607 1964 4660 si

398 4672 537 4744 ultra
563 4690 809 4754 creverit,
840 4704 945 4743 non
974 4690 1343 4743 subtrahatur.
1378 4690 1547 4761 Ligna
1577 4702 1754 4747 autem
1784 4696 1967 4763 provi-

405 4784 523 4838 deat
544 4780 814 4849 portat-ius
834 4781 1158 4849 pauperibus
1178 4782 1470 4836 secundum
1496 4786 1965 4852 consuetudinem,

406 4871 482 4925 vel
521 4882 715 4925 caetera
758 4886 877 4939 qua:
930 4871 1018 4924 hic
1070 4871 1268 4938 scripta
1320 4887 1425 4925 non
1473 4873 1781 4928 habentur:
1828 4875 1967 4930 sicut

399 4970 526 5016 sunt
555 4960 717 5030 panni
747 4959 801 5012 in
832 4959 1072 5022 lectulis,
1104 4959 1187 5012 vel
1213 4976 1339 5014 vasa
1359 4999 1371 5023 ,
1412 4968 1467 5013 et
1494 4970 1687 5017 cretera
1717 4980 1961 5034 quaeque.

400 5051 525 5107 Haec
553 5050 732 5105 omnia
759 5064 919 5119 supra
951 5050 1151 5117 scripta
1178 5050 1243 5104 de
1272 5051 1358 5106 liis
1382 5066 1501 5120 qua:
1531 5053 1596 5108 ad
1634 5063 1845 5125 portam
1876 5034 1966 5112 ve-

402 5147 590 5208 aiunt,
642 5151 863 5213 propter
899 5139 1029 5194 illud
1068 5140 1495 5209 supplementum
1527 5145 1772 5213 argenti,
1821 5147 1965 5202 sicut

398 5247 559 5305 supra
588 5238 1066 5288 commemoratum
1099 5239 1203 5295 est,
1235 5231 1448 5285 dentur.
1490 5231 1713 5305 Insuper
1738 5236 1968 5306 accipiat

399 5324 780 5400 hospitalarius
825 5338 857 5378 a
898 5321 1197 5378 camerario
1227 5323 1547 5378 vestimenta
1572 5364 1588 5391 ,
1632 5326 1717 5382 vel
1757 5327 1966 5383 calcea—

477 5440 747 5497 nPn’oris.
804 5437 861 5494 in
909 5438 1081 5493 altero
1126 5439 1312 5495 codice
1355 5439 1610 5493 additur:
1646 5458 1663 5491 ι
1698 5440 1772 5493 De
1807 5440 1962 5495 laicis

399 5520 609 5576 autem,
647 5512 739 5581 qui
767 5526 864 5580 pro
888 5510 1151 5581 beneﬁcio
1180 5511 1321 5581 quod
1359 5518 1571 5581 tenent,
1604 5509 1827 5581 abbati,
1871 5519 1964 5581 aut

403 5582 587 5649 priori,
619 5578 711 5634 aut
744 5578 1045 5649 prteposilis
1074 5580 1217 5632 intus
1242 5578 1323 5631 vel
1354 5579 1506 5636 foris.
1530 5579 1617 5649 vel
1645 5578 1959 5649 equitando,

402 5648 482 5700 vel
511 5648 785 5703 servitium
812 5650 1053 5703 faciendo
1081 5649 1339 5710 serviunt,
1368 5648 1742 5702 constituimus
1770 5656 1827 5701 ut
1858 5648 1961 5702 Na-

403 5717 492 5770 tali
541 5717 749 5772 Domini
791 5727 847 5773 ct
889 5719 1091 5773 Pascha
1144 5718 1377 5772 habeant
1425 5727 1516 5770 aut
1569 5718 1674 5772 duo
1723 5719 1956 5773 sextaria

2067 4525 2174 4565 non
2222 4510 2397 4564 solum
2447 4511 2516 4564 ad
2561 4510 2985 4581 quadringentos
3030 4512 3123 4580 qui
3168 4527 3295 4567 raro
3340 4523 3490 4573 sunt,
3533 4504 3608 4562 sed

2066 4600 2230 4654 etiam
2254 4600 2495 4670 quotidie
2524 4600 2591 4654 ad
2616 4601 2805 4670 viginti
2833 4618 3017 4671 supra,
3045 4603 3137 4671 qui
3173 4604 3451 4659 rarissime
3478 4605 3607 4657 ﬁunt.

2069 4690 2174 4745 Sed
2195 4691 2319 4760 quia
2340 4692 2516 4746 omnis
2541 4692 2843 4747 substantia
2868 4704 3070 4759 nostra,
3093 4710 3213 4765 qum
3237 4712 3338 4766 per
3362 4698 3612 4752 ministros

2067 4791 2281 4838 nostros
2311 4783 2666 4854 dispensanda
2699 4791 2813 4847 est,
2860 4800 3075 4852 semper
3101 4787 3269 4856 magis
3296 4788 3530 4842 volumus
3564 4790 3613 4836 ut

2067 4884 2462 4945 supercrescat,
2490 4892 2651 4944 quam
2680 4877 2896 4931 deﬁciat
2922 4895 2934 4930 :
2966 4878 3216 4934 addimus
3244 4882 3423 4936 adhuc
3461 4896 3523 4935 ex
3557 4888 3615 4932 eo

2066 4964 2209 5035 quod
2234 4966 2299 5020 de
2329 4965 2545 5021 molinis
2571 4967 2719 5021 venit
2754 4967 2993 5022 modium
3022 4985 3217 5035 unum,
3258 4979 3317 5025 et
3347 4973 3473 5025 ﬁunt
3499 4981 3613 5040 quo—

2065 5055 2198 5110 tidie
2243 5070 2413 5125 panes
2461 5071 2644 5123 ccccc,
2673 5056 2739 5112 de
2784 5058 2998 5113 molinis
3044 5075 3133 5113 xv.
3189 5059 3425 5117 Collecto
3471 5061 3615 5133 igitur

2066 5162 2290 5204 numero
2311 5163 2408 5218 per
2431 5148 2671 5219 singulos
2696 5134 2811 5203 dies
2836 5149 2974 5205 ﬁunt
3001 5151 3055 5205 in
3082 5160 3254 5206 totum
3284 5154 3340 5207 in
3363 5169 3498 5207 anno
3519 5162 3619 5205 mov

2063 5236 2153 5292 dia
2179 5253 2233 5294 v.
2261 5254 2559 5305 cccccxxv;
2595 5238 2856 5294 addamus
2884 5242 3045 5296 etiam
3072 5258 3142 5296 xx
3168 5242 3237 5299 de
3266 5244 3375 5299 illis
3397 5240 3618 5299 molinis.

2063 5340 2119 5384 et
2149 5330 2283 5384 ﬁunt
2305 5345 2357 5384 v.
2387 5346 2439 5383 ιι.
2489 5330 2565 5384 Ex
2595 5331 2792 5400 quibus
2824 5348 2904 5386 ιιι.
2936 5349 3033 5388 DCL
3073 5333 3139 5388 de
3177 5334 3384 5404 spelta;
3429 5333 3624 5401 reliqtla

2064 5443 2309 5511 cervism,
2338 5453 2431 5498 aut
2459 5460 2622 5497 unum
2655 5445 2954 5499 sextarium
2982 5446 3088 5499 vini
3108 5488 3122 5511 ,
3156 5463 3261 5501 non
3292 5440 3633 5502 hzereditari0

2054 5510 2197 5578 jure,
2236 5514 2329 5567 sed
2358 5530 2457 5582 pro
2486 5516 2773 5581 charitate,
2799 5515 2882 5569 vel
2909 5515 3010 5570 loci
3041 5510 3266 5572 honore.
3308 5518 3417 5571 Hoc
3452 5515 3631 5569 tamt’l’

2062 5583 2133 5636 sit
2176 5584 2229 5636 in
2260 5584 2537 5640 voluntate
2563 5584 2795 5651 abbatis,
2844 5595 2899 5640 et
2941 5588 3158 5656 prioris,
3208 5596 3265 5640 et
3309 5586 3631 5658 purpositO’

2062 5668 2199 5705 l'illll.
2237 5673 2254 5704 ι
