3838 6144
152 416 244 473 δξι

160 552 283 593 vero
314 551 350 590 ι.
380 546 546 589 DCCCL
572 529 640 584 de
668 525 888 582 molinis
916 523 1104 579 venire
1134 523 1348 578 debent.
1398 520 1537 588 Quia
1579 534 1731 590 ergo,
1765 518 1809 577 Α

166 632 295 687 sicut
324 640 484 695 supra
516 621 755 678 diximus
779 659 794 685 ,
843 618 1018 688 magis
1062 624 1121 671 ut
1160 622 1539 685 supercrescat
1574 629 1736 683 quam

174 721 388 783 deficiat,
414 715 701 771 volumus:
732 711 937 767 idcirco
963 709 1139 779 primo
1170 708 1364 763 eorbus
1387 721 1475 769 xx,
1509 712 1564 759 et
1592 705 1739 760 insu-

172 831 260 887 per
283 811 520 884 quotidie
544 821 718 879 panes
747 819 910 875 supra
941 802 1065 857 illos
1089 815 1215 856 cccc
1240 796 1653 869 provendarios,
1685 802 1740 851 et

173 906 335 961 adhuc
358 899 533 956 modia
558 912 666 952 xxv
692 895 894 949 addere
917 892 1176 956 fecimus;
1211 905 1336 944 cum
1364 897 1565 953 tamen,
1599 888 1740 943 sicut

171 1009 318 1065 supra
348 993 548 1046 dictum
576 994 696 1053 est,
723 985 921 1056 saepius
947 983 1127 1037 minus
1154 996 1316 1051 quam
1346 986 1440 1034 aut
1467 994 1614 1045 cccc,
1646 985 1741 1034 aut

170 1098 305 1146 certe
333 1087 472 1141 ultra
492 1099 642 1146 cccc,
670 1094 793 1138 esse
818 1080 1105 1135 soleamus.
1206 1111 1231 1128 .

233 1181 296 1236 Et
323 1178 447 1248 quia
485 1176 553 1231 ad
594 1175 774 1245 ipsum
808 1171 1105 1236 molinum,
1147 1170 1341 1235 boves,
1383 1166 1568 1237 porci,
1613 1181 1742 1223 aves

168 1278 408 1340 diversae,
440 1288 613 1340 canes
654 1264 1025 1326 et'interdum
1067 1264 1261 1322 caballi
1300 1263 1557 1333 pascendi
1594 1270 1737 1327 sunt,

167 1370 420 1425 addamus
454 1367 635 1421 adhuc
672 1365 740 1419 de
773 1362 907 1431 ipsis
937 1359 1156 1415 molinis
1194 1357 1371 1413 modia
1408 1372 1494 1421 CL,
1523 1363 1580 1409 et
1609 1354 1745 1408 ﬁunt

167 1465 220 1518 in
254 1469 422 1516 totum
456 1457 603 1528 quod
634 1456 702 1511 de
738 1452 956 1510 molinis
987 1450 1179 1506 venire
1217 1447 1399 1513 debet,
1441 1444 1619 1500 modia
1647 1446 1745 1499 du-

167 1561 339 1610 centa.
400 1549 528 1605 Haec
565 1546 787 1601 interim
824 1543 899 1598 ita
941 1541 1087 1597 dicta
1136 1548 1301 1609 atque
1342 1543 1555 1592 servata
1601 1535 1740 1601 sint,

169 1657 440 1716 quousque
475 1640 687 1710 pariter
720 1635 1069 1691 considerare
1101 1632 1402 1695 valeamus,
1436 1636 1617 1683 utrum
1650 1627 1745 1682 ad—

169 1738 294 1791 dere
316 1742 407 1789 aut
426 1730 750 1788 subtrahere
774 1724 976 1794 aliquid
998 1738 1222 1779 necesse
1244 1723 1334 1777 sit.
1356 1721 1744 1777 Verumtamen

171 1840 445 1882 monemus
484 1830 651 1891 atque
687 1819 1041 1874 obsecramus
1077 1813 1358 1870 custodem
1398 1826 1600 1882 panum
1623 1850 1638 1875 ,
1682 1816 1744 1863 ut

174 1919 423 1995 quidquid
460 1915 658 1971 exinde
694 1928 794 1984 per
828 1923 1138 1965 mensuram
1175 1907 1259 1962 vel
1300 1919 1587 1960 numerum
1627 1902 1745 1956 die-

178 1990 292 2066 rum
331 2009 777 2081 septimanarum,
812 2002 897 2056 vel
937 2000 1105 2055 totius
1146 1996 1275 2052 anni
1316 1994 1587 2051 mensium
1616 1990 1746 2046 sciri

178 2111 383 2174 potest,
424 2115 546 2156 eum
590 2096 739 2153 omni
784 2092 1065 2163 diligentia
1111 2090 1253 2145 scire
1306 2102 1414 2142 non
1466 2083 1744 2154 negligat,

181 2173 617 2266 quemadmodum
670 2201 797 2243 cum
855 2194 1069 2253 tempus
1126 2177 1446 2236 mutationis
1492 2173 1745 2237 venerit,

183 2284 331 2341 nobis
371 2280 681 2338 renuntiare
724 2276 865 2332 sciat
903 2272 1137 2343 qualiter
1176 2276 1500 2340 praesentem
1545 2277 1748 2318 annum

184 2370 591 2428 administrando
616 2372 882 2422 transeat.
920 2363 989 2418 Et
1022 2368 1083 2415 ut
1115 2359 1221 2415 hoc
1249 2357 1425 2416 levius
1455 2354 1597 2411 scire
1623 2367 1749 2422 pos-

185 2467 271 2532 sit,
296 2470 501 2535 separet
545 2461 671 2516 inde
711 2459 888 2529 primo
926 2455 1048 2510 illos
1085 2449 1492 2534 provendarios,
1528 2446 1623 2516 qui
1654 2460 1751 2515 per

185 2528 370 2627 pensas
393 2568 603 2624 semper
626 2528 909 2619 atqualiter
949 2555 1005 2601 et
1037 2546 1307 2600 habentur
1337 2548 1393 2596 et
1426 2528 1747 2602 liberantur,

190 2662 403 2717 quorum
438 2658 697 2700 numerus
739 2654 955 2708 semper
1001 2635 1229 2706 aequalis
1280 2643 1408 2699 est;
1464 2631 1569 2687 nisi
1609 2630 1752 2685 forte

194 2737 458 2807 aliquando
488 2734 707 2791 minor:
747 2746 870 2786 nam
902 2743 1181 2799 nunquam
1218 2725 1281 2781 fit
1308 2723 1500 2793 major.
1547 2721 1752 2778 Deinde

196 2829 467 2899 perpendat
498 2839 697 2898 panem
718 2822 971 2885 fratrum,
995 2818 1211 2889 quando
1235 2816 1404 2873 semel
1425 2815 1510 2871 vel
1535 2814 1752 2884 quando

199 2920 273 2975 bis
309 2919 360 2973 in
394 2918 480 2974 die
518 2916 884 2979 manducant,
938 2920 994 2975 et
1030 2916 1200 2981 ponat
1241 2923 1458 2979 semper
1502 2907 1752 2963 semotim

201 3010 331 3065 illum
365 3011 450 3081 qui
487 3008 556 3063 ad
596 3007 812 3062 illorum
849 3020 988 3075 opus
1027 3004 1318 3073 deputatus
1347 3008 1463 3065 est,
1499 3006 1554 3054 et
1576 2999 1755 3055 consi-

200 3100 334 3156 deret
361 3108 617 3170 quantum
660 3113 729 3152 eo
773 3104 1038 3165 tempore,
1073 3092 1292 3162 quando
1322 3104 1537 3160 semper
1562 3088 1752 3155 semel,

201 3202 436 3262 quantum
465 3207 552 3257 eo,
589 3189 809 3261 quando
842 3201 1059 3256 semper
1091 3185 1176 3241 bis
1208 3184 1264 3239 in
1294 3183 1383 3239 die
1405 3183 1752 3246 ma'nducant,

203 3292 251 3337 et
277 3293 522 3353 quantum
565 3282 623 3336 in
662 3295 771 3335 una
810 3277 1136 3347 septimana,
1170 3275 1226 3330 in
1257 3282 1487 3343 utroque
1516 3280 1758 3341 tempore

203 3373 393 3440 quando
418 3373 663 3436 minime,
688 3378 745 3424 et
777 3375 1044 3438 quantum
1083 3366 1139 3440 in
1177 3380 1309 3431 una,
1335 3365 1554 3434 quando
1586 3362 1762 3416 maxi-

205 3477 281 3517 me
316 3462 601 3533 impendit;
650 3467 708 3514 et
748 3458 1079 3512 arbitremur
1102 3436 1292 3524 'prope
1341 3466 1463 3507 eum
1516 3448 1761 3504 invenire

205 3568 363 3624 posse,
396 3555 462 3609 de
493 3561 703 3624 quanto
732 3549 911 3605 valeat
944 3562 1107 3619 pane,
1132 3545 1222 3603 vel
1253 3542 1451 3600 modiis
1479 3541 1549 3596 ad
1572 3554 1762 3596 eorum

209 3657 327 3713 opus
362 3644 611 3699 transire.

270 3732 323 3787 In
359 3735 456 3791 isto
501 3746 733 3790 numero
760 3729 997 3800 ponendi
1039 3735 1167 3783 sunt
1194 3740 1383 3782 omnes
1427 3723 1520 3794 qui
1567 3735 1763 3792 panem

215 3822 414 3879 fratrum
441 3824 737 3894 accipiunt,
766 3830 994 3891 excepto
1019 3818 1262 3888 hospites
1290 3817 1383 3886 qui
1408 3816 1555 3870 hunc
1585 3811 1766 3882 quoti-

215 3913 287 3968 die
310 3930 405 3969 non
431 3913 725 3983 accipiunt.
749 3908 1013 3966 Observet
1034 3915 1218 3963 autem
1240 3923 1309 3961 ne
1334 3913 1543 3960 tantum
1566 3902 1771 3974 pariter

217 4005 272 4060 de
290 4021 418 4076 pane
446 4006 679 4060 fratrum
707 4002 892 4066 faciat,
917 4009 977 4057 ut
1004 3998 1316 4054 remanendi
1341 3995 1567 4051 nimium
1601 3992 1771 4047 obdu-

216 4105 392 4161 rescat;
420 4096 562 4166 quod
585 4096 632 4151 sl
663 4093 876 4159 fecerit,
907 4108 973 4147 eo
1000 4100 1241 4161 tempore
1264 4088 1479 4159 quando
1510 4087 1599 4141 ille
1621 4086 1771 4166 illum

218 4162 471 4243 numerum
497 4188 721 4259 probat,
766 4186 882 4256 ipse
925 4183 1083 4256 panis
1113 4181 1383 4237 tollendus
1408 4187 1514 4243 est,
1557 4186 1613 4232 et
1639 4162 1775 4230 alter

222 4293 302 4346 pro
322 4295 381 4336 eo
405 4281 707 4351 ponendus.
740 4278 876 4346 Quia
906 4291 1065 4341 vero,
1097 4284 1157 4329 ut
1195 4273 1431 4329 diximus
1451 4313 1465 4338 ,
1496 4271 1654 4325 modo
1686 4286 1772 4324 sc-

221 4369 327 4437 mel,
359 4374 509 4435 modo
535 4371 621 4426 bis
648 4371 703 4425 in
729 4371 815 4424 die
840 4368 1253 4431 manducamus,
1289 4372 1344 4419 et
1387 4378 1532 4418 nunc
1572 4362 1773 4431 plures,

221 4477 340 4519 nunc
366 4465 644 4535 pauciores
672 4477 880 4528 sumus,
908 4469 966 4516 et
993 4473 1279 4513 numerum
1310 4464 1555 4511 nostrum
1586 4453 1776 4524 quanti

1189 399 1513 457 STATUTA
1554 397 1689 453 PRO
1729 393 2078 453 MONAClllS
2120 392 2293 449 SUlb.

3317 386 3422 442 5‘2

1909 514 2188 568 .‘llonemus
2216 511 2380 567 etiam
2426 518 2485 565 ut
2527 510 2632 565 hoc
2658 509 3005 565 considerare
3032 522 3140 563 non
3170 506 3426 579 negligat,

1839 605 1983 675 quod
2013 604 2167 674 panis
2201 602 2289 656 ille
2316 601 2407 671 qui
2439 601 2618 666 datur,
2666 616 2774 654 non
2811 600 2878 654 ad
2916 614 3081 653 unam
3116 614 3428 654 mensuram

1840 695 2123 759 omnibus,
2176 693 2270 747 sed
2318 691 2641 763 quibusdam
2683 690 2878 759 major,
2927 689 3254 759 quibusdam
3299 707 3429 746 vero

1841 787 2018 839 minor
2049 786 2228 855 datur,
2256 784 2323 838 Et
2353 784 2421 838 ob
2452 784 2557 838 hoc
2586 796 2809 837 necesse
2846 791 2951 847 est,
2993 790 3052 836 ut
3098 781 3165 835 de
3202 781 3430 852 singulis

1839 877 2110 932 mensuris
2139 892 2338 947 panum
2382 875 2719 937 consideret,
2765 874 2956 944 quanti
2994 873 3060 928 de
3101 862 3428 941 majoribus,

1840 966 2226 1031 mediocribus,
2258 964 2343 1020 vel
2372 964 2695 1030 minoribus,
2724 965 2791 1020 de
2821 979 2927 1018 uno
2957 963 3139 1018 modio
3162 962 3279 1017 fieri
3304 977 3431 1033 pos-

1840 1066 1987 1114 sunt.
2023 1059 2089 1112 Et
2116 1071 2402 1127 speramus
2432 1056 2576 1125 quod
2604 1056 2709 1111 hoc
2749 1056 2895 1111 facto
2932 1054 2981 1109 ei
3020 1061 3216 1109 cuncta
3246 1060 3431 1124 aperte

1839 1150 2126 1220 patebunt.

1910 1241 2051 1296 Ecce
2078 1247 2139 1295 ut
2160 1238 2458 1311 potuimus,
2490 1253 2597 1292 non
2627 1246 2687 1293 ut
2723 1238 2798 1292 ita
2827 1253 3043 1308 semper
3072 1237 3307 1293 tenendo
3338 1238 3432 1291 lir-

1843 1346 2075 1397 memus,
2098 1332 2193 1386 sed
2221 1340 2280 1385 ut
2310 1329 2617 1400 incipiendo
2646 1328 2879 1397 probare
2905 1328 3180 1382 valeamus
3200 1327 3434 1396 qualiter

1844 1419 2063 1474 inantea
2088 1428 2279 1473 tenere
2309 1419 2605 1473 debeamus
2636 1418 2740 1472 hoc
2771 1408 2915 1486 quod
2947 1417 3014 1471 ad
3046 1416 3433 1471 monasterium

1844 1514 1911 1568 de
1946 1526 2158 1566 annona
2198 1510 2386 1564 venire
2428 1508 2620 1573 debet,
2652 1509 2752 1563 sub
2793 1508 2891 1561 has
2939 1506 3261 1572 divisiones,
3297 1520 3436 1576 quas

1845 1621 2006 1675 supra
2037 1604 2340 1675 posuimus,
2364 1602 2469 1656 hoc
2497 1601 2635 1656 bene
2663 1600 2907 1655 invenire
2929 1615 3091 1670 posse
3116 1614 3433 1670 speramus:

1846 1696 1896 1749 il
1933 1704 2037 1760 est,
2074 1694 2249 1764 prima
2294 1690 2622 1767 famulorum
2652 1696 2983 1754 nostrorum,
3017 1688 3103 1743 vel
3126 1685 3440 1742 matricula-

1847 1787 2076 1850 riorum,
2100 1784 2192 1855 qui
2220 1798 2435 1852 semper
2454 1781 2734 1851 mqualiter
2753 1780 2987 1834 habendi
3012 1787 3171 1843 sunt;
3197 1778 3437 1833 secunda

1776 1863 1820 1920 Β
1850 1876 2098 1939 fratrum,
2126 1875 2290 1929 tertia
2312 1872 2693 1935 vassallorum,
2717 1878 2909 1940 quarta
2932 1870 3228 1939 hospitum,
3249 1869 3440 1938 quinta

1848 1965 2178 2037 pulsantium
2206 1964 2291 2019 vel
2315 1962 2742 2027 scholariorum,
2776 1968 2926 2015 sexta
2970 1959 3302 2030 singulorum
3332 1959 3439 2012 huc

1850 2060 2082 2128 illucque
2107 2055 2619 2126 provcndariorum:
2651 2070 2715 2108 ex
2747 2053 2943 2122 quibus
2973 2059 3179 2117 tamen,
3208 2056 3269 2104 ut
3296 2049 3441 2104 diri-

1851 2165 1991 2213 mus,
2021 2147 2227 2202 nullum
2254 2146 2347 2216 qui
2377 2160 2592 2216 semper
2618 2143 2901 2214 aequaliter
2923 2143 3189 2199 habeatur
3213 2139 3440 2197 definire

1853 2253 2138 2294 numerum
2170 2251 2477 2307 possumus.

2452 2344 2682 2402 CAPUT
2722 2343 2833 2402 VII.

1924 2462 1999 2517 De
2026 2460 2243 2516 molinis
2265 2458 2349 2514 vel
2377 2457 2603 2513 cambiis
2623 2457 2748 2511 talis
2775 2455 3023 2511 volumus
3061 2461 3123 2509 ut
3159 2452 3231 2508 sit
3272 2451 3435 2509 ratio.

1852 2550 2037 2607 Primo
2066 2558 2124 2605 ut
2153 2550 2450 2619 unicuique
2476 2547 2764 2602 molinario
2790 2560 3045 2611 mansus,
3073 2553 3129 2599 et
3154 2559 3206 2598 γι
3235 2542 3446 2598 bonua-

1854 2643 1935 2698 ria
1971 2653 1993 2680 ο
2025 2641 2093 2696 de
2119 2649 2264 2695 terra
2292 2641 2521 2704 dentur,
2554 2640 2682 2708 quia
2708 2637 2955 2692 volumus
2992 2644 3050 2689 ut
3078 2636 3277 2690 habeat
3303 2633 3448 2689 unde

1855 2751 1918 2791 ea
1947 2749 2068 2805 quae
2093 2734 2142 2788 ei
2160 2731 2423 2802 jubentur
2444 2730 2709 2801 perficere
2737 2727 2945 2791 valeat,
2985 2734 3040 2782 et
3077 2725 3227 2780 illam
3253 2724 3451 2779 moltu-

1856 2842 1974 2880 ram
2005 2824 2210 2880 salvam
2234 2823 2433 2878 faciat:
2468 2821 2520 2877 id
2550 2828 2656 2887 est,
2686 2830 2748 2875 ut
2785 2819 2958 2875 boves
2983 2826 3037 2873 et
3063 2818 3332 2888 reliquam
3357 2830 3451 2887 pe-

1857 2916 2074 2971 cuniam
2099 2915 2298 2970 habeat
2326 2930 2451 2970 cum
2481 2912 2676 2982 quibus
2704 2911 2956 2966 laborare
2978 2909 3179 2981 possit,
3216 2907 3361 2963 unde
3396 2913 3454 2961 et

1859 3009 1997 3079 ipse,
2023 3016 2080 3064 et
2105 3008 2280 3062 omnis
2302 3006 2509 3061 familia
2540 3003 2657 3074 eius
2682 3004 2855 3074 possit
2875 3003 3075 3064 vivere,
3109 3014 3326 3070 porcos,
3356 3014 3453 3052 au-

1859 3118 1973 3168 cas,
2009 3108 2064 3157 et
2088 3099 2264 3172 pullos
2287 3098 2522 3164 nutrire,
2552 3096 2813 3151 molinum
2844 3105 3192 3163 componere,
3218 3099 3277 3146 et
3293 3103 3455 3145 omne

1860 3193 2185 3247 matriamen
2211 3231 2227 3257 ,
2272 3190 2416 3259 quod
2462 3188 2530 3242 ad
2576 3186 2706 3240 illud
2750 3183 3011 3240 molinum
3056 3178 3456 3259 emendandum

1862 3282 2097 3353 pertinet
2130 3280 2417 3343 adducere,
2465 3276 2699 3332 sclusam
2737 3273 3058 3336 emendare,
3087 3269 3259 3326 molas
3283 3255 3453 3322 addu—

1862 3387 2006 3439 cere,
2038 3378 2094 3425 et
2118 3369 2301 3423 omnia
2325 3381 2444 3436 quae
2469 3365 2669 3420 ibidem
2706 3364 2775 3417 ad
2803 3361 3110 3415 habendum
3141 3358 3223 3412 vel
3251 3357 3456 3411 facien-

1865 3466 1991 3520 dum
2022 3460 2330 3517 necessaria
2367 3465 2512 3519 sunt,
2549 3463 2605 3510 et
2638 3454 2839 3508 habere
2871 3451 3044 3521 possit
3078 3458 3132 3504 et
3161 3449 3371 3504 facere:
3401 3456 3459 3503 et

1865 3555 1987 3609 ideo
2015 3551 2267 3606 nolumus
2311 3555 2371 3600 ut
2416 3544 2583 3599 ullum
2632 3542 2798 3595 alium
2833 3539 3151 3603 servitium,
3191 3553 3291 3592 nec
3331 3552 3458 3591 cum

1867 3657 2049 3708 carro,
2082 3654 2182 3695 nec
2210 3653 2336 3693 eum
2359 3634 2590 3700 caballo,
2614 3646 2716 3687 nec
2744 3630 2995 3684 manibus
3026 3630 3319 3699 operando,
3357 3642 3461 3681 nec

1867 3736 2096 3799 arando,
2123 3748 2225 3787 nec
2260 3729 2600 3793 seminando,
2632 3742 2735 3782 nec
2765 3740 2972 3782 messes
3009 3721 3095 3778 vel
3125 3731 3281 3792 prata
3310 3721 3463 3776 colli-

1868 3828 2176 3901 gendo,nee
2195 3826 2386 3881 braces
2414 3821 2681 3887 faciendo,
2706 3836 2808 3876 nec
2836 3818 3168 3883 humionem,
3188 3832 3288 3871 nec
3315 3816 3462 3888 ligna

1871 3919 2158 3983 Solveudo,
2199 3931 2301 3971 nec
2345 3914 2641 3984 quidquam
2671 3911 2816 3966 aliud
2850 3911 2917 3965 ad
2954 3924 3092 3978 opus
3126 3907 3460 3963 dominicum

1872 4012 2056 4076 faciat,
2088 4009 2182 4064 sed
2212 4015 2419 4063 tantum
2446 4005 2547 4059 sibi
2575 4012 2631 4059 et
2661 4019 2760 4059 suo
2785 4003 2986 4057 molino
3014 4000 3234 4056 serviat.
3266 3999 3468 4054 Porcos

1874 4112 2080 4166 autem,
2115 4115 2303 4164 aucas,
2338 4107 2393 4152 et
2427 4096 2604 4166 pullos
2640 4109 2778 4165 quos
2807 4094 2873 4146 de
2904 4108 3001 4147 suo
3030 4090 3230 4144 molino
3253 4089 3468 4144 incras-

1875 4192 2019 4248 siare
2044 4191 2226 4254 debet,
2257 4189 2323 4244 de
2349 4202 2448 4242 suo
2471 4184 2717 4259 nutriat;
2754 4190 2808 4237 et
2828 4197 2930 4237 ova
2968 4180 3160 4244 solvat,
3200 4185 3254 4232 et
3287 4194 3374 4242 ea,
3410 4185 3470 4231 ut

1876 4280 2129 4337 diximus.
2158 4293 2276 4346 qua:
2308 4275 2395 4330 vel
2421 4274 2621 4328 molino
2649 4286 2872 4326 necesse
2894 4277 2977 4324 est
3005 4267 3208 4329 facere,
3233 4266 3319 4321 vel
3348 4279 3470 4335 qua

1877 4374 1942 4427 de
1971 4369 2171 4425 molino
2193 4368 2352 4422 debet
2375 4365 2545 4424 exire.
2570 4363 2660 4417 illa
2684 4369 2892 4414 tantum
2916 4359 3131 4413 studeat
3151 4369 3467 4426 procurare.

1878 4462 2033 4528 Quod
2057 4474 2184 4514 vero
2214 4472 2376 4527 supra
2414 4456 2651 4509 diximus
2674 4491 2688 4518 ,
2731 4460 2791 4505 ut
2820 4468 2859 4505 ιι
2891 4449 3195 4504 modiorum
3231 4448 3299 4503 ad
3335 4461 3472 4517 opus

220 4565 322 4643 θξὲθ
346 4555 631 4611 debeamus
655 4553 882 4609 (Ῐθίῖιιίνε
906 4566 1182 4621 "unquam
1209 4563 1495 4618 Possumus
1521 4564 1535 4613 ;
1573 4547 1617 4601 εί
1661 4547 1775 4615 ipse
1804 4584 1856 4643 D
1883 4560 2128 4608 nostrum
2164 4550 2229 4604 de
2264 4547 2481 4602 molinis
2512 4547 2579 4601 ad
2609 4543 2998 4600 monasterium
3035 4540 3222 4595 venire
3257 4540 3474 4595 debuis-

221 4639 359 4697 aliam
396 4645 660 4699 rationem
710 4642 988 4697 meliorem
1025 4642 1089 4695 a;l
1120 4640 1224 4694 hoc
1250 4638 1586 4709 probandum
1631 4636 1781 4690 inve—

221 4733 324 4788 nire
344 4744 539 4804 potest,
573 4750 696 4789 cum
724 4734 819 4788 Dei
848 4734 1021 4803 gratia
1050 4730 1234 4785 faciat.

284 4823 531 4881 Similiter
558 4825 627 4879 de
653 4823 903 4879 vassallis
946 4823 1178 4888 nostris;
1227 4819 1476 4876 similiter
1520 4819 1682 4873 etiam
1714 4818 1782 4872 ad

222 4922 442 4981 partam;
469 4930 702 4986 quorum
735 4929 993 4968 numerus
1020 4921 1204 4968 certus
1228 4926 1349 4966 esse
1381 4926 1485 4965 non
1515 4917 1711 4978 potest,
1737 4908 1782 4963 si

220 5005 390 5060 eodem
418 5022 577 5062 sensu
597 5046 613 5071 ,
659 5020 818 5075 quem
849 5019 1012 5073 supra
1041 5004 1275 5057 diximus
1295 5044 1309 5069 ,
1354 5017 1451 5072 per
1492 5001 1608 5055 dies
1628 5041 1641 5066 ,
1688 5010 1811 5070 per“

221 5099 558 5165 septimanas,
609 5114 707 5168 per
746 5113 993 5164 menses,
1034 5098 1249 5167 quando
1277 5098 1530 5160 minime,
1569 5095 1783 5165 quando

221 5190 568 5255 mediocriter,
601 5192 817 5260 quando
841 5189 1079 5245 maxime
1100 5189 1211 5255 dat,
1242 5189 1510 5243 :estimare
1535 5186 1783 5255 coeperit,

219 5288 456 5347 putamus
478 5298 603 5337 eum
626 5283 849 5337 omnino
871 5281 1115 5336 invenire
1140 5280 1474 5351 possc,unde
1495 5294 1591 5349 per
1616 5286 1784 5331 totum

222 5382 407 5433 annum
433 5373 615 5428 valeat
649 5373 901 5427 transire.
935 5371 1070 5426 Nam
1110 5372 1175 5425 de
1202 5370 1490 5441 pulsmtis,
1522 5369 1590 5423 de
1630 5367 1790 5423 scho-

224 5457 393 5529 lariis,
424 5465 495 5521 de
538 5464 762 5534 reliquis
796 5463 1042 5528 clericis,
1089 5478 1183 5517 seu
1232 5462 1388 5515 laicis
1428 5460 1660 5524 nostris,
1707 5457 1793 5512 vel

229 5557 517 5623 extraneis,
555 5554 716 5611 facile
752 5554 881 5611 sciri
928 5562 1106 5625 potest
1147 5553 1382 5624 qualiter
1420 5566 1515 5606 eos
1561 5550 1793 5605 liberare

234 5659 408 5718 potest.

295 5774 315 5802 ι
346 5763 638 5818 Bonuaria.
669 5762 910 5819 Obscura
938 5778 1062 5826 vox,
1095 5776 1256 5831 quam
1286 5773 1392 5831 non
1432 5757 1532 5831 uisi
1574 5772 1641 5814 ex
1671 5771 1797 5831 (ξοηα

242 5830 425 5901 jcctura
452 5834 578 5908 quis
604 5833 885 5906 intelligat.
901 5828 1164 5889 Acherius
1184 5829 1490 5901 suSpicatur
1511 5828 1798 5901 legendum

1883 4657 2022 4706 sent,
2048 4656 2155 4695 non
2190 4640 2292 4694 hoc
2320 4637 2441 4692 ideo
2464 4635 2701 4689 diximus
2732 4641 2791 4687 ut
2817 4631 2960 4686 illam
2988 4629 3151 4683 aliam
3178 4628 3469 4683 molturam

1884 4734 1953 4788 ab
1996 4731 2086 4786 illo
2119 4729 2371 4802 granario
2411 4739 2757 4797 separemus,
2798 4723 2894 4779 sed
2937 4729 2997 4775 ut
3040 4721 3153 4789 ipse
3185 4720 3289 4773 hoc
3331 4733 3474 4773 anno

1883 4823 2116 4895 probare
2141 4821 2374 4880 studeat,
2406 4824 2588 4870 utrum
2620 4813 2839 4878 addere,
2879 4810 2964 4866 vel
3007 4809 3329 4865 subtrahere
3372 4823 3463 4863 ne-

1885 4931 2037 4970 cesse
2066 4913 2155 4977 sit,
2184 4921 2239 4967 et
2275 4911 2341 4965 ad
2385 4918 2565 4963 tantos
2602 4903 3011 4976 provendarios,
3038 4911 3094 4955 et
3117 4900 3185 4956 ad
3212 4916 3275 4953 ea
3307 4914 3472 4970 Opera

1885 5020 2006 5074 qua:
2035 5002 2183 5057 omni
2213 5015 2356 5055 anno
2384 4999 2439 5053 in
2468 4995 2799 5053 monasterio
2824 4993 2958 5048 ﬁunt
2983 5011 2995 5045 :
3026 5000 3085 5046 ut
3116 4997 3243 5046 sunt
3278 4989 3472 5044 vende-

1887 5095 2029 5158 mire,
2064 5091 2230 5159 horti,
2260 5098 2436 5161 prata,
2469 5095 2523 5143 et
2550 5086 2636 5141 his
2659 5083 2878 5149 similia,
2914 5098 3034 5137 cum
3070 5087 3220 5135 tanto
3249 5092 3475 5133 numero

1886 5200 1986 5254 per
2011 5192 2183 5238 totum
2219 5196 2423 5236 annum
2452 5177 2683 5233 transire
2708 5174 2903 5228 valeat.
2940 5172 3201 5229 Volumus
3229 5168 3391 5223 etiam
3416 5174 3477 5219 ut

1888 5277 1977 5332 illa
2006 5274 2186 5330 modia
2214 5271 2486 5327 anteriora
2517 5282 2699 5324 coram
2729 5266 2835 5321 illis
2864 5263 3167 5319 molinariis
3204 5259 3269 5314 ad
3309 5258 3473 5311 istum

1890 5383 2091 5424 novum
2127 5365 2365 5421 modium
2395 5364 2670 5419 aestimare
2699 5359 2896 5424 faciat,
2928 5375 3052 5413 eum
3085 5353 3230 5412 omni
3255 5347 3477 5417 aequali-

1896 5469 2027 5526 tate,
2056 5465 2258 5529 quanta
2288 5455 2466 5510 modia
2488 5455 2557 5510 de
2586 5452 2691 5508 illis
2712 5451 2910 5507 faciant
2942 5450 3065 5512 ista,
3093 5454 3147 5500 et
3177 5438 3477 5497 secundum

1897 5553 2011 5607 haec
2036 5549 2213 5605 modia
2241 5554 2504 5618 quantum
2527 5545 2606 5601 eis
2627 5540 2991 5607 convenit,sic
3010 5537 3219 5593 solvant
3240 5531 3293 5585 in
3316 5536 3475 5584 antea

1896 5656 2080 5697 eorum
2105 5655 2348 5704 censum,
2378 5638 2492 5694 sive
2518 5637 2583 5691 de
2609 5649 2843 5697 annona,
2874 5632 2987 5686 sive
3014 5628 3081 5683 de
3104 5627 3286 5682 brace.
3323 5621 3480 5680 Volu-

1896 5770 1989 5809 sex
2011 5750 2359 5816 bouaria,hoc
2384 5757 2489 5816 est,
2520 5748 2695 5818 spatia
2717 5760 2836 5816 quae
2861 5741 3026 5796 hevcs
3054 5753 3145 5795 sex
3171 5738 3313 5794 intra
3336 5736 3478 5792 diem

1901 5839 2054 5880 arare
2081 5833 2327 5893 possunt.
