3838 6144
447 325 549 382 5ιῦ

1418 312 1476 367 8.
1517 308 1915 364 ADALUARDI
1956 304 2248 360 AB'JATIS
2277 301 2727 360 CORBEIENSIS
3593 300 3669 362 543

452 454 572 496 mus
597 441 658 490 ut
691 432 792 504 ipsi
840 430 1107 486 molinarii
1143 427 1338 499 singuli
1370 427 1634 495 integram
1681 437 1900 478 causam
1934 422 2030 476 ha—
2059 422 2108 480 Λ
2135 419 2261 472 dum
2292 431 2406 472 snve
2434 417 2502 470 ad
2527 415 2662 470 alias
2687 414 3038 470 necessitates
3077 414 3375 486 explendas
3405 412 3670 472 fossoriost

452 534 613 586 beant
641 526 705 580 ad
732 520 1120 594 providendum
1158 534 1282 573 cum
1314 517 1447 571 rotis
1477 532 1547 569 v1.
1587 514 1739 581 Quod
1768 514 1813 568 si
1843 512 2033 567 nolue-

458 622 565 674 rint
590 616 790 672 babere
820 628 895 674 v1.
932 612 978 666 si
1009 611 1350 665 medietatem
1384 609 1449 662 de
1491 595 1580 661 ιιιτῐ
1607 621 1799 670 causa,
1830 605 1883 660 id
1910 611 2037 660 sunt

456 719 584 763 rotae
611 722 692 769 111,
724 719 832 758 non
875 701 1071 757 habeat
1116 700 1219 754 nisi
1252 700 1598 754 medietatem
1631 698 1697 753 de
1730 697 1819 752 illa
1857 704 2035 761 terra,

453 817 573 872 qute
594 798 661 853 ad
687 797 836 852 illum
860 808 1107 850 mansum
1136 793 1391 862 pertinet,
1430 792 1484 846 id
1529 797 1613 846 est
1645 789 1909 845 bonuaria
1938 806 2034 855 111,

454 900 509 945 et
535 889 714 944 socius
742 886 859 958 ejus
885 886 990 941 alia
1021 902 1114 952 ιιι,
1145 893 1202 940 et
1231 885 1374 940 inter
1394 884 1513 940 illos
1539 884 1675 940 duos
1698 892 1751 938 et
1774 884 2053 959 integram

457 979 744 1036 molturam
774 979 1029 1044 reddant,
1077 987 1133 1032 et
1162 977 1433 1047 integrum
1478 974 1758 1030 servitium
1799 974 2038 1040 faciant,

455 1080 714 1143 quantum
741 1072 810 1128 ad
837 1072 986 1127 illum
1013 1086 1183 1125 unum
1209 1069 1468 1125 melinum
1499 1068 1735 1139 pertinet
1759 1068 1825 1123 de
1851 1081 2038 1137 opere,

455 1164 541 1219 vel
565 1164 632 1219 de
658 1164 858 1228 sclusa,
880 1162 960 1217 vel
989 1162 1055 1217 de
1077 1171 1261 1231 ponto,
1278 1160 1365 1214 vel
1388 1160 1453 1215 de
1477 1160 1749 1223 omnibus,
1779 1166 2040 1228 quantum

456 1254 682 1327 singulis
705 1254 921 1311 molinis
952 1254 1265 1325 deputatum
1288 1260 1389 1307 est.

1004 1452 1308 1531 LIBER
1369 1452 1481 1529 ΙΙ.

735 1588 885 1651 Haec
916 1591 1011 1651 est
1041 1585 1362 1651 ordinatio
1401 1586 1758 1649 hortorum.

976 1708 1205 1766 CAPUT
1241 1707 1536 1765 PRIMUM.

536 1823 605 1879 Ut
633 1823 828 1878 fratres
848 1822 940 1892 qui
965 1836 1060 1878 eos
1093 1821 1341 1877 laborare
1370 1820 1589 1886 debent,
1621 1809 1738 1877 sine
1765 1819 2007 1876 molestia
2026 1861 2043 1887 ,

463 1914 547 1968 vel
574 1914 753 1983 aliqua
778 1914 1223 1969 incommoditate
1247 1913 1530 1968 inhonesta
1551 1913 1762 1983 pessint
1786 1913 1839 1967 in
1862 1911 1944 1968 eis
1967 1911 2050 1968 of-

464 2006 646 2061 ﬁcium
670 2005 776 2061 sibi
806 2006 1161 2061 commissum
1188 2006 1257 2061 ad
1287 2020 1629 2083 communem
1657 2005 1876 2075 explere
1905 2005 2050 2059 utili-

461 2103 650 2158 tatem.
681 2095 1064 2151 constituimus
1094 2103 1164 2151 ut.
1190 2095 1517 2159 mansiones,
1543 2110 1663 2165 qua:
1696 2095 1769 2150 ibi
1793 2109 2048 2151 necessa-

468 2185 563 2240 riae
599 2191 756 2249 sunt,
808 2192 865 2241 et
904 2201 1061 2257 sepes
1104 2185 1307 2241 faciant
1351 2186 1782 2256 quandocunque
1829 2200 2051 2244 necesse

472 2273 656 2340 fuerit,
684 2282 738 2331 et
761 2277 1049 2332 emendent
1072 2276 1306 2347 majores
1328 2278 1393 2332 de
1417 2277 1502 2331 bis
1530 2277 1702 2333 villis:
1725 2277 1791 2331 ad
1816 2277 2052 2348 primum

467 2366 668 2421 ostium
697 2366 840 2437 quod
866 2374 951 2422 est
971 2365 1127 2435 juxta
1154 2368 1443 2433 vivarium,
1471 2368 1536 2422 de
1558 2367 1820 2423 Waniaco
1837 2408 1850 2431 ,
1885 2374 1939 2421 et
1964 2365 2053 2422 Ci-

467 2458 692 2529 piliaco;
726 2458 795 2513 ad
824 2458 1117 2514 secundum
1145 2459 1211 2514 de
1236 2458 1406 2525 Villa;
1444 2460 1511 2513 ad
1544 2460 1763 2514 tertium
1797 2458 1865 2514 de
1902 2456 2052 2512 Albi-

469 2548 624 2605 niaco
642 2557 697 2603 et
717 2546 1020 2604 Cerisiaeo:
1042 2548 1109 2603 ad
1132 2554 1384 2617 quartum
1406 2549 1472 2603 de
1494 2549 1709 2614 Vernis,
1727 2556 1782 2604 et
1800 2547 2049 2604 'l‘aziaco.

471 2638 539 2693 Et
564 2638 704 2694 idem
728 2637 828 2709 ipsi
856 2639 1007 2705 dent,
1038 2640 1406 2709 unusquisque
1431 2640 1497 2693 ad
1522 2640 1737 2694 hortum
1760 2639 1845 2695 cui
1874 2639 2056 2694 deser-

466 2731 549 2786 vit
575 2731 629 2786 in
660 2733 819 2787 tertio
842 2745 1009 2799 anno,
1036 2741 1278 2787 aratrum
1302 2732 1324 2786 Ι
1340 2732 1528 2803 jugnm
1556 2748 1679 2788 cum
1708 2732 1974 2788 amblacio
1999 2740 2056 2788 et

470 2819 789 2891 eonjunclis,
818 2822 1034 2891 quando
1062 2836 1285 2878 necesse
1313 2821 1515 2888 fuerit;
1556 2829 1611 2876 et
1639 2821 1693 2877 in
1724 2831 1920 2892 quarto
1962 2836 2052 2877 ero

468 2911 641 2981 ptiam
676 2923 702 2953 ει
736 2912 791 2966 in
835 2911 1051 2966 hortum
1097 2912 1448 2967 excolendum
1482 2927 1696 2983 semper
1725 2912 1791 2966 ad
1836 2910 2052 2966 Missam

469 3002 643 3058 sancti
669 3000 1006 3057 Marcellini:
1047 3009 1101 3055 et
1127 3011 1417 3071 postquam
1446 3010 1658 3069 tempus
1693 3000 1903 3055 venerit
1946 3015 2054 3069 quo

470 3092 835 3147 necessarium
864 3090 1031 3145 fuerit
1052 3091 1238 3147 hortos
1263 3106 1293 3145 ιι
1317 3091 1493 3146 noxiis
1521 3104 1751 3161 purgare
1772 3088 1978 3155 herbis,
2001 3089 2053 3145 id
2085 3115 2128 3176 ρ

470 3192 555 3239 est
579 3199 610 3237 a
639 3184 818 3239 medio
856 3182 1058 3253 Aprilis
1093 3183 1162 3237 ad
1202 3182 1438 3237 medium
1481 3181 1829 3253 Octobrium,
1878 3181 2057 3236 omni-

470 3277 648 3332 modis
676 3277 881 3346 absque
908 3252 1249 3346 negligentia
1276 3273 1360 3328 vel
1400 3272 1580 3341 aliqua
1624 3252 2055 3336 subsiractione,

470 3378 688 3434 semper
720 3363 888 3419 finitis
914 3364 1104 3434 viginti
1135 3362 1346 3428 diebus,
1380 3361 1560 3415 veniat
1595 3360 1965 3430 unusquisque
1991 3361 2059 3416 de

470 3454 602 3525 ipsis
639 3453 937 3524 majoribus
974 3455 1043 3510 ad
1088 3454 1239 3509 illum
1280 3453 1525 3508 fratrem
1552 3452 1925 3519 hortolanum,
1970 3455 2056 3509 cui

470 3545 585 3616 ipse
615 3544 940 3614 adjutorium
971 3543 1152 3600 facere
1175 3544 1353 3609 debet,
1384 3543 1588 3608 videre,
1616 3550 1674 3599 et
1698 3542 2055 3613 interrogare,

470 3639 690 3706 quando
718 3651 939 3692 necesse
972 3634 1133 3690 fuerit
1163 3635 1526 3689 sarculatores
1554 3632 1607 3687 in
1640 3632 1732 3687 illo
1758 3633 1993 3688 mittere.

541 3727 808 3783 Porricini
839 3735 1016 3782 autem
1058 3732 1114 3781 et
1144 3725 1291 3794 porri
1342 3731 1631 3794 postquam
1676 3722 2058 3792 transplantati

473 3815 695 3880 fuerint,
720 3814 1007 3870 ascaloniac
1029 3829 1261 3884 quoque,
1281 3813 1405 3868 allia
1430 3822 1592 3884 atque
1615 3828 1777 3883 cepe;
1799 3815 1918 3870 haec
1940 3822 2061 3869 tan-

474 3914 591 3960 tum
634 3904 832 3960 debent
871 3904 1107 3972 majores
1151 3905 1579 3975 quandocunque
1614 3919 1835 3960 necesse
1870 3904 2054 3972 fuerit,

474 3995 614 4050 sicut
641 3995 847 4049 dictum
875 4001 977 4062 est,
1008 4010 1240 4066 purgare
1264 4011 1279 4061 ;
1320 4002 1374 4049 et
1400 3996 1827 4065 quandocunque
1856 3995 2058 4053 familia

475 4085 543 4141 ad
560 4082 809 4140 eamdem
836 4085 1191 4141 convenerint
1213 4085 1606 4155 purgationem,
1632 4082 1808 4153 major
1829 4085 1943 4156 ipse
1962 4099 2060 4156 per

473 4192 555 4242 se,
592 4175 708 4231 sive
732 4174 992 4242 decanus,
1024 4191 1161 4231 unus
1186 4190 1253 4231 ex
1274 4175 1382 4231 illis
1407 4174 1616 4231 duobus
1637 4176 1961 4232 omnimodis
1982 4177 2054 4231 ibi

473 4268 546 4323 sit
588 4267 658 4324 ad
702 4265 1090 4337 providendum
1128 4275 1189 4320 ut
1229 4266 1468 4321 studiose
1499 4273 1556 4321 et
1594 4266 1797 4322 utiliter
1822 4266 2054 4337 operarii

472 4359 726 4432 expleant
751 4374 887 4429 opus
918 4375 1096 4415 suum.
1126 4358 1297 4414 Carra
1325 4373 1456 4414 vero
1485 4357 1752 4428 accipiant
1785 4356 2055 4412 hortolani

2135 525 2186 561 γι
2205 549 2219 573 ,
2248 509 2435 563 bessos
2464 523 2534 571 ιι,
2566 522 2785 562 secures
2812 523 2882 572 ιι,
2911 507 3250 582 dqlatoriam,
3277 516 3479 563 taratra
3505 525 3565 567 ιι.
3589 527 3665 567 ma.

2128 598 2217 668 jus
2243 606 2299 653 et
2320 599 2536 662 minus;
2579 596 2850 667 scalprum
2891 614 2941 661 1,
2978 597 3215 667 gulbium
3249 613 3299 662 1,
3333 606 3388 652 et
3426 597 3600 654 faleilia
3624 618 3666 669 ιι,

2138 688 2330 743 falcem
2361 704 2400 753 1,
2433 695 2654 742 tmncos
2698 703 2772 751 ιι,
2822 686 3055 741 cultrum
3094 703 3145 750 1,
3191 692 3400 742 serram
3430 705 3469 743 ι.
3515 689 3674 745 Caetera

2138 790 2317 836 autem
2345 794 2472 835 vasa
2504 780 2572 834 ad
2601 780 2774 849 ipsum
2800 777 3032 834 oliicium
3064 778 3413 848 pertinentia,
3441 780 3568 834 sicut
3586 792 3678 835 sunt

2137 872 2331 936 vanni,
2361 871 2598 935 haustae,
2630 870 2714 925 vel
2741 869 2845 924 alia
2884 869 3137 940 quaelibet
3176 870 3511 940 bujusmodi,
3549 888 3678 941 quan-

2140 961 2423 1031 docunque
2462 969 2648 1015 vetera
2694 960 3029 1026 defecerint,
3079 960 3222 1016 dicat
3269 961 3573 1016 bortolanus
3607 964 3675 1016 ab-

2140 1054 2272 1119 bati,
2306 1062 2362 1107 et
2388 1053 2505 1123 ipse
2542 1053 2634 1107 det
2665 1052 2715 1106 ei
2744 1052 3072 1123 adjutorium
3106 1052 3249 1108 unde
3284 1053 3458 1124 possit
3491 1052 3580 1107 alia
3607 1070 3676 1108 ac-

2141 1144 2377 1213 quirere.

2212 1233 2602 1289 Constituimus
2631 1231 2794 1288 etiam
2821 1231 2927 1287 illis
2954 1232 3084 1287 dare
3118 1232 3187 1287 ad
3223 1233 3588 1288 conducendos
3607 1234 3680 1291 ho-

2144 1323 2341 1389 mines,
2367 1323 2458 1392 qui
2489 1337 2645 1377 areas
2669 1322 2848 1377 levent
2874 1322 2929 1376 in
2960 1330 3250 1389 autumno,
3283 1331 3339 1378 et
3370 1323 3681 1393 plantationes

2144 1416 2322 1485 primo
2350 1422 2593 1484 tempore
2620 1412 2800 1468 facere
2829 1413 3118 1484 adjuvent:
3150 1428 3360 1469 necnon
3384 1421 3441 1468 et
3465 1415 3686 1471 sarcolare

2145 1505 2398 1561 herbolas
2440 1505 2496 1560 in
2538 1511 2724 1561 aestate
2762 1519 2887 1560 cum
2933 1519 3157 1561 necesse
3205 1504 3398 1571 fuerit,
3446 1508 3687 1577 unicuique

2147 1595 2303 1650 fratri
2336 1596 2622 1651 bortolano
2655 1610 2754 1665 per
2790 1599 2939 1651 vices
2977 1609 3149 1665 panes
3188 1610 3219 1650 c
3258 1597 3687 1666 provendaricios,

2147 1699 2282 1755 quos
2311 1699 2479 1755 panes
2515 1684 2677 1739 debet
2717 1685 2847 1740 dare
2893 1682 3065 1739 frater
3107 1684 3202 1755 qui
3249 1699 3447 1755 panem
3489 1688 3692 1756 providet

2074 1763 2120 1823 B
2151 1775 2421 1841 fratrum;
2459 1784 2510 1830 et
2543 1790 2649 1831 non
2682 1776 2871 1841 simul,
2917 1775 3013 1831 sed
3050 1775 3207 1847 juxta
3252 1777 3397 1845 quod
3444 1778 3694 1833 bortolano

2150 1880 2373 1923 necesse
2400 1866 2595 1934 fuerit,
2635 1867 2716 1922 sic
2753 1866 3043 1923 distribuat
3085 1867 3428 1937 dispensator
3455 1868 3533 1923 illi
3556 1870 3696 1938 ipsum

2149 1974 2367 2030 panem,
2393 1958 2567 2015 donec
2594 1974 2874 2026 numerus,
2908 1960 2953 2015 si
2984 1974 3203 2016 necesse
3225 1960 3390 2018 fuerit
3416 1961 3694 2026 bortolano,

2150 2049 2451 2119 completus
2494 2048 2609 2104 fiat.
2655 2049 2824 2105 Detur
2864 2049 3028 2104 etiam
3067 2050 3359 2121 unicuique
3392 2051 3699 2106 bortolano:

2151 2140 2436 2197 cellerario
2482 2141 2549 2196 de
2576 2141 2791 2197 cervisa
2839 2140 3077 2194 modium
3120 2155 3310 2206 unum,
3356 2142 3548 2197 eodem
3573 2142 3705 2197 modo

2153 2231 2297 2286 sicut
2318 2237 2372 2285 et
2394 2230 2553 2299 panis
2579 2230 2753 2293 datur,
2785 2230 2838 2284 id
2861 2238 2947 2285 est
2972 2244 3079 2285 non
3102 2230 3280 2297 simul,
3306 2232 3400 2286 sed
3418 2245 3520 2301 per
3537 2241 3701 2303 partes.

2153 2322 2369 2392 quando
2390 2328 2445 2375 et
2468 2328 2729 2391 quantum
2757 2321 3043 2376 bortolano
3078 2336 3301 2378 necesse
3330 2322 3514 2390 fuerit,
3540 2333 3590 2380 et
3613 2326 3707 2396 ipse

2154 2427 2274 2468 eam
2300 2411 2628 2481 requisierit,
2642 2412 2814 2467 donec
2831 2427 3085 2467 mensura
3104 2404 3365 2483 praedicta
3385 2415 3706 2486 compleatur,

2154 2512 2210 2559 et
2238 2503 2400 2558 debet
2423 2502 2796 2572 unusquisque
2824 2502 3063 2558 modium
3097 2518 3267 2570 unum
3292 2503 3539 2574 accipere
3564 2506 3623 2561 de
3643 2507 3700 2560 le-

2155 2594 2396 2667 gumine,
2423 2603 2479 2651 et
2498 2594 2789 2664 unicuique
2818 2594 3018 2650 debent
3042 2595 3159 2651 dari
3192 2596 3263 2650 ab
3287 2596 3484 2651 abbate
3519 2597 3659 2653 solidi
3683 2613 3709 2651 ι

2155 2700 2254 2757 per
2282 2700 2483 2741 annum
2509 2684 2577 2740 ad
2608 2685 2989 2741 conducendos
3013 2685 3285 2753 homines,
3311 2687 3453 2742 sicut
3477 2687 3709 2753 diximus;

2157 2778 2252 2848 qui
2280 2774 2597 2833 conductitii
2636 2790 2744 2830 non
2786 2782 2912 2831 sunt
2946 2775 3242 2830 necessarii
3272 2790 3519 2845 quaerere
3556 2776 3713 2841 aliubi,

2157 2871 2262 2927 nisi
2288 2870 2431 2926 infra
2457 2870 2867 2927 monasterium.
2908 2869 2987 2925 De
3018 2876 3217 2925 caetero
3245 2869 3610 2940 unusquisque
3629 2868 3717 2923 fra-

2160 2973 2242 3018 ter
2269 2962 2532 3033 quidquid
2558 2962 2625 3019 de
2654 2962 2815 3018 horto
2852 2975 2953 3017 suo
2977 2961 3220 3033 potuerit
3262 2961 3545 3031 nequirem
3578 2975 3716 3031 supra

2159 3053 2405 3109 servidas
2439 3062 2485 3120 ο,
2526 3067 2666 3124 quas
2714 3053 2975 3110 fratribus
3022 3052 3203 3109 facere
3249 3053 3449 3109 debent
3470 3093 3485 3117 ,
3516 3053 3721 3124 pleniter

2161 3148 2363 3217 absque
2384 3146 2564 3218 aliqua
2584 3145 3016 3203 deminoratione
3033 3145 3279 3202 deferant
3299 3151 3721 3215 opportunotem-

2156 3252 2288 3308 pore
2318 3238 2521 3295 abbati.
2545 3238 2746 3295 Bovem
2768 3238 3132 3309 disposuimus
3161 3239 3363 3294 habere
3393 3250 3723 3308 ιιιιιιιιιιιιιω⁸

2158 3343 2265 3398 que
2295 3344 2471 3396 suum,
2494 3337 2556 3384 ut
2582 3329 2703 3385 sine
2738 3329 3125 3401 impedimento
3150 3330 3256 3385 hoc
3284 3329 3462 3386 solum
3496 3327 3725 3385 excolam

2159 3431 2279 3485 qua:
2306 3417 2375 3472 ad
2414 3418 2605 3474 hortos
2641 3419 2950 3473 necessaria
2975 3426 3120 3474 sunt.
3166 3417 3283 3474 Hoc
3307 3418 3575 3489 praecipue
3594 3432 3727 3473 com-

2161 3520 2441 3563 monemus
2461 3507 2777 3563 bortolanos
2807 3516 2868 3563 ut
2893 3508 3028 3564 lucri
3055 3508 3234 3564 facere
3262 3508 3467 3579 aliquid
3496 3508 3727 3579 turpiter,

2160 3604 2254 3650 aut
2279 3590 2465 3666 petere
2491 3595 2721 3662 vicinos,
2761 3597 3089 3653 omnimodis
3116 3596 3409 3654 declinent.

2809 3710 3039 3767 CAPUT
3076 3710 3139 3766 ll.

2372 3801 2451 3856 De
2474 3802 2653 3857 meiris
2675 3800 2703 3842 ά
2734 3802 2792 3856 in
2821 3800 3187 3872 festivitatibus
3211 3811 3529 3857 sanctorum.

2230 3917 2288 3972 ιιι
2319 3918 2603 3973 nativitate
2627 3917 2842 3973 Domini
2885 3933 2968 3983 ιιι,
3014 3917 3067 3972 ἱη
3107 3915 3165 3972 8.
3194 3914 3456 3987 Stephani
3486 3932 3523 3973 ιι
3542 3956 3558 3982 ,
3600 3915 3652 3970 in
3674 3912 3727 3971 S.

2158 4007 2383 4063 Joannis
2408 4025 2467 4075 ιι,
2496 4008 2549 4063 in
2580 4007 2759 4063 natale
2782 4009 3151 4065 Innocentium
3177 4024 3227 4074 1,
3264 4008 3320 4063 in
3348 4008 3408 4064 8.
3436 4006 3673 4064 Silvestri
3692 4021 3730 4071 1,

2160 4097 2358 4153 Octava
2373 4097 2583 4154 Domini
2600 4115 2637 4163 1,
2656 4098 2710 4152 in
2726 4098 3069 4168 TheOphania
3086 4113 3149 4163 ιι,
3163 4097 3366 4153 Octava
3384 4097 3682 4168 Epiphania:
3693 4109 3730 4159 ι,

2160 4197 2362 4244 sancta:
2388 4188 2611 4260 Agnetis
2633 4204 2670 4254 ι,
2690 4188 2955 4244 dedicatio
2980 4186 3038 4242 8.
3067 4185 3311 4253 Joannis,
3328 4195 3384 4242 et
3406 4186 3679 4242 Baithildis
3697 4199 3733 4247 ι,

2158 4279 2475 4334 Puriﬁcatio
2497 4286 2696 4334 sanctae
2718 4276 2984 4343 Maritum,
3002 4275 3060 4332 S.
3075 4278 3300 4350 Agatbte
3325 4293 3366 4343 1,
3386 4277 3444 4332 8.
3462 4274 3673 4334 Vedasti
3698 4289 3735 4337 1,

2162 4369 2221 4425 8.
2254 4368 2501 4438 Gregorii
2526 4385 2567 4434 1,
2589 4367 2646 4423 8.
2674 4366 2952 4423 Benedicti
2981 4384 3021 4434 1,
3038 4367 3394 4422 Annuntiatio
3418 4366 3474 4422 8.
3500 4365 3678 4420 Maria:
3700 4378 3738 4421 ι,

474 4452 543 4518 de
565 4451 701 4507 bura
722 4451 868 4505 omni
895 4465 1036 4505 anno
1056 4450 1349 4505 secundum
1369 4448 1833 4504 consuetudinem.
1862 4446 2050 4503 Omnia

2159 4458 2389 4529 Philippi
2419 4468 2472 4514 et
2500 4456 2686 4513 Jacobi
2712 4475 2772 4522 ιι,
2796 4455 3093 4513 S.Joannis
3111 4457 3426 4527 Baptista”,
3444 4455 3498 4511 8.
3515 4453 3662 4510 Petri
3683 4467 3738 4509 ιι⁹

474 4542 729 4607 utensilia
752 4538 925 4596 ferrea
954 4541 1150 4597 debent
1174 4540 1420 4609 accipere
1447 4553 1477 4592 a
1506 4537 1827 4603 camerario,
1855 4537 1945 4606 qui
1978 4537 2056 4591 fa-

475 4634 605 4700 bros
629 4631 877 4704 providet
901 4633 1196 4687 secundum
1223 4630 1663 4685 consuetudinem
1688 4643 2049 4683 communem.

477 4724 623 4782 Idem
648 4725 693 4779 si
724 4723 896 4779 fracta
923 4723 1159 4787 fuerint,
1205 4722 1454 4777 ostendat
1492 4720 1583 4774 illa
1624 4718 1958 4782 camerario,
2001 4727 2057 4774 et

480 4814 596 4882 ipse
617 4812 781 4866 faciat
809 4811 899 4865 illa
928 4826 1201 4880 reparare,
1231 4818 1325 4863 aut
1350 4810 1440 4864 det
1476 4809 1551 4862 illi
1575 4807 1719 4862 aliud
1755 4806 2056 4863 ferramen-

480 4914 616 4969 tum,
646 4912 703 4959 et
719 4904 952 4973 recipiat
990 4904 1119 4958 illud
1146 4903 1394 4956 fractum.
1437 4900 1699 4956 Similiter
1736 4915 2057 4971 quocunque

482 4996 641 5053 modo
670 5010 891 5051 necesse
917 4994 1081 5051 fuerit
1109 4995 1352 5063 reparari
1379 5009 1463 5057 ea,
1493 5007 1522 5046 a
1546 4993 1848 5047 eamerario
1873 4995 2055 5065 requi-

482 5096 693 5156 rantur.
721 5088 789 5152 Et
816 5090 1185 5160 unusquisque
1213 5087 1410 5143 haheat
1446 5088 1517 5141 ad
1550 5086 1768 5140 hortum
1806 5087 2058 5142 excolen-

554 5212 581 5240 ι
616 5198 873 5270 Erptiam.
904 5198 1030 5255 Sive
1059 5198 1309 5270 erpicam,
1338 5197 1754 5259 instrumentum
1786 5197 1855 5252 ad
1883 5206 2058 5253 teren.

482 5272 578 5337 das
603 5270 804 5340 glebas,
830 5272 937 5340 gal.
968 5271 1133 5324 herae.

552 5342 582 5382 ιι
605 5336 907 5396 Fossaribs.
931 5340 986 5395 Id
1009 5347 1110 5405 est,
1135 5338 1360 5408 ligones.
1373 5338 1587 5401 Bessos,
1613 5336 1820 5408 ligones
1843 5337 2051 5407 planos,

480 5428 618 5482 quos
642 5412 821 5482 Melies
846 5426 1121 5482 vocamus.
1148 5406 1400 5475 Taratra,
1428 5406 1675 5482 ιατξενεεξ
1702 5406 1944 5475 Scalpra,
1973 5424 2055 5460 ra-

482 5479 731 5542 fissat'res.
759 5480 1032 5546 Gulbium,
1059 5481 1476 5551 sivegurbium,
1514 5479 1900 5551 ferramentum
1946 5491 2055 5551 quo

485 5554 841 5623 extrahuntur
861 5568 981 5623 qua:
1007 5545 1389 5623 impedimento
1415 5558 1558 5605 sunt.
1595 5545 1837 5623 Falcilia,
1865 5545 2055 5623 {ancu-

485 5619 577 5677 les.
605 5616 1058 5691 :l‘runeos,-arcas
1083 5616 1319 5691 ligneas.
1353 5620 1663 5691 Sequuntur
1693 5616 1916 5683 btmsur,
1952 5617 2053 5675 hoc

488 5696 572 5743 est
596 5688 761 5752 fustes
788 5693 994 5753 triturae
1020 5688 1162 5765 apti,
1187 5692 1383 5759 ﬂéaux.

2160 4549 2218 4604 S.
2234 4549 2385 4603 Pauli
2403 4565 2439 4615 1,
2458 4549 2515 4605 8.
2533 4549 2745 4603 Martini
2768 4565 2809 4614 1,
2824 4547 2880 4604 8.
2896 4545 3081 4603 Jacobi
3098 4564 3140 4614 1,
3157 4546 3437 4601 Dedicatio
3464 4546 3519 4601 S.
3536 4541 3683 4599 Petri
3703 4556 3739 4603 1,

2157 4639 2432 4695 Dedicatio
2451 4639 2509 4693 8.
2527 4638 2787 4709 Stephani
2816 4656 2857 4704 1,
2886 4636 2945 4693 8.
2973 4636 3248 4692 Laurentii
3278 4652 3318 4703 1,
3340 4634 3654 4706 Assumptio
3681 4629 3740 4684 8.

2157 4731 2339 4785 Mariae
2365 4748 2404 4797 1,
2430 4732 2486 4786 8.
2512 4729 2892 4785 Bartholomasi
2919 4745 2960 4793 1,
2984 4728 3042 4784 8.
3069 4727 3295 4784 Joannis
3318 4745 3361 4803 ι’,
3392 4728 3657 4783 Nativitas
3679 4722 3736 4775 S.

2161 4823 2341 4879 Mariae
2366 4841 2404 4890 1,
2432 4823 2487 4879 8.
2521 4823 2756 4879 Matlhaei
2790 4840 2833 4889 1,
2865 4821 2921 4877 8.
2952 4820 3191 4876 Mauritii
3219 4837 3259 4886 1,
3284 4820 3342 4877 8.
3364 4819 3588 4875 Firmini
3615 4833 3656 4879 1,
3678 4812 3736 4868 8.

2161 4911 2439 4968 Michaelis
2462 4930 2503 4979 1,
2528 4913 2585 4967 8.
2602 4912 2839 4984 Dionysii
2862 4928 2900 4977 1,
2928 4910 3163 4967 Simonis
3183 4919 3239 4966 et
3257 4909 3407 4966 Juda:
3427 4926 3465 4974 1,
3489 4906 3736 4965 Omnium

2162 5013 2474 5059 sanctorum
2499 5020 2561 5071 ιι,
2587 5002 2645 5059 8.
2671 5003 2912 5071 Quintiui
2940 5019 2978 5065 1,
2999 5001 3056 5057 8.
3081 5001 3297 5057 Martini
3323 5017 3360 5063 ι,
3387 5000 3447 5057 8.
3466 4990 3677 5057 Ceciliae
3695 5010 3726 5058 ι,

2164 5094 2222 5150 8.
2250 5094 2483 5151 Andreas
2507 5112 2547 5160 1,
2580 5093 2831 5149 Fusciani
2862 5101 2918 5148 et
2952 5091 3206 5147 Victorici
3247 5107 3299 5158 1,
3342 5090 3402 5146 8.
3442 5088 3657 5145 Thema:
3683 5100 3734 5147 ι.

2236 5216 2259 5245 ε
2289 5204 2560 5261 Servidas.
2592 5202 2718 5259 Sive
2759 5203 2997 5267 servias,
3028 5209 3177 5258 serta
3211 5200 3298 5257 vel
3342 5198 3625 5256 fasciculos
3664 5208 3730 5249 ex

2163 5276 2349 5336 herbis
2375 5274 2684 5329 ﬂoribusve.

2234 5328 2365 5398 {De
2395 5328 2593 5399 nieiris.
2628 5343 2825 5398 bit-iras
2844 5343 2923 5397 sic
2946 5340 3651 5412 Acberiusiuterprctamr:
3674 5328 3729 5412 id

2164 5417 2306 5486 quod
2336 5414 2552 5486 interim
2574 5414 2645 5471 ob
2682 5415 2986 5468 mercedem
3012 5411 3274 5486 obsequio
3290 5411 3536 5486 Διιι-ιῃςιεὶιθ

2160 5471 2325 5558 gitur.
2353 5484 2471 5539 Gal.
2497 5500 2775 5558 mereaux,
2816 5471 3195 5558 scrupus,_vél
3223 5471 3499 5558 cal-culus;

2160 5548 2282 5683 da?
2320 5556 2725 5625 opportunitate
2762 5548 2982 5609 reddito
3020 5550 3227 5607 calculo
3274 5551 3502 5622 pecunia
3546 5555 3725 5601 nume-

2160 5641 2218 5683 ra
2249 5643 2329 5683 ur.

2159 5641 2329 5685 l‘allﬂ'.
