3838 6144
85 263 168 318 διδ

1119 250 1441 308 STATUTA
1481 244 1619 303 PRO
1658 243 2006 304 MONACHIS
2048 243 2218 302 SUlS.

3212 244 3322 306 556

88 397 128 435 ιιι
147 376 303 432 Cena
345 369 558 428 Domini
590 386 626 424 ll
645 411 659 433 ,
691 370 750 426 in
781 367 1020 423 Sabbato
1053 373 1241 421 sancto
1269 380 1322 430 ι,
1353 364 1406 417 in
1452 370 1642 417 sancto
1667 364 1720 422 Α
1744 357 1798 412 in
1846 356 2029 426 aliquo
2069 362 2393 426 postponat;
2431 355 2525 410 sed
2569 355 2750 424 potius
2779 354 3075 412 secundum
3101 352 3322 429 Regula

80 466 261 523 Pascha
295 477 386 531 ιιι,
416 469 473 518 et
506 475 602 531 per
633 458 1026 515 hebdomadam
1054 464 1223 510 totam
1264 468 1335 517 ιι,
1365 453 1418 507 in
1440 452 1644 507 Ascen-

82 560 211 615 sione
232 555 443 612 Domini
472 571 537 621 ιι,
565 554 621 609 in
648 552 970 607 Pentecoste
999 565 1082 615 ιιι,
1112 557 1236 619 post
1262 546 1566 603 vindemias
1596 562 1638 611 ι,

82 650 178 705 dies
199 645 466 704 Dominici
493 659 682 710 vam,
701 641 989 699 sabbatum
1014 640 1283 707 similiter,
1316 637 1642 694 festivitates

82 749 364 797 sanctorum
386 753 440 793 ι..

664 823 899 881 CAPUT
936 823 1022 878 Ill.

134 920 577 979 Commemoratio
607 920 675 974 de
714 917 1102 973 refectionibus
1145 929 1283 986 quas
1326 913 1641 970 cellerarius

83 1018 215 1073 debet
245 1016 448 1071 facere.

135 1110 201 1164 De
220 1108 428 1164 curtilis
450 1122 613 1162 unam
639 1121 739 1178 pro
760 1104 1070 1161 Hilmerado
1096 1104 1371 1175 episcopo,
1396 1112 1452 1159 et
1472 1103 1640 1158 fratre

82 1215 159 1255 suo
184 1199 459 1271 Hengario
490 1213 581 1253 xvi
621 1196 740 1251 Kal.
788 1196 955 1252 Junii.
1008 1195 1194 1250 Altera
1236 1205 1419 1250 autem
1465 1194 1639 1266 pridie

82 1294 233 1348 Nonas
257 1291 404 1347 Junii
441 1307 543 1362 pro
584 1290 883 1346 Herirardo
907 1298 961 1343 et
997 1288 1359 1344 Gundradone
1386 1304 1484 1342 xm
1516 1286 1633 1341 Kal.

83 1382 182 1437 llaii
217 1395 244 1423 ι
285 1381 706 1437 Anniversarius
748 1379 914 1435 Judit.
965 1379 1148 1435 Idibus
1188 1377 1331 1434 Junii
1374 1377 1639 1433 Nativitas

83 1468 226 1532 Caroli
254 1476 397 1544 regis
420 1491 497 1529 xu
521 1474 642 1529 Kal.
668 1473 796 1530 Julii
825 1473 1230 1528 anniversarius
1248 1471 1508 1527 Ludovici
1537 1471 1638 1527 im-

82 1568 337 1636 peratoris.

137 1656 185 1711 In
211 1656 897 1713 administratione.autem
942 1654 1217 1710 refcetorii
1258 1655 1475 1711 interim
1503 1670 1637 1725 quo-

82 1764 224 1819 usque
265 1749 441 1814 aliter,
473 1749 615 1805 sicut
656 1756 711 1803 et
748 1748 799 1802 in
832 1747 1045 1803 caneris
1082 1746 1404 1803 habitaculis
1430 1747 1637 1803 nostris

83 1840 302 1906 diximus,
328 1841 526 1897 melius
553 1839 757 1909 aliquid
781 1838 1055 1894 invenitur
1074 1879 1088 1904 ,
1120 1838 1241 1894 talis
1271 1837 1500 1893 fortasse
1526 1851 1635 1892 non

87 1929 499 1987 inconvenienter
521 1931 681 1987 debet
707 1932 917 1987 servari
945 1930 1104 1985 ratio.
1145 1928 1202 1984 In
1233 1930 1424 1999 primis
1468 1928 1633 1984 celle-

87 2022 233 2077 rarius
261 2021 445 2091 iunior
476 2022 727 2079 omnibus
760 2021 1017 2076 fratribus
1043 2020 1315 2093 geminam
1355 2035 1508 2075 suam
1534 2020 1635 2075 sub

86 2114 244 2182 aquati
262 2130 514 2170 mensura
535 2122 848 2184 anteponat.
867 2113 1069 2169 Deinde
1088 2113 1134 2167 si
1156 2121 1377 2183 propter
1398 2112 1634 2183 aliquam

84 2206 429 2261 necessitatem
458 2204 746 2274 cujuslibet
774 2204 1051 2275 temporis,
1091 2204 1384 2274 hospitum,
1417 2211 1473 2259 et
1500 2204 1631 2259 inte-

84 2295 362 2363 qualitatem
385 2295 551 2363 aeris,
593 2311 813 2352 necesse
850 2294 1044 2361 fuerit,
1094 2294 1381 2365 deputetur
1416 2294 1466 2351 ei
1509 2294 1634 2351 talis

85 2386 228 2442 frater
250 2398 512 2455 maturus,
547 2389 615 2444 de
655 2387 810 2459 cujus
852 2386 1187 2444 conscientia
1220 2400 1412 2441 omnes
1454 2387 1632 2442 securi

84 2479 191 2543 sint,
208 2489 263 2534 ut
287 2480 417 2535 nulli
448 2480 742 2550 quidquam
766 2478 957 2534 debeat
987 2477 1091 2532 nisi
1118 2476 1354 2547 legitima
1377 2490 1633 2533 mensura

84 2569 271 2636 addere,
296 2571 379 2626 vel
406 2571 744 2627 subtrahere.
778 2570 836 2624 Si
874 2583 1002 2624 vero
1030 2569 1258 2624 domnus
1299 2567 1497 2633 abbas,
1540 2576 1634 2623 aut

84 2662 400 2731 pnpositus,
423 2661 511 2716 vel
548 2662 805 2725 decanos,
838 2667 1058 2730 propter
1094 2658 1382 2730 eujuslibet
1407 2657 1634 2713 infirmi—

86 2759 243 2819 tatem,
269 2753 375 2819 die,
400 2752 612 2808 duobus
630 2792 647 2819 ,
678 2751 852 2807 tribus
879 2750 967 2805 vel
1009 2749 1288 2820 aliquanto
1326 2746 1555 2819 amplius
1581 2748 1630 2803 ei

88 2854 241 2912 potum
260 2856 470 2902 mutare
498 2843 834 2915 praeceperit,
862 2858 970 2898 non
998 2850 1178 2897 tamen
1204 2840 1315 2897 ullo
1337 2842 1495 2897 modo
1519 2840 1632 2910 ipse

83 2933 234 3000 iunior
256 2936 603 3001 cellerarius,
642 2943 736 2989 aut
764 2934 854 2990 ille
883 2934 975 3003 qui
1015 2933 1065 2989 ei
1109 2933 1360 2989 solatium
1386 2940 1629 3003 praestat,

88 3034 161 3080 aut
183 3027 326 3083 alteri
365 3029 528 3094 dare,
573 3035 669 3081 aut
711 3025 852 3080 ultra
891 3025 1265 3080 denominatos
1294 3024 1410 3080 dies
1455 3024 1629 3079 eidem

1664 1714 1712 1773 B

1740 448 2121 504 auctoritatem
2146 449 2292 502 aliud
2337 446 2621 509 solatium,
2669 448 2716 501 si
2751 462 2888 518 Opus
2919 447 3103 515 fuerit,
3142 451 3325 522 requi-

1741 547 1846 605 rat,
1881 547 1941 593 ut
1963 539 2080 608 ipse
2107 537 2325 607 quidem
2363 552 2529 606 super
2564 538 2692 593 hinc
2728 547 2782 594 et
2827 538 2952 594 inde
2992 539 3061 594 ad
3098 554 3161 595 ea
3203 556 3326 612 qua

1740 632 1834 686 Dei
1865 640 1992 686 sunt
2020 630 2350 700 providenda
2384 629 2523 686 liber
2558 639 2851 687 remaneat.
2884 632 3010 688 Haec
3047 648 3157 689 non
3202 635 3326 691 ideo

1739 723 1994 789 dicimus,
2026 732 2089 779 ut
2117 724 2237 795 ejus
2264 724 2565 779 devotionis
2587 724 2806 793 quando
2850 725 3056 795 absque
3093 724 3327 782 offendi-

1741 816 1863 871 culo
1888 816 2126 885 praefatae
2171 816 2550 871 sollicitudinis
2585 815 2701 871 fieri
2744 823 2944 885 potest,
2973 816 3323 885 obsistamus,

1741 911 1835 964 sed
1868 925 1940 964 ne
1961 910 2087 963 dum
2115 925 2174 965 se
2201 909 2255 963 in
2285 909 2371 964 bis
2396 925 2518 979 quas
2552 910 2619 963 ad
2649 925 2772 963 eum
2808 918 3052 979 tempore
3077 926 3183 966 non
3210 926 3328 981 per-

1743 1001 1938 1065 tinent,
1966 1015 2030 1055 ac
2061 1001 2104 1055 si
2141 1000 2390 1055 devotius
2419 1000 2714 1071 immergit,
2755 1007 2961 1055 certam
3007 1001 3110 1057 sibi
3153 1002 3328 1072 impo-

1740 1092 1899 1146 sitam
1923 1092 2238 1163 providendi
2260 1091 2639 1146 necessitatem
2666 1101 2991 1162 postponere
3009 1103 3321 1162 praesumat.

1741 1181 1849 1238 Sed
1880 1196 1951 1237 ne
1997 1182 2314 1237 cellerarius
2343 1182 2492 1236 dicat
2518 1182 2729 1235 nescire
2769 1196 2827 1237 se
2864 1183 2931 1236 de
2964 1184 3161 1253 quibus
3184 1192 3241 1239 et
3269 1184 3326 1239 in

1739 1275 1935 1345 quibus
1953 1273 2161 1346 pmfati
2184 1275 2301 1331 coci
2331 1273 2656 1330 admonendi
2683 1274 2885 1340 sint,ut
2907 1284 3087 1347 agant,
3109 1276 3196 1333 vel
3216 1293 3325 1333 non

1739 1372 1920 1437 agant.

1770 1452 1780 1460 ’
2358 1454 2587 1511 CAPUT
2622 1453 2711 1508 1V.

1809 1566 1934 1622 Haec
1964 1566 2107 1622 inter
2141 1574 2339 1621 czetcra
2382 1565 2758 1637 principaliter
2804 1564 3143 1622 observanda
3176 1576 3321 1622 sunt.

1737 1660 1796 1715 In
1830 1661 2022 1732 primis
2048 1661 2113 1715 de.
2140 1659 2287 1713 omni
2319 1675 2401 1725 re,
2432 1674 2552 1729 quae
2578 1658 2644 1712 ad
2685 1658 2789 1713 hoc
2820 1656 3053 1713 ofﬁcium
3096 1673 3166 1715 eo
3194 1667 3329 1715 tem-

1739 1767 1871 1822 pore
1917 1766 2025 1805 non
2076 1749 2329 1820 prodest,
2373 1756 2434 1803 ut
2481 1748 2758 1803 silentium
2791 1755 3064 1803 teneatur.
3117 1748 3328 1805 Deinde

1738 1849 1800 1895 ut
1826 1842 2001 1912 ipsum
2049 1840 2324 1895 silentium
2381 1855 2505 1895 eum
2560 1838 2741 1894 fructu
2799 1837 3023 1893 alterius
3061 1839 3330 1896 mercedis

1738 1934 1806 1989 ab
1828 1933 2079 1989 omnibus
2110 1930 2219 1985 illis
2244 1930 2317 1985 ibi
2340 1929 2547 1985 servari
2572 1930 2764 2000 possit,
2795 1927 2989 1999 psalmi
3014 1928 3133 1983 sine
3160 1928 3330 1985 inter-

1737 2024 1997 2080 missione
2027 2021 2280 2077 cantandi
2312 2032 2439 2076 sunt
2466 2041 2478 2074 :
2514 2028 2570 2075 et
2594 2020 2831 2091 quandiu
2857 2019 2963 2074 duo
2995 2034 3063 2073 ex
3093 2018 3199 2074 illis
3235 2020 3327 2074 ad—

1737 2126 1882 2181 sunt,
1900 2130 2175 2186 nunquam
2197 2115 2358 2171 iidem
2384 2113 2579 2185 psalmi
2600 2112 3050 2184 prmtermittendi
3074 2130 3087 2167 :
3121 2121 3175 2167 et
3203 2128 3329 2168 cum

1736 2209 2050 2280 contigerit,
2077 2216 2138 2262 ut
2169 2207 2337 2278 aliqui
2384 2221 2452 2262 ex
2479 2206 2610 2277 ipsis
2652 2212 2877 2277 propter
2912 2204 3213 2274 quamlibet
3235 2220 3332 2259 ne-

1736 2299 2046 2354 cessitatem
2075 2296 2563 2352 administrandam
2594 2295 2808 2367 longius
2830 2295 3165 2363 discesserit,
3188 2304 3244 2351 et
3261 2295 3332 2351 ob

1739 2389 1845 2445 hoc
1878 2389 2026 2444 solus
2056 2388 2287 2444 fortasse
2322 2389 2637 2442 inchoatum
2678 2387 2947 2457 psalmum
2977 2396 3201 2443 cantare
3222 2402 3332 2443 non

1735 2482 1955 2552 poterit,
1986 2495 2111 2535 mox
2160 2486 2222 2534 ut
2261 2494 2513 2533 reversus
2562 2477 2726 2533 fuerit
2755 2478 2810 2532 in
2854 2478 2974 2534 loco
3000 2478 3055 2533 in
3082 2493 3192 2549 quo
3219 2493 3329 2535 ca:-

1736 2581 1883 2629 tcr.os
1912 2571 2208 2641 psallentes
2250 2570 2537 2635 invenerit,
2590 2570 2947 2641 ingrediatur,
2986 2580 3041 2626 et
3078 2587 3200 2627 cum
3228 2572 3330 2637 eis,

1736 2663 1975 2735 quandiu
2011 2677 2136 2717 cum
2188 2661 2319 2732 ipsis
2361 2669 2475 2725 est,
2524 2672 2747 2716 cantare
2791 2662 3027 2717 studeat.
3062 2660 3331 2719 Similiter

1737 2769 1953 2826 quoque
1982 2754 2121 2810 alter
2160 2753 2373 2818 tertius,
2402 2753 2448 2807 si
2504 2752 2629 2808 inde
2681 2752 3004 2820 decesserit,
3043 2762 3334 2810 revertens

1735 2844 2093 2918 psallentibus
2120 2857 2179 2899 se
2215 2843 2527 2914 conjungat.
2566 2842 2721 2910 Quod
2759 2843 2805 2899 si
2841 2844 3010 2899 etiam
3051 2844 3178 2901 talis
3205 2860 3333 2901 eve-

1736 2941 1882 2997 nerit
1918 2955 2105 3005 causa,
2146 2940 2287 2995 sicut
2331 2953 2721 3009 nonnunquam
2761 2937 2881 2993 fieri
2917 2938 3091 3004 solet,
3127 2947 3188 2994 ut
3216 2954 3333 2994 om-

1737 3049 1835 3089 nes
1860 3033 2083 3105 quidem
2115 3033 2191 3087 ita
2220 3037 2574 3100 occupentur,
2603 3039 2664 3083 ut
2688 3028 2869 3085 nullus
2913 3030 3176 3084 memoria
3206 3045 3335 3086 can-

88 3116 282 3187 idipsum
309 3119 489 3174 dando
521 3117 843 3188 protendere
876 3123 1186 3186 prmsumat.
1216 3114 1423 3169 Caitera
1450 3122 1630 3168 autem

1744 3096 1900 3179 tando
1927 3138 2253 3194 percurrere
2301 3096 2484 3187 liceat,
2521 3135 2647 3175 mox
2687 3128 2748 3175 ut
2789 3120 3019 3191 quilibet
3046 3120 3328 3176 vocaverit

87 3209 236 3263 omnia
260 3210 324 3265 ad
354 3210 652 3282 legitimam
674 3209 1018 3264 honestatem
1043 3206 1388 3277 pertinentia,
1411 3220 1531 3276 qua!
1551 3205 1634 3259 νει
1735 3214 2105 3269 intermissum
2152 3213 2422 3283 psalmum
2461 3214 2517 3268 in
2555 3212 2675 3268 loco
2721 3227 2829 3283 quo
2870 3227 2994 3267 eum
3038 3211 3331 3274 dimiserit,

87 3313 220 3355 causa
248 3301 539 3371 hospitum,
578 3299 661 3356 vel
696 3312 899 3355 mensae
929 3297 1225 3364 seniorum,
1256 3297 1344 3352 vel
1372 3296 1637 3368 generali-

1744 3314 1981 3376 repetat,
2016 3313 2072 3360 et
2112 3305 2295 3360 caeteri
2332 3319 2522 3359 omnes
2561 3304 2757 3373 quibus
2786 3311 2944 3357 vacat
2985 3316 3108 3355 cum
3135 3316 3202 3355 eo
3232 3315 3328 3369 pa-

88 3399 154 3444 ler
175 3389 392 3446 fratrum
417 3391 685 3457 omnium.
711 3389 1141 3445 administranda
1172 3388 1255 3443 vel
1286 3386 1632 3457 procuranda
1737 3397 1871 3452 riter
1894 3398 1947 3451 in
1977 3396 2137 3451 laude
2164 3394 2379 3449 Domini
2415 3408 2511 3447 ora
2540 3399 2916 3461 permoveant.
2958 3389 3066 3445 Sed
3090 3398 3145 3444 et
3172 3390 3218 3445 si
3248 3389 3326 3444 ita

87 3491 207 3546 sunt,
232 3482 294 3536 ad
322 3481 564 3550 ejusdem
600 3496 786 3537 curam
800 3478 1036 3549 junioris
1068 3476 1334 3534 cellerarii
1360 3475 1636 3547 pertinere

1744 3488 1877 3543 forte
1915 3487 2180 3553 evenerit,
2228 3494 2287 3540 ut
2333 3485 2465 3539 nulli
2496 3490 2749 3539 occurrat
2789 3497 2896 3552 quo
2946 3481 3067 3536 loco
3108 3480 3335 3537 inchoa-

87 3571 273 3641 dcbeat,
301 3589 370 3629 ne
394 3573 600 3644 aliquid
624 3573 697 3629 ibi
724 3574 1011 3639 intrantes,
1053 3579 1346 3634 exeuntes,
1373 3576 1469 3624 aut
1491 3583 1638 3624 com-

1744 3585 1853 3632 tum
1882 3576 2151 3648 psalmum
2185 3574 2475 3638 dimiserit,
2512 3571 2603 3626 ubi
2634 3570 2866 3626 vicinius
2893 3577 3039 3624 retro
3066 3567 3336 3624 cecinisse

86 3673 345 3730 morantes,
369 3666 507 3731 sive,
542 3674 602 3719 ut
623 3664 826 3720 dictum
852 3671 954 3729 est,
984 3661 1430 3733 supervenientes
1458 3660 1511 3715 in
1536 3674 1637 3715 usu

1744 3670 2000 3726 memoria
2042 3668 2315 3733 occurrit,
2362 3667 2436 3723 ibi
2487 3665 2740 3736 incipiat,
2794 3671 2849 3719 et
2898 3678 3034 3734 opus
3093 3669 3335 3732 emptum

88 3752 154 3806 vel
172 3753 396 3823 qualibet
421 3756 601 3810 minus
627 3755 786 3827 digna
827 3761 1117 3825 procurata
1160 3751 1425 3807 munditia
1470 3751 1640 3807 offen-

88 3846 179 3899 dat.
211 3844 281 3899 Ea
310 3854 492 3901 autem
535 3861 656 3916 quae
689 3845 999 3917 specialiter
1025 3844 1094 3899 ad
1122 3858 1283 3900 cocos
1327 3843 1635 3914 pertinent,
1663 3909 1671 3917 δ

89 3934 171 4002 ipsi
195 3937 403 4005 quidem
429 3952 553 3993 cum
581 3952 794 3993 summo
822 3936 1002 3993 studio
1022 3935 1212 3991 eadem
1240 3933 1529 4005 providere
1554 3932 1641 3987 de-

89 4024 226 4092 bent;
260 4035 439 4083 tamen
466 4026 725 4099 praefatus
746 4027 1059 4083 cellerarius
1083 4040 1422 4095 nequaquam
1447 4020 1642 4093 praefa-

91 4120 181 4169 tam
218 4118 631 4174 sollicitudinem
673 4126 1000 4189 postponere
1047 4116 1237 4183 debet,
1285 4115 1379 4172 sed
1425 4128 1643 4184 semper

89 4216 219 4263 caute
236 4209 521 4280 providere
543 4218 598 4265 ct
626 4209 941 4274 admonere,
966 4223 1036 4263 ne
1060 4206 1270 4277 praefati
1301 4204 1416 4260 coci
1438 4218 1501 4259 ea
1522 4218 1642 4275 qua:

89 4296 176 4351 sibi
216 4300 500 4355 commissa
546 4306 675 4354 sunt
720 4298 1027 4353 nullatenus
1080 4302 1446 4367 prmsumant,
1501 4308 1642 4363 quo-

88 4400 231 4455 usque
267 4389 601 4445 bebdomada
644 4388 891 4459 expleta,
935 4387 1230 4443 secundum
1262 4384 1405 4454 quod
1436 4383 1638 4454 Regula

86 4479 321 4549 Pmdpit,
349 4497 478 4537 vasa
516 4480 807 4536 ministerii
842 4480 925 4535 sui
976 4477 1177 4533 munda
1218 4484 1273 4532 et
1314 4475 1524 4547 integra
1552 4488 1640 4529 re-

87 4569 304 4627 stituant.

143 4660 322 4718 Senior
344 4671 527 4719 autem
553 4663 868 4719 cellerarius
897 4670 1007 4718 tam
1036 4661 1263 4718 interius
1292 4674 1455 4731 quam
1485 4667 1638 4714 exte-

87 4749 197 4817 rius,
225 4753 276 4808 id
304 4764 409 4821 est,
435 4754 522 4809 vel
548 4755 604 4810 in
632 4754 941 4821 refectorio,
979 4753 1065 4808 vel
1092 4754 1148 4807 in
1189 4751 1442 4821 coquina,
1468 4750 1554 4804 vel
1586 4749 1640 4803 in

86 4841 156 4897 his
177 4845 509 4918 habitaculis,
543 4863 665 4917 qua:
706 4848 775 4901 ad
813 4846 1101 4916 coquinam
1121 4844 1415 4923 pertinent,
1441 4843 1496 4897 in
1526 4856 1643 4895 om-

85 4935 223 4994 nibus
244 4946 299 4994 et
323 4955 423 5011 pro
460 4939 716 4995 omnibus
759 4936 1178 4995 sollicitudinem
1221 4942 1392 5008 gerat,
1426 4948 1494 4989 ne
1522 4932 1644 5002 quis

85 5025 146 5081 ibi
175 5029 325 5085 aliter
354 5030 595 5101 agendo,
641 5028 910 5099 loquendo
946 5027 1401 5097 intemperanter,
1427 5024 1513 5079 vel
1553 5038 1643 5089 se,

83 5118 153 5171 vel
178 5135 237 5174 ea
263 5137 383 5192 quae
411 5122 544 5194 agit,
578 5128 814 5176 tractare
846 5126 1170 5189 praesumat,
1207 5116 1311 5171 nisi
1350 5113 1645 5171 secundum

84 5211 206 5274 quod
247 5213 491 5285 religioni
537 5221 737 5267 nostrae
773 5211 998 5267 omnino
1028 5208 1333 5264 conveniat.
1362 5207 1472 5264 Nec
1495 5221 1645 5276 qua:-

85 5302 322 5369 rendum,
364 5321 465 5361 nec
508 5304 833 5377 exigendum
875 5304 943 5357 ab
988 5301 1177 5357 eodem
1217 5301 1501 5356 cellerario
1528 5298 1642 5364 est,

1667 4444 1719 4503 D

1738 3780 1848 3820 non
1909 3763 2217 3834 negligant,
2269 3775 2550 3831 quousque
2613 3755 3007 3813 consummatis
3079 3752 3340 3811 omnibus

1738 3871 1862 3911 cum
1898 3854 2094 3924 quibus
2139 3860 2195 3907 et
2232 3852 2286 3905 in
2322 3849 2522 3921 quibus
2552 3848 2697 3904 idem
2735 3845 2975 3902 studium
3001 3844 3206 3901 servari
3237 3857 3336 3913 po-

1740 3946 1844 3999 tuit
1874 3964 1887 4000 :
1921 3952 1977 3999 et
2010 3952 2138 3999 tunc
2164 3941 2395 4013 singuli,
2436 3947 2598 4011 prout
2635 3939 2774 3994 ratio
2809 3937 2991 4003 docet,
3018 3937 3088 3992 ad
3113 3952 3179 3992 ea
3209 3951 3337 4008 qua:

1740 4043 1981 4102 restant,
2021 4042 2236 4089 servato
2260 4048 2474 4103 semper
2494 4039 2756 4102 quantum
2789 4029 3046 4100 possibile
3074 4028 3242 4083 fuerit
3262 4028 3336 4083 si-

1742 4125 1928 4191 lentio,
1982 4125 2228 4180 redeant.
2284 4122 2392 4179 Sed
2443 4137 2512 4177 ne
2567 4123 2653 4177 cui
2691 4122 2808 4175 haec
2852 4128 3074 4190 propter
3094 4121 3339 4189 priorem

1743 4230 2051 4271 sermonem
2079 4231 2109 4270 a
2145 4224 2328 4269 mente
2373 4212 2701 4278 ceciderint;
2740 4211 2941 4266 idcirco
2980 4209 3221 4264 breviter
3250 4224 3338 4263 re-

1741 4304 1979 4375 petimus
2009 4309 2115 4358 tria
2138 4318 2281 4367 esse,
2320 4302 2375 4356 in
2402 4301 2601 4370 quibus
2625 4306 2906 4363 constant,
2933 4296 2986 4351 id
3014 4302 3119 4363 est,
3151 4303 3213 4349 ut
3238 4303 3335 4350 aut

1744 4411 1775 4451 a
1803 4393 2128 4449 necessariis
2154 4400 2354 4457 tacere,
2388 4399 2482 4445 aut
2513 4389 2822 4445 necessaria
2852 4388 3053 4453 dicere,
3080 4394 3175 4442 aut
3192 4385 3337 4456 psal-

1744 4500 1863 4542 mos
1891 4492 2132 4538 cantare.
2167 4480 2273 4536 Sed
2302 4488 2358 4536 et
2397 4481 2502 4535 hoc
2536 4492 2883 4549 nequaquam
2928 4475 3085 4548 quasi
3112 4483 3337 4547 propter

1743 4574 2074 4633 servandum
2100 4573 2347 4628 ordinem
2387 4571 2766 4643 negligendum
2809 4576 2911 4634 est,
2944 4584 3067 4624 cum
3105 4568 3342 4623 fortasse

1744 4669 1888 4724 idem
1910 4664 2306 4736 ortlojuniores
2340 4678 2551 4729 omnes,
2579 4668 2673 4717 aut
2712 4661 2877 4717 etiam
2915 4659 3094 4714 minus
3119 4659 3337 4728 sapien—

1746 4756 1962 4822 tes,vel
2001 4763 2334 4821 constantes,
2367 4753 2424 4808 in
2472 4752 2700 4822 coquina
2742 4750 2959 4806 mittere
2998 4749 3336 4820 poposcerit,

1745 4858 1808 4906 ut
1833 4847 2201 4919 praetermisso
2227 4845 2416 4901 eodem
2462 4843 2583 4898 loco
2619 4841 2853 4911 aliquem
2891 4839 3223 4909 junioribus,
3250 4854 3338 4893 se-

1745 4941 1867 4996 nior
1924 4946 2180 4994 constans
2229 4937 2485 5002 addatur,
2519 4934 2613 5005 qui
2662 4941 2830 5000 ctse,
2866 4940 2922 4987 et
2959 4939 3187 4988 eteteros
3216 4929 3335 4984 zelo

1747 5031 1843 5087 Dei
1874 5022 2080 5086 ductus
2108 5028 2385 5085 custodire
2426 5029 2670 5092 studeat;
2708 5034 2764 5080 et
2800 5032 3076 5081 transacto
3104 5022 3338 5079 servitu-

1748 5122 1819 5176 tis
1858 5133 1969 5174 suze
2003 5127 2268 5190 tempore,
2295 5118 2494 5173 iterum
2551 5117 2676 5182 ille,
2714 5116 2806 5186 qui
2854 5123 2982 5171 tunc
3009 5121 3233 5186 propter
3257 5122 3339 5167 ta-

1748 5211 1853 5265 lcm
1880 5209 2150 5263 rationem
2176 5208 2439 5263 transitus
2464 5215 2564 5272 est,
2608 5206 2812 5261 mixtus
2866 5220 2989 5260 cum
3031 5203 3338 5259 senioribus

1750 5300 2107 5372 ingrediatur,
2134 5314 2197 5352 ac
2220 5298 2300 5353 sic
2329 5299 2480 5353 omni
2521 5307 2761 5368 tempore
2792 5295 3121 5351 omnimodis
3151 5292 3337 5348 obser-

84 5394 258 5463 Ilipse
294 5412 357 5451 ac
394 5397 684 5470 siprOpria
728 5396 1013 5451 devotione
1055 5393 1110 5448 in
1142 5390 1510 5463 prieparandis
1536 5388 1650 5459 pul-
1752 5400 1924 5456 vctur,
1968 5401 2028 5445 ut
2077 5404 2352 5458 nunquam
2399 5389 2773 5444 tantummodo
2823 5387 2939 5443 sive
2968 5391 3188 5455 propter
3246 5379 3339 5434 de—

84 5487 260 5542 mentis
285 5502 345 5542 se
369 5468 602 5561 ingerat,
629 5496 680 5542 et
702 5483 983 5557 prtel‘atam
1010 5483 1427 5540 sollicitudinem
1456 5481 1524 5536 ob
1544 5481 1649 5536 hoc
1752 5481 1952 5538 fessam
1974 5488 2189 5538 aetatem
2222 5479 2381 5548 fatui,
2413 5481 2527 5536 sive
2554 5488 2776 5552 prepter
2797 5479 3137 5550 juventutem
3159 5468 3340 5524 minus

143 5608 165 5635 ι
195 5597 612 5671 Anniversarius
638 5599 804 5656 Judit.
835 5598 1138 5671 Legebatur
1173 5597 1321 5671 vidit.
1363 5594 1493 5671 llaec
1525 5611 1651 5667 pro-
1752 5590 1900 5671 ludit
1929 5591 2126 5660 solum,
2156 5592 2253 5650 sed
2275 5594 2440 5649 etiam
2467 5589 2772 5647 Ludovicus
2799 5586 2932 5643 Pius
2960 5581 3053 5638 diu
3077 5575 3341 5651 supersti-
3398 5572 3407 5581 '

88 5659 209 5722 τοτειο
232 5669 522 5726 Adalhardi
553 5686 672 5726 esse
704 5686 808 5725 non
855 5659 1117 5734 possunt,
1165 5668 1361 5738 quippe
1409 5667 1496 5721 cui
1525 5659 1647 5721 ἰιοιι
1755 5672 1838 5716 tes
1868 5661 2037 5717 fuere.
2114 5659 2117 5660 ⁷
3173 5710 3183 5719 ,
3242 5687 3247 5692 -
