3856 6190
488 239 590 294 547

1447 226 1504 280 S.
1546 218 1946 278 AD.\LIIARD|
1985 216 2274 274 ABBATIS
2309 210 2755 272 CORBEIENSIS
3551 180 3569 197 ’
3624 204 3713 259 ἴζ-ιὸ

487 348 741 423 perfecti,
796 346 872 401 illi
926 342 1258 401 solummodo
1298 339 1617 401 mittantur,
1648 336 1716 392 de
1767 335 1964 405 quibus
2013 332 2068 387 in
2096 334 2148 391 A
2172 327 2590 423 scindenda,_vel
2627 339 2862 423 congrue
2912 319 3267 423 praeparanda
3297 327 3441 423 sum,
3584 318 3717 423 fene-

493 443 641 500 nullo
681 430 945 511 ejusmodi
994 431 1350 490 conservandi
1406 428 1702 499 justitiam,
1735 425 1930 480 fiducia
1973 424 2071 477 ha-

494 534 706 596 beatur,
755 529 850 584 sed
874 538 1105 593 semper,
1147 531 1205 575 ut
1246 519 1585 588 prmmissum
1618 524 1720 580 est,
1766 529 1930 577 unus,
1979 521 2073 566 aut

495 623 603 677 duo
641 622 715 674 ita
766 615 966 671 maturi
1016 609 1365 666 hebdomadis
1411 607 1639 678 singulis
1681 606 1984 667 mittantur,
2016 610 2076 656 ut

496 720 552 766 et
582 708 811 766 interius
836 705 1085 760 voluntas
1114 701 1228 763 Dei,
1252 708 1308 753 ut
1339 699 1527 754 filii..et
1547 697 1788 752 exterius
1808 695 2072 765 condigna

497 816 712 870 semper
738 798 1008 853 sobrietas
1032 792 1389 849 custodiatur.

564 892 637 944 At
663 890 708 944 si
740 888 863 957 quis
885 886 1083 940 docere
1118 882 1351 937 voluerit
1378 897 1481 936 non
1528 882 1603 935 ita
1645 887 1895 949 oportere
1933 876 2030 931 fier
2058 915 2072 938 ,

495 981 591 1036 sed
630 977 926 1036 secundum
982 974 1229 1030 ordinem
1273 971 1544 1040 quomodo
1596 984 1695 1039 per
1731 982 1949 1021 mensas
1991 980 2077 1019 sc-

496 1071 646 1133 dent,
667 1067 744 1121 ita
765 1079 982 1134 semper
1021 1062 1155 1117 ordo
1190 1060 1455 1115 tenendus
1487 1066 1590 1124 est,
1621 1069 1967 1126 nequaquam
1988 1052 2076 1107 ille

496 1159 798 1216 audiendus
834 1164 937 1220 est,
984 1154 1079 1209 sed
1108 1152 1320 1207 fortiter
1356 1166 1456 1205 cur
1493 1150 1652 1204 aliter
1679 1148 1875 1203 sentiat
1896 1144 2078 1214 o'xjur-

497 1250 728 1323 gandus,
755 1255 811 1302 et
854 1246 901 1301 si
948 1259 1056 1299 non
1095 1244 1164 1297 ab
1194 1243 1297 1296 hac
1348 1240 1653 1295 temeritate
1683 1236 1993 1307 quiescerit,
2023 1242 2078 1289 et

497 1340 772 1412 patienter
803 1335 1063 1391 obediens
1101 1332 1280 1396 fuerit,
1325 1331 1507 1384 acrius
1547 1335 1896 1392 coerceatur,
1945 1340 2080 1395 quo-

500 1444 671 1498 usque
727 1424 931 1481 saniori
973 1422 1201 1477 consilio
1254 1419 1490 1475 obediat.
1544 1417 1669 1471 llrec
1704 1416 1908 1471 ideirco
1947 1430 2078 1484 pro-

500 1528 621 1590 pter
646 1516 1022 1585 simpliciores,
1058 1511 1143 1566 vel
1170 1510 1312 1580 quod
1356 1509 1531 1578 majus
1574 1514 1739 1561 estut
1777 1507 1852 1560 ita
1879 1505 2076 1571 dicam,

502 1609 796 1671 stultiores,
853 1606 932 1660 sic
984 1611 1166 1673 aperte
1205 1609 1260 1655 et
1308 1599 1678 1670 multipliciter
1722 1598 1971 1664 dicimus,
2014 1611 2081 1651 ne

2171 426 2362 483 stram,
2385 425 2445 471 ut
2466 416 2720 478 diximus,
2745 419 2839 467 aut
2862 426 2961 481 per
2979 416 3341 480 opportunum
3366 407 3632 463 introitum
3656 409 3719 464 ita

2172 510 2510 565 abundanter
2530 506 2911 569 immittantur,
2952 511 3013 557 ut
3035 517 3135 557 nec
3160 500 3269 556 illis
3292 501 3516 558 introire
3534 502 3596 557 ad
3624 502 3720 557 fra-

2173 608 2302 661 tres,
2327 613 2428 653 nec
2471 597 2670 650 fratres
2712 596 2782 649 ob
2818 596 2921 649 hoc
2972 594 3039 647 ad
3080 607 3175 646 eos
3203 591 3354 645 exire
3383 606 3599 646 necesse
3621 593 3719 647 sit:

2172 689 2398 744 forsitan
2429 687 2575 741 enim
2613 701 2714 739 nec
2749 686 2866 740 haec
2899 683 3060 738 alicui
3110 692 3219 736 tam
3270 681 3632 752 multipliciter
3655 685 3724 737 di-

2176 789 2261 836 cta
2301 780 2632 841 increscunt,
2683 784 2741 830 ut
2777 777 2820 829 si
2867 791 2965 829 nos
3016 773 3184 844 magis
3222 773 3469 843 eligimus
3517 774 3725 844 singula,

2172 877 2333 939 prout
2381 866 2686 923 necessaria
2735 866 3016 928 videntur,
3056 862 3419 933 singulariter
3451 864 3728 918 ordinando

2176 960 2378 1024 dicere,
2424 939 2588 1027 quam
2621 956 2812 1019 alicui,
2846 970 2910 1008 ac
2960 955 3006 1008 si
3043 954 3250 1007 nesciat
3292 953 3421 1021 quid
3453 952 3628 1008 facere
3649 956 3731 1008 de-

2176 1051 2320 1112 beat,
2347 1047 2690 1102 occasionem
2723 1044 3018 1099 excedendi
3056 1044 3384 1112 relinquere.
3429 1042 3730 1098 Cellerarius

2178 1151 2359 1196 autem
2394 1142 2509 1211 hzcc
2534 1139 2710 1192 omnia
2737 1144 2897 1206 prout
2926 1137 2977 1190 ei
3000 1136 3272 1190 vacaverit
3297 1135 3485 1189 diebus
3507 1135 3732 1205 singulis,

2178 1248 2247 1288 ne
2273 1231 2413 1301 quod
2446 1230 2517 1283 ibi
2550 1228 2739 1282 vitium
2768 1238 3024 1281 nascatur
3048 1226 3333 1294 providere
3365 1225 3592 1287 studeat,
3618 1240 3737 1293 quo-

2178 1337 2349 1392 usque
2378 1322 2488 1376 Deo
2515 1327 2759 1383 auctore,
2781 1316 3041 1386 quidquid
3063 1316 3134 1369 ibi
3159 1316 3260 1369 rite
3274 1324 3330 1369 et
3353 1315 3571 1369 honeste
3593 1329 3738 1384 agen-

2179 1413 2306 1466 dum
2334 1419 2440 1475 est,
2472 1411 2527 1464 in
2562 1406 3009 1464 consuetudinem
3039 1405 3240 1469 veniat,
3265 1412 3325 1457 ut
3358 1402 3533 1457 nullus
3562 1417 3735 1471 quam-

2178 1504 2311 1559 libet
2352 1502 2586 1557 novitius
2625 1507 2842 1569 propter
2882 1496 3243 1564 ignorantiam
3281 1495 3526 1548 excedat.
3552 1493 3737 1547 Idcirco

2183 1602 2362 1648 autem
2389 1593 2504 1646 hmc
2523 1589 2703 1645 omnia
2740 1574 2805 1640 ad
2856 1586 3255 1655 providentiam
3279 1584 3551 1639 cellerarii
3580 1582 3736 1637 flecti-

502 1699 624 1767 qnis
664 1712 722 1753 se
768 1697 832 1752 de
879 1693 1182 1767 ignorantia
1222 1698 1467 1746 excuset.
1524 1690 1591 1745 Ut
1632 1698 1811 1743 autem
1852 1689 1968 1743 haec
2003 1688 2074 1742 ita
2108 1694 2153 1752 Β
2180 1699 2320 1748 mus,
2353 1682 2477 1752 quia
2507 1681 2557 1735 ei
2586 1679 2792 1734 nullum
2819 1677 2873 1731 in
2903 1678 3018 1747 ipso
3046 1674 3219 1767 oflieio
3243 1675 3325 1729 vel
3348 1674 3563 1729 oﬂieina
3586 1674 3739 1767 rebel-

503 1789 708 1844 servari
732 1786 960 1856 possint,
1012 1799 1224 1853 semper
1278 1784 1518 1838 deeanns
1547 1790 1602 1835 et
1626 1780 1943 1836 eellerarius
1987 1795 2083 1849 per

503 1876 684 1947 plures
715 1875 829 1929 dies
852 1884 1009 1927 antea
1050 1873 1373 1942 provideant
1416 1869 1684 1939 quomodo
1714 1869 1817 1923 ista
1860 1869 2084 1939 disposi—

504 1967 579 2020 tio
604 1964 910 2018 nullatenus
956 1961 1455 2032 turbetur,_neque
1494 1976 1593 2029 per
1632 1959 1973 2014 occasionem
1999 1958 2083 2011 in-

504 2053 779 2110 firmitatis
827 2050 1076 2120 alieujus,
1108 2066 1283 2122 neque
1328 2058 1549 2121 propter
1578 2064 1798 2105 causam
1852 2047 2084 2112 itineris,

505 2145 551 2200 si
578 2143 855 2208 evenerit,
872 2141 955 2197 vel
979 2150 1199 2212 propter
1226 2142 1521 2211 quamlibet
1550 2156 1749 2195 novam
1776 2146 2087 2209 surgentem

506 2235 908 2299 necessitatem,
935 2233 1021 2288 vel
1041 2234 1207 2287 etiam
1245 2243 1466 2305 propter
1499 2234 1700 2288 domini
1740 2232 1951 2286 abbatis
1996 2237 2088 2285 aut

508 2324 779 2395 praepositi
818 2339 1195 2393 quamcunque
1242 2324 1559 2392 jussionem.
1604 2323 1700 2377 llis
1748 2322 1821 2375 ita
1869 2329 2089 2390 propter

506 2428 826 2492 perpetuam
854 2418 1153 2473 custodiam
1183 2417 1497 2487 praemissis,
1536 2414 1666 2469 illud
1707 2426 1920 2483 quoque
1941 2419 2090 2481 post-

508 2508 815 2581 ponendmn
870 2524 976 2562 non
1019 2516 1122 2573 est,
1156 2514 1215 2560 ut
1262 2505 1577 2559 eellerarius
1624 2516 1836 2572 semper
1874 2499 2089 2569 quando

504 2601 553 2655 ei
577 2608 757 2664 vacat,
782 2598 903 2653 illas
951 2597 1451 2651 administrationes
1507 2609 1671 2647 manu
1721 2590 1940 2662 propria
1987 2589 2090 2643 sin-

505 2691 645 2763 gulis
692 2698 1017 2761 anteponat;
1051 2704 1118 2742 ne
1153 2688 1294 2742 alter
1333 2686 1380 2740 ei
1418 2684 1593 2756 majus
1635 2685 1879 2737 minusve
1928 2695 2090 2750 quam

506 2780 701 2834 debeat
729 2788 952 2849 propter
974 2778 1259 2849 cujuslibet
1283 2776 1514 2845 gratiam
1546 2775 1721 2830 dando
1745 2772 2003 2835 excedat;
2037 2779 2092 2824 et

508 2870 624 2939 ipse
652 2885 772 2939 quae
813 2870 1146 2940 singulorum
1188 2868 1551 2932 infirmitates,
1587 2866 1676 2921 vel
1714 2865 2088 2927 necessitates,

509 2960 650 3015 scire
673 2960 853 3024 debet,
882 2968 1043 3028 prout
1069 2967 1216 3013 certa
1239 2966 1294 3013 et
1322 2966 1471 3013 recta
1514 2957 1814 3011 necessitas
1837 2968 2093 3023 poposce-

2184 1772 2311 1838 lem,
2341 1778 2435 1825 aut
2462 1769 2919 1825 contradicentem
2962 1781 3081 1820 esse
3115 1764 3383 1830 volumus,
3412 1773 3507 1819 aut
3537 1765 3744 1835 permit-

2186 1862 2349 1916 timus
2382 1879 2395 1915 :
2424 1859 2518 1914 sed
2569 1865 2624 1913 et
2668 1858 2733 1923 si,
2776 1857 2921 1928 quod
2969 1856 3128 1921 absit,
3180 1855 3491 1926 contigerit,
3540 1863 3600 1908 ut
3647 1856 3745 1924 ipse

2186 1952 2497 2008 eellerarius
2526 1950 2729 2016 senior,
2755 1958 2848 2003 aut
2864 1948 3071 2019 junior,
3099 1949 3216 2002 hare
3236 1954 3291 2000 et
3316 1947 3402 2001 bis
3422 1945 3620 2002 similia
3645 1960 3745 2015 qua:

2187 2048 2378 2101 adhoc
2399 2044 2693 2115 pertinent,
2734 2050 2893 2098 caute
2941 2056 3049 2096 non
3090 2040 3408 2105 servaverit,
3433 2048 3489 2094 et
3529 2038 3745 2095 secundo

2188 2139 2496 2194 admonitus
2522 2152 2630 2213 non
2660 2151 2719 2191 se
2744 2134 3067 2198 correxerit,
3098 2134 3213 2203 ipse
3242 2134 3457 2202 quidem
3481 2132 3526 2186 si
3549 2132 3617 2187 ad
3644 2146 3749 2201 per-

2187 2231 2513 2286 manendum
2534 2229 2726 2300 dignus
2739 2243 2845 2281 non
2866 2226 3029 2281 fuerit
3043 2241 3163 2280 cum
3188 2225 3449 2295 condigna
3468 2224 3753 2278 invectione

2188 2329 2350 2376 exeat
2378 2337 2392 2374 :
2423 2320 2556 2376 ordo
2589 2333 2721 2375 vero
2760 2317 3076 2373 inconfusus
3115 2323 3169 2371 et
3199 2316 3625 2385 imperturbatus
3648 2329 3754 2385 per-

2190 2417 2425 2465 maneat.

2798 2500 3026 2557 CAPUT
3072 2499 3153 2555 Vl.

2262 2591 2390 2648 limo
2450 2607 2665 2662 quoque
2710 2592 2952 2647 breviter
3010 2599 3075 2646 de
3119 2592 3202 2646 bis
3247 2607 3369 2661 qua:
3412 2588 3555 2646 infra
3599 2589 3756 2647 eccle-

2192 2684 2327 2738 siam
2373 2684 2522 2739 boris
2573 2683 2769 2755 quibus
2825 2699 2961 2754 opus
3010 2682 3107 2737 Dei
3176 2684 3483 2738 celebratur
3539 2685 3758 2739 striCtim

2193 2775 2652 2841 commemoratis,
2704 2774 2851 2830 salva
2891 2782 2950 2829 ut
2994 2788 3210 2845 semper
3239 2783 3295 2829 et
3324 2776 3630 2859 anteposita
3657 2774 3759 2829 dili-

2194 2866 2457 2935 gentiore,
2508 2881 2602 2921 seu
2652 2866 3048 2935 prmstantiore,
3095 2864 3183 2918 cui
3238 2866 3498 2920 Dominus
3543 2866 3757 2930 dederit,

2197 2957 2406 3011 ratione
2429 2955 2514 3009 vel
2533 2955 2743 3022 ordine,
2782 2956 2898 3009 hazc
2925 2971 3033 3009 non
3057 2954 3126 3008 ab
3147 2970 3206 3009 re.
3231 2954 3570 3026 adjungenda
3599 2957 3759 3012 viden.

518 3053 610 3118 rit,
636 3051 946 3107 distribuat.
981 3050 1038 3106 Si
1086 3066 1215 3105 vero
1260 3050 1310 3105 ei
1357 3064 1463 3103 non
1511 3048 1805 3113 vacaverit,
1832 3045 2091 3109 tuneille,
2123 3041 2166 3101 C
2201 3054 2305 3100 tur.
2337 3045 2395 3099 Si
2432 3046 2675 3100 aestivum
2725 3054 2936 3116 tempus
2981 3045 3162 3110 fuerit,
3190 3047 3426 3116 peractis
3475 3047 3561 3101 bis
3611 3047 3759 3105 boris,

514 3141 603 3197 cui
631 3141 745 3212 ipse
764 3139 1012 3209 jusserit,
1034 3140 1153 3195 vice
1173 3154 1269 3194 sua
1304 3139 1408 3193 hoc
1435 3137 1617 3204 faciat,
1653 3150 1852 3191 cavens
1880 3149 2094 3204 semper

512 3247 582 3286 ne
608 3230 825 3301 aliquod
856 3230 1048 3285 vitium
1071 3229 1142 3283 ibi
1166 3228 1297 3283 oriri
1330 3228 1568 3296 incipiat.

1133 3317 1361 3374 CAPUT
1404 3316 1464 3371 V.

582 3412 660 3467 De
684 3410 838 3467 laicis
860 3418 1039 3466 autem
1079 3410 1193 3466 haec
1244 3418 1328 3465 est
1383 3425 1489 3464 una
1536 3417 1592 3464 et
1637 3408 1855 3465 definita
1885 3417 2096 3465 senten-

513 3504 618 3567 tia,
662 3510 723 3556 ut
774 3500 1012 3571 quandiu
1069 3502 1141 3556 ibi
1200 3510 1292 3556 aut
1356 3501 1717 3571 pulmentaria
1784 3517 2095 3572 praeparan-

513 3603 621 3661 tur,
655 3602 749 3649 aut
788 3602 1094 3664 praeparata
1135 3594 1533 3660 ministrantur,
1575 3594 1689 3649 sive
1742 3595 1957 3664 quando
1979 3592 2091 3647 fra-

513 3694 624 3741 tres
653 3686 803 3755 prius
850 3683 1194 3762 generaliter,
1248 3685 1361 3739 sive
1387 3685 1604 3753 quando
1625 3684 1969 3755 postmodum
2003 3700 2091 3739 re-

514 3776 790 3840 ficiuntur,
819 3775 997 3830 nullus
1046 3776 1399 3846 ingrediatur.
1452 3776 1511 3830 Si
1552 3790 1683 3832 vero
1729 3776 1855 3830 talia
1890 3776 2091 3845 aliqua,

516 3876 611 3924 aut
650 3870 802 3939 prius
848 3869 1223 3938 prmparanda,
1256 3877 1351 3923 aut
1393 3870 1735 3938 postmodum
1787 3870 2094 3923 mandanda

522 3959 609 4014 vel
647 3959 886 4014 curanda
935 3958 1155 4024 fuerint,
1191 3974 1310 4028 qua:
1353 3958 1507 4013 laicis
1555 3960 1808 4030 deputata
1859 3961 1988 4024 sint,
2020 3960 2096 4014 fc-

517 4057 725 4115 nestra,
753 4057 847 4102 aut
874 4050 1072 4105 ostium
1120 4058 1211 4103 aut
1258 4049 1408 4104 locus
1454 4057 1607 4103 extra
1654 4050 1942 4119 coquinam
1977 4050 2097 4105 talis

519 4140 847 4196 constitutus
885 4142 977 4206 sit,
1008 4141 1099 4195 ubi
1141 4141 1339 4196 fratres
1382 4140 1465 4195 vel
1514 4141 1864 4211 praeparanda
1926 4141 2100 4196 susci-

517 4232 689 4302 piant,
738 4230 824 4285 vel
872 4232 1142 4285 mundana
1192 4230 1451 4294 referant,
1504 4231 1596 4284 ubi
1647 4245 1710 4286 ea
1759 4230 1834 4283 illi
1882 4230 1967 4283 vel
2002 4245 2101 4299 po-

518 4338 672 4389 nere,
711 4324 796 4378 vel
824 4326 999 4395 posita
1047 4324 1285 4393 recipere
1314 4324 1541 4394 possint,
1564 4330 1623 4377 ut
1669 4332 1848 4378 tamen
1892 4323 2095 4378 nullam

520 4414 892 4479 occasionem,
925 4430 1023 4484 pro
1065 4431 1168 4485 qua
1213 4415 1499 4485 coquinam
1552 4415 1949 4486 ingrediantur,
2000 4415 2098 4469 ha-

522 4506 708 4559 beant.
740 4504 819 4560 De
864 4506 1061 4574 quibus
1104 4506 1216 4559 llch
1244 4506 1457 4561 interim
1511 4509 1786 4563 memoria:
1839 4506 2096 4572 occurrit,

527 4603 585 4649 ut
618 4603 744 4649 sunt
785 4596 967 4651 herba:
1006 4595 1289 4664 cujuslibet
1332 4597 1582 4668 generis,
1624 4598 1765 4652 unde
1800 4597 2101 4665 pulmenta-

525 4685 667 4739 rium
722 4684 836 4739 fieri
878 4685 1091 4750 debeat,
1119 4685 1434 4747 afferenda),
1475 4686 1817 4749 mundandze,
1845 4686 2102 4739 ordinan-

527 4778 629 4828 tke.
662 4773 922 4829 Similiter
952 4777 1129 4845 pisces
1158 4778 1373 4845 quando
1401 4793 1536 4847 opus
1583 4777 1746 4830 fuerit
1778 4787 2100 4832 exenteran-

530 4862 607 4927 di,
635 4865 1030 4932 exquamandi;
1091 4865 1359 4935 legumina
1400 4865 1598 4919 diversi
1631 4866 1843 4934 generis
1880 4865 2104 4922 lavanu'a

529 4951 617 5006 vel
652 4955 1027 5022 praeparanda,
1069 4954 1182 5007 sive
1235 4963 1449 5019 caetera,
1479 4954 1562 5009 vel
1611 4954 1696 5008 his
1748 4955 1962 5021 similia,
1988 4973 2109 5027 quze

534 5049 716 5095 tamen
760 5043 938 5097 omnia
986 5050 1138 5096 extra
1170 5044 1453 5113 coquinum
1506 5044 1559 5097 in
1602 5044 1734 5100 locis
1759 5046 1861 5100 sibi
1888 5048 2111 5117 deputa-

534 5132 605 5186 tis
626 5131 934 5203 plenissime
963 5141 1017 5187 et
1054 5133 1432 5189 honestissime
1453 5136 1664 5205 quoties
1699 5152 1922 5192 necesse
1948 5137 2112 5192 fuerit

533 5240 694 5298 agere
727 5225 998 5291 studeant,
1030 5232 1086 5281 et
1132 5224 1186 5279 in
1216 5224 1335 5281 loco
1368 5236 1493 5297 apto
1516 5227 1607 5282 ubi
1632 5244 1660 5282 a
1689 5227 1947 5283 fratribus
1977 5243 2110 5283 con-

534 5331 667 5388 grue
696 5316 894 5387 suscipi
917 5317 1156 5388 possint,
1188 5317 1583 5373 studiosissime
1616 5332 1818 5386 ponere
1849 5318 1929 5372 vel
1958 5333 2108 5373 com-

536 5422 735 5477 ponere
779 5408 1031 5463 studeant
1060 5425 1072 5462 :
1098 5415 1154 5463 et
1204 5415 1419 5475 tamen,
1456 5416 1517 5462 ut
1542 5409 1744 5463 dictum
1786 5417 1887 5474 est,
1926 5409 1996 5463 ab
2025 5408 2111 5463 in-

496 5573 507 5584 .
534 5517 720 5569 gressu
747 5502 991 5571 coquinre
1009 5499 1282 5572 praedictis
1310 5501 1641 5571 temporibus
1673 5496 1916 5554 funditus
1946 5499 2113 5555 absti-

537 5602 719 5647 ucant.
760 5593 929 5666 Ligna
984 5608 1202 5667 quoque
1245 5593 1499 5650 similiter
1544 5605 1665 5661 qum
1704 5591 2106 5661 comportanda,

2193 3144 2315 3207 post
2345 3151 2482 3206 quas
2505 3137 2760 3191 continuo
2784 3137 2837 3190 in
2856 3136 3154 3212 .refectorio
3188 3136 3519 3207 generaliter
3540 3139 3761 3202 eundum

2143 3262 2146 3266 -
2195 3237 2299 3293 est,
2327 3236 2538 3297 oportet
2564 3237 2623 3281 ut
2661 3242 2849 3282 omnes
2889 3243 3014 3282 cum
3060 3228 3273 3283 silentio
3302 3230 3353 3283 in
3381 3229 3619 3284 ecclesia
3659 3228 3762 3283 sub-

2194 3321 2412 3386 sistant,
2448 3334 2727 3389 quousque
2775 3320 2961 3375 audito
3002 3319 3178 3391 signo,
3217 3328 3377 3376 caute
3415 3321 3763 3376 reverentiam

2193 3412 2303 3468 Deo
2336 3412 2526 3468 dantes
2575 3420 2791 3477 exeant,
2829 3421 2886 3466 et
2924 3427 3047 3467 cum
3077 3410 3302 3481 praefato
3330 3411 3545 3468 silentio
3569 3414 3765 3467 intran-

2194 3511 2296 3568 tes,
2326 3510 2380 3555 et
2414 3501 2733 3567 residentes,
2761 3510 2815 3557 et
2839 3510 3100 3557 exeuntes
3140 3502 3207 3557 de
3242 3500 3551 3568 refectorio,
3586 3500 3766 3573 singuli

2194 3596 2259 3651 ad
2294 3611 2356 3649 ea
2382 3607 2501 3660 qua:
2553 3601 2682 3649 tunc
2730 3595 3028 3650 secundum
3076 3601 3287 3665 tempus
3314 3595 3453 3648 ratio
3500 3595 3756 3655 docuerit,

2195 3689 2277 3744 vel
2301 3689 2511 3759 jussum
2543 3687 2723 3751 fuerit,
2752 3688 3054 3742 attendant.
3089 3688 3146 3742 Si
3187 3694 3368 3744 autem
3394 3687 3572 3743 biems
3603 3687 3767 3743 fuerit.

2194 3787 2247 3835 et
2283 3778 2635 3834 calefaciendi
2688 3777 2988 3833 necessitas
3035 3778 3335 3849 ingruerit,
3380 3786 3544 3848 prout
3601 3779 3650 3834 ei
3688 3778 3766 3845 qui

2194 3876 2390 3939 prmest
2422 3868 2597 3923 visum
2645 3867 2827 3931 fuerit,
2859 3867 2975 3922 sive
3021 3876 3168 3933 ante,
3197 3882 3290 3922 seu
3336 3876 3465 3938 post
3500 3879 3769 3938 peractum

2195 3960 2431 4016 ofﬁcium
2444 3959 2660 4029 aliquod
2678 3958 3020 4013 intervallum
3046 3958 3160 4025 fiat,
3184 3959 3400 4030 quando
3413 3974 3472 4014 se
3483 3960 3770 4015 calefacere

2196 4054 2439 4123 possint;
2472 4054 2555 4109 sin
2581 4063 2783 4120 autem,
2808 4053 2861 4108 in
2887 4054 3121 4108 ecclesia
3149 4060 3485 4122 exspectent,
3510 4062 3573 4108 ut
3602 4068 3767 4123 supra.

2199 4146 2324 4202 Htec
2346 4147 2510 4203 etiam
2542 4147 2607 4201 de
2628 4146 2733 4201 bis.

2272 4236 2348 4291 De
2380 4235 2716 4308 dormitorio,
2756 4235 2813 4291 in
2846 4236 2951 4291 hoc
2995 4237 3177 4290 omnia
3226 4235 3368 4306 apud
3405 4250 3502 4290 eos
3538 4235 3639 4306 qui
3680 4235 3771 4289 hoc

2202 4327 2362 4397 digne
2415 4325 2717 4396 intelligere
2765 4326 2976 4391 volunt,
3017 4326 3301 4395 complecti
3348 4334 3617 4396 possunt,
3646 4322 3772 4393 quod

2201 4415 2348 4472 nullo
2374 4424 2615 4486 tempore
2654 4415 2857 4486 aliquid
2892 4416 2965 4469 ibi
3013 4416 3381 4480 inhonestum,
3422 4414 3509 4470 vel
3553 4415 3771 4469 inhone-

2202 4516 2284 4562 ste
2310 4508 2426 4562 fieri
2466 4507 2626 4562 debet
2657 4524 2670 4559 :
2700 4514 2756 4560 et
2802 4514 2865 4559 ut
2904 4506 3081 4574 aliqua
3118 4520 3183 4559 ex
3230 4505 3315 4559 his
3356 4505 3423 4560 ad
3464 4504 3773 4558 memoriam

2201 4596 2555 4660 reducantur,
2585 4609 2683 4664 per
2708 4609 2828 4664 qua:
2868 4604 3062 4649 caetera
3101 4594 3186 4648 his
3214 4592 3414 4647 similia
3442 4605 3773 4662 nequaquam

2202 4687 2570 4743 obliviscenda
2643 4694 3077 4742 contemnantur.
3126 4684 3349 4752 Quando
3428 4684 3580 4753 loqui
3642 4684 3776 4741 licet.

2202 4776 2330 4847 quia
2375 4775 2577 4831 locutio
2632 4790 2845 4845 semper
2901 4774 2973 4830 ibi
3020 4775 3283 4831 servanda
3328 4782 3450 4840 est,
3500 4773 3622 4827 sive
3660 4773 3777 4829 duo,

2209 4878 2303 4919 seu
2333 4872 2463 4926 tres,
2498 4878 2595 4919 seu
2630 4864 2794 4918 etiam
2824 4863 3027 4933 plures,
3053 4864 3215 4918 sicuti
3264 4861 3381 4917 fieri
3413 4862 3547 4918 solet
3572 4859 3779 4932 quando

2211 4958 2276 5011 de
2320 4950 2557 5026 capitulo
2616 4965 2859 5027 surgunt,
2910 4955 3324 5027 eonjungantur.
3377 4956 3605 5023 Quando
3661 4968 3780 5007 *ειη

2212 5046 2745 5115 dormienditempus
2771 5045 2953 5110 fuerit,
2984 5047 3098 5101 sive
3151 5047 3205 5101 in
3233 5047 3338 5112 die,
3381 5047 3493 5103 sive
3517 5048 3574 5102 in
3610 5054 3779 5103 nocte.

2213 5136 2356 5191 sicut
2393 5135 2666 5191 silentium
2703 5136 2945 5192 funditus
2988 5138 3042 5191 in
3083 5151 3200 5201 ore,
3232 5138 3306 5192 ita
3352 5139 3406 5193 in
3456 5139 3692 5200 incessu,
3728 5146 3779 5187 ut

2213 5224 2391 5280 nullus
2416 5224 2666 5294 injuriam
2690 5227 2947 5297 patiatur,
2986 5242 3199 5285 summa
3227 5229 3439 5285 cautela
3460 5245 3581 5285 esse
3609 5229 3778 5284 debet.

2211 5315 2382 5370 Nemo
2404 5315 2723 5371 vestimenta
2752 5333 2848 5372 sua
2876 5326 3154 5384 excutere,
3182 5334 3339 5375 nemo
3362 5321 3574 5376 incaute
3602 5333 3783 5374 ascea-

2213 5409 2364 5474 dere,
2392 5406 2477 5463 vel
2505 5408 2833 5465 descendere
2862 5410 2929 5465 de
2975 5409 3115 5466 lecto
3143 5411 3324 5475 debet,
3357 5412 3441 5468 vel
3476 5423 3672 5468 extera
3706 5408 3787 5464 bis

2212 5499 2434 5567 similia,
2462 5515 2583 5570 qua:
2617 5502 2869 5571 strepitu,
2898 5502 2982 5559 vel
3023 5501 3312 5571 cujuslibet
3339 5503 3678 5560 incommodo
3706 5515 3787 5554 so—

2212 5592 2388 5648 nitum
2415 5591 2664 5660 reddant,
2696 5593 2910 5650 incaute
2964 5609 3127 5668 agere
3173 5594 3362 5665 debet;
3415 5594 3507 5652 sed
3545 5602 3602 5648 et
3641 5582 3784 5647 omni
