3856 6190
196 269 290 325 519

1259 266 1583 324 STATUTA
1624 266 1762 324 PRO
1802 263 2153 322 MONACHIS
2193 264 2368 322 SUlS.

3334 271 3442 329 ἔδυ

190 393 444 455 tempore,
489 392 549 437 ut
588 384 902 453 praedictum
949 392 1052 448 est,
1086 399 1261 440 omnis
1296 384 1372 440 ibi
1401 384 1609 439 cautela
1637 398 1753 438 ser—
1777 390 1829 448 Α
1853 387 1913 433 ut
1931 381 1997 435 de
2019 377 2392 449 provendariis
2405 377 2496 448 qui
2518 375 2592 432 ibi
2612 378 2820 435 servire
2837 379 3035 435 debent
3057 388 3207 437 certa
3228 382 3435 440 discre-

186 476 353 529 vanda
381 482 489 539 est,
519 474 603 527 vel
627 483 849 545 propter
873 475 1231 541 honestatem,
1256 476 1341 531 vel
1362 484 1584 547 propter
1606 474 1759 530 inllr-

187 583 390 623 morum
422 566 683 636 requiem,
708 581 778 621 ne
815 565 860 620 si
886 564 1026 622 forte
1068 566 1263 635 aliquis
1291 567 1491 623 ibidem
1518 565 1757 624 necessi-

189 671 292 716 tate
333 666 555 714 coactus
582 658 923 728 requiescere
963 667 1131 728 optat,
1163 658 1386 715 alterius
1416 662 1759 730 improbitate

189 752 444 807 turbetur.
470 750 626 818 Quod
648 744 915 818 si‘aliquis
952 750 1114 804 etiam
1151 750 1217 804 ad
1252 751 1537 821 legendum
1564 753 1616 807 in
1650 753 1758 809 lec-

191 843 295 898 tulo
323 858 422 898 suo
458 840 739 905 resederit,
773 856 1115 911 nequaquam
1160 841 1391 899 alterum
1427 844 1530 899 sibi
1556 844 1755 900 ibidem

192 933 252 987 ad
288 932 613 1002 colloquium
658 930 951 1001 coniungat
984 950 996 985 :
1027 933 1121 987 sed
1167 932 1213 987 si
1248 934 1626 989 necessitatem
1680 937 1758 992 lo-

194 1025 380 1096 quendi
422 1024 624 1079 diutius
659 1025 969 1090 habuerint,
1006 1035 1202 1080 exeant
1251 1025 1419 1093 foras,
1475 1035 1532 1082 et
1576 1028 1648 1084 ibi
1678 1029 1757 1085 lo-

199 1127 433 1189 quantur.
465 1116 601 1172 Nam
631 1117 791 1188 longe
815 1117 1044 1171 alterum
1076 1118 1145 1173 ab
1167 1118 1338 1174 altero
1362 1120 1596 1189 positum
1624 1136 1755 1191 pro-

200 1217 307 1279 pter
330 1224 531 1274 sonum,
566 1224 669 1264 nec
697 1210 829 1264 duos
873 1208 1231 1264 consedentes
1264 1209 1349 1265 vel
1397 1218 1605 1267 stantes
1630 1229 1758 1285 pro-

200 1312 310 1368 pter
342 1301 523 1354 domus
570 1299 740 1370 ipsius
782 1299 1125 1354 honestatem
1163 1298 1248 1353 vel
1286 1302 1751 1370 consuetudinem,

202 1389 499 1458 colloquium
543 1389 745 1444 habere
782 1404 1120 1459 nequaquam
1170 1398 1401 1459 oportet.
1435 1390 1561 1446 Haze
1590 1392 1753 1446 etiam

203 1479 563 1550 interplurima
611 1486 805 1534 caatera
860 1494 980 1549 quae
1033 1479 1087 1533 in
1134 1480 1451 1536 dormitorio
1489 1483 1753 1537 servanda

206 1579 317 1625 sunt
350 1571 575 1626 breviter
599 1570 762 1636 dicta,
786 1586 853 1624 ne
898 1570 1054 1640 quasi
1104 1586 1203 1640 pro
1228 1571 1396 1627 nihilo
1433 1588 1463 1627 a
1492 1573 1753 1642 quibusli-

205 1664 283 1716 bet
308 1662 690 1733 insipientibus,
719 1663 805 1718 vel
849 1663 989 1717 ultra
1031 1679 1195 1734 quam
1233 1665 1429 1720 debent
1454 1668 1752 1736 prementi-

1857 470 1934 525 tio
1963 476 2229 534 servetur,
2259 475 2319 523 ut
2364 475 2421 523 et
2463 466 2794 523 sullieienter
2843 471 2971 536 sint,
3003 480 3060 526 et
3101 471 3244 527 ultra
3270 488 3434 543 quam

1857 575 2079 617 necesse
2104 568 2188 615 est
2212 560 2358 615 nullo
2387 561 2548 615 modo
2574 562 2706 627 sint,
2735 562 2861 631 quia
2891 562 2994 631 ipsi
3044 563 3109 633 de
3137 563 3325 618 eadem
3348 566 3446 621 de-

1856 650 1998 705 cima
2021 660 2077 705 et
2105 652 2358 720 pascendi
2398 660 2453 706 et
2478 652 2741 706 vesticndi
2789 661 2915 706 sunt
2943 667 3004 707 ea
3040 669 3291 710 mensura
3321 672 3436 726 qua:

1855 740 1936 795 eis
1976 742 2261 810 competit;
2314 742 2390 795 ita
2440 749 2500 795 ut
2542 756 2643 796 nec
2678 742 2962 810 penuriam
3006 743 3305 810 patiantur,
3339 761 3442 801 nec

1856 829 2037 900 aliqua
2077 830 2449 901 superﬂuitate
2493 832 2885 885 distendantur.
2941 832 3124 888 Visum
3155 844 3239 887 est
3274 834 3439 905 igitur

1856 923 2012 977 nobis
2040 924 2095 977 in
2148 923 2332 978 decem
2374 923 2746 994 provendariis
2795 925 2865 978 ad
2918 940 3012 978 eos
3057 925 3149 994 qui
3196 926 3439 994 hospites

1856 1013 2131 1082 suscipere
2172 1021 2229 1068 et
2274 1014 2357 1068 eis
2384 1014 2588 1068 servire
2624 1014 2823 1069 debent
2855 1013 3099 1071 sullicere
3134 1032 3311 1085 posse.
3348 1018 3437 1072 Si-

1796 1106 1803 1111 “
1855 1104 2057 1158 militer
2080 1111 2139 1157 ut
2162 1105 2263 1175 ipsi
2306 1105 2653 1175 provendarii
2682 1107 2871 1160 eadem
2904 1108 3161 1175 qualitate
3188 1116 3241 1162 et
3268 1126 3439 1178 quan-

1855 1193 2010 1247 titate
2038 1193 2144 1248 cibi
2171 1202 2226 1248 et
2266 1200 2448 1262 potus,
2476 1194 2618 1248 sicut
2648 1195 2828 1248 caateri
2865 1197 3208 1263 provendarii
3238 1200 3434 1263 nostri,

1855 1291 2225 1340 sustententur
2255 1300 2269 1337 :
2308 1285 2359 1338 id
2388 1292 2489 1350 est,
2521 1292 2582 1339 ut
2616 1299 2840 1355 pensam
2875 1288 3169 1342 secundum
3215 1298 3439 1344 caetero-

1855 1390 1975 1430 rum
2024 1376 2469 1430 consuetudinem
2509 1390 2608 1444 per
2660 1391 2932 1443 mensem;
2967 1377 3220 1433 similiter
3243 1395 3435 1448 panem

1852 1475 1908 1521 et
1939 1475 2127 1536 potum
2163 1467 2458 1521 secundum
2507 1468 2821 1523 eorumdem
2880 1471 3324 1525 consuetudinem
3355 1487 3436 1527 ac-

1852 1556 2056 1626 cipiant
2085 1571 2099 1609 :
2132 1557 2453 1611 vestimenta
2471 1568 2650 1611 autem
2674 1566 2729 1612 ct
2752 1559 3145 1625 calceamenla,
3185 1560 3325 1614 sicut
3350 1577 3438 1615 su-

1852 1661 1950 1715 pra
1980 1645 2183 1700 dielum
2212 1658 2317 1711 est,
2347 1654 2659 1702 mensurate
2688 1649 2988 1717 accipiant:
3017 1650 3092 1704 ita
3128 1658 3310 1706 utnec
3339 1667 3440 1707 nu-

206 1754 292 1807 bus
315 1761 735 1820 contemnantur,
766 1770 871 1809 ηοη
910 1755 1082 1810 solum
1117 1770 1148 1809 ει
1183 1758 1493 1827 ριιτεροεξιο,
1525 1760 1749 1825 decano,
1782 1739 1828 1797 B
1856 1739 2043 1805 ditate,
2067 1754 2170 1793 nec
2193 1738 2371 1809 aliqua
2402 1738 2733 1808 turpitudine
2760 1741 3047 1809 squaleant
3077 1758 3094 1794 ι
3123 1756 3225 1796 nec
3254 1751 3432 1797 tamen

203 1856 286 1896 seu
306 1843 507 1899 caeteris
532 1843 753 1899 decanis
775 1844 925 1898 omni
949 1853 1189 1915 tempore
1235 1861 1340 1900 non
1384 1848 1748 1913 mediocriter,

204 1933 289 1988 sed
314 1934 374 1989 ab
394 1930 522 2003 ipsis
552 1934 718 1989 etiam
762 1932 1235 2003 circinnatoribus,
1262 1936 1413 1992 boris
1437 1937 1633 2007 quibus
1659 1955 1752 1993 va-

202 2032 314 2078 cant
335 2024 521 2081 fratres
562 2024 800 2091 lectioni,
832 2026 1193 2093 observanda,
1225 2035 1280 2082 et
1312 2028 1527 2082 inventa
1551 2029 1752 2085 arctius

202 2115 487 2186 castiganda
537 2123 685 2171 sunt.
724 2114 782 2170 In
836 2115 1005 2185 piselo
1050 2132 1196 2183 vero,
1258 2126 1499 2188 tempore
1535 2121 1752 2189 quando

201 2204 283 2260 illo
306 2206 376 2261 uti
395 2220 613 2261 necesse
633 2213 735 2269 est,
766 2207 954 2261 eadem
984 2222 1120 2277 pene
1150 2207 1202 2261 in
1226 2209 1495 2274 omnibus,
1527 2219 1752 2280 excepto

200 2295 332 2363 quod
369 2295 431 2349 ad
464 2295 839 2350 dormiendum
881 2296 1139 2366 pertinet,
1175 2300 1383 2352 cautela
1411 2307 1465 2352 et
1496 2299 1752 2356 honestus

200 2385 440 2440 servanda
465 2391 570 2450 est,
602 2400 721 2455 qua:
746 2384 812 2440 de
838 2385 1155 2441 dormitorio
1181 2387 1429 2452 diximus,
1454 2396 1507 2443 et
1545 2389 1590 2443 si
1615 2389 1752 2445 forze

202 2474 421 2542 quaedam
447 2475 514 2529 ad
557 2474 804 2528 eamdem
847 2476 1066 2529 domum
1115 2475 1422 2544 specialiter
1453 2478 1749 2546 pertinent,

201 2572 257 2618 ut
280 2573 356 2621 est
379 2566 441 2621 de
459 2566 653 2637 pannis
684 2565 877 2621 infusis
898 2567 988 2636 qui
1034 2568 1463 2638 suspenduntur;
1495 2569 1561 2624 de
1587 2571 1755 2641 pigri-

202 2658 422 2714 tantibus
447 2666 502 2714 et
528 2659 898 2723 somnolentis,
924 2666 978 2712 et
1014 2667 1235 2727 propter
1273 2659 1471 2715 caloris
1515 2662 1753 2717 suavita-

201 2757 302 2804 tem
349 2749 521 2805 minus
573 2756 779 2804 attente
818 2749 1147 2818 legentibus,
1199 2759 1255 2805 et
1305 2751 1352 2805 si
1399 2767 1503 2821 qua
1557 2752 1641 2807 his
1679 2753 1753 2808 si-

201 2838 354 2903 milia,
372 2854 435 2894 ex
453 2830 901 2908 usu'qnotidiano
946 2841 1075 2909 quid
1120 2840 1314 2895 exinde
1354 2839 1657 2899 faciendum
1682 2846 1752 2900 sit

203 2928 365 2984 nullus
417 2929 672 3000 ignorat,
727 2929 818 2999 qui
866 2927 1177 2997 huiusmodi
1235 2932 1303 2987 ad
1359 2933 1748 3002 providendum

202 3016 592 3075 sollicitudinem
652 3019 971 3090 impositam,
1045 3023 1570 3097 quantulamcunque
1626 3041 1751 3096 por-

1855 1844 1886 1884 e
1915 1835 2106 1883 contra
2135 1827 2275 1883 ultra
2312 1842 2623 1883 mensuram
2650 1843 2803 1885 suam
2830 1829 3048 1901 exigere
3080 1841 3434 1900 praesumant.

1854 1919 1981 1975 Haec
2008 1920 2074 1974 de
2101 1918 2495 1990 proveudariis.
2900 1976 2907 1979 ,

1924 2010 2152 2067 Videtur
2182 2012 2345 2082 igitur
2371 2012 2527 2066 nobis
2559 2011 2605 2067 si
2636 2012 2815 2066 omnis
2852 2011 3060 2066 decima
3088 2011 3155 2067 de
3183 2012 3439 2067 omnibus

1853 2110 1910 2157 et
1938 2101 1994 2155 in
2020 2101 2293 2166 omnibus,
2333 2101 2476 2156 sicut
2514 2101 2870 2157 constitutum
2898 2109 3002 2166 est,
3032 2101 3211 2167 datur,
3240 2110 3299 2154 ut
3322 2115 3442 2154 om-

1853 2193 1984 2248 nino
2006 2194 2071 2248 ad
2093 2208 2283 2249 omnes
2330 2192 2635 2262 huiusmodi
2684 2193 3035 2249 necessitates
3078 2193 3306 2248 divitum
3350 2192 3435 2247 vel

1852 2299 2150 2355 pauperum
2177 2284 2419 2341 sufﬁcere
2449 2286 2644 2340 debeat
2673 2300 2688 2339 :
2718 2286 2771 2340 id
2816 2292 2916 2349 est,
2972 2284 3058 2338 vel
3104 2285 3170 2339 de
3199 2285 3286 2339 bis
3318 2299 3440 2352 qua:

1854 2374 1923 2428 ad
1952 2375 2339 2430 monasterium
2367 2374 2725 2446 eleemosynte
2755 2390 2918 2430 causa
2946 2374 3193 2430 ecclesiis
3224 2374 3310 2429 vel
3335 2373 3442 2428 fra-

1853 2464 2028 2518 tribus
2059 2465 2113 2518 in
2144 2465 2369 2520 diversis
2414 2466 2788 2535 corporalibus
2836 2464 3120 2536 speciebus
3152 2465 3237 2519 vel
3260 2464 3441 2519 mobi-

1855 2557 1993 2613 libus
2022 2557 2184 2613 rebus
2216 2566 2408 2629 sponte
2453 2560 2846 2614 condonamur.
2880 2558 3143 2613 Similiter
3176 2556 3441 2627 quidquid

1852 2650 1908 2705 in
1933 2649 2165 2706 diversis
2185 2650 2611 2706 laborationibus
2639 2651 2880 2721 quolibet
2922 2651 3082 2705 modo
3111 2649 3438 2718 acquiritur,

1851 2738 1936 2794 vel
1974 2739 2031 2794 in
2073 2740 2240 2795 variis
2295 2740 2545 2809 peculum
2585 2741 2875 2811 generibus
2929 2739 3220 2805 enutritur,
3252 2738 3339 2793 vel
3382 2738 3439 2792 in

1852 2830 1984 2900 ipsis
2032 2831 2259 2901 peculiis
2294 2831 2406 2885 Deo
2439 2832 2789 2901 dispensante
2843 2831 2961 2886 sine
3024 2832 3262 2885 humana
3312 2844 3439 2898 pro-

1851 2921 2085 2975 videntia
2116 2929 2306 2990 sponte
2350 2920 2686 2992 producitur,
2715 2928 2776 2976 ut
2818 2929 2901 2977 est
2944 2921 3028 2976 lae
3081 2929 3137 2976 et
3180 2920 3323 2974 lana.
3350 2919 3439 2974 Si-

1851 3011 2054 3068 militer
2096 3010 2312 3079 fenum,
2340 3013 2426 3068 vel
2481 3029 2602 3083 qua:
2652 3014 2706 3068 in
2755 3013 3041 3069 arboribus
3090 3013 3260 3084 gratis
3307 3027 3438 3066 nas-

201 3115 289 3164 tat.
315 3109 436 3165 Cum
464 3112 631 3168 verbo
688 3086 835 3168 horae
877 3086 1302 3183 incompetentes
1335 3086 1664 3184 transierint,
1696 3128 1750 3174 et
1778 3116 1779 3119 “

1857 3116 2072 3172 cuntur,
2103 3116 2164 3163 ut
2208 3117 2295 3163 est
2349 3109 2546 3179 pastio,
2590 3109 2676 3164 vel
2725 3109 2922 3164 diversi
2971 3108 3183 3179 generis
3210 3106 3438 3169 fructus,

203 3205 305 3253 tam
327 3200 656 3272 colloquendi
701 3216 862 3271 quam
906 3201 1264 3275 coniungendi
1298 3196 1512 3276 tempus
1545 3208 1751 3264 licitum
1855 3207 2115 3269 quantum
2149 3201 2480 3271 possibilitas
2527 3200 2787 3265 admittit,
2837 3200 2962 3255 data
3001 3198 3221 3259 fuerint,
3253 3213 3444 3252 secun-

204 3286 473 3354 advenerit,
511 3305 728 3361 semper
756 3299 936 3346 tamen
965 3291 1058 3358 ibi,
1083 3295 1221 3348 sicut
1249 3304 1303 3349 et
1326 3296 1379 3350 in
1407 3298 1616 3352 caneris
1639 3314 1754 3353 om-
1855 3293 1981 3347 dum
2020 3293 2336 3362 qualitatem
2363 3292 2446 3347 vel
2476 3293 2830 3361 quantitatem
2875 3290 3209 3360 singularum
3234 3304 3438 3351 rerum,

204 3373 519 3444 nibuslocis,
565 3381 682 3436 sive
731 3381 1015 3452 pauciores
1065 3383 1178 3438 sive
1205 3384 1387 3454 plures
1444 3384 1664 3453 fuerint,
1698 3389 1753 3443 in
1849 3381 2007 3452 iuxta
2059 3383 2202 3453 quod
2248 3391 2458 3451 tempus
2509 3382 2858 3451 permiserit,
2915 3379 3159 3434 sulliccre
3207 3379 3438 3447 possint.

206 3460 446 3533 loquendo
484 3476 540 3523 et
587 3471 794 3541 agendo
841 3487 982 3542 saepe
1034 3484 1458 3529 commemorata
1500 3475 1755 3532 honestas

206 3558 445 3613 servanda
464 3568 575 3625 est;
610 3574 711 3617 nec
729 3576 962 3632 unquam
978 3564 1372 3633 postponenda,
1401 3572 1493 3618 aut
1517 3573 1755 3621 contem-

207 3646 383 3701 nenda.

729 3740 806 3796 De
831 3745 1208 3813 provendariis.

272 3824 340 3883 ne
362 3840 508 3899 porta
534 3840 715 3890 autem
749 3837 1084 3900 monasterii,
1130 3838 1215 3894 vel
1243 3855 1362 3909 quae
1391 3840 1459 3895 ad
1487 3856 1604 3896 eam
1638 3857 1761 3912 per-

210 3917 382 3987 tinent,
413 3923 613 3981 idcirco
665 3926 807 3982 inter
859 3929 976 3984 haec
1012 3947 1153 4001 qua:
1196 3933 1443 4002 superius
1479 3935 1760 4004 complexa

210 4018 337 4076 sunt,
382 4013 454 4068 nil
505 4015 745 4072 inserere
791 4018 1079 4084 voluimus,
1125 4022 1250 4090 quia
1298 4038 1636 4093 quaecunque
1693 4025 1763 4079 ad

212 4111 319 4154 eam
343 4103 707 4162 Velministros
728 4105 846 4175 eius
866 4109 1139 4178 pertinent
1163 4111 1229 4165 dc
1256 4110 1504 4177 decimis,
1535 4111 1763 4168 Domino

216 4186 491 4249 insinuante
536 4212 635 4266 per
685 4212 745 4251 se
800 4200 1047 4254 scmotim
1088 4202 1477 4271 disponendum
1499 4201 1763 4271 judicavi-

220 4290 335 4336 mus.
364 4281 512 4340 Unde
549 4287 725 4357 primo
774 4287 891 4345 loco
942 4290 1071 4347 illud
1101 4293 1628 4349 commemorandum
1656 4302 1762 4359 est,

240 4443 2079 4475 ’,σωκ-Μ...
2095 4459 2235 4469 ——

1857 3474 1925 3528 Et
1968 3480 2030 3527 ut
2077 3471 2417 3526 manifestius
2456 3472 2601 3540 quod
2640 3470 2872 3525 dicimus
2923 3468 3212 3532 elucescat,
3260 3468 3440 3536 primo

1858 3566 1924 3620 de
1953 3563 2158 3619 nostris
2189 3561 2332 3617 villis
2367 3577 2487 3632 qua:
2532 3561 2586 3615 in
2651 3559 3044 3624 Ambianense,
3092 3556 3465 3627 Atrapaticn-e

1860 3668 1954 3709 seu
1978 3652 2308 3708 Belvacense
2352 3652 2470 3707 sita:
2512 3658 2656 3716 sunt,
2686 3649 2920 3719 pleniter
2951 3647 3154 3713 omnia,
3188 3648 3329 3703 sicut
3349 3664 3442 3703 m-

1859 3758 1957 3814 pra
2004 3730 2485 3797 commemoratum
2545 3747 2648 3806 est,
2698 3739 2913 3793 dentur.
2945 3738 3149 3793 Deinde
3201 3737 3246 3792 si
3301 3737 3444 3792 forte

1859 3840 2080 3904 propter
2116 3830 2416 3902 longiorem
2463 3831 2606 3886 viam
2659 3828 2989 3899 possibilitas
3025 3826 3324 3882 adducendi
3361 3826 3443 3880 fa-

1862 3924 2023 3977 miliae
2051 3938 2160 3979 non
2182 3921 2365 3988 fuerit,
2396 3921 2599 3977 bonum
2638 3918 2834 3976 exinde
2863 3925 3036 3973 restat
3059 3916 3287 3972 Domino
3312 3914 3441 3969 insi-

1861 4023 2063 4069 nuante
2099 4013 2406 4078 consilium,
2463 4018 2522 4065 ut
2568 4017 2790 4080 propter
2832 3996 2947 4064 hoc
2981 4022 3081 4062 nec
3120 4006 3329 4061 decima
3356 4018 3444 4059 re-

1862 4113 2100 4171 maneat,
2138 4119 2239 4159 nec
2295 4103 2463 4158 ullum
2510 4103 2565 4156 in
2608 4099 2935 4171 pauperibus
2977 4104 3267 4168 generetur
3310 4107 3443 4163 pee-

1865 4205 2066 4251 catum.

1123 4615 1406 4675 SANCTI
1449 4614 1932 4679 ADALHARDI
1975 4611 2467 4675 EPITAPHIUM

1246 4779 1394 4839 (Hist.
1414 4779 1502 4830 lia.
1534 4780 1596 4831 de
1613 4780 1663 4832 la
1683 4781 1889 4841 Fratre,
1914 4790 2028 4830 tom.
2053 4779 2114 4836 ν,
2138 4791 2246 4841 pag.
2272 4775 2404 4837 ηδε)

1112 5018 1212 5074 llic
1234 5019 1380 5090 jacet
1402 5004 1633 5075 eximius
1655 5019 1868 5074 meritis
1887 5017 2216 5075 venerabilis
2244 5018 2381 5072 abba

1179 5108 1375 5164 Noster
1403 5109 1743 5165 Adalhardus
1770 5110 1968 5180 dignus
1992 5110 2200 5163 honore
2222 5122 2407 5162 senex.

1116 5201 1284 5271 Regia
1319 5202 1621 5270 prosapies,
1647 5200 1885 5272 paradisi
1910 5201 2032 5271 iure
2061 5201 2303 5263 colonus,

1185 5293 1280 5347 Vir
1305 5293 1571 5346 charitate
1595 5292 1815 5361 probus,
1844 5292 2087 5345 moribus
2118 5299 2277 5359 atque
2305 5290 2431 5355 ﬁde,

1110 5384 1281 5451 Quem
1304 5385 1403 5438 sub
1441 5383 1646 5437 tumulo
1676 5383 1874 5438 recolis
1902 5390 1953 5436 tu
1983 5381 2213 5449 quisque
2238 5381 2432 5447 viator,

1181 5470 1355 5526 Cerne
1378 5470 1507 5540 quid
1528 5485 1606 5535 cs,
1632 5470 1759 5540 quid
1780 5470 1910 5534 eris,
1939 5483 2086 5524 mors
2114 5469 2241 5539 quia
2263 5478 2453 5525 cuncta
2486 5469 2648 5540 rapit.

1111 5564 1251 5620 Nam
1282 5570 1405 5632 post
1426 5570 1645 5616 octavas
1667 5561 1877 5616 Domini
1903 5562 1990 5616 hic
2016 5576 2182 5615 carne
2210 5560 2437 5645 solutus,

1184 5653 1517 5710 Succedcnte
1546 5653 1631 5708 die
1666 5661 1811 5707 astra
1846 5653 2034 5722 petivit
2059 5667 2226 5707 ovans
2248 5691 2261 5704 .
