3856 6190
350 263 456 318 5ξῦ

1661 254 1969 311 ‘ERMOLDI
2010 254 2280 310 NlGEL-Ll

3460 274 3469 281 ο
3490 254 3587 308 55')

352 374 542 432 dictini
584 372 791 428 ordinis
836 370 1057 441 ejusque
1098 369 1389 431 abbatum,
1435 370 1919 430 monasteriorum,
1952 373 2000 429 Α
2029 366 2170 434 quod
2207 366 2278 423 ad
2308 363 2570 432 Nigellum
2610 363 2828 417 (luvium
2862 364 3019 417 situm
3050 372 3226 430 esset,
3260 364 3385 420 inde
3415 381 3502 421 me
3531 367 3595 420 ad

352 475 410 521 et
445 463 661 535 Regulae
697 462 886 518 laudes
919 469 1360 524 nonexeurrat;
1406 468 1468 514 ut
1501 461 1714 514 mittam
1752 458 1927 513 eccle-

356 554 631 610 siasticam
661 550 815 607 illius
830 548 1189 605 eruditionem
1208 590 1223 614 ,
1253 565 1374 619 quae
1402 550 1673 604 hominem
1708 551 1929 604 minime

353 644 553 699 laicum
590 640 800 711 prodit,
837 646 893 694 et
928 654 1048 708 qua:
1084 639 1150 693 iis
1188 640 1520 710 temporibus
1558 640 1612 693 in
1649 641 1928 695 monachis

360 733 557 804 saepius
594 746 756 801 quam
793 730 846 785 in
883 730 1233 785 saecularibus
1269 730 1483 785 clericis
1520 731 1753 800 spectari
1792 746 1925 785 con-

356 825 571 890 suevit;
603 822 842 878 abbatem
869 837 1086 892 quoque
1114 821 1316 887 fuisse,
1342 837 1406 877 ea
1438 823 1711 886 indicant,
1744 823 1799 876 ni
1830 821 1928 875 fal-

353 915 459 981 lor,
490 930 609 985 qua:
634 914 682 968 is
709 914 874 969 habet
896 913 991 968 lib.
1020 928 1098 978 iv,
1125 913 1217 969 ubi
1241 913 1640 984 expeditionem
1670 914 1930 968 adversus

352 1006 646 1062 Britannos
671 1004 900 1060 rebelles
926 1018 1070 1059 anno
1097 1002 1202 1059 824
1231 1010 1468 1057 enarrat.
1500 1002 1679 1072 lnquit
1696 1002 1849 1083 {enim
1878 1021 1890 1055 :

480 1116 591 1168 Huc
613 1123 812 1178 egomet
832 1122 1021 1166 scutum
1047 1116 1282 1178 humeris,
1310 1128 1581 1178 ensemque
1597 1117 1866 1165 revinctum

542 1177 705 1230 GesSi.
721 1178 810 1226 sed
834 1191 976 1226 nemo
999 1190 1078 1225 me
1102 1177 1316 1227 feriente
1339 1177 1490 1225 dolet.

473 1214 661 1301 Pippin
683 1214 775 1287 hoc
798 1239 1040 1301 aspiciens
1059 1214 1419 1301 risit,-miratur,
1442 1248 1491 1288 et
1516 1236 1615 1285 infit
1630 1250 1654 1301 7:

545 1299 679 1351 ceae
698 1301 864 1361 armis,
887 1299 1037 1348 frater
1060 1310 1075 1346 :
1101 1299 1311 1351 litteram
1336 1306 1491 1347 amato
1514 1300 1683 1360 magis.

358 1390 440 1447 Ex
478 1390 566 1445 his
591 1389 770 1459 primo
797 1386 1151 1442 conﬁrmatur
1180 1387 1491 1441 Ermoldum
1521 1394 1767 1441 nostrum
1819 1402 1936 1442 mo-

362 1479 625 1534 nasticam
667 1478 834 1532 vitam
871 1477 1038 1531 fuisse
1073 1476 1414 1545 professum;
1450 1492 1556 1531 non
1598 1477 1702 1530 alia
1738 1478 1935 1547 quippe

361 1571 427 1623 de
457 1583 620 1623 causa
646 1567 904 1637 Pippinus
928 1580 1023 1621 rex
1055 1581 1179 1620 eum
1210 1566 1425 1621 intuens
1455 1566 1508 1620 in
1541 1567 1708 1621 risum
1734 1568 1932 1638 erupit,

358 1659 467 1714 nisi
494 1658 619 1728 quia
640 1657 807 1712 armis
834 1656 1136 1711 accinctum
1163 1657 1421 1711 cernebat
1443 1656 1716 1711 hominem
1737 1674 1768 1711 a
1794 1658 1934 1712 mili-

357 1750 467 1805 tari
501 1747 838 1820 proiessione
875 1747 1011 1802 adeo
1045 1746 1313 1809 alienum,
1346 1755 1401 1800 et
1430 1761 1582 1801 arma
1620 1748 1934 1804 monasticae

360 1841 498 1897 vesti
538 1848 650 1895 tam
686 1838 826 1895 male
864 1847 1069 1908 aptata.
1107 1838 1343 1893 Proinde
1375 1854 1501 1893 eum
1541 1839 1765 1894 ridendo
1802 1840 1931 1895 hor-

363 1938 509 1985 tatus
538 1938 623 1985 est
652 1939 713 1985 ut
737 1944 770 1983 a
798 1928 990 1983 militia
1020 1929 1337 1984 abscederet
1361 1969 1375 1990 ,
1405 1936 1461 1983 et
1487 1928 1793 1984 litterarum
1823 1937 1936 1984 stu—

360 2022 465 2092 diis
484 2060 498 2086 ,
530 2021 673 2091 quod
706 2020 1030 2077 monachum
1059 2020 1285 2075 decebat
1305 2060 1319 2082 ,
1350 2020 1509 2088 eique
1537 2022 1590 2073 in
1620 2034 1770 2074 more
1796 2028 1932 2084 erat,

356 2118 601 2166 vacaret.
655 2109 929 2165 Praeterea
964 2109 1118 2165 illum
1157 2109 1376 2177 fratrem
1416 2110 1705 2180 appellavit
1739 2129 1751 2163 :
1795 2111 1938 2166 istud

359 2216 492 2257 vero
512 2215 750 2266 nomen,
784 2216 814 2255 a
843 2216 952 2271 quo
981 2216 1124 2256 nunc
1154 2202 1404 2257 monachi
1432 2210 1713 2270 tantopere
1744 2202 1939 2257 abhor-

360 2301 513 2355 rent,
545 2298 600 2347 et
622 2290 893 2361 religiosis
917 2290 1181 2346 duntaxat
1206 2291 1640 2346 mendicantibus
1665 2298 1937 2345 servatum

360 2383 590 2449 velunt,
621 2382 752 2437 olim
782 2384 1079 2438 monachos
1106 2383 1444 2453 potissimum
1477 2383 1826 2454 designabat,
1863 2384 1940 2438 uti

359 2486 553 2527 eorum
600 2477 906 2542 temporum
954 2480 1301 2527 monumenta
1352 2472 1638 2536 evincunt,
1684 2473 1794 2527 imo
1839 2473 1941 2528 hoc

360 2564 555 2632 ipsum.
577 2576 769 2633 poema
807 2579 915 2620 non
943 2578 1052 2618 uno
1080 2563 1133 2618 in
1165 2562 1286 2617 loco
1315 2562 1476 2617 fidem
1504 2562 1653 2618 facit.
1692 2562 1942 2618 Secundo

363 2654 496 2708 hinc
531 2652 749 2709 elucere
781 2656 946 2710 etiam
978 2664 1158 2726 potest
1197 2655 1508 2711 Ermoldum
1539 2656 1699 2711 alicui
1746 2671 1941 2711 mona-

366 2751 537 2806 sterio
583 2749 788 2804 abbatis
839 2747 997 2804 titulo
1044 2747 1347 2819 praefuisse.
1405 2749 1660 2805 Pluribus
1708 2748 1943 2803 ostendit

369 2842 719 2898 doctissimus
747 2839 1175 2906 Thomassinius,
1204 2849 1356 2911 parte
1383 2857 1478 2906 ιιι,
1507 2841 1600 2896 lib.
1627 2857 1642 2895 l
1667 2881 1681 2905 ,
1707 2856 1826 2909 cap.
1850 2838 1940 2902 40,

365 2931 434 2985 de
456 2929 716 2996 Beneﬁc.,
735 2938 997 3001 regnante
1023 2928 1218 2985 Carolo
1244 2930 1457 3000 Magno,
1483 2931 1705 3001 ejusque
1728 2945 1945 2986 succes-

374 3020 626 3085 soribus,
675 3020 1026 3075 consuevisse
1071 3026 1184 3072 tum
1228 3020 1533 3089 episcopos,
1576 3030 1688 3074 tum
1723 3020 1943 3076 abbates

376 3108 444 3164 ad
484 3108 736 3164 militiam
773 3119 829 3163 et
863 3107 1010 3178 ipsos
1048 3107 1337 3171 accedere,
1378 3123 1614 3177 suosque
1650 3110 1851 3165 milites
1887 3110 1942 3165 in

366 3200 513 3270 regis
559 3198 840 3253 servitium
888 3198 1104 3253 ducere.
1155 3197 1286 3252 Erat
1332 3198 1384 3253 id
1419 3215 1615 3254 munus
1649 3200 1940 3267 abbatum,

370 3306 477 3346 non
514 3290 924 3345 monachorum.
966 3289 1034 3343 Et
1070 3304 1380 3359 quanquam
1414 3288 1639 3346 Carolus
1682 3291 1940 3363 Magnus,

372 3383 571 3454 aliique
599 3382 930 3438 Francorum
960 3396 1116 3452 reges
1144 3382 1213 3436 ab
1241 3381 1545 3451 hujusmodi
1577 3398 1743 3439 onere
1771 3384 1946 3440 eccle-

371 3474 622 3532 siasticos
659 3473 930 3528 interdum
954 3486 1224 3543 proceres
1257 3472 1622 3542 absolverint,
1653 3476 1733 3529 uti
1766 3476 1822 3531 in
1854 3491 1948 3531 eo-

370 3582 492 3621 rum
529 3563 928 3636 Capitularibus
963 3564 1200 3634 legitur;
1241 3573 1297 3619 et
1330 3567 1578 3636 quamvis
1615 3570 1944 3623 monasteria

370 3658 550 3714 forent
583 3671 709 3726 qure
743 3671 774 3709 a
810 3655 1218 3726 suppeditandis
1250 3656 1364 3727 regi
1404 3657 1735 3714 militaribus
1772 3660 1946 3728 copiis

372 3746 634 3803 immunia
670 3747 1022 3811 haberentur,
1059 3752 1296 3801 attamen
1343 3747 1435 3801 ubi
1476 3749 1798 3818 gravissima
1839 3765 1945 3821 pu-

374 3836 532 3891 blica:
576 3836 656 3890 rei
697 3836 994 3892 necessitas
1041 3836 1294 3907 exigebat
1321 3876 1338 3901 ,
1386 3837 1564 3907 quivis
1608 3840 1845 3910 episcopi
1893 3850 1949 3897 et

374 3926 598 3982 abbates
647 3926 715 3979 ad
766 3925 1143 3998 expeditiones
1191 3926 1456 3984 militares
1498 3928 1804 3997 conﬂuere,
1855 3940 1949 3987 aut

373 4016 566 4071 saltem
605 4029 732 4071 suas
755 4023 974 4071 turmas
1010 4014 1261 4071 conferre
1298 4018 1650 4088 cogebantur.
1684 4020 1805 4076 Hoc
1853 4038 1949 4077 au-

372 4116 482 4162 tem
511 4105 831 4176 praestitisse
861 4104 1208 4161 Hermoldum
1237 4115 1483 4162 nostrum
1513 4107 1639 4164 hinc
1667 4109 1944 4175 discimus,

375 4199 467 4268 qui
500 4198 666 4253 etiam
704 4196 990 4267 profitetur
1023 4211 1081 4251 se
1113 4195 1181 4250 ab
1211 4196 1452 4251 omnium
1491 4199 1752 4269 sanguine
1778 4200 1949 4256 absti-

378 4291 589 4353 nuisse,
632 4302 809 4358 neque
844 4302 997 4343 arma
1035 4300 1093 4342 se
1132 4286 1389 4344 detulisse
1423 4288 1476 4343 in
1512 4288 1738 4359 alicujus
1768 4293 1950 4360 perni-

380 4382 512 4435 tiem
541 4398 554 4433 :
591 4379 789 4449 quibus
820 4377 1006 4434 verbis
1036 4377 1284 4432 militiam
1320 4393 1472 4434 suam
1503 4395 1532 4433 a
1561 4380 1790 4435 crimine
1817 4394 1947 4450 pur-

385 4478 496 4541 gat,
529 4482 696 4537 seque
727 4466 1185 4540 irregularitatis,
1216 4475 1277 4522 ut
1302 4482 1445 4522 nunc
1473 4466 1733 4534 dicimus,
1764 4468 1951 4525 vincu-

384 4552 485 4615 lum
524 4559 759 4615 evitasse
784 4556 987 4629 prodit.

448 4633 587 4704 Sunt
629 4663 761 4718 ergo
806 4662 930 4717 qua:
981 4645 1294 4704 Ermoldum
1342 4648 1592 4703 abbatem
1638 4651 1955 4707 monasterii

377 4738 609 4809 alicujus
647 4740 805 4794 nobis
837 4738 1119 4793 exhibent.
1160 4736 1417 4808 Superest
1443 4754 1588 4794 nunc
1617 4748 1676 4794 ut
1712 4740 1952 4809 inquina-

379 4844 500 4884 mus
534 4828 748 4882 cuinam
786 4827 876 4882 ille
909 4826 1208 4897 prtefuerit.
1247 4828 1382 4883 Cum
1412 4828 1645 4898 legerem
1681 4813 1818 4901 apud
1844 4831 1951 4885 Du-

377 4921 659 4976 cbesnium
683 4927 737 4976 et
754 4918 1032 4979 Baluzium
1057 4918 1111 4973 in
1127 4919 1424 4989 Capitulari
1447 4918 1699 4977 Ludovici
1726 4922 1804 4977 Pii
1826 4938 1951 4994 spe-

378 5019 564 5066 ctante
596 5011 662 5065 ad
705 5024 907 5064 annum
948 5010 1258 5076 817,,inter
1295 5012 1625 5067 monasteria
1660 5030 1779 5085 qua:
1813 5015 1954 5081 dona

377 5112 424 5155 et
458 5101 706 5161 militiam
753 5100 933 5170 facere
982 5098 1195 5167 debent,
1246 5100 1517 5156 recenseri
1557 5105 1953 5167 monasterium

379 5191 601 5265 Nigelli,
639 5190 964 5247 occurrebat
999 5174 1133 5251 mihi
1169 5191 1430 5247 dubitatio
1465 5208 1592 5247 num
1624 5195 1725 5249 sub
1756 5193 1953 5263 Nigelli

379 5283 600 5339 nomine
627 5281 814 5337 venire
838 5281 1083 5352 potuerit
1113 5280 1399 5338 Ermoldus
1423 5292 1606 5351 noster
1630 5296 1954 5355 agnomento

384 5374 650 5445 Nigellus.
688 5373 878 5429 Fuisse
913 5373 1059 5439 enim
1092 5374 1422 5429 monasteria
1471 5389 1591 5443 quae
1632 5374 1701 5429 ab
1740 5375 1957 5429 institu-

386 5480 517 5521 tore.
549 5482 648 5521 suo
677 5465 1175 5522 denominationem
1205 5465 1542 5535 acceperint,
1578 5465 1798 5520 minime
1824 5464 1958 5520 dilli-

384 5554 493 5636 cile
521 5565 642 5611 erat
670 5555 977 5613 ostendere.
1021 5551 1128 5611 Sed
1148 5570 1283 5636 cum
1320 5552 1657 5611 Mabillonius
1693 5555 1749 5609 in
1777 5555 1959 5609 Anna-

386 5632 528 5702 libus
580 5645 868 5721 contendat
909 5632 1296 5702 monaste‘rinm
1324 5646 1425 5701 hoc
1467 5647 1539 5703 ita
1585 5658 1953 5717 nuncupatum

1977 4422 2028 4480 D

2032 456 2169 511 alias
2207 455 2550 524 conjecturas
2575 455 2834 509 converti.
2871 454 2988 509 Mea
3016 469 3145 526 ergo
3173 456 3353 510 sinon
3384 465 3590 513 senten-

2030 548 2139 612 tia,
2188 556 2339 601 certe
2384 546 2733 615 conjectura,
2773 546 2958 612 bonis,
3001 553 3059 599 ut
3103 545 3357 609 arbitror,
3402 545 3599 601 funda-

2032 638 2231 692 mentis
2284 638 2470 691 innixa
2523 646 2651 702 est,
2709 650 2902 703 nempe
2952 635 3155 689 nullum
3209 635 3373 689 alium
3432 635 3599 691 fuisse

2032 728 2344 782 Ermoldum
2394 736 2674 792 nostrum,
2724 741 2887 794 quam
2937 724 3317 778 Ermenaldum
3364 725 3604 779 abbatem

2032 817 2339 877 monasterii
2365 816 2679 870 Anianensis
2705 829 2724 866 :
2754 815 2895 884 quod
2938 829 3109 884 nuper
3136 830 3167 868 a
3196 816 3310 869 veri
3350 816 3605 871 similitu-

2033 909 2159 964 dine
2214 910 2405 963 abesse
2459 921 2620 978 supra
2673 905 2890 960 laudato
2942 905 3250 961 Mabillonio
3302 906 3606 961 videbatur.

2033 997 2188 1064 Quod
2219 1005 2277 1050 ut
2304 997 2587 1050 ostendam
2607 1035 2621 1060 ,
2651 995 2832 1049 norint
2853 994 3094 1049 lectores
3112 1036 3126 1058 ,
3153 995 3464 1051 Anianense
3493 1012 3608 1051 mo.

2032 1088 2327 1143 nasterium
2346 1128 2360 1153 ,
2389 1088 2477 1142 cui
2504 1087 2573 1141 ab
2595 1085 2807 1142 Aniano
2831 1102 2989 1142 amne
3015 1088 3241 1143 inditum
3269 1097 3351 1142 est
3375 1103 3572 1144 nomen
3590 1128 3605 1153 ,

2035 1178 2197 1233 situm
2245 1178 2314 1232 ad
2359 1192 2510 1232 oram
2556 1178 2725 1232 maris
2771 1176 3152 1232 Mediterranei
3196 1179 3248 1232 in
3295 1177 3607 1243 Occitania,

2034 1282 2178 1322 nunc
2217 1266 2265 1320 le
2308 1266 2655 1336 Languedoc,
2686 1267 2742 1320 in
2784 1267 3010 1322 dimcesi
3058 1266 3253 1322 Montis
3297 1267 3607 1343 Pessulani,

2037 1373 2179 1413 anno
2224 1356 2330 1412 822
2374 1357 2619 1426 paruisse
2666 1355 2978 1410 Tratesindo
3020 1356 3228 1421 abbati,
3260 1357 3338 1410 uti
3369 1356 3613 1412 Mabillo—

2038 1447 2159 1502 nius
2194 1446 2335 1502 idem
2380 1447 2558 1516 palam
2587 1446 2716 1501 fecit
2743 1447 2798 1501 in
2829 1446 3144 1517 prtefatione
3173 1446 3239 1501 ad
3270 1448 3448 1502 Vitam
3486 1463 3616 1504 san-

2038 1538 2113 1592 cti
2145 1536 2423 1592 Benedicti
2453 1537 2665 1591 abbatis
2690 1536 3016 1591 Anianensis
3043 1536 3223 1591 saeculi
3252 1552 3306 1590 iv
3335 1537 3614 1594 Benedict.

2038 1636 2194 1697 parte
2235 1645 2286 1693 1,
2325 1644 2450 1699 pag.
2503 1628 2624 1683 192.
2674 1627 2935 1682 Ludovici
2980 1628 3061 1682 Pii
3102 1628 3336 1698 diploma
3376 1629 3432 1683 in
3473 1630 3619 1685 hanc

1962 1718 2009 1777 B
2038 1735 2153 1776 rem
2196 1721 2286 1775 ille
2329 1721 2533 1775 laudat.
2581 1720 2717 1774 Tum
2757 1721 2945 1775 eodem
2983 1729 3269 1787 nionente,
3304 1722 3372 1776 ad
3415 1738 3622 1778 annum

2036 1815 2142 1871 835
2181 1820 2236 1867 et
2278 1811 2404 1877 857,
2439 1812 2545 1866 tria
2591 1812 2659 1866 ab
2708 1812 2824 1881 ipso
2862 1811 3137 1866 Ludovico
3175 1812 3458 1884 privilegia
3488 1828 3623 1868 con-

2038 1919 2192 1962 cessa
2215 1902 2365 1957 fuere
2382 1902 2702 1957 Ermenaldo
2730 1902 2906 1956 abbati
2927 1903 3239 1957 Anianensis
3264 1907 3578 1958 monasterii
3605 1920 3622 1955 :

2039 1994 2113 2047 ita
2159 2002 2217 2046 ut
2270 1991 2403 2045 nihil
2453 1993 2631 2045 obstet
2686 1992 2976 2059 quominus
3017 1992 3271 2045 arbitrari
3309 1993 3622 2061 possimus,

2039 2092 2161 2154 post
2186 2098 2386 2137 annum
2418 2081 2525 2136 822
2552 2079 2930 2134 Ermenaldum
2957 2082 3098 2135 hunc
3126 2096 3360 2150 praeesse
3388 2082 3624 2151 coepisse

2040 2175 2213 2229 eidem
2242 2172 2593 2227 monasterio.
2622 2170 2791 2225 Porro
2818 2169 3197 2224 Ermenaldum
3222 2178 3277 2225 et
3304 2168 3621 2226 Ermoldum

2043 2264 2185 2320 idem
2216 2279 2411 2319 nomen
2435 2262 2641 2327 “fuisse,
2671 2275 2741 2316 ne
2768 2262 2882 2332 ipse
2910 2262 3129 2331 quidem
3158 2261 3498 2319 Mabillonius
3528 2278 3623 2318 ne-

2043 2363 2165 2428 gat,
2196 2355 2414 2425 quando
2456 2355 2783 2424 suspicatur,
2826 2353 2905 2406 uti
2947 2369 3109 2423 supra
3144 2354 3437 2420 adnotavi,
3467 2369 3622 2410 eum-

2044 2449 2168 2504 dem
2201 2448 2347 2503 bunc
2378 2445 2757 2501 Ermenaldam
2789 2444 2959 2500 fuisse
2987 2455 3149 2515 atque
3177 2446 3494 2511 Ermoldus,
3526 2449 3617 2518 qui

2045 2553 2188 2593 anno
2230 2538 2335 2593 856
2381 2552 2413 2591 a
2454 2537 2730 2591 Ludovico
2754 2535 2997 2605 Augusto
3025 2537 3093 2590 ad
3121 2536 3404 2608 Pippinum
3437 2553 3615 2608 regem

2047 2630 2246 2684 missus
2296 2627 2415 2682 fuit.
2462 2626 2600 2682 Nam
2646 2626 2998 2681 Ermenaldus
3055 2634 3216 2696 atque
3265 2626 3614 2682 Ermenoldnr

2046 2734 2213 2772 unum
2247 2732 2443 2773 nomen
2475 2723 2596 2771 erat
2621 2715 2749 2770 olim
2776 2732 2791 2782 ;
2824 2731 2994 2786 eaque
3022 2716 3088 2771 de
3118 2731 3282 2772 causa
3311 2718 3451 2787 apud
3481 2717 3613 2771 Lab«

1982 2821 1991 2833 ε
2044 2810 2206 2864 beum
2254 2808 2439 2862 tom.'l
2478 2808 2734 2864 Biblioth.
2782 2808 3273 2878 manuscriptorum
3319 2809 3372 2863 in
3411 2809 3607 2865 Hister.

2048 2898 2350 2968 episcopor.
2394 2898 2753 2953 Antiss'iodor.
2799 2898 3040 2953 occurrit
3080 2900 3245 2953 etiam
3286 2915 3454 2954 comes
3495 2904 3616 2970 pagi

2051 2988 2523 3043 Antissiodorensis
2563 2988 2915 3043 Ermenoldus
2954 2991 3200 3055 nomine;
3227 2998 3285 3043 et
3316 2991 3454 3060 apud
3495 2990 3615 3045 Bol-

1971 3077 2015 3138 C
2047 3080 2264 3136 landum
2298 3083 2365 3136 ad
2407 3082 2550 3135 diem
2579 3081 2612 3135 6
2638 3080 2881 3135 Januarii
2919 3081 2975 3134 in
3020 3079 3140 3136 Act.
3191 3080 3460 3148 Sanctor.,
3496 3082 3604 3135 Vita

2042 3170 2212 3223 sam-ti
2256 3168 2565 3223 Ermenoldi
2597 3169 2711 3224 sive
2732 3169 3050 3223 Erminoldi.
3080 3170 3194 3238 Qua
3222 3172 3430 3226 ratione
3451 3172 3600 3225 etiam

2043 3261 2096 3315 in
2127 3260 2366 3330 antiquis
2406 3262 2559 3314 libris
2598 3275 2751 3329 mque
2797 3260 2992 3331 legitur
3029 3260 3296 3315 Arualst
3334 3270 3389 3316 et
3426 3259 3603 3313 Arnol-

2043 3350 2142 3405 dus
2162 3391 2175 3415 ,
2222 3350 2517 3404 Iiainaldas
2545 3359 2601 3406 et
2629 3349 2921 3404 Rainoldus
2939 3390 2954 3415 ,
2994 3350 3278 3405 Bertaldus
3300 3361 3356 3406 et
3377 3348 3600 3405 Βενυιοί-

2046 3443 2144 3497 dus
2165 3484 2179 3509 ,
2209 3442 2496 3498 Hunaldus
2536 3452 2594 3498 et
2639 3441 2955 3508 Hunoldas,
2987 3443 3328 3500 Athelbaldus
3370 3454 3422 3498 et
3461 3441 3607 3498 Adet.

2046 3534 2260 3599 boldus,
2294 3543 2350 3590 et
2376 3542 2572 3590 caetera
2602 3534 2866 3605 ejusmodi
2899 3535 3137 3589 nomina.
3187 3535 3304 3604 Age
3332 3549 3456 3589 vero
3482 3547 3603 3588 exe—

2044 3635 2254 3692 rantur,
2304 3641 2426 3695 qua:
2460 3641 2555 3680 me
2595 3625 2663 3680 ad
2692 3625 3074 3695 suspicandum
3107 3624 3417 3695 impellunt,
3448 3636 3607 3677 unum

2044 3720 2402 3789 eamdemque
2431 3719 2706 3774 hominem
2728 3716 2897 3772 fuisse
2928 3715 3340 3770 Hermenoldam
3382 3716 3608 3770 abbatem

2046 3811 2419 3874 Anianemem,
2446 3818 2503 3864 et
2543 3807 2887 3861 Hermoldum
2929 3817 3183 3861 nostrum.
3224 3805 3343 3861 1am
3396 3806 3603 3861 nomini

2047 3901 2380 3957 concordare
2421 3899 2682 3965 vidimus,
2725 3898 3045 3968 dignitatem
3085 3905 3143 3950 et
3188 3904 3416 3966 tempus.
3459 3894 3609 3949 Nunc

2049 3991 2190 4046 addo
2243 3990 2459 4045 elucere
2499 4003 2567 4043 ex
2631 3989 2748 4059 ipso
2794 3998 3072 4058 poemate,
3122 3986 3534 4048 monasterium,
3580 3997 3613 4033 a

2050 4095 2157 4149 quo
2211 4078 2429 4134 avulsus
2483 4077 2661 4133 fuerat
2706 4086 2867 4148 poeta
2920 4087 3107 4134 noster
3161 4086 3218 4132 et
3265 4078 3321 4133 in
3368 4074 3612 4132 exsilium

2053 4180 2240 4236 actus,
2290 4173 2358 4227 ad
2404 4171 2750 4240 Aquitaniam
2795 4179 3100 4238 spectasse,
3146 4171 3251 4225 hoc
3290 4178 3375 4224 est
3413 4168 3481 4223 ad
3528 4179 3617 4218 ro-

2051 4281 2217 4334 gnum
2250 4266 2336 4321 cui
2366 4274 2493 4319 tunc
2518 4264 2775 4334 Pippiuus
2804 4264 3063 4320 Ludovici
3090 4262 3171 4318 Pii
3200 4263 3342 4319 filius
3367 4264 3616 4332 praeerat.

2054 4354 2168 4411 Sub
2198 4355 2360 4409 finem
2391 4355 2485 4409 lib.
2518 4370 2535 4408 ι
2567 4355 2681 4409 haec
2706 4354 2807 4409 sibi
2835 4362 2985 4423 optat
3013 4353 3336 4408 Ermoldus:

2180 4489 2343 4538 Laetus
2366 4495 2420 4537 ut
2443 4486 2582 4537 exsul
2608 4495 2691 4537 eat
2718 4487 2907 4549 Pippinl
2943 4488 2989 4535 in
3015 4498 3168 4547 regna
3197 4487 3427 4547 potentis,

2238 4549 2463 4602 Conferat
2487 4551 2776 4610 Altilouans,
2797 4549 2956 4601 Casu
2979 4554 3032 4598 et
3055 4552 3159 4610 ipse
3187 4554 3375 4609 potens.
3423 4589 3439 4602 .

2055 4653 2244 4708 Itidem
2274 4660 2563 4723 antequam
2592 4651 2807 4708 claudat
2838 4651 3030 4706 librum
3063 4666 3124 4705 ιιι
3156 4650 3230 4705 ita
3259 4650 3440 4705 canit:

2182 4765 2300 4817 Haec
2324 4767 2495 4815 eadem
2523 4764 2676 4826 pietas
2698 4766 2863 4825 (posco
2888 4770 2939 4811 et
2962 4774 3167 4823 reposco
3185 4761 3362 4822 ﬁdelis)

2241 4827 2425 4876 hiemet
2445 4827 2648 4889 Pippino
2672 4826 2842 4874 reddat
2863 4826 3023 4887 Opima
3047 4827 3140 4891 pio.

2059 4923 2228 4977 Viden
2279 4931 2339 4976 ut
2363 4922 2622 4978 Ermoldo
2646 4932 2834 4978 nostro
2861 4922 3024 4977 fuerit
3051 4936 3158 4976 non
3188 4919 3362 4975 solum
3387 4918 3531 4974 sedes
3558 4912 3612 4967 in

2056 5012 2382 5082 Aquitanica
2436 5028 2632 5084 regno,
2685 5012 2789 5068 sed,
2825 5013 2993 5068 etiam
3039 5013 3182 5083 apud
3226 5010 3501 5082 Pippinum
3540 5004 3610 5058 ibi

2060 5114 2241 5170 regem
2273 5103 2508 5174 plurima
2537 5103 2754 5173 gratia?
2782 5102 2977 5157 Statim
3008 5102 3176 5172 igitur
3201 5102 3437 5157 occurrit
3467 5095 3611 5152 nobis

2060 5194 2355 5249 Anianense
2391 5197 2764 5250 monasterium
2804 5196 2858 5250 in
2893 5196 3182 5264 Aquitania
3225 5197 3489 5264 positum,
3525 5185 3604 5241 cui

2060 5293 2187 5341 tunc
2216 5285 2494 5355 praefuisse
2522 5286 2904 5342 Ermenoldum
2926 5328 2940 5353 ,
2970 5288 3084 5343 sive
3114 5288 3425 5342 Ermoldum
3462 5283 3606 5338 abba-

2058 5386 2167 5432 tem
2196 5391 2366 5448 nuper
2399 5378 2654 5434 vidimus.
2697 5378 2922 5434 Accedit
2948 5378 3091 5449 quod
3122 5380 3292 5450 ipsius
3320 5370 3607 5433 monasterii

2058 5472 2391 5527 conditorem
2430 5471 2779 5527 Benedictum
2803 5472 2979 5527 virum
3013 5472 3306 5527 sanctitate
3329 5469 3608 5530 celebrem,
3641 5513 3653 5520 .

2060 5561 2241 5631 ibique
2277 5562 2515 5631 primum
2540 5563 2787 5619 abbatem
2807 5606 2822 5630 ,
2850 5579 2912 5619 ac
2936 5572 3123 5634 postea
3149 5563 3219 5618 ad
3243 5561 3613 5618 monasterium

2062 5652 2288 5706 lndense
2318 5653 2637 5710 translatum
2656 5696 2670 5717 ,
2702 5662 2753 5709 et
2784 5654 3055 5710 Ludovico
3085 5653 3180 5709 Pio
3211 5670 3371 5717 supra
3405 5665 3617 5709 czetems
