  <div class='ocr_page' id='page_1' title='image "/cluster/home/n/w/nwhite01/storage/ocr_20150623/105/hvd.32044054759709/286.png"; bbox 0 0 3856 6190; ppageno 0'>
   <div class='ocr_carea' id='block_1_1' title="bbox 254 372 357 427">
    <p class='ocr_par' dir='ltr' id='par_1_1' title="bbox 254 372 357 427">
     <span class='ocr_line' id='line_1_1' title="bbox 254 372 357 427; baseline 0 -1"><span class='ocrx_word' id='word_1_1' title='bbox 254 372 357 427; x_wconf 68' lang='grc'><strong>⁸61</strong></span> 
     </span>
    </p>
   </div>
   <div class='ocr_carea' id='block_1_2' title="bbox 970 344 2788 416">
    <p class='ocr_par' dir='ltr' id='par_1_2' title="bbox 970 344 2788 416">
     <span class='ocr_line' id='line_1_2' title="bbox 970 344 2788 416; baseline -0.009 0"><span class='ocrx_word' id='word_1_2' title='bbox 970 360 1058 416; x_wconf 79' lang='lat' dir='ltr'><strong>DE</strong></span> <span class='ocrx_word' id='word_1_3' title='bbox 1096 356 1324 415; x_wconf 66' lang='lat' dir='ltr'><strong>REBIIS</strong></span> <span class='ocrx_word' id='word_1_4' title='bbox 1362 352 1611 410; x_wconf 77' lang='lat' dir='ltr'><strong>GESTIS</strong></span> <span class='ocrx_word' id='word_1_5' title='bbox 1646 345 1966 406; x_wconf 68' lang='grc' dir='ltr'><strong>ιυῡῦὶίοι</strong></span> <span class='ocrx_word' id='word_1_6' title='bbox 2009 347 2114 403; x_wconf 66' lang='lat' dir='ltr'><strong>PH.</strong></span> <span class='ocrx_word' id='word_1_7' title='bbox 2153 378 2220 388; x_wconf 87' lang='lat'><strong>-—</strong></span> <span class='ocrx_word' id='word_1_8' title='bbox 2257 344 2788 403; x_wconf 69' lang='lat' dir='ltr'><strong>PROLEGOHENA.</strong></span> 
     </span>
    </p>
   </div>
   <div class='ocr_carea' id='block_1_3' title="bbox 3397 345 3505 402">
    <p class='ocr_par' dir='ltr' id='par_1_3' title="bbox 3397 345 3505 402">
     <span class='ocr_line' id='line_1_3' title="bbox 3397 345 3505 402; baseline -0.009 -1"><span class='ocrx_word' id='word_1_9' title='bbox 3397 345 3505 402; x_wconf 65' lang='lat'><strong>563</strong></span> 
     </span>
    </p>
   </div>
   <div class='ocr_carea' id='block_1_4' title="bbox 255 456 3507 544">
    <p class='ocr_par' dir='ltr' id='par_1_4' title="bbox 255 456 3507 544">
     <span class='ocr_line' id='line_1_4' title="bbox 255 456 3507 544; baseline -0.009 -1"><span class='ocrx_word' id='word_1_10' title='bbox 255 485 566 544; x_wconf 79' lang='lat' dir='ltr'><strong>monachos</strong></span> <span class='ocrx_word' id='word_1_11' title='bbox 598 481 855 543; x_wconf 84' lang='lat' dir='ltr'><strong>charum,</strong></span> <span class='ocrx_word' id='word_1_12' title='bbox 885 473 1175 531; x_wconf 83' lang='lat' dir='ltr'><strong>Ermoldus</strong></span> <span class='ocrx_word' id='word_1_13' title='bbox 1209 478 1396 527; x_wconf 89' lang='lat' dir='ltr'><strong>noster</strong></span> <span class='ocrx_word' id='word_1_14' title='bbox 1424 469 1525 524; x_wconf 86' lang='lat' dir='ltr'><strong>sub</strong></span> <span class='ocrx_word' id='word_1_15' title='bbox 1557 467 1719 522; x_wconf 81' lang='lat' dir='ltr'><strong>tinem</strong></span> <span class='ocrx_word' id='word_1_16' title='bbox 1765 463 1826 518; x_wconf 84' lang='lat' dir='ltr'><strong>li-</strong></span> <span class='ocrx_word' id='word_1_17' title='bbox 1862 464 1913 523; x_wconf 78' lang='grc' dir='ltr'><strong>Α</strong></span> <span class='ocrx_word' id='word_1_18' title='bbox 1938 461 2042 516; x_wconf 87' lang='lat' dir='ltr'><strong>hoc</strong></span> <span class='ocrx_word' id='word_1_19' title='bbox 2081 461 2199 532; x_wconf 85' lang='lat' dir='ltr'><strong>ipso</strong></span> <span class='ocrx_word' id='word_1_20' title='bbox 2258 467 2507 529; x_wconf 83' lang='lat' dir='ltr'><strong>poemate</strong></span> <span class='ocrx_word' id='word_1_21' title='bbox 2544 458 2679 515; x_wconf 84' lang='lat' dir='ltr'><strong>satis</strong></span> <span class='ocrx_word' id='word_1_22' title='bbox 2719 456 3144 513; x_wconf 72' lang='lat' dir='ltr'><strong>intellexerimus</strong></span> <span class='ocrx_word' id='word_1_23' title='bbox 3194 456 3507 514; x_wconf 82' lang='lat' dir='ltr'><strong>Ermoldum</strong></span> 
     </span>
    </p>
   </div>
   <div class='ocr_carea' id='block_1_5' title="bbox 192 556 1833 641">
    <p class='ocr_par' dir='ltr' id='par_1_5' title="bbox 192 556 1833 641">
     <span class='ocr_line' id='line_1_5' title="bbox 192 556 1833 641; baseline -0.015 -8"><span class='ocrx_word' id='word_1_24' title='bbox 192 606 203 613; x_wconf 69' lang='grc' dir='ltr'><em>ι</em></span> <span class='ocrx_word' id='word_1_25' title='bbox 255 577 343 633; x_wconf 87' lang='lat' dir='ltr'><strong>bri</strong></span> <span class='ocrx_word' id='word_1_26' title='bbox 397 589 436 628; x_wconf 85' lang='lat' dir='ltr'><strong>tt</strong></span> <span class='ocrx_word' id='word_1_27' title='bbox 489 571 736 641; x_wconf 81' lang='lat' dir='ltr'><strong>pluribus</strong></span> <span class='ocrx_word' id='word_1_28' title='bbox 781 564 1152 629; x_wconf 74' lang='lat' dir='ltr'><strong>commendat,</strong></span> <span class='ocrx_word' id='word_1_29' title='bbox 1206 562 1516 631; x_wconf 81' lang='lat' dir='ltr'><strong>pariterque</strong></span> <span class='ocrx_word' id='word_1_30' title='bbox 1565 558 1619 612; x_wconf 90' lang='lat' dir='ltr'><strong>in</strong></span> <span class='ocrx_word' id='word_1_31' title='bbox 1660 556 1833 625; x_wconf 83' lang='lat' dir='ltr'><strong>ipsius</strong></span> 
     </span>
    </p>
   </div>
   <div class='ocr_carea' id='block_1_6' title="bbox 256 647 1835 724">
    <p class='ocr_par' dir='ltr' id='par_1_6' title="bbox 256 647 1835 724">
     <span class='ocr_line' id='line_1_6' title="bbox 256 647 1835 724; baseline -0.014 -2"><span class='ocrx_word' id='word_1_32' title='bbox 256 663 592 724; x_wconf 73' lang='lat' dir='ltr'><strong>Anianensis</strong></span> <span class='ocrx_word' id='word_1_33' title='bbox 637 656 869 715; x_wconf 72' lang='lat' dir='ltr'><strong>cmnobii</strong></span> <span class='ocrx_word' id='word_1_34' title='bbox 917 654 1103 710; x_wconf 83' lang='lat' dir='ltr'><strong>laudes</strong></span> <span class='ocrx_word' id='word_1_35' title='bbox 1150 653 1408 708; x_wconf 78' lang='lat' dir='ltr'><strong>excurrit.</strong></span> <span class='ocrx_word' id='word_1_36' title='bbox 1459 650 1731 703; x_wconf 80' lang='lat' dir='ltr'><strong>Praeterea</strong></span> <span class='ocrx_word' id='word_1_37' title='bbox 1780 647 1835 701; x_wconf 93' lang='lat' dir='ltr'><strong>in</strong></span> 
     </span>
    </p>
   </div>
   <div class='ocr_carea' id='block_1_7' title="bbox 255 740 1839 818">
    <p class='ocr_par' dir='ltr' id='par_1_7' title="bbox 255 740 1839 818">
     <span class='ocr_line' id='line_1_7' title="bbox 255 740 1839 818; baseline -0.014 -7"><span class='ocrx_word' id='word_1_38' title='bbox 255 755 411 811; x_wconf 81' lang='lat' dir='ltr'><strong>calce</strong></span> <span class='ocrx_word' id='word_1_39' title='bbox 442 750 569 806; x_wconf 88' lang='lat' dir='ltr'><strong>libri</strong></span> <span class='ocrx_word' id='word_1_40' title='bbox 599 765 658 803; x_wconf 85' lang='lat' dir='ltr'><strong>ut</strong></span> <span class='ocrx_word' id='word_1_41' title='bbox 690 747 930 818; x_wconf 79' lang='lat' dir='ltr'><strong>ejusdem</strong></span> <span class='ocrx_word' id='word_1_42' title='bbox 959 743 1132 799; x_wconf 80' lang='lat' dir='ltr'><strong>sancti</strong></span> <span class='ocrx_word' id='word_1_43' title='bbox 1172 740 1446 797; x_wconf 79' lang='lat' dir='ltr'><strong>Benedicti</strong></span> <span class='ocrx_word' id='word_1_44' title='bbox 1493 747 1721 792; x_wconf 88' lang='lat' dir='ltr'><strong>mortem</strong></span> <span class='ocrx_word' id='word_1_45' title='bbox 1752 751 1839 792; x_wconf 82' lang='lat' dir='ltr'><strong>re-</strong></span> 
     </span>
    </p>
   </div>
   <div class='ocr_carea' id='block_1_8' title="bbox 258 828 1839 913">
    <p class='ocr_par' dir='ltr' id='par_1_8' title="bbox 258 828 1839 913">
     <span class='ocr_line' id='line_1_8' title="bbox 258 828 1839 913; baseline -0.014 -12"><span class='ocrx_word' id='word_1_46' title='bbox 258 848 372 901; x_wconf 72' lang='lat' dir='ltr'><strong>fert</strong></span> <span class='ocrx_word' id='word_1_47' title='bbox 392 885 410 910; x_wconf 92' lang='lat'><strong>,</strong></span> <span class='ocrx_word' id='word_1_48' title='bbox 441 856 565 913; x_wconf 74' lang='lat' dir='ltr'><strong>qua:</strong></span> <span class='ocrx_word' id='word_1_49' title='bbox 592 855 736 894; x_wconf 90' lang='lat' dir='ltr'><strong>anno</strong></span> <span class='ocrx_word' id='word_1_50' title='bbox 764 837 859 893; x_wconf 75' lang='lat' dir='ltr'><strong>8°2l</strong></span> <span class='ocrx_word' id='word_1_51' title='bbox 897 834 1160 903; x_wconf 81' lang='lat' dir='ltr'><strong>contigit,</strong></span> <span class='ocrx_word' id='word_1_52' title='bbox 1193 832 1433 901; x_wconf 88' lang='lat' dir='ltr'><strong>quinque</strong></span> <span class='ocrx_word' id='word_1_53' title='bbox 1463 828 1714 883; x_wconf 79' lang='lat' dir='ltr'><strong>videlicet</strong></span> <span class='ocrx_word' id='word_1_54' title='bbox 1741 841 1839 880; x_wconf 88' lang='lat' dir='ltr'><strong>an-</strong></span> 
     </span>
    </p>
   </div>
   <div class='ocr_carea' id='block_1_9' title="bbox 259 917 1885 1003">
    <p class='ocr_par' dir='ltr' id='par_1_9' title="bbox 259 917 1885 1003">
     <span class='ocr_line' id='line_1_9' title="bbox 259 917 1885 1003; baseline -0.014 -11"><span class='ocrx_word' id='word_1_55' title='bbox 259 938 349 993; x_wconf 76' lang='lat' dir='ltr'><strong>nis</strong></span> <span class='ocrx_word' id='word_1_56' title='bbox 379 943 676 1003; x_wconf 79' lang='lat' dir='ltr'><strong>antequam</strong></span> <span class='ocrx_word' id='word_1_57' title='bbox 705 926 1025 984; x_wconf 82' lang='lat' dir='ltr'><strong>Hermoldus</strong></span> <span class='ocrx_word' id='word_1_58' title='bbox 1052 933 1243 979; x_wconf 88' lang='lat' dir='ltr'><strong>noster</strong></span> <span class='ocrx_word' id='word_1_59' title='bbox 1267 938 1422 977; x_wconf 90' lang='lat' dir='ltr'><strong>suum</strong></span> <span class='ocrx_word' id='word_1_60' title='bbox 1451 935 1640 990; x_wconf 84' lang='lat' dir='ltr'><strong>poema</strong></span> <span class='ocrx_word' id='word_1_61' title='bbox 1672 917 1839 972; x_wconf 86' lang='lat' dir='ltr'><strong>conli-</strong></span> <span class='ocrx_word' id='word_1_62' title='bbox 1871 940 1885 960; x_wconf 61' lang='grc' dir='ltr'><strong>κ</strong></span> 
     </span>
    </p>
   </div>
   <div class='ocr_carea' id='block_1_10' title="bbox 258 1013 1840 1089">
    <p class='ocr_par' dir='ltr' id='par_1_10' title="bbox 258 1013 1840 1089">
     <span class='ocr_line' id='line_1_10' title="bbox 258 1013 1840 1089; baseline -0.015 -6"><span class='ocrx_word' id='word_1_63' title='bbox 258 1036 439 1083; x_wconf 74' lang='lat' dir='ltr'><strong>ceret.</strong></span> <span class='ocrx_word' id='word_1_64' title='bbox 474 1025 553 1081; x_wconf 87' lang='lat' dir='ltr'><strong>lbi</strong></span> <span class='ocrx_word' id='word_1_65' title='bbox 579 1037 709 1077; x_wconf 89' lang='lat' dir='ltr'><strong>vero</strong></span> <span class='ocrx_word' id='word_1_66' title='bbox 739 1020 806 1075; x_wconf 89' lang='lat' dir='ltr'><strong>ad</strong></span> <span class='ocrx_word' id='word_1_67' title='bbox 835 1020 1009 1089; x_wconf 90' lang='lat' dir='ltr'><strong>ipsum</strong></span> <span class='ocrx_word' id='word_1_68' title='bbox 1039 1023 1284 1071; x_wconf 90' lang='lat' dir='ltr'><strong>sanctum</strong></span> <span class='ocrx_word' id='word_1_69' title='bbox 1326 1013 1503 1066; x_wconf 89' lang='lat' dir='ltr'><strong>virum</strong></span> <span class='ocrx_word' id='word_1_70' title='bbox 1544 1022 1840 1064; x_wconf 90' lang='lat' dir='ltr'><strong>conversus</strong></span> 
     </span>
    </p>
   </div>
   <div class='ocr_carea' id='block_1_11' title="bbox 261 1114 629 1172">
    <p class='ocr_par' dir='ltr' id='par_1_11' title="bbox 261 1114 629 1172">
     <span class='ocr_line' id='line_1_11' title="bbox 261 1114 629 1172; baseline -0.011 -2"><span class='ocrx_word' id='word_1_71' title='bbox 261 1118 386 1172; x_wconf 60' lang='lat' dir='ltr'><strong>hac</strong></span> <span class='ocrx_word' id='word_1_72' title='bbox 422 1114 590 1169; x_wconf 86' lang='lat' dir='ltr'><strong>habet</strong></span> <span class='ocrx_word' id='word_1_73' title='bbox 616 1129 629 1165; x_wconf 87' lang='lat'><strong>:</strong></span> 
     </span>
    </p>
   </div>
   <div class='ocr_carea' id='block_1_12' title="bbox 457 1230 1600 1293">
    <p class='ocr_par' dir='ltr' id='par_1_12' title="bbox 457 1230 1600 1293">
     <span class='ocr_line' id='line_1_12' title="bbox 457 1230 1600 1293; baseline -0.013 0"><span class='ocrx_word' id='word_1_74' title='bbox 457 1241 661 1293; x_wconf 80' lang='lat' dir='ltr'><strong>Tertius</strong></span> <span class='ocrx_word' id='word_1_75' title='bbox 679 1240 728 1287; x_wconf 88' lang='lat' dir='ltr'><strong>in</strong></span> <span class='ocrx_word' id='word_1_76' title='bbox 753 1244 917 1286; x_wconf 86' lang='lat' dir='ltr'><strong>vestro</strong></span> <span class='ocrx_word' id='word_1_77' title='bbox 934 1235 1078 1283; x_wconf 82' lang='lat' dir='ltr'><strong>linem</strong></span> <span class='ocrx_word' id='word_1_78' title='bbox 1105 1239 1243 1284; x_wconf 88' lang='lat' dir='ltr'><strong>tenet</strong></span> <span class='ocrx_word' id='word_1_79' title='bbox 1262 1246 1378 1281; x_wconf 85' lang='lat' dir='ltr'><strong>ecce</strong></span> <span class='ocrx_word' id='word_1_80' title='bbox 1407 1230 1600 1281; x_wconf 79' lang='lat' dir='ltr'><strong>libellus</strong></span> 
     </span>
    </p>
   </div>
   <div class='ocr_carea' id='block_1_13' title="bbox 523 1293 1615 1361">
    <p class='ocr_par' dir='ltr' id='par_1_13' title="bbox 523 1293 1615 1361">
     <span class='ocr_line' id='line_1_13' title="bbox 523 1293 1615 1361; baseline -0.009 -12"><span class='ocrx_word' id='word_1_81' title='bbox 523 1301 750 1361; x_wconf 83' lang='lat' dir='ltr'><strong>Nomine,</strong></span> <span class='ocrx_word' id='word_1_82' title='bbox 775 1305 831 1348; x_wconf 91' lang='lat' dir='ltr'><strong>ut</strong></span> <span class='ocrx_word' id='word_1_83' title='bbox 851 1296 1060 1347; x_wconf 78' lang='lat' dir='ltr'><strong>Ermoldi</strong></span> <span class='ocrx_word' id='word_1_84' title='bbox 1082 1300 1151 1345; x_wconf 89' lang='lat' dir='ltr'><strong>sis</strong></span> <span class='ocrx_word' id='word_1_85' title='bbox 1168 1307 1351 1345; x_wconf 87' lang='lat' dir='ltr'><strong>memor</strong></span> <span class='ocrx_word' id='word_1_86' title='bbox 1373 1293 1499 1341; x_wconf 83' lang='lat' dir='ltr'><strong>alme</strong></span> <span class='ocrx_word' id='word_1_87' title='bbox 1526 1294 1615 1341; x_wconf 89' lang='lat' dir='ltr'><strong>tui.</strong></span> 
     </span>
    </p>
   </div>
   <div class='ocr_carea' id='block_1_14' title="bbox 263 1393 1844 1472">
    <p class='ocr_par' dir='ltr' id='par_1_14' title="bbox 263 1393 1844 1472">
     <span class='ocr_line' id='line_1_14' title="bbox 263 1393 1844 1472; baseline -0.011 -10"><span class='ocrx_word' id='word_1_88' title='bbox 263 1408 406 1472; x_wconf 83' lang='lat' dir='ltr'><strong>Cur,</strong></span> <span class='ocrx_word' id='word_1_89' title='bbox 434 1404 651 1467; x_wconf 85' lang='lat' dir='ltr'><strong>amabo,</strong></span> <span class='ocrx_word' id='word_1_90' title='bbox 680 1401 1027 1457; x_wconf 87' lang='lat' dir='ltr'><strong>Benedictum</strong></span> <span class='ocrx_word' id='word_1_91' title='bbox 1052 1398 1179 1453; x_wconf 91' lang='lat' dir='ltr'><strong>olim</strong></span> <span class='ocrx_word' id='word_1_92' title='bbox 1204 1396 1567 1451; x_wconf 83' lang='lat' dir='ltr'><strong>Anianensem</strong></span> <span class='ocrx_word' id='word_1_93' title='bbox 1593 1393 1844 1447; x_wconf 77' lang='lat' dir='ltr'><strong>abbatem</strong></span> 
     </span>
    </p>
   </div>
   <div class='ocr_carea' id='block_1_15' title="bbox 266 1479 1848 1568">
    <p class='ocr_par' dir='ltr' id='par_1_15' title="bbox 266 1479 1848 1568">
     <span class='ocr_line' id='line_1_15' title="bbox 266 1479 1848 1568; baseline -0.011 -18"><span class='ocrx_word' id='word_1_94' title='bbox 266 1504 465 1568; x_wconf 79' lang='lat' dir='ltr'><strong>rogat,</strong></span> <span class='ocrx_word' id='word_1_95' title='bbox 494 1491 827 1547; x_wconf 81' lang='lat' dir='ltr'><strong>ut&#39;Ermoldi</strong></span> <span class='ocrx_word' id='word_1_96' title='bbox 856 1490 939 1544; x_wconf 80' lang='lat' dir='ltr'><strong>sui</strong></span> <span class='ocrx_word' id='word_1_97' title='bbox 969 1489 1038 1542; x_wconf 90' lang='lat' dir='ltr'><strong>sit</strong></span> <span class='ocrx_word' id='word_1_98' title='bbox 1067 1501 1296 1545; x_wconf 88' lang='lat' dir='ltr'><strong>memor.</strong></span> <span class='ocrx_word' id='word_1_99' title='bbox 1329 1484 1432 1537; x_wconf 88' lang='lat' dir='ltr'><strong>nisi</strong></span> <span class='ocrx_word' id='word_1_100' title='bbox 1474 1483 1602 1552; x_wconf 86' lang='lat' dir='ltr'><strong>quia</strong></span> <span class='ocrx_word' id='word_1_101' title='bbox 1640 1479 1848 1535; x_wconf 86' lang='lat' dir='ltr'><strong>Ermol-</strong></span> 
     </span>
    </p>
   </div>
   <div class='ocr_carea' id='block_1_16' title="bbox 267 1572 1848 1651">
    <p class='ocr_par' dir='ltr' id='par_1_16' title="bbox 267 1572 1848 1651">
     <span class='ocr_line' id='line_1_16' title="bbox 267 1572 1848 1651; baseline -0.008 -11"><span class='ocrx_word' id='word_1_102' title='bbox 267 1589 375 1640; x_wconf 76' lang='lat' dir='ltr'><strong>dus</strong></span> <span class='ocrx_word' id='word_1_103' title='bbox 408 1585 465 1639; x_wconf 89' lang='lat' dir='ltr'><strong>in</strong></span> <span class='ocrx_word' id='word_1_104' title='bbox 496 1582 733 1651; x_wconf 85' lang='lat' dir='ltr'><strong>ejusdem</strong></span> <span class='ocrx_word' id='word_1_105' title='bbox 765 1578 996 1635; x_wconf 76' lang='lat' dir='ltr'><strong>ctenobii</strong></span> <span class='ocrx_word' id='word_1_106' title='bbox 1032 1576 1292 1647; x_wconf 85' lang='lat' dir='ltr'><strong>regimine</strong></span> <span class='ocrx_word' id='word_1_107' title='bbox 1331 1573 1619 1629; x_wconf 88' lang='lat' dir='ltr'><strong>Benedicto</strong></span> <span class='ocrx_word' id='word_1_108' title='bbox 1648 1580 1703 1627; x_wconf 90' lang='lat' dir='ltr'><strong>et</strong></span> <span class='ocrx_word' id='word_1_109' title='bbox 1733 1572 1848 1641; x_wconf 88' lang='lat' dir='ltr'><strong>ipse</strong></span> 
     </span>
    </p>
   </div>
   <div class='ocr_carea' id='block_1_17' title="bbox 270 1663 1849 1740">
    <p class='ocr_par' dir='ltr' id='par_1_17' title="bbox 270 1663 1849 1740">
     <span class='ocr_line' id='line_1_17' title="bbox 270 1663 1849 1740; baseline -0.009 -9"><span class='ocrx_word' id='word_1_110' title='bbox 270 1681 648 1735; x_wconf 81' lang='lat' dir='ltr'><strong>successerat,</strong></span> <span class='ocrx_word' id='word_1_111' title='bbox 679 1670 901 1740; x_wconf 74' lang='lat' dir='ltr'><strong>ejusque</strong></span> <span class='ocrx_word' id='word_1_112' title='bbox 933 1668 1185 1724; x_wconf 85' lang='lat' dir='ltr'><strong>fortassis</strong></span> <span class='ocrx_word' id='word_1_113' title='bbox 1211 1666 1375 1722; x_wconf 87' lang='lat' dir='ltr'><strong>etiam</strong></span> <span class='ocrx_word' id='word_1_114' title='bbox 1406 1664 1703 1734; x_wconf 85' lang='lat' dir='ltr'><strong>discipulus</strong></span> <span class='ocrx_word' id='word_1_115' title='bbox 1734 1663 1849 1718; x_wconf 88' lang='lat' dir='ltr'><strong>fue-</strong></span> 
     </span>
    </p>
   </div>
   <div class='ocr_carea' id='block_1_18' title="bbox 268 1753 1844 1829">
    <p class='ocr_par' dir='ltr' id='par_1_18' title="bbox 268 1753 1844 1829">
     <span class='ocr_line' id='line_1_18' title="bbox 268 1753 1844 1829; baseline -0.009 -9"><span class='ocrx_word' id='word_1_116' title='bbox 268 1766 399 1820; x_wconf 84' lang='lat' dir='ltr'><strong>rat?</strong></span> <span class='ocrx_word' id='word_1_117' title='bbox 436 1762 569 1829; x_wconf 63' lang='lat' dir='ltr'><strong>Quae</strong></span> <span class='ocrx_word' id='word_1_118' title='bbox 606 1761 786 1816; x_wconf 88' lang='lat' dir='ltr'><strong>omnia</strong></span> <span class='ocrx_word' id='word_1_119' title='bbox 826 1775 892 1814; x_wconf 84' lang='lat' dir='ltr'><strong>eo</strong></span> <span class='ocrx_word' id='word_1_120' title='bbox 934 1759 1147 1813; x_wconf 90' lang='lat' dir='ltr'><strong>tandem</strong></span> <span class='ocrx_word' id='word_1_121' title='bbox 1175 1756 1494 1819; x_wconf 90' lang='lat' dir='ltr'><strong>collineant,</strong></span> <span class='ocrx_word' id='word_1_122' title='bbox 1526 1762 1587 1808; x_wconf 90' lang='lat' dir='ltr'><strong>ut</strong></span> <span class='ocrx_word' id='word_1_123' title='bbox 1602 1753 1844 1809; x_wconf 90' lang='lat' dir='ltr'><strong>.nimium</strong></span> 
     </span>
    </p>
   </div>
   <div class='ocr_carea' id='block_1_19' title="bbox 266 1845 1846 1919">
    <p class='ocr_par' dir='ltr' id='par_1_19' title="bbox 266 1845 1846 1919">
     <span class='ocr_line' id='line_1_19' title="bbox 266 1845 1846 1919; baseline -0.007 -9"><span class='ocrx_word' id='word_1_124' title='bbox 266 1854 566 1913; x_wconf 88' lang='lat' dir='ltr'><strong>verisimili</strong></span> <span class='ocrx_word' id='word_1_125' title='bbox 622 1852 834 1907; x_wconf 82' lang='lat' dir='ltr'><strong>ratione</strong></span> <span class='ocrx_word' id='word_1_126' title='bbox 886 1850 1033 1905; x_wconf 89' lang='lat' dir='ltr'><strong>ducti</strong></span> <span class='ocrx_word' id='word_1_127' title='bbox 1081 1862 1472 1919; x_wconf 83' lang='lat' dir='ltr'><strong>agnoscamus,</strong></span> <span class='ocrx_word' id='word_1_128' title='bbox 1523 1845 1846 1914; x_wconf 90' lang='lat' dir='ltr'><strong>scriptorem</strong></span> 
     </span>
    </p>
   </div>
   <div class='ocr_carea' id='block_1_20' title="bbox 268 1938 1850 2004">
    <p class='ocr_par' dir='ltr' id='par_1_20' title="bbox 268 1938 1850 2004">
     <span class='ocr_line' id='line_1_20' title="bbox 268 1938 1850 2004; baseline -0.008 0"><span class='ocrx_word' id='word_1_129' title='bbox 268 1956 533 2004; x_wconf 86' lang='lat' dir='ltr'><strong>nostrum</strong></span> <span class='ocrx_word' id='word_1_130' title='bbox 584 1960 752 1999; x_wconf 88' lang='lat' dir='ltr'><strong>unum</strong></span> <span class='ocrx_word' id='word_1_131' title='bbox 794 1959 919 1998; x_wconf 91' lang='lat' dir='ltr'><strong>cum</strong></span> <span class='ocrx_word' id='word_1_132' title='bbox 968 1940 1286 1996; x_wconf 85' lang='lat' dir='ltr'><strong>Ermenaldo</strong></span> <span class='ocrx_word' id='word_1_133' title='bbox 1337 1939 1632 1994; x_wconf 79' lang='lat' dir='ltr'><strong>Anianense</strong></span> <span class='ocrx_word' id='word_1_134' title='bbox 1665 1938 1850 1993; x_wconf 77' lang='lat' dir='ltr'><strong>abbate</strong></span> 
     </span>
    </p>
   </div>
   <div class='ocr_carea' id='block_1_21' title="bbox 266 2029 1848 2102">
    <p class='ocr_par' dir='ltr' id='par_1_21' title="bbox 266 2029 1848 2102">
     <span class='ocr_line' id='line_1_21' title="bbox 266 2029 1848 2102; baseline -0.005 -10"><span class='ocrx_word' id='word_1_135' title='bbox 266 2038 608 2094; x_wconf 76' lang='lat' dir='ltr'><strong>censendum</strong></span> <span class='ocrx_word' id='word_1_136' title='bbox 635 2049 777 2098; x_wconf 89' lang='lat' dir='ltr'><strong>esse,</strong></span> <span class='ocrx_word' id='word_1_137' title='bbox 808 2047 1039 2102; x_wconf 90' lang='lat' dir='ltr'><strong>eumque</strong></span> <span class='ocrx_word' id='word_1_138' title='bbox 1066 2032 1239 2102; x_wconf 89' lang='lat' dir='ltr'><strong>ipsum</strong></span> <span class='ocrx_word' id='word_1_139' title='bbox 1270 2029 1581 2083; x_wconf 84' lang='lat' dir='ltr'><strong>Ermoldum</strong></span> <span class='ocrx_word' id='word_1_140' title='bbox 1611 2029 1848 2084; x_wconf 81' lang='lat' dir='ltr'><strong>abbatem</strong></span> 
     </span>
    </p>
   </div>
   <div class='ocr_carea' id='block_1_22' title="bbox 269 2118 1850 2196">
    <p class='ocr_par' dir='ltr' id='par_1_22' title="bbox 269 2118 1850 2196">
     <span class='ocr_line' id='line_1_22' title="bbox 269 2118 1850 2196; baseline -0.003 -17"><span class='ocrx_word' id='word_1_141' title='bbox 269 2129 481 2191; x_wconf 79' lang='lat' dir='ltr'><strong>fuisse,</strong></span> <span class='ocrx_word' id='word_1_142' title='bbox 512 2125 604 2196; x_wconf 90' lang='lat' dir='ltr'><strong>qui</strong></span> <span class='ocrx_word' id='word_1_143' title='bbox 634 2139 664 2178; x_wconf 91' lang='lat' dir='ltr'><strong>a</strong></span> <span class='ocrx_word' id='word_1_144' title='bbox 692 2124 962 2177; x_wconf 80' lang='lat' dir='ltr'><strong>Ludovico</strong></span> <span class='ocrx_word' id='word_1_145' title='bbox 986 2122 1083 2176; x_wconf 90' lang='lat' dir='ltr'><strong>Pio</strong></span> <span class='ocrx_word' id='word_1_146' title='bbox 1108 2121 1175 2175; x_wconf 90' lang='lat' dir='ltr'><strong>ad</strong></span> <span class='ocrx_word' id='word_1_147' title='bbox 1199 2120 1482 2189; x_wconf 89' lang='lat' dir='ltr'><strong>Pippinum</strong></span> <span class='ocrx_word' id='word_1_148' title='bbox 1511 2118 1677 2173; x_wconf 82' lang='lat' dir='ltr'><strong>filium</strong></span> <span class='ocrx_word' id='word_1_149' title='bbox 1707 2134 1850 2174; x_wconf 92' lang='lat' dir='ltr'><strong>anno</strong></span> 
     </span>
    </p>
   </div>
   <div class='ocr_carea' id='block_1_23' title="bbox 266 2208 1851 2289">
    <p class='ocr_par' dir='ltr' id='par_1_23' title="bbox 266 2208 1851 2289">
     <span class='ocr_line' id='line_1_23' title="bbox 266 2208 1851 2289; baseline -0.008 -15"><span class='ocrx_word' id='word_1_150' title='bbox 266 2218 379 2274; x_wconf 60' lang='lat'><strong>834</strong></span> <span class='ocrx_word' id='word_1_151' title='bbox 411 2218 623 2289; x_wconf 88' lang='lat' dir='ltr'><strong>legatus</strong></span> <span class='ocrx_word' id='word_1_152' title='bbox 662 2224 746 2271; x_wconf 88' lang='lat' dir='ltr'><strong>est</strong></span> <span class='ocrx_word' id='word_1_153' title='bbox 785 2213 1005 2268; x_wconf 87' lang='lat' dir='ltr'><strong>missus.</strong></span> <span class='ocrx_word' id='word_1_154' title='bbox 1047 2210 1181 2265; x_wconf 88' lang='lat' dir='ltr'><strong>Nam</strong></span> <span class='ocrx_word' id='word_1_155' title='bbox 1212 2210 1355 2281; x_wconf 90' lang='lat' dir='ltr'><strong>quod</strong></span> <span class='ocrx_word' id='word_1_156' title='bbox 1387 2208 1730 2263; x_wconf 84' lang='lat' dir='ltr'><strong>Mabillonius</strong></span> <span class='ocrx_word' id='word_1_157' title='bbox 1756 2208 1851 2263; x_wconf 76' lang='lat' dir='ltr'><strong>ad—</strong></span> 
     </span>
    </p>
   </div>
   <div class='ocr_carea' id='block_1_24' title="bbox 267 2301 1848 2377">
    <p class='ocr_par' dir='ltr' id='par_1_24' title="bbox 267 2301 1848 2377">
     <span class='ocr_line' id='line_1_24' title="bbox 267 2301 1848 2377; baseline -0.004 -14"><span class='ocrx_word' id='word_1_158' title='bbox 267 2326 471 2366; x_wconf 79' lang='lat' dir='ltr'><strong>versus</strong></span> <span class='ocrx_word' id='word_1_159' title='bbox 501 2307 807 2377; x_wconf 89' lang='lat' dir='ltr'><strong>bujusmodi</strong></span> <span class='ocrx_word' id='word_1_160' title='bbox 837 2305 1146 2376; x_wconf 88' lang='lat' dir='ltr'><strong>opinionem</strong></span> <span class='ocrx_word' id='word_1_161' title='bbox 1172 2302 1401 2370; x_wconf 77' lang='lat' dir='ltr'><strong>obiecit,</strong></span> <span class='ocrx_word' id='word_1_162' title='bbox 1433 2316 1627 2371; x_wconf 89' lang='lat' dir='ltr'><strong>nempe</strong></span> <span class='ocrx_word' id='word_1_163' title='bbox 1654 2301 1848 2357; x_wconf 80' lang='lat' dir='ltr'><strong>verisi-</strong></span> 
     </span>
    </p>
   </div>
   <div class='ocr_carea' id='block_1_25' title="bbox 265 2392 1851 2471">
    <p class='ocr_par' dir='ltr' id='par_1_25' title="bbox 265 2392 1851 2471">
     <span class='ocr_line' id='line_1_25' title="bbox 265 2392 1851 2471; baseline -0.007 -14"><span class='ocrx_word' id='word_1_164' title='bbox 265 2403 404 2457; x_wconf 83' lang='lat' dir='ltr'><strong>mile</strong></span> <span class='ocrx_word' id='word_1_165' title='bbox 440 2413 781 2471; x_wconf 88' lang='lat' dir='ltr'><strong>nequaquam</strong></span> <span class='ocrx_word' id='word_1_166' title='bbox 815 2412 937 2452; x_wconf 88' lang='lat' dir='ltr'><strong>esse</strong></span> <span class='ocrx_word' id='word_1_167' title='bbox 978 2411 1010 2449; x_wconf 90' lang='lat' dir='ltr'><strong>a</strong></span> <span class='ocrx_word' id='word_1_168' title='bbox 1062 2395 1346 2450; x_wconf 85' lang='lat' dir='ltr'><strong>Ludovico</strong></span> <span class='ocrx_word' id='word_1_169' title='bbox 1365 2392 1608 2464; x_wconf 81' lang='lat' dir='ltr'><strong>Augusto</strong></span> <span class='ocrx_word' id='word_1_170' title='bbox 1638 2392 1692 2446; x_wconf 92' lang='lat' dir='ltr'><strong>id</strong></span> <span class='ocrx_word' id='word_1_171' title='bbox 1731 2408 1851 2446; x_wconf 89' lang='lat' dir='ltr'><strong>mu-</strong></span> 
     </span>
    </p>
   </div>
   <div class='ocr_carea' id='block_1_26' title="bbox 265 2483 1848 2556">
    <p class='ocr_par' dir='ltr' id='par_1_26' title="bbox 265 2483 1848 2556">
     <span class='ocr_line' id='line_1_26' title="bbox 265 2483 1848 2556; baseline -0.005 -11"><span class='ocrx_word' id='word_1_172' title='bbox 265 2493 424 2547; x_wconf 80' lang='lat' dir='ltr'><strong>neris</strong></span> <span class='ocrx_word' id='word_1_173' title='bbox 477 2490 527 2546; x_wconf 91' lang='lat' dir='ltr'><strong>ei</strong></span> <span class='ocrx_word' id='word_1_174' title='bbox 573 2489 923 2545; x_wconf 90' lang='lat' dir='ltr'><strong>commissum</strong></span> <span class='ocrx_word' id='word_1_175' title='bbox 973 2486 1064 2556; x_wconf 90' lang='lat' dir='ltr'><strong>qui</strong></span> <span class='ocrx_word' id='word_1_176' title='bbox 1113 2485 1563 2539; x_wconf 89' lang='lat' dir='ltr'><strong>Lothariauarum</strong></span> <span class='ocrx_word' id='word_1_177' title='bbox 1611 2483 1848 2553; x_wconf 86' lang='lat' dir='ltr'><strong>partium</strong></span> 
     </span>
    </p>
   </div>
   <div class='ocr_carea' id='block_1_27' title="bbox 267 2573 1850 2651">
    <p class='ocr_par' dir='ltr' id='par_1_27' title="bbox 267 2573 1850 2651">
     <span class='ocr_line' id='line_1_27' title="bbox 267 2573 1850 2651; baseline -0.006 -15"><span class='ocrx_word' id='word_1_178' title='bbox 267 2581 490 2651; x_wconf 86' lang='lat' dir='ltr'><strong>pridem</strong></span> <span class='ocrx_word' id='word_1_179' title='bbox 535 2577 755 2644; x_wconf 81' lang='lat' dir='ltr'><strong>fuisset,</strong></span> <span class='ocrx_word' id='word_1_180' title='bbox 808 2576 957 2631; x_wconf 87' lang='lat' dir='ltr'><strong>nullo</strong></span> <span class='ocrx_word' id='word_1_181' title='bbox 1007 2576 1200 2630; x_wconf 89' lang='lat' dir='ltr'><strong>nititur</strong></span> <span class='ocrx_word' id='word_1_182' title='bbox 1246 2573 1635 2639; x_wconf 88' lang='lat' dir='ltr'><strong>fundamento;</strong></span> <span class='ocrx_word' id='word_1_183' title='bbox 1689 2574 1850 2643; x_wconf 83' lang='lat' dir='ltr'><strong>idque</strong></span> 
     </span>
    </p>
   </div>
   <div class='ocr_carea' id='block_1_28' title="bbox 266 2665 1853 2742">
    <p class='ocr_par' dir='ltr' id='par_1_28' title="bbox 266 2665 1853 2742">
     <span class='ocr_line' id='line_1_28' title="bbox 266 2665 1853 2742; baseline -0.004 -17"><span class='ocrx_word' id='word_1_184' title='bbox 266 2671 481 2742; x_wconf 90' lang='lat' dir='ltr'><strong>optime</strong></span> <span class='ocrx_word' id='word_1_185' title='bbox 530 2669 793 2724; x_wconf 89' lang='lat' dir='ltr'><strong>sensisset</strong></span> <span class='ocrx_word' id='word_1_186' title='bbox 836 2667 1086 2739; x_wconf 87' lang='lat' dir='ltr'><strong>egregius</strong></span> <span class='ocrx_word' id='word_1_187' title='bbox 1130 2666 1219 2721; x_wconf 92' lang='lat' dir='ltr'><strong>ille</strong></span> <span class='ocrx_word' id='word_1_188' title='bbox 1258 2665 1509 2735; x_wconf 84' lang='lat' dir='ltr'><strong>scriptor,</strong></span> <span class='ocrx_word' id='word_1_189' title='bbox 1560 2666 1605 2720; x_wconf 88' lang='lat' dir='ltr'><strong>si</strong></span> <span class='ocrx_word' id='word_1_190' title='bbox 1655 2666 1744 2730; x_wconf 91' lang='lat' dir='ltr'><strong>ei,</strong></span> <span class='ocrx_word' id='word_1_191' title='bbox 1792 2671 1853 2719; x_wconf 93' lang='lat' dir='ltr'><strong>ut</strong></span> 
     </span>
    </p>
   </div>
   <div class='ocr_carea' id='block_1_29' title="bbox 266 2755 1846 2826">
    <p class='ocr_par' dir='ltr' id='par_1_29' title="bbox 266 2755 1846 2826">
     <span class='ocr_line' id='line_1_29' title="bbox 266 2755 1846 2826; baseline -0.006 -9"><span class='ocrx_word' id='word_1_192' title='bbox 266 2776 420 2817; x_wconf 72' lang='lat' dir='ltr'><strong>nunc</strong></span> <span class='ocrx_word' id='word_1_193' title='bbox 451 2760 610 2815; x_wconf 90' lang='lat' dir='ltr'><strong>nobis</strong></span> <span class='ocrx_word' id='word_1_194' title='bbox 630 2800 645 2824; x_wconf 93' lang='lat'><strong>,</strong></span> <span class='ocrx_word' id='word_1_195' title='bbox 680 2768 849 2813; x_wconf 90' lang='lat' dir='ltr'><strong>totum</strong></span> <span class='ocrx_word' id='word_1_196' title='bbox 878 2756 1117 2812; x_wconf 85' lang='lat' dir='ltr'><strong>Ermoldi</strong></span> <span class='ocrx_word' id='word_1_197' title='bbox 1144 2771 1334 2826; x_wconf 89' lang='lat' dir='ltr'><strong>poema</strong></span> <span class='ocrx_word' id='word_1_198' title='bbox 1365 2755 1548 2825; x_wconf 77' lang='lat' dir='ltr'><strong>legere</strong></span> <span class='ocrx_word' id='word_1_199' title='bbox 1586 2755 1846 2810; x_wconf 87' lang='lat' dir='ltr'><strong>licuisset.</strong></span> 
     </span>
    </p>
   </div>
   <div class='ocr_carea' id='block_1_30' title="bbox 266 2846 1852 2917">
    <p class='ocr_par' dir='ltr' id='par_1_30' title="bbox 266 2846 1852 2917">
     <span class='ocr_line' id='line_1_30' title="bbox 266 2846 1852 2917; baseline -0.004 -10"><span class='ocrx_word' id='word_1_200' title='bbox 266 2852 503 2908; x_wconf 88' lang='lat' dir='ltr'><strong>Summe</strong></span> <span class='ocrx_word' id='word_1_201' title='bbox 528 2849 884 2905; x_wconf 85' lang='lat' dir='ltr'><strong>abominanda</strong></span> <span class='ocrx_word' id='word_1_202' title='bbox 914 2848 1146 2903; x_wconf 81' lang='lat' dir='ltr'><strong>ﬁliorum</strong></span> <span class='ocrx_word' id='word_1_203' title='bbox 1178 2846 1479 2917; x_wconf 87' lang='lat' dir='ltr'><strong>conjuratio</strong></span> <span class='ocrx_word' id='word_1_204' title='bbox 1523 2847 1577 2901; x_wconf 91' lang='lat' dir='ltr'><strong>in</strong></span> <span class='ocrx_word' id='word_1_205' title='bbox 1620 2847 1852 2902; x_wconf 86' lang='lat' dir='ltr'><strong>Ludovi-</strong></span> 
     </span>
    </p>
   </div>
   <div class='ocr_carea' id='block_1_31' title="bbox 263 2939 1846 3010">
    <p class='ocr_par' dir='ltr' id='par_1_31' title="bbox 263 2939 1846 3010">
     <span class='ocr_line' id='line_1_31' title="bbox 263 2939 1846 3010; baseline -0.003 -12"><span class='ocrx_word' id='word_1_206' title='bbox 263 2957 397 2998; x_wconf 77' lang='lat' dir='ltr'><strong>cum</strong></span> <span class='ocrx_word' id='word_1_207' title='bbox 426 2941 586 2997; x_wconf 84' lang='lat' dir='ltr'><strong>Pium</strong></span> <span class='ocrx_word' id='word_1_208' title='bbox 614 2941 780 2996; x_wconf 87' lang='lat' dir='ltr'><strong>veluti</strong></span> <span class='ocrx_word' id='word_1_209' title='bbox 809 2955 877 2995; x_wconf 81' lang='lat' dir='ltr'><strong>ex</strong></span> <span class='ocrx_word' id='word_1_210' title='bbox 917 2955 1021 2996; x_wconf 90' lang='lat' dir='ltr'><strong>ovo</strong></span> <span class='ocrx_word' id='word_1_211' title='bbox 1062 2940 1279 2995; x_wconf 90' lang='lat' dir='ltr'><strong>tandem</strong></span> <span class='ocrx_word' id='word_1_212' title='bbox 1321 2941 1499 3010; x_wconf 88' lang='lat' dir='ltr'><strong>erupit</strong></span> <span class='ocrx_word' id='word_1_213' title='bbox 1541 2956 1684 2995; x_wconf 87' lang='lat' dir='ltr'><strong>anno</strong></span> <span class='ocrx_word' id='word_1_214' title='bbox 1724 2939 1846 2996; x_wconf 78' lang='lat'><strong>830.</strong></span> 
     </span>
    </p>
   </div>
   <div class='ocr_carea' id='block_1_32' title="bbox 269 3032 1851 3106">
    <p class='ocr_par' dir='ltr' id='par_1_32' title="bbox 269 3032 1851 3106">
     <span class='ocr_line' id='line_1_32' title="bbox 269 3032 1851 3106; baseline -0.001 -17"><span class='ocrx_word' id='word_1_215' title='bbox 269 3038 495 3091; x_wconf 67' lang='lat' dir='ltr'><strong>Atlente</strong></span> <span class='ocrx_word' id='word_1_216' title='bbox 524 3043 705 3089; x_wconf 90' lang='lat' dir='ltr'><strong>autem</strong></span> <span class='ocrx_word' id='word_1_217' title='bbox 738 3034 936 3106; x_wconf 75' lang='lat' dir='ltr'><strong>legenti</strong></span> <span class='ocrx_word' id='word_1_218' title='bbox 968 3048 1189 3088; x_wconf 88' lang='lat' dir='ltr'><strong>carmen</strong></span> <span class='ocrx_word' id='word_1_219' title='bbox 1218 3033 1458 3087; x_wconf 88' lang='lat' dir='ltr'><strong>Ermoldi</strong></span> <span class='ocrx_word' id='word_1_220' title='bbox 1490 3033 1661 3088; x_wconf 90' lang='lat' dir='ltr'><strong>nostri</strong></span> <span class='ocrx_word' id='word_1_221' title='bbox 1693 3032 1851 3088; x_wconf 81' lang='lat' dir='ltr'><strong>facile</strong></span> 
     </span>
    </p>
   </div>
   <div class='ocr_carea' id='block_1_33' title="bbox 264 3124 1921 3229">
    <p class='ocr_par' dir='ltr' id='par_1_33' title="bbox 264 3124 1921 3229">
     <span class='ocr_line' id='line_1_33' title="bbox 264 3124 1921 3229; baseline -0.003 -46"><span class='ocrx_word' id='word_1_222' title='bbox 264 3128 552 3183; x_wconf 88' lang='lat' dir='ltr'><strong>constabit</strong></span> <span class='ocrx_word' id='word_1_223' title='bbox 582 3127 710 3182; x_wconf 88' lang='lat' dir='ltr'><strong>illud</strong></span> <span class='ocrx_word' id='word_1_224' title='bbox 739 3142 879 3182; x_wconf 89' lang='lat' dir='ltr'><strong>anno</strong></span> <span class='ocrx_word' id='word_1_225' title='bbox 909 3125 1014 3182; x_wconf 76' lang='lat'><strong>826</strong></span> <span class='ocrx_word' id='word_1_226' title='bbox 1042 3125 1353 3181; x_wconf 84' lang='lat' dir='ltr'><strong>confectum</strong></span> <span class='ocrx_word' id='word_1_227' title='bbox 1376 3124 1543 3180; x_wconf 88' lang='lat' dir='ltr'><strong>fuisse</strong></span> <span class='ocrx_word' id='word_1_228' title='bbox 1564 3166 1578 3190; x_wconf 93' lang='lat'><strong>,</strong></span> <span class='ocrx_word' id='word_1_229' title='bbox 1621 3133 1849 3229; x_wconf 48' lang='lat' dir='ltr'><strong>etIcon-</strong></span> <span class='ocrx_word' id='word_1_230' title='bbox 1876 3166 1921 3229; x_wconf 78' lang='lat' dir='ltr'><strong><em>C</em></strong></span> 
     </span>
    </p>
   </div>
   <div class='ocr_carea' id='block_1_34' title="bbox 265 3216 1850 3291">
    <p class='ocr_par' dir='ltr' id='par_1_34' title="bbox 265 3216 1850 3291">
     <span class='ocr_line' id='line_1_34' title="bbox 265 3216 1850 3291; baseline -0.003 -14"><span class='ocrx_word' id='word_1_231' title='bbox 265 3229 574 3291; x_wconf 81' lang='lat' dir='ltr'><strong>sequenter</strong></span> <span class='ocrx_word' id='word_1_232' title='bbox 611 3220 849 3275; x_wconf 87' lang='lat' dir='ltr'><strong>auctoris</strong></span> <span class='ocrx_word' id='word_1_233' title='bbox 888 3219 1145 3273; x_wconf 89' lang='lat' dir='ltr'><strong>delictum</strong></span> <span class='ocrx_word' id='word_1_234' title='bbox 1189 3225 1352 3287; x_wconf 90' lang='lat' dir='ltr'><strong>atque</strong></span> <span class='ocrx_word' id='word_1_235' title='bbox 1392 3218 1643 3273; x_wconf 81' lang='lat' dir='ltr'><strong>exsilium</strong></span> <span class='ocrx_word' id='word_1_236' title='bbox 1692 3216 1850 3288; x_wconf 91' lang='lat' dir='ltr'><strong>longe</strong></span> 
     </span>
    </p>
   </div>
   <div class='ocr_carea' id='block_1_35' title="bbox 266 3308 1855 3384">
    <p class='ocr_par' dir='ltr' id='par_1_35' title="bbox 266 3308 1855 3384">
     <span class='ocr_line' id='line_1_35' title="bbox 266 3308 1855 3384; baseline -0.004 -16"><span class='ocrx_word' id='word_1_237' title='bbox 266 3313 624 3384; x_wconf 74' lang='lat' dir='ltr'><strong>prmcessisse</strong></span> <span class='ocrx_word' id='word_1_238' title='bbox 655 3310 1075 3366; x_wconf 87' lang='lat' dir='ltr'><strong>funestissimam</strong></span> <span class='ocrx_word' id='word_1_239' title='bbox 1113 3309 1258 3364; x_wconf 87' lang='lat' dir='ltr'><strong>illam</strong></span> <span class='ocrx_word' id='word_1_240' title='bbox 1287 3308 1619 3364; x_wconf 87' lang='lat' dir='ltr'><strong>Francorum</strong></span> <span class='ocrx_word' id='word_1_241' title='bbox 1652 3316 1855 3378; x_wconf 57' lang='lat' dir='ltr'><strong>tragcec</strong></span> 
     </span>
    </p>
   </div>
   <div class='ocr_carea' id='block_1_36' title="bbox 267 3397 1854 3469">
    <p class='ocr_par' dir='ltr' id='par_1_36' title="bbox 267 3397 1854 3469">
     <span class='ocr_line' id='line_1_36' title="bbox 267 3397 1854 3469; baseline -0.004 -12"><span class='ocrx_word' id='word_1_242' title='bbox 267 3405 444 3457; x_wconf 61' lang='lat' dir='ltr'><strong>(liam.</strong></span> <span class='ocrx_word' id='word_1_243' title='bbox 497 3401 629 3469; x_wconf 67' lang='lat' dir='ltr'><strong>Quae</strong></span> <span class='ocrx_word' id='word_1_244' title='bbox 674 3402 722 3455; x_wconf 89' lang='lat' dir='ltr'><strong>is</strong></span> <span class='ocrx_word' id='word_1_245' title='bbox 769 3410 991 3463; x_wconf 88' lang='lat' dir='ltr'><strong>narrat,</strong></span> <span class='ocrx_word' id='word_1_246' title='bbox 1035 3400 1091 3454; x_wconf 91' lang='lat' dir='ltr'><strong>in</strong></span> <span class='ocrx_word' id='word_1_247' title='bbox 1134 3400 1324 3456; x_wconf 89' lang='lat' dir='ltr'><strong>eodem</strong></span> <span class='ocrx_word' id='word_1_248' title='bbox 1365 3415 1508 3454; x_wconf 91' lang='lat' dir='ltr'><strong>anno</strong></span> <span class='ocrx_word' id='word_1_249' title='bbox 1536 3397 1640 3452; x_wconf 73' lang='lat'><strong>826</strong></span> <span class='ocrx_word' id='word_1_250' title='bbox 1680 3397 1854 3453; x_wconf 87' lang='lat' dir='ltr'><strong>consi-</strong></span> 
     </span>
    </p>
   </div>
   <div class='ocr_carea' id='block_1_37' title="bbox 268 3487 1850 3560">
    <p class='ocr_par' dir='ltr' id='par_1_37' title="bbox 268 3487 1850 3560">
     <span class='ocr_line' id='line_1_37' title="bbox 268 3487 1850 3560; baseline -0.006 -10"><span class='ocrx_word' id='word_1_251' title='bbox 268 3502 467 3558; x_wconf 81' lang='lat' dir='ltr'><strong>stunt;</strong></span> <span class='ocrx_word' id='word_1_252' title='bbox 501 3501 615 3548; x_wconf 87' lang='lat' dir='ltr'><strong>tum</strong></span> <span class='ocrx_word' id='word_1_253' title='bbox 642 3492 710 3547; x_wconf 92' lang='lat' dir='ltr'><strong>iis</strong></span> <span class='ocrx_word' id='word_1_254' title='bbox 742 3491 1011 3546; x_wconf 80' lang='lat' dir='ltr'><strong>enarratis</strong></span> <span class='ocrx_word' id='word_1_255' title='bbox 1041 3492 1298 3545; x_wconf 90' lang='lat' dir='ltr'><strong>continuo</strong></span> <span class='ocrx_word' id='word_1_256' title='bbox 1329 3487 1606 3560; x_wconf 86' lang='lat' dir='ltr'><strong>suhjungit</strong></span> <span class='ocrx_word' id='word_1_257' title='bbox 1644 3488 1699 3542; x_wconf 93' lang='lat' dir='ltr'><strong>in</strong></span> <span class='ocrx_word' id='word_1_258' title='bbox 1744 3487 1850 3542; x_wconf 86' lang='lat' dir='ltr'><strong>line</strong></span> 
     </span>
    </p>
   </div>
   <div class='ocr_carea' id='block_1_38' title="bbox 268 3586 501 3657">
    <p class='ocr_par' dir='ltr' id='par_1_38' title="bbox 268 3586 501 3657">
     <span class='ocr_line' id='line_1_38' title="bbox 268 3586 501 3657; baseline -0.013 -16"><span class='ocrx_word' id='word_1_259' title='bbox 268 3586 457 3657; x_wconf 69' lang='lat' dir='ltr'><strong>operis</strong></span> <span class='ocrx_word' id='word_1_260' title='bbox 487 3604 501 3638; x_wconf 90' lang='lat'><em>:</em></span> 
     </span>
    </p>
   </div>
   <div class='ocr_carea' id='block_1_39' title="bbox 335 3717 1851 3782">
    <p class='ocr_par' dir='ltr' id='par_1_39' title="bbox 335 3717 1851 3782">
     <span class='ocr_line' id='line_1_39' title="bbox 335 3717 1851 3782; baseline -0.003 -10"><span class='ocrx_word' id='word_1_261' title='bbox 335 3722 457 3773; x_wconf 70' lang='lat' dir='ltr'><strong>&quot;me</strong></span> <span class='ocrx_word' id='word_1_262' title='bbox 480 3733 678 3782; x_wconf 78' lang='lat' dir='ltr'><strong>quoque</strong></span> <span class='ocrx_word' id='word_1_263' title='bbox 701 3719 815 3768; x_wconf 89' lang='lat' dir='ltr'><strong>dum</strong></span> <span class='ocrx_word' id='word_1_264' title='bbox 841 3731 1092 3775; x_wconf 86' lang='lat' dir='ltr'><strong>canerem,</strong></span> <span class='ocrx_word' id='word_1_265' title='bbox 1132 3719 1393 3769; x_wconf 85' lang='lat' dir='ltr'><strong>Strazburc</strong></span> <span class='ocrx_word' id='word_1_266' title='bbox 1427 3717 1630 3770; x_wconf 82' lang='lat' dir='ltr'><strong>custode</strong></span> <span class='ocrx_word' id='word_1_267' title='bbox 1654 3717 1851 3781; x_wconf 82' lang='lat' dir='ltr'><strong>tuebar,</strong></span> 
     </span>
    </p>
   </div>
   <div class='ocr_carea' id='block_1_40' title="bbox 399 3782 1358 3847">
    <p class='ocr_par' dir='ltr' id='par_1_40' title="bbox 399 3782 1358 3847">
     <span class='ocr_line' id='line_1_40' title="bbox 399 3782 1358 3847; baseline -0.004 -14"><span class='ocrx_word' id='word_1_268' title='bbox 399 3782 578 3833; x_wconf 88' lang='lat' dir='ltr'><strong>Delictl</strong></span> <span class='ocrx_word' id='word_1_269' title='bbox 604 3784 783 3843; x_wconf 85' lang='lat' dir='ltr'><strong>proprii</strong></span> <span class='ocrx_word' id='word_1_270' title='bbox 805 3782 1028 3830; x_wconf 82' lang='lat' dir='ltr'><strong>conscius</strong></span> <span class='ocrx_word' id='word_1_271' title='bbox 1050 3789 1200 3843; x_wconf 83' lang='lat' dir='ltr'><strong>atque</strong></span> <span class='ocrx_word' id='word_1_272' title='bbox 1223 3793 1358 3847; x_wconf 77' lang='lat' dir='ltr'><strong>reus.</strong></span> 
     </span>
    </p>
   </div>
   <div class='ocr_carea' id='block_1_41' title="bbox 269 3924 1850 3999">
    <p class='ocr_par' dir='ltr' id='par_1_41' title="bbox 269 3924 1850 3999">
     <span class='ocr_line' id='line_1_41' title="bbox 269 3924 1850 3999; baseline -0.003 -18"><span class='ocrx_word' id='word_1_273' title='bbox 269 3929 419 3999; x_wconf 76' lang='lat' dir='ltr'><strong>Ergo</strong></span> <span class='ocrx_word' id='word_1_274' title='bbox 447 3927 638 3982; x_wconf 89' lang='lat' dir='ltr'><strong>eodem</strong></span> <span class='ocrx_word' id='word_1_275' title='bbox 666 3941 810 3981; x_wconf 90' lang='lat' dir='ltr'><strong>anno</strong></span> <span class='ocrx_word' id='word_1_276' title='bbox 837 3925 941 3982; x_wconf 72' lang='lat'><strong>828</strong></span> <span class='ocrx_word' id='word_1_277' title='bbox 971 3926 1017 3980; x_wconf 90' lang='lat' dir='ltr'><strong>is</strong></span> <span class='ocrx_word' id='word_1_278' title='bbox 1057 3940 1274 3980; x_wconf 88' lang='lat' dir='ltr'><strong>carmen</strong></span> <span class='ocrx_word' id='word_1_279' title='bbox 1318 3940 1473 3979; x_wconf 91' lang='lat' dir='ltr'><strong>suum</strong></span> <span class='ocrx_word' id='word_1_280' title='bbox 1511 3924 1850 3978; x_wconf 86' lang='lat' dir='ltr'><strong>lucubrabat.</strong></span> 
     </span>
    </p>
   </div>
   <div class='ocr_carea' id='block_1_42' title="bbox 266 4012 1854 4085">
    <p class='ocr_par' dir='ltr' id='par_1_42' title="bbox 266 4012 1854 4085">
     <span class='ocr_line' id='line_1_42' title="bbox 266 4012 1854 4085; baseline -0.003 -15"><span class='ocrx_word' id='word_1_281' title='bbox 266 4016 504 4071; x_wconf 70' lang='lat' dir='ltr'><strong>Accedit</strong></span> <span class='ocrx_word' id='word_1_282' title='bbox 540 4017 683 4085; x_wconf 90' lang='lat' dir='ltr'><strong>quod</strong></span> <span class='ocrx_word' id='word_1_283' title='bbox 718 4014 1006 4070; x_wconf 85' lang='lat' dir='ltr'><strong>Ermoldus</strong></span> <span class='ocrx_word' id='word_1_284' title='bbox 1040 4013 1395 4080; x_wconf 87' lang='lat' dir='ltr'><strong>Lotharium,</strong></span> <span class='ocrx_word' id='word_1_285' title='bbox 1423 4012 1854 4084; x_wconf 79' lang='lat' dir='ltr'><strong>Pippinum,Au—</strong></span> 
     </span>
    </p>
   </div>
   <div class='ocr_carea' id='block_1_43' title="bbox 267 4104 1855 4177">
    <p class='ocr_par' dir='ltr' id='par_1_43' title="bbox 267 4104 1855 4177">
     <span class='ocr_line' id='line_1_43' title="bbox 267 4104 1855 4177; baseline 0 -18"><span class='ocrx_word' id='word_1_286' title='bbox 267 4105 418 4175; x_wconf 70' lang='lat' dir='ltr'><strong>gusti</strong></span> <span class='ocrx_word' id='word_1_287' title='bbox 445 4105 617 4169; x_wconf 79' lang='lat' dir='ltr'><strong>ﬁlios,</strong></span> <span class='ocrx_word' id='word_1_288' title='bbox 643 4104 952 4160; x_wconf 81' lang='lat' dir='ltr'><strong>Matfridum</strong></span> <span class='ocrx_word' id='word_1_289' title='bbox 998 4113 1053 4161; x_wconf 90' lang='lat' dir='ltr'><strong>et</strong></span> <span class='ocrx_word' id='word_1_290' title='bbox 1101 4104 1662 4177; x_wconf 85' lang='lat' dir='ltr'><strong>Hugonemcomites,</strong></span> <span class='ocrx_word' id='word_1_291' title='bbox 1692 4104 1855 4159; x_wconf 80' lang='lat' dir='ltr'><strong>alios-</strong></span> 
     </span>
    </p>
   </div>
   <div class='ocr_carea' id='block_1_44' title="bbox 266 4193 1855 4264">
    <p class='ocr_par' dir='ltr' id='par_1_44' title="bbox 266 4193 1855 4264">
     <span class='ocr_line' id='line_1_44' title="bbox 266 4193 1855 4264; baseline 0.001 -16"><span class='ocrx_word' id='word_1_292' title='bbox 266 4208 380 4264; x_wconf 78' lang='lat' dir='ltr'><strong>que</strong></span> <span class='ocrx_word' id='word_1_293' title='bbox 412 4201 805 4249; x_wconf 89' lang='lat' dir='ltr'><strong>commemorat</strong></span> <span class='ocrx_word' id='word_1_294' title='bbox 828 4195 1061 4263; x_wconf 89' lang='lat' dir='ltr'><strong>passim,</strong></span> <span class='ocrx_word' id='word_1_295' title='bbox 1093 4193 1305 4261; x_wconf 90' lang='lat' dir='ltr'><strong>laudat,</strong></span> <span class='ocrx_word' id='word_1_296' title='bbox 1354 4210 1650 4264; x_wconf 88' lang='lat' dir='ltr'><strong>eorumque</strong></span> <span class='ocrx_word' id='word_1_297' title='bbox 1692 4194 1855 4250; x_wconf 80' lang='lat' dir='ltr'><strong>bene-</strong></span> 
     </span>
    </p>
   </div>
   <div class='ocr_carea' id='block_1_45' title="bbox 266 4285 1854 4356">
    <p class='ocr_par' dir='ltr' id='par_1_45' title="bbox 266 4285 1854 4356">
     <span class='ocr_line' id='line_1_45' title="bbox 266 4285 1854 4356; baseline 0.004 -21"><span class='ocrx_word' id='word_1_298' title='bbox 266 4285 569 4339; x_wconf 72' lang='lat' dir='ltr'><strong>volentiam</strong></span> <span class='ocrx_word' id='word_1_299' title='bbox 608 4293 831 4355; x_wconf 88' lang='lat' dir='ltr'><strong>captare</strong></span> <span class='ocrx_word' id='word_1_300' title='bbox 863 4285 1095 4351; x_wconf 89' lang='lat' dir='ltr'><strong>nititur;</strong></span> <span class='ocrx_word' id='word_1_301' title='bbox 1129 4285 1219 4354; x_wconf 90' lang='lat' dir='ltr'><strong>qui</strong></span> <span class='ocrx_word' id='word_1_302' title='bbox 1251 4294 1430 4341; x_wconf 87' lang='lat' dir='ltr'><strong>tamen</strong></span> <span class='ocrx_word' id='word_1_303' title='bbox 1457 4285 1661 4354; x_wconf 86' lang='lat' dir='ltr'><strong>primas</strong></span> <span class='ocrx_word' id='word_1_304' title='bbox 1690 4300 1854 4356; x_wconf 84' lang='lat' dir='ltr'><strong>egere</strong></span> 
     </span>
    </p>
   </div>
   <div class='ocr_carea' id='block_1_46' title="bbox 266 4374 1851 4445">
    <p class='ocr_par' dir='ltr' id='par_1_46' title="bbox 266 4374 1851 4445">
     <span class='ocr_line' id='line_1_46' title="bbox 266 4374 1851 4445; baseline 0 -16"><span class='ocrx_word' id='word_1_305' title='bbox 266 4378 322 4429; x_wconf 89' lang='lat' dir='ltr'><strong>in</strong></span> <span class='ocrx_word' id='word_1_306' title='bbox 371 4383 455 4429; x_wconf 90' lang='lat' dir='ltr'><strong>tot</strong></span> <span class='ocrx_word' id='word_1_307' title='bbox 504 4374 676 4429; x_wconf 86' lang='lat' dir='ltr'><strong>turbis</strong></span> <span class='ocrx_word' id='word_1_308' title='bbox 721 4382 909 4429; x_wconf 88' lang='lat' dir='ltr'><strong>contra</strong></span> <span class='ocrx_word' id='word_1_309' title='bbox 954 4375 1254 4444; x_wconf 90' lang='lat' dir='ltr'><strong>piissimum</strong></span> <span class='ocrx_word' id='word_1_310' title='bbox 1287 4376 1668 4445; x_wconf 88' lang='lat' dir='ltr'><strong>imperatorem</strong></span> <span class='ocrx_word' id='word_1_311' title='bbox 1699 4376 1851 4431; x_wconf 86' lang='lat' dir='ltr'><strong>exci-</strong></span> 
     </span>
    </p>
   </div>
   <div class='ocr_carea' id='block_1_47' title="bbox 1940 546 3510 620">
    <p class='ocr_par' dir='ltr' id='par_1_47' title="bbox 1940 546 3510 620">
     <span class='ocr_line' id='line_1_47' title="bbox 1940 546 3510 620; baseline -0.001 -14"><span class='ocrx_word' id='word_1_312' title='bbox 1940 563 2183 607; x_wconf 88' lang='lat' dir='ltr'><strong>nostrum</strong></span> <span class='ocrx_word' id='word_1_313' title='bbox 2232 549 2458 620; x_wconf 90' lang='lat' dir='ltr'><strong>Pippino</strong></span> <span class='ocrx_word' id='word_1_314' title='bbox 2504 548 2605 620; x_wconf 90' lang='lat' dir='ltr'><strong>ipsi</strong></span> <span class='ocrx_word' id='word_1_315' title='bbox 2655 546 2995 618; x_wconf 86' lang='lat' dir='ltr'><strong>potissimum</strong></span> <span class='ocrx_word' id='word_1_316' title='bbox 3034 546 3308 604; x_wconf 87' lang='lat' dir='ltr'><strong>studuisse</strong></span> <span class='ocrx_word' id='word_1_317' title='bbox 3351 549 3510 619; x_wconf 76' lang='lat' dir='ltr'><strong>eique</strong></span> 
     </span>
    </p>
   </div>
   <div class='ocr_carea' id='block_1_48' title="bbox 1938 638 3511 711">
    <p class='ocr_par' dir='ltr' id='par_1_48' title="bbox 1938 638 3511 711">
     <span class='ocr_line' id='line_1_48' title="bbox 1938 638 3511 711; baseline -0.001 -13"><span class='ocrx_word' id='word_1_318' title='bbox 1938 644 2164 699; x_wconf 90' lang='lat' dir='ltr'><strong>charum</strong></span> <span class='ocrx_word' id='word_1_319' title='bbox 2203 640 2400 707; x_wconf 89' lang='lat' dir='ltr'><strong>fuisse,</strong></span> <span class='ocrx_word' id='word_1_320' title='bbox 2444 638 2604 695; x_wconf 87' lang='lat' dir='ltr'><strong>simul</strong></span> <span class='ocrx_word' id='word_1_321' title='bbox 2643 638 2806 695; x_wconf 89' lang='lat' dir='ltr'><strong>etiam</strong></span> <span class='ocrx_word' id='word_1_322' title='bbox 2848 640 2915 693; x_wconf 90' lang='lat' dir='ltr'><strong>ad</strong></span> <span class='ocrx_word' id='word_1_323' title='bbox 2944 638 3155 695; x_wconf 82' lang='lat' dir='ltr'><strong>clarius</strong></span> <span class='ocrx_word' id='word_1_324' title='bbox 3180 640 3511 711; x_wconf 71' lang='lat' dir='ltr'><strong>perspicien-</strong></span> 
     </span>
    </p>
   </div>
   <div class='ocr_carea' id='block_1_49' title="bbox 1939 729 3512 800">
    <p class='ocr_par' dir='ltr' id='par_1_49' title="bbox 1939 729 3512 800">
     <span class='ocr_line' id='line_1_49' title="bbox 1939 729 3512 800; baseline 0 -13"><span class='ocrx_word' id='word_1_325' title='bbox 1939 732 2069 787; x_wconf 90' lang='lat' dir='ltr'><strong>dum</strong></span> <span class='ocrx_word' id='word_1_326' title='bbox 2121 731 2438 787; x_wconf 87' lang='lat' dir='ltr'><strong>deducimur</strong></span> <span class='ocrx_word' id='word_1_327' title='bbox 2485 745 2653 800; x_wconf 89' lang='lat' dir='ltr'><strong>quare</strong></span> <span class='ocrx_word' id='word_1_328' title='bbox 2702 729 3004 786; x_wconf 83' lang='lat' dir='ltr'><strong>Ludovicus</strong></span> <span class='ocrx_word' id='word_1_329' title='bbox 3048 731 3251 796; x_wconf 68' lang='lat' dir='ltr'><strong>Caesar,</strong></span> <span class='ocrx_word' id='word_1_330' title='bbox 3300 735 3512 799; x_wconf 62' lang='lat' dir='ltr'><strong>caeteris</strong></span> 
     </span>
    </p>
   </div>
   <div class='ocr_carea' id='block_1_50' title="bbox 1941 823 3509 897">
    <p class='ocr_par' dir='ltr' id='par_1_50' title="bbox 1941 823 3509 897">
     <span class='ocr_line' id='line_1_50' title="bbox 1941 823 3509 897; baseline -0.001 -17"><span class='ocrx_word' id='word_1_331' title='bbox 1941 826 2116 895; x_wconf 92' lang='lat' dir='ltr'><strong>ipsum</strong></span> <span class='ocrx_word' id='word_1_332' title='bbox 2156 823 2451 895; x_wconf 76' lang='lat' dir='ltr'><strong>praeferens</strong></span> <span class='ocrx_word' id='word_1_333' title='bbox 2472 864 2487 889; x_wconf 95' lang='lat'><strong>,</strong></span> <span class='ocrx_word' id='word_1_334' title='bbox 2516 838 2581 878; x_wconf 93' lang='lat' dir='ltr'><strong>eo</strong></span> <span class='ocrx_word' id='word_1_335' title='bbox 2610 823 2688 877; x_wconf 92' lang='lat' dir='ltr'><strong>uti</strong></span> <span class='ocrx_word' id='word_1_336' title='bbox 2721 824 2973 879; x_wconf 86' lang='lat' dir='ltr'><strong>maluerit</strong></span> <span class='ocrx_word' id='word_1_337' title='bbox 3008 825 3075 879; x_wconf 90' lang='lat' dir='ltr'><strong>ad</strong></span> <span class='ocrx_word' id='word_1_338' title='bbox 3104 824 3509 897; x_wconf 80' lang='lat' dir='ltr'><strong>significandam</strong></span> 
     </span>
    </p>
   </div>
   <div class='ocr_carea' id='block_1_51' title="bbox 1942 911 3512 983">
    <p class='ocr_par' dir='ltr' id='par_1_51' title="bbox 1942 911 3512 983">
     <span class='ocr_line' id='line_1_51' title="bbox 1942 911 3512 983; baseline -0.001 -14"><span class='ocrx_word' id='word_1_339' title='bbox 1942 915 2052 969; x_wconf 81' lang='lat' dir='ltr'><strong>tilio</strong></span> <span class='ocrx_word' id='word_1_340' title='bbox 2080 922 2315 969; x_wconf 87' lang='lat' dir='ltr'><strong>mentem</strong></span> <span class='ocrx_word' id='word_1_341' title='bbox 2344 929 2495 968; x_wconf 86' lang='lat' dir='ltr'><strong>suam</strong></span> <span class='ocrx_word' id='word_1_342' title='bbox 2515 954 2529 979; x_wconf 94' lang='lat'><strong>,</strong></span> <span class='ocrx_word' id='word_1_343' title='bbox 2565 911 2937 983; x_wconf 81' lang='lat' dir='ltr'><strong>aptioremque</strong></span> <span class='ocrx_word' id='word_1_344' title='bbox 2965 912 3114 967; x_wconf 91' lang='lat' dir='ltr'><strong>illum</strong></span> <span class='ocrx_word' id='word_1_345' title='bbox 3146 914 3417 970; x_wconf 88' lang='lat' dir='ltr'><strong>censuerit</strong></span> <span class='ocrx_word' id='word_1_346' title='bbox 3447 916 3512 969; x_wconf 89' lang='lat' dir='ltr'><strong>ad</strong></span> 
     </span>
    </p>
   </div>
   <div class='ocr_carea' id='block_1_52' title="bbox 1941 1008 3515 1080">
    <p class='ocr_par' dir='ltr' id='par_1_52' title="bbox 1941 1008 3515 1080">
     <span class='ocr_line' id='line_1_52' title="bbox 1941 1008 3515 1080; baseline 0.002 -16"><span class='ocrx_word' id='word_1_347' title='bbox 1941 1009 2384 1080; x_wconf 85' lang='lat' dir='ltr'><strong>pertractandam</strong></span> <span class='ocrx_word' id='word_1_348' title='bbox 2428 1024 2549 1063; x_wconf 90' lang='lat' dir='ltr'><strong>cum</strong></span> <span class='ocrx_word' id='word_1_349' title='bbox 2594 1008 2824 1079; x_wconf 91' lang='lat' dir='ltr'><strong>Pippino</strong></span> <span class='ocrx_word' id='word_1_350' title='bbox 2865 1011 2981 1080; x_wconf 90' lang='lat' dir='ltr'><strong>ipso</strong></span> <span class='ocrx_word' id='word_1_351' title='bbox 3021 1011 3100 1065; x_wconf 89' lang='lat' dir='ltr'><strong>rei</strong></span> <span class='ocrx_word' id='word_1_352' title='bbox 3136 1010 3515 1067; x_wconf 57' lang='lat' dir='ltr'><strong>ecclesiastica</strong></span> 
     </span>
    </p>
   </div>
   <div class='ocr_carea' id='block_1_53' title="bbox 1944 1099 2983 1171">
    <p class='ocr_par' dir='ltr' id='par_1_53' title="bbox 1944 1099 2983 1171">
     <span class='ocr_line' id='line_1_53' title="bbox 1944 1099 2983 1171; baseline -0.004 -14"><span class='ocrx_word' id='word_1_353' title='bbox 1944 1101 2339 1157; x_wconf 88' lang='lat' dir='ltr'><strong>restitutionem</strong></span> <span class='ocrx_word' id='word_1_354' title='bbox 2372 1100 2427 1154; x_wconf 90' lang='lat' dir='ltr'><strong>in</strong></span> <span class='ocrx_word' id='word_1_355' title='bbox 2454 1099 2757 1170; x_wconf 65' lang='lat' dir='ltr'><strong>Aquitaniae</strong></span> <span class='ocrx_word' id='word_1_356' title='bbox 2797 1115 2983 1171; x_wconf 90' lang='lat' dir='ltr'><strong>regno.</strong></span> 
     </span>
    </p>
   </div>
   <div class='ocr_carea' id='block_1_54' title="bbox 2012 1188 3516 1260">
    <p class='ocr_par' dir='ltr' id='par_1_54' title="bbox 2012 1188 3516 1260">
     <span class='ocr_line' id='line_1_54' title="bbox 2012 1188 3516 1260; baseline -0.001 -14"><span class='ocrx_word' id='word_1_357' title='bbox 2012 1193 2190 1260; x_wconf 81' lang='lat' dir='ltr'><strong>Atque</strong></span> <span class='ocrx_word' id='word_1_358' title='bbox 2209 1191 2324 1244; x_wconf 65' lang='lat' dir='ltr'><strong>haec</strong></span> <span class='ocrx_word' id='word_1_359' title='bbox 2343 1197 2470 1244; x_wconf 91' lang='lat' dir='ltr'><strong>sunt</strong></span> <span class='ocrx_word' id='word_1_360' title='bbox 2495 1204 2613 1259; x_wconf 75' lang='lat' dir='ltr'><strong>qua:</strong></span> <span class='ocrx_word' id='word_1_361' title='bbox 2633 1188 2700 1243; x_wconf 91' lang='lat' dir='ltr'><strong>de</strong></span> <span class='ocrx_word' id='word_1_362' title='bbox 2722 1198 2939 1245; x_wconf 89' lang='lat' dir='ltr'><strong>auctore</strong></span> <span class='ocrx_word' id='word_1_363' title='bbox 2975 1190 3235 1246; x_wconf 89' lang='lat' dir='ltr'><strong>carminis</strong></span> <span class='ocrx_word' id='word_1_364' title='bbox 3266 1191 3401 1246; x_wconf 89' lang='lat' dir='ltr'><strong>mihi</strong></span> <span class='ocrx_word' id='word_1_365' title='bbox 3433 1191 3516 1245; x_wconf 75' lang='lat' dir='ltr'><strong>di~</strong></span> 
     </span>
    </p>
   </div>
   <div class='ocr_carea' id='block_1_55' title="bbox 1944 1278 3517 1349">
    <p class='ocr_par' dir='ltr' id='par_1_55' title="bbox 1944 1278 3517 1349">
     <span class='ocr_line' id='line_1_55' title="bbox 1944 1278 3517 1349; baseline 0 -12"><span class='ocrx_word' id='word_1_366' title='bbox 1944 1283 2113 1337; x_wconf 90' lang='lat' dir='ltr'><strong>cenda</strong></span> <span class='ocrx_word' id='word_1_367' title='bbox 2139 1287 2479 1335; x_wconf 89' lang='lat' dir='ltr'><strong>succurrunt.</strong></span> <span class='ocrx_word' id='word_1_368' title='bbox 2524 1278 2702 1333; x_wconf 88' lang='lat' dir='ltr'><strong>Pauca</strong></span> <span class='ocrx_word' id='word_1_369' title='bbox 2740 1295 2882 1335; x_wconf 91' lang='lat' dir='ltr'><strong>nunc</strong></span> <span class='ocrx_word' id='word_1_370' title='bbox 2913 1279 2983 1336; x_wconf 89' lang='lat' dir='ltr'><strong>de</strong></span> <span class='ocrx_word' id='word_1_371' title='bbox 3010 1281 3124 1349; x_wconf 89' lang='lat' dir='ltr'><strong>ipso</strong></span> <span class='ocrx_word' id='word_1_372' title='bbox 3152 1282 3390 1337; x_wconf 87' lang='lat' dir='ltr'><strong>carmine</strong></span> <span class='ocrx_word' id='word_1_373' title='bbox 3426 1283 3517 1337; x_wconf 87' lang='lat' dir='ltr'><strong>ad-</strong></span> 
     </span>
    </p>
   </div>
   <div class='ocr_carea' id='block_1_56' title="bbox 1946 1368 3521 1441">
    <p class='ocr_par' dir='ltr' id='par_1_56' title="bbox 1946 1368 3521 1441">
     <span class='ocr_line' id='line_1_56' title="bbox 1946 1368 3521 1441; baseline 0.001 -15"><span class='ocrx_word' id='word_1_374' title='bbox 1946 1372 2155 1427; x_wconf 89' lang='lat' dir='ltr'><strong>damus.</strong></span> <span class='ocrx_word' id='word_1_375' title='bbox 2184 1371 2357 1426; x_wconf 81' lang='lat' dir='ltr'><strong>Habet</strong></span> <span class='ocrx_word' id='word_1_376' title='bbox 2405 1368 2648 1440; x_wconf 89' lang='lat' dir='ltr'><strong>profecto</strong></span> <span class='ocrx_word' id='word_1_377' title='bbox 2689 1370 2757 1425; x_wconf 89' lang='lat' dir='ltr'><strong>ad</strong></span> <span class='ocrx_word' id='word_1_378' title='bbox 2794 1385 2857 1425; x_wconf 90' lang='lat' dir='ltr'><strong>ea</strong></span> <span class='ocrx_word' id='word_1_379' title='bbox 2898 1376 3137 1441; x_wconf 87' lang='lat' dir='ltr'><strong>tempora</strong></span> <span class='ocrx_word' id='word_1_380' title='bbox 3183 1371 3521 1428; x_wconf 86' lang='lat' dir='ltr'><strong>Francorum</strong></span> 
     </span>
    </p>
   </div>
   <div class='ocr_carea' id='block_1_57' title="bbox 1947 1460 3521 1529">
    <p class='ocr_par' dir='ltr' id='par_1_57' title="bbox 1947 1460 3521 1529">
     <span class='ocr_line' id='line_1_57' title="bbox 1947 1460 3521 1529; baseline 0 -12"><span class='ocrx_word' id='word_1_381' title='bbox 1947 1462 2174 1517; x_wconf 89' lang='lat' dir='ltr'><strong>historia</strong></span> <span class='ocrx_word' id='word_1_382' title='bbox 2203 1463 2457 1529; x_wconf 82' lang='lat' dir='ltr'><strong>probatos</strong></span> <span class='ocrx_word' id='word_1_383' title='bbox 2484 1468 2539 1515; x_wconf 89' lang='lat' dir='ltr'><strong>ct</strong></span> <span class='ocrx_word' id='word_1_384' title='bbox 2564 1460 2698 1514; x_wconf 77' lang='lat' dir='ltr'><strong>(idos</strong></span> <span class='ocrx_word' id='word_1_385' title='bbox 2738 1461 3050 1529; x_wconf 86' lang='lat' dir='ltr'><strong>scriptores.</strong></span> <span class='ocrx_word' id='word_1_386' title='bbox 3102 1460 3353 1516; x_wconf 80' lang='lat' dir='ltr'><strong>Attamen</strong></span> <span class='ocrx_word' id='word_1_387' title='bbox 3391 1462 3521 1517; x_wconf 88' lang='lat' dir='ltr'><strong>illud</strong></span> 
     </span>
    </p>
   </div>
   <div class='ocr_carea' id='block_1_58' title="bbox 1946 1552 3522 1616">
    <p class='ocr_par' dir='ltr' id='par_1_58' title="bbox 1946 1552 3522 1616">
     <span class='ocr_line' id='line_1_58' title="bbox 1946 1552 3522 1616; baseline -0.001 -7"><span class='ocrx_word' id='word_1_388' title='bbox 1946 1552 2503 1616; x_wconf 76' lang='lat' dir='ltr'><strong>animadvertendum,</strong></span> <span class='ocrx_word' id='word_1_389' title='bbox 2530 1567 2635 1607; x_wconf 91' lang='lat' dir='ltr'><strong>non</strong></span> <span class='ocrx_word' id='word_1_390' title='bbox 2669 1567 2787 1606; x_wconf 88' lang='lat' dir='ltr'><strong>esse</strong></span> <span class='ocrx_word' id='word_1_391' title='bbox 2808 1553 3187 1608; x_wconf 84' lang='lat' dir='ltr'><strong>historicorum</strong></span> <span class='ocrx_word' id='word_1_392' title='bbox 3213 1562 3307 1608; x_wconf 92' lang='lat' dir='ltr'><strong>aut</strong></span> <span class='ocrx_word' id='word_1_393' title='bbox 3324 1569 3522 1609; x_wconf 85' lang='lat' dir='ltr'><strong>munus</strong></span> 
     </span>
    </p>
   </div>
   <div class='ocr_carea' id='block_1_59' title="bbox 1947 1644 3525 1716">
    <p class='ocr_par' dir='ltr' id='par_1_59' title="bbox 1947 1644 3525 1716">
     <span class='ocr_line' id='line_1_59' title="bbox 1947 1644 3525 1716; baseline 0 -15"><span class='ocrx_word' id='word_1_394' title='bbox 1947 1651 2042 1701; x_wconf 89' lang='lat' dir='ltr'><strong>aut</strong></span> <span class='ocrx_word' id='word_1_395' title='bbox 2069 1645 2534 1710; x_wconf 89' lang='lat' dir='ltr'><strong>consuetudinem,</strong></span> <span class='ocrx_word' id='word_1_396' title='bbox 2570 1644 2773 1698; x_wconf 89' lang='lat' dir='ltr'><strong>minuta</strong></span> <span class='ocrx_word' id='word_1_397' title='bbox 2806 1660 3035 1715; x_wconf 75' lang='lat' dir='ltr'><strong>qumque</strong></span> <span class='ocrx_word' id='word_1_398' title='bbox 3060 1646 3331 1716; x_wconf 88' lang='lat' dir='ltr'><strong>persequi.</strong></span> <span class='ocrx_word' id='word_1_399' title='bbox 3360 1646 3525 1716; x_wconf 84' lang='lat' dir='ltr'><strong>quue</strong></span> 
     </span>
    </p>
   </div>
   <div class='ocr_carea' id='block_1_60' title="bbox 1948 1733 3527 1808">
    <p class='ocr_par' dir='ltr' id='par_1_60' title="bbox 1948 1733 3527 1808">
     <span class='ocr_line' id='line_1_60' title="bbox 1948 1733 3527 1808; baseline -0.001 -17"><span class='ocrx_word' id='word_1_400' title='bbox 1948 1736 2251 1808; x_wconf 67' lang='lat' dir='ltr'><strong>praasertim</strong></span> <span class='ocrx_word' id='word_1_401' title='bbox 2275 1735 2330 1789; x_wconf 89' lang='lat' dir='ltr'><strong>in</strong></span> <span class='ocrx_word' id='word_1_402' title='bbox 2357 1733 2543 1790; x_wconf 87' lang='lat' dir='ltr'><strong>oculos</strong></span> <span class='ocrx_word' id='word_1_403' title='bbox 2573 1734 2813 1788; x_wconf 86' lang='lat' dir='ltr'><strong>incurrat</strong></span> <span class='ocrx_word' id='word_1_404' title='bbox 2833 1734 3152 1804; x_wconf 72' lang='lat' dir='ltr'><strong>legentibus,</strong></span> <span class='ocrx_word' id='word_1_405' title='bbox 3176 1736 3355 1807; x_wconf 85' lang='lat' dir='ltr'><strong>magni</strong></span> <span class='ocrx_word' id='word_1_406' title='bbox 3378 1744 3527 1791; x_wconf 87' lang='lat' dir='ltr'><strong>certe</strong></span> 
     </span>
    </p>
   </div>
   <div class='ocr_carea' id='block_1_61' title="bbox 1949 1823 3531 1896">
    <p class='ocr_par' dir='ltr' id='par_1_61' title="bbox 1949 1823 3531 1896">
     <span class='ocr_line' id='line_1_61' title="bbox 1949 1823 3531 1896; baseline -0.001 -13"><span class='ocrx_word' id='word_1_407' title='bbox 1949 1828 2247 1891; x_wconf 90' lang='lat' dir='ltr'><strong>faciendos,</strong></span> <span class='ocrx_word' id='word_1_408' title='bbox 2264 1825 2481 1896; x_wconf 87' lang='lat' dir='ltr'><strong>jejunos</strong></span> <span class='ocrx_word' id='word_1_409' title='bbox 2507 1832 2685 1879; x_wconf 89' lang='lat' dir='ltr'><strong>tamen</strong></span> <span class='ocrx_word' id='word_1_410' title='bbox 2708 1865 2722 1889; x_wconf 95' lang='lat'><strong>,</strong></span> <span class='ocrx_word' id='word_1_411' title='bbox 2766 1823 3097 1879; x_wconf 82' lang='lat' dir='ltr'><strong>Francorum</strong></span> <span class='ocrx_word' id='word_1_412' title='bbox 3127 1825 3384 1881; x_wconf 84' lang='lat' dir='ltr'><strong>Annales.</strong></span> <span class='ocrx_word' id='word_1_413' title='bbox 3430 1826 3531 1882; x_wconf 80' lang='lat' dir='ltr'><strong>Ve-</strong></span> 
     </span>
    </p>
   </div>
   <div class='ocr_carea' id='block_1_62' title="bbox 1950 1911 3528 1987">
    <p class='ocr_par' dir='ltr' id='par_1_62' title="bbox 1950 1911 3528 1987">
     <span class='ocr_line' id='line_1_62' title="bbox 1950 1911 3528 1987; baseline -0.003 -14"><span class='ocrx_word' id='word_1_414' title='bbox 1950 1932 2070 1973; x_wconf 87' lang='lat' dir='ltr'><strong>rum</strong></span> <span class='ocrx_word' id='word_1_415' title='bbox 2117 1924 2326 1987; x_wconf 87' lang='lat' dir='ltr'><strong>poetas,</strong></span> <span class='ocrx_word' id='word_1_416' title='bbox 2359 1930 2466 1969; x_wconf 84' lang='lat' dir='ltr'><strong>non</strong></span> <span class='ocrx_word' id='word_1_417' title='bbox 2496 1914 2668 1969; x_wconf 92' lang='lat' dir='ltr'><strong>solum</strong></span> <span class='ocrx_word' id='word_1_418' title='bbox 2701 1914 2873 1978; x_wconf 88' lang='lat' dir='ltr'><strong>decet,</strong></span> <span class='ocrx_word' id='word_1_419' title='bbox 2900 1913 2993 1968; x_wconf 90' lang='lat' dir='ltr'><strong>sed</strong></span> <span class='ocrx_word' id='word_1_420' title='bbox 3040 1911 3206 1967; x_wconf 87' lang='lat' dir='ltr'><strong>etiam</strong></span> <span class='ocrx_word' id='word_1_421' title='bbox 3253 1915 3390 1968; x_wconf 89' lang='lat' dir='ltr'><strong>artis</strong></span> <span class='ocrx_word' id='word_1_422' title='bbox 3417 1930 3528 1968; x_wconf 81' lang='lat' dir='ltr'><strong>sua:</strong></span> 
     </span>
    </p>
   </div>
   <div class='ocr_carea' id='block_1_63' title="bbox 1951 2006 3529 2079">
    <p class='ocr_par' dir='ltr' id='par_1_63' title="bbox 1951 2006 3529 2079">
     <span class='ocr_line' id='line_1_63' title="bbox 1951 2006 3529 2079; baseline -0.003 -13"><span class='ocrx_word' id='word_1_423' title='bbox 1951 2010 2253 2066; x_wconf 86' lang='lat' dir='ltr'><strong>institutum</strong></span> <span class='ocrx_word' id='word_1_424' title='bbox 2290 2008 2607 2079; x_wconf 88' lang='lat' dir='ltr'><strong>plerumque</strong></span> <span class='ocrx_word' id='word_1_425' title='bbox 2634 2006 2817 2078; x_wconf 89' lang='lat' dir='ltr'><strong>cogit,</strong></span> <span class='ocrx_word' id='word_1_426' title='bbox 2859 2006 2932 2060; x_wconf 90' lang='lat' dir='ltr'><strong>ita</strong></span> <span class='ocrx_word' id='word_1_427' title='bbox 2960 2020 3143 2061; x_wconf 88' lang='lat' dir='ltr'><strong>rerum</strong></span> <span class='ocrx_word' id='word_1_428' title='bbox 3173 2016 3397 2062; x_wconf 79' lang='lat' dir='ltr'><strong>eventus</strong></span> <span class='ocrx_word' id='word_1_429' title='bbox 3436 2014 3529 2061; x_wconf 90' lang='lat' dir='ltr'><strong>aut</strong></span> 
     </span>
    </p>
   </div>
   <div class='ocr_carea' id='block_1_64' title="bbox 1949 2098 3528 2168">
    <p class='ocr_par' dir='ltr' id='par_1_64' title="bbox 1949 2098 3528 2168">
     <span class='ocr_line' id='line_1_64' title="bbox 1949 2098 3528 2168; baseline -0.003 -12"><span class='ocrx_word' id='word_1_430' title='bbox 1949 2118 2109 2159; x_wconf 90' lang='lat' dir='ltr'><strong>veros</strong></span> <span class='ocrx_word' id='word_1_431' title='bbox 2130 2110 2224 2156; x_wconf 90' lang='lat' dir='ltr'><strong>aut</strong></span> <span class='ocrx_word' id='word_1_432' title='bbox 2253 2102 2406 2155; x_wconf 84' lang='lat' dir='ltr'><strong>fictos</strong></span> <span class='ocrx_word' id='word_1_433' title='bbox 2450 2099 2790 2163; x_wconf 80' lang='lat' dir='ltr'><strong>describere,</strong></span> <span class='ocrx_word' id='word_1_434' title='bbox 2838 2108 2898 2153; x_wconf 90' lang='lat' dir='ltr'><strong>ut</strong></span> <span class='ocrx_word' id='word_1_435' title='bbox 2943 2100 3008 2153; x_wconf 92' lang='lat' dir='ltr'><strong>ad</strong></span> <span class='ocrx_word' id='word_1_436' title='bbox 3046 2098 3335 2168; x_wconf 77' lang='lat' dir='ltr'><strong>singularia</strong></span> <span class='ocrx_word' id='word_1_437' title='bbox 3362 2100 3528 2153; x_wconf 88' lang='lat' dir='ltr'><strong>etiam</strong></span> 
     </span>
    </p>
   </div>
   <div class='ocr_carea' id='block_1_65' title="bbox 1949 2188 3529 2259">
    <p class='ocr_par' dir='ltr' id='par_1_65' title="bbox 1949 2188 3529 2259">
     <span class='ocr_line' id='line_1_65' title="bbox 1949 2188 3529 2259; baseline -0.001 -12"><span class='ocrx_word' id='word_1_438' title='bbox 1949 2191 2309 2247; x_wconf 88' lang='lat' dir='ltr'><strong>minutissima</strong></span> <span class='ocrx_word' id='word_1_439' title='bbox 2351 2190 2693 2245; x_wconf 87' lang='lat' dir='ltr'><strong>descendant.</strong></span> <span class='ocrx_word' id='word_1_440' title='bbox 2751 2188 2924 2256; x_wconf 87' lang='lat' dir='ltr'><strong>Quam</strong></span> <span class='ocrx_word' id='word_1_441' title='bbox 2963 2188 3136 2259; x_wconf 86' lang='lat' dir='ltr'><strong>legem</strong></span> <span class='ocrx_word' id='word_1_442' title='bbox 3185 2190 3252 2244; x_wconf 93' lang='lat' dir='ltr'><strong>ab</strong></span> <span class='ocrx_word' id='word_1_443' title='bbox 3278 2189 3529 2246; x_wconf 81' lang='lat' dir='ltr'><strong>Ermoldo</strong></span> 
     </span>
    </p>
   </div>
   <div class='ocr_carea' id='block_1_66' title="bbox 1949 2276 3524 2350">
    <p class='ocr_par' dir='ltr' id='par_1_66' title="bbox 1949 2276 3524 2350">
     <span class='ocr_line' id='line_1_66' title="bbox 1949 2276 3524 2350; baseline -0.003 -13"><span class='ocrx_word' id='word_1_444' title='bbox 1949 2290 2134 2337; x_wconf 90' lang='lat' dir='ltr'><strong>nostro</strong></span> <span class='ocrx_word' id='word_1_445' title='bbox 2157 2297 2263 2336; x_wconf 92' lang='lat' dir='ltr'><strong>non</strong></span> <span class='ocrx_word' id='word_1_446' title='bbox 2291 2295 2413 2335; x_wconf 88' lang='lat' dir='ltr'><strong>raro</strong></span> <span class='ocrx_word' id='word_1_447' title='bbox 2439 2279 2649 2350; x_wconf 90' lang='lat' dir='ltr'><strong>impleri</strong></span> <span class='ocrx_word' id='word_1_448' title='bbox 2670 2279 2873 2344; x_wconf 84' lang='lat' dir='ltr'><strong>videas,</strong></span> <span class='ocrx_word' id='word_1_449' title='bbox 2888 2293 3056 2349; x_wconf 89' lang='lat' dir='ltr'><strong>eaque</strong></span> <span class='ocrx_word' id='word_1_450' title='bbox 3078 2276 3524 2334; x_wconf 81' lang='lat' dir='ltr'><strong>rationeillorum</strong></span> 
     </span>
    </p>
   </div>
   <div class='ocr_carea' id='block_1_67' title="bbox 1951 2368 3545 2443">
    <p class='ocr_par' dir='ltr' id='par_1_67' title="bbox 1951 2368 3545 2443">
     <span class='ocr_line' id='line_1_67' title="bbox 1951 2368 3545 2443; baseline -0.002 -16"><span class='ocrx_word' id='word_1_451' title='bbox 1951 2380 2253 2443; x_wconf 90' lang='lat' dir='ltr'><strong>temporum</strong></span> <span class='ocrx_word' id='word_1_452' title='bbox 2280 2371 2416 2425; x_wconf 90' lang='lat' dir='ltr'><strong>ritus</strong></span> <span class='ocrx_word' id='word_1_453' title='bbox 2441 2385 2507 2423; x_wconf 87' lang='lat' dir='ltr'><strong>ac</strong></span> <span class='ocrx_word' id='word_1_454' title='bbox 2545 2384 2725 2424; x_wconf 90' lang='lat' dir='ltr'><strong>mores</strong></span> <span class='ocrx_word' id='word_1_455' title='bbox 2753 2369 3008 2439; x_wconf 85' lang='lat' dir='ltr'><strong>graphice</strong></span> <span class='ocrx_word' id='word_1_456' title='bbox 3054 2368 3333 2424; x_wconf 89' lang='lat' dir='ltr'><strong>delineari.</strong></span> <span class='ocrx_word' id='word_1_457' title='bbox 3385 2368 3545 2424; x_wconf 78' lang='lat' dir='ltr'><strong>Hinc-</strong></span> 
     </span>
    </p>
   </div>
   <div class='ocr_carea' id='block_1_68' title="bbox 1949 2462 3530 2533">
    <p class='ocr_par' dir='ltr' id='par_1_68' title="bbox 1949 2462 3530 2533">
     <span class='ocr_line' id='line_1_68' title="bbox 1949 2462 3530 2533; baseline -0.001 -15"><span class='ocrx_word' id='word_1_458' title='bbox 1949 2472 2129 2519; x_wconf 89' lang='lat' dir='ltr'><strong>autem</strong></span> <span class='ocrx_word' id='word_1_459' title='bbox 2156 2463 2478 2518; x_wconf 90' lang='lat' dir='ltr'><strong>eruditionis</strong></span> <span class='ocrx_word' id='word_1_460' title='bbox 2502 2477 2673 2532; x_wconf 87' lang='lat' dir='ltr'><strong>penus</strong></span> <span class='ocrx_word' id='word_1_461' title='bbox 2711 2462 2873 2517; x_wconf 88' lang='lat' dir='ltr'><strong>habet</strong></span> <span class='ocrx_word' id='word_1_462' title='bbox 2916 2462 3058 2517; x_wconf 90' lang='lat' dir='ltr'><strong>unde</strong></span> <span class='ocrx_word' id='word_1_463' title='bbox 3086 2472 3378 2533; x_wconf 86' lang='lat' dir='ltr'><strong>augeatur,</strong></span> <span class='ocrx_word' id='word_1_464' title='bbox 3403 2478 3530 2533; x_wconf 78' lang='lat' dir='ltr'><strong>sup-</strong></span> 
     </span>
    </p>
   </div>
   <div class='ocr_carea' id='block_1_69' title="bbox 1948 2553 3533 2626">
    <p class='ocr_par' dir='ltr' id='par_1_69' title="bbox 1948 2553 3533 2626">
     <span class='ocr_line' id='line_1_69' title="bbox 1948 2553 3533 2626; baseline 0.001 -18"><span class='ocrx_word' id='word_1_465' title='bbox 1948 2555 2219 2625; x_wconf 87' lang='lat' dir='ltr'><strong>plentibus</strong></span> <span class='ocrx_word' id='word_1_466' title='bbox 2247 2555 2419 2624; x_wconf 88' lang='lat' dir='ltr'><strong>poetis</strong></span> <span class='ocrx_word' id='word_1_467' title='bbox 2465 2570 2528 2610; x_wconf 92' lang='lat' dir='ltr'><strong>ea</strong></span> <span class='ocrx_word' id='word_1_468' title='bbox 2559 2569 2678 2624; x_wconf 76' lang='lat' dir='ltr'><strong>qua:</strong></span> <span class='ocrx_word' id='word_1_469' title='bbox 2713 2553 2767 2609; x_wconf 92' lang='lat' dir='ltr'><strong>in</strong></span> <span class='ocrx_word' id='word_1_470' title='bbox 2819 2554 3266 2626; x_wconf 87' lang='lat' dir='ltr'><strong>bistoriograpbis</strong></span> <span class='ocrx_word' id='word_1_471' title='bbox 3301 2554 3414 2609; x_wconf 85' lang='lat' dir='ltr'><strong>fere</strong></span> <span class='ocrx_word' id='word_1_472' title='bbox 3442 2554 3533 2609; x_wconf 87' lang='lat' dir='ltr'><strong>de-</strong></span> 
     </span>
    </p>
   </div>
   <div class='ocr_carea' id='block_1_70' title="bbox 1950 2645 3533 2717">
    <p class='ocr_par' dir='ltr' id='par_1_70' title="bbox 1950 2645 3533 2717">
     <span class='ocr_line' id='line_1_70' title="bbox 1950 2645 3533 2717; baseline -0.001 -14"><span class='ocrx_word' id='word_1_473' title='bbox 1950 2648 2276 2703; x_wconf 83' lang='lat' dir='ltr'><strong>siderantur.</strong></span> <span class='ocrx_word' id='word_1_474' title='bbox 2307 2646 2580 2717; x_wconf 79' lang='lat' dir='ltr'><strong>Exemplis</strong></span> <span class='ocrx_word' id='word_1_475' title='bbox 2603 2661 2805 2715; x_wconf 88' lang='lat' dir='ltr'><strong>parco:</strong></span> <span class='ocrx_word' id='word_1_476' title='bbox 2836 2645 2926 2701; x_wconf 84' lang='lat' dir='ltr'><strong>illa</strong></span> <span class='ocrx_word' id='word_1_477' title='bbox 2970 2648 3115 2702; x_wconf 82' lang='lat' dir='ltr'><strong>enim</strong></span> <span class='ocrx_word' id='word_1_478' title='bbox 3158 2662 3255 2716; x_wconf 74' lang='lat' dir='ltr'><strong>per</strong></span> <span class='ocrx_word' id='word_1_479' title='bbox 3279 2661 3339 2702; x_wconf 87' lang='lat' dir='ltr'><strong>se</strong></span> <span class='ocrx_word' id='word_1_480' title='bbox 3384 2645 3533 2702; x_wconf 82' lang='lat' dir='ltr'><strong>colli-</strong></span> 
     </span>
    </p>
   </div>
   <div class='ocr_carea' id='block_1_71' title="bbox 1949 2737 3530 2809">
    <p class='ocr_par' dir='ltr' id='par_1_71' title="bbox 1949 2737 3530 2809">
     <span class='ocr_line' id='line_1_71' title="bbox 1949 2737 3530 2809; baseline -0.002 -15"><span class='ocrx_word' id='word_1_481' title='bbox 1949 2754 2079 2809; x_wconf 85' lang='lat' dir='ltr'><strong>gere</strong></span> <span class='ocrx_word' id='word_1_482' title='bbox 2126 2739 2420 2807; x_wconf 87' lang='lat' dir='ltr'><strong>unicuique</strong></span> <span class='ocrx_word' id='word_1_483' title='bbox 2468 2738 2522 2792; x_wconf 92' lang='lat' dir='ltr'><strong>in</strong></span> <span class='ocrx_word' id='word_1_484' title='bbox 2571 2746 2824 2808; x_wconf 91' lang='lat' dir='ltr'><strong>promptu</strong></span> <span class='ocrx_word' id='word_1_485' title='bbox 2879 2738 3002 2793; x_wconf 87' lang='lat' dir='ltr'><strong>erit.</strong></span> <span class='ocrx_word' id='word_1_486' title='bbox 3031 2737 3299 2794; x_wconf 64' lang='lat' dir='ltr'><strong>Caeterum</strong></span> <span class='ocrx_word' id='word_1_487' title='bbox 3340 2753 3530 2809; x_wconf 87' lang='lat' dir='ltr'><strong>poema</strong></span> 
     </span>
    </p>
   </div>
   <div class='ocr_carea' id='block_1_72' title="bbox 1949 2826 3532 2899">
    <p class='ocr_par' dir='ltr' id='par_1_72' title="bbox 1949 2826 3532 2899">
     <span class='ocr_line' id='line_1_72' title="bbox 1949 2826 3532 2899; baseline -0.004 -13"><span class='ocrx_word' id='word_1_488' title='bbox 1949 2830 2116 2886; x_wconf 87' lang='lat' dir='ltr'><strong>babes</strong></span> <span class='ocrx_word' id='word_1_489' title='bbox 2143 2869 2157 2894; x_wconf 94' lang='lat'><strong>,</strong></span> <span class='ocrx_word' id='word_1_490' title='bbox 2216 2830 2335 2884; x_wconf 91' lang='lat' dir='ltr'><strong>rudi</strong></span> <span class='ocrx_word' id='word_1_491' title='bbox 2380 2827 2623 2899; x_wconf 85' lang='lat' dir='ltr'><strong>profecto</strong></span> <span class='ocrx_word' id='word_1_492' title='bbox 2652 2827 2888 2883; x_wconf 82' lang='lat' dir='ltr'><strong>Minerva</strong></span> <span class='ocrx_word' id='word_1_493' title='bbox 2938 2826 3287 2893; x_wconf 87' lang='lat' dir='ltr'><strong>confectum,</strong></span> <span class='ocrx_word' id='word_1_494' title='bbox 3336 2827 3532 2883; x_wconf 89' lang='lat' dir='ltr'><strong>alicubi</strong></span> 
     </span>
    </p>
   </div>
   <div class='ocr_carea' id='block_1_73' title="bbox 1947 2918 3520 2992">
    <p class='ocr_par' dir='ltr' id='par_1_73' title="bbox 1947 2918 3520 2992">
     <span class='ocr_line' id='line_1_73' title="bbox 1947 2918 3520 2992; baseline -0.001 -14"><span class='ocrx_word' id='word_1_495' title='bbox 1947 2923 2113 2979; x_wconf 88' lang='lat' dir='ltr'><strong>etiam</strong></span> <span class='ocrx_word' id='word_1_496' title='bbox 2142 2921 2490 2992; x_wconf 80' lang='lat' dir='ltr'><strong>caliginosum</strong></span> <span class='ocrx_word' id='word_1_497' title='bbox 2543 2929 2705 2991; x_wconf 85' lang='lat' dir='ltr'><strong>atque</strong></span> <span class='ocrx_word' id='word_1_498' title='bbox 2749 2919 3089 2976; x_wconf 89' lang='lat' dir='ltr'><strong>orationibus</strong></span> <span class='ocrx_word' id='word_1_499' title='bbox 3136 2918 3520 2989; x_wconf 87' lang='lat' dir='ltr'><strong>interseptum.</strong></span> 
     </span>
    </p>
   </div>
   <div class='ocr_carea' id='block_1_74' title="bbox 1950 3009 3526 3085">
    <p class='ocr_par' dir='ltr' id='par_1_74' title="bbox 1950 3009 3526 3085">
     <span class='ocr_line' id='line_1_74' title="bbox 1950 3009 3526 3085; baseline -0.006 -14"><span class='ocrx_word' id='word_1_500' title='bbox 1950 3031 2072 3085; x_wconf 67' lang='lat' dir='ltr'><strong>quae</strong></span> <span class='ocrx_word' id='word_1_501' title='bbox 2094 3014 2228 3069; x_wconf 84' lang='lat' dir='ltr'><strong>nihil</strong></span> <span class='ocrx_word' id='word_1_502' title='bbox 2255 3013 2649 3078; x_wconf 88' lang='lat' dir='ltr'><strong>delectationis,</strong></span> <span class='ocrx_word' id='word_1_503' title='bbox 2668 3011 2809 3067; x_wconf 76' lang='lat' dir='ltr'><strong>ttedii</strong></span> <span class='ocrx_word' id='word_1_504' title='bbox 2840 3012 3005 3067; x_wconf 89' lang='lat' dir='ltr'><strong>etiam</strong></span> <span class='ocrx_word' id='word_1_505' title='bbox 3031 3009 3232 3080; x_wconf 90' lang='lat' dir='ltr'><strong>aliquid</strong></span> <span class='ocrx_word' id='word_1_506' title='bbox 3256 3009 3526 3065; x_wconf 87' lang='lat' dir='ltr'><strong>interdum</strong></span> 
     </span>
    </p>
   </div>
   <div class='ocr_carea' id='block_1_75' title="bbox 1952 3099 3529 3176">
    <p class='ocr_par' dir='ltr' id='par_1_75' title="bbox 1952 3099 3529 3176">
     <span class='ocr_line' id='line_1_75' title="bbox 1952 3099 3529 3176; baseline -0.007 -13"><span class='ocrx_word' id='word_1_507' title='bbox 1952 3107 2197 3163; x_wconf 77' lang='lat' dir='ltr'><strong>afferant.</strong></span> <span class='ocrx_word' id='word_1_508' title='bbox 2228 3105 2296 3160; x_wconf 88' lang='lat' dir='ltr'><strong>Et</strong></span> <span class='ocrx_word' id='word_1_509' title='bbox 2323 3103 2566 3176; x_wconf 83' lang='lat' dir='ltr'><strong>profecto</strong></span> <span class='ocrx_word' id='word_1_510' title='bbox 2608 3102 2809 3159; x_wconf 89' lang='lat' dir='ltr'><strong>nemini</strong></span> <span class='ocrx_word' id='word_1_511' title='bbox 2853 3102 2919 3157; x_wconf 90' lang='lat' dir='ltr'><strong>ad</strong></span> <span class='ocrx_word' id='word_1_512' title='bbox 2965 3100 3095 3156; x_wconf 91' lang='lat' dir='ltr'><strong>illud</strong></span> <span class='ocrx_word' id='word_1_513' title='bbox 3125 3099 3488 3156; x_wconf 87' lang='lat' dir='ltr'><strong>accedendum</strong></span> <span class='ocrx_word' id='word_1_514' title='bbox 3514 3139 3529 3162; x_wconf 87' lang='lat'><strong>,</strong></span> 
     </span>
    </p>
   </div>
   <div class='ocr_carea' id='block_1_76' title="bbox 1952 3188 3535 3268">
    <p class='ocr_par' dir='ltr' id='par_1_76' title="bbox 1952 3188 3535 3268">
     <span class='ocr_line' id='line_1_76' title="bbox 1952 3188 3535 3268; baseline -0.006 -16"><span class='ocrx_word' id='word_1_515' title='bbox 1952 3199 2107 3268; x_wconf 88' lang='lat' dir='ltr'><strong>quasi</strong></span> <span class='ocrx_word' id='word_1_516' title='bbox 2136 3196 2202 3251; x_wconf 89' lang='lat' dir='ltr'><strong>ad</strong></span> <span class='ocrx_word' id='word_1_517' title='bbox 2226 3196 2485 3252; x_wconf 87' lang='lat' dir='ltr'><strong>eximium</strong></span> <span class='ocrx_word' id='word_1_518' title='bbox 2513 3195 2784 3266; x_wconf 89' lang='lat' dir='ltr'><strong>quoddam</strong></span> <span class='ocrx_word' id='word_1_519' title='bbox 2832 3193 3057 3264; x_wconf 78' lang='lat' dir='ltr'><strong>poetica:</strong></span> <span class='ocrx_word' id='word_1_520' title='bbox 3080 3192 3214 3247; x_wconf 89' lang='lat' dir='ltr'><strong>artis</strong></span> <span class='ocrx_word' id='word_1_521' title='bbox 3236 3188 3535 3261; x_wconf 75' lang='lat' dir='ltr'><strong>exemplar.</strong></span> 
     </span>
    </p>
   </div>
   <div class='ocr_carea' id='block_1_77' title="bbox 1952 3283 3538 3354">
    <p class='ocr_par' dir='ltr' id='par_1_77' title="bbox 1952 3283 3538 3354">
     <span class='ocr_line' id='line_1_77' title="bbox 1952 3283 3538 3354; baseline -0.005 -9"><span class='ocrx_word' id='word_1_522' title='bbox 1952 3291 2130 3346; x_wconf 83' lang='lat' dir='ltr'><strong>Nihilo</strong></span> <span class='ocrx_word' id='word_1_523' title='bbox 2155 3298 2332 3344; x_wconf 90' lang='lat' dir='ltr'><strong>tamen</strong></span> <span class='ocrx_word' id='word_1_524' title='bbox 2362 3289 2543 3344; x_wconf 88' lang='lat' dir='ltr'><strong>secius</strong></span> <span class='ocrx_word' id='word_1_525' title='bbox 2568 3289 2637 3343; x_wconf 89' lang='lat' dir='ltr'><strong>ad</strong></span> <span class='ocrx_word' id='word_1_526' title='bbox 2676 3288 2980 3343; x_wconf 89' lang='lat' dir='ltr'><strong>institutum</strong></span> <span class='ocrx_word' id='word_1_527' title='bbox 3021 3300 3199 3340; x_wconf 86' lang='lat' dir='ltr'><strong>meum</strong></span> <span class='ocrx_word' id='word_1_528' title='bbox 3241 3285 3387 3354; x_wconf 87' lang='lat' dir='ltr'><strong>quod</strong></span> <span class='ocrx_word' id='word_1_529' title='bbox 3414 3283 3538 3338; x_wconf 86' lang='lat' dir='ltr'><strong>atti—</strong></span> 
     </span>
    </p>
   </div>
   <div class='ocr_carea' id='block_1_78' title="bbox 1953 3375 3541 3450">
    <p class='ocr_par' dir='ltr' id='par_1_78' title="bbox 1953 3375 3541 3450">
     <span class='ocr_line' id='line_1_78' title="bbox 1953 3375 3541 3450; baseline -0.006 -15"><span class='ocrx_word' id='word_1_530' title='bbox 1953 3390 2064 3446; x_wconf 89' lang='lat' dir='ltr'><strong>net,</strong></span> <span class='ocrx_word' id='word_1_531' title='bbox 2114 3379 2389 3450; x_wconf 87' lang='lat' dir='ltr'><strong>egregium</strong></span> <span class='ocrx_word' id='word_1_532' title='bbox 2422 3377 2760 3441; x_wconf 88' lang='lat' dir='ltr'><strong>historicum,</strong></span> <span class='ocrx_word' id='word_1_533' title='bbox 2793 3376 2980 3440; x_wconf 80' lang='lat' dir='ltr'><strong>fidum,</strong></span> <span class='ocrx_word' id='word_1_534' title='bbox 3014 3375 3378 3445; x_wconf 86' lang='lat' dir='ltr'><strong>synchronum</strong></span> <span class='ocrx_word' id='word_1_535' title='bbox 3418 3388 3541 3444; x_wconf 90' lang='lat' dir='ltr'><strong>pro-</strong></span> 
     </span>
    </p>
   </div>
   <div class='ocr_carea' id='block_1_79' title="bbox 1952 3464 3541 3539">
    <p class='ocr_par' dir='ltr' id='par_1_79' title="bbox 1952 3464 3541 3539">
     <span class='ocr_line' id='line_1_79' title="bbox 1952 3464 3541 3539; baseline -0.004 -14"><span class='ocrx_word' id='word_1_536' title='bbox 1952 3472 2104 3537; x_wconf 82' lang='lat' dir='ltr'><strong>fero;</strong></span> <span class='ocrx_word' id='word_1_537' title='bbox 2139 3484 2313 3539; x_wconf 89' lang='lat' dir='ltr'><strong>neque</strong></span> <span class='ocrx_word' id='word_1_538' title='bbox 2348 3469 2492 3524; x_wconf 91' lang='lat' dir='ltr'><strong>enim</strong></span> <span class='ocrx_word' id='word_1_539' title='bbox 2516 3468 2746 3523; x_wconf 90' lang='lat' dir='ltr'><strong>lectores</strong></span> <span class='ocrx_word' id='word_1_540' title='bbox 2776 3469 2882 3523; x_wconf 88' lang='lat' dir='ltr'><strong>huc</strong></span> <span class='ocrx_word' id='word_1_541' title='bbox 2907 3466 3028 3521; x_wconf 92' lang='lat' dir='ltr'><strong>volo</strong></span> <span class='ocrx_word' id='word_1_542' title='bbox 3054 3466 3121 3520; x_wconf 88' lang='lat' dir='ltr'><strong>ad</strong></span> <span class='ocrx_word' id='word_1_543' title='bbox 3160 3467 3405 3534; x_wconf 89' lang='lat' dir='ltr'><strong>poeticos</strong></span> <span class='ocrx_word' id='word_1_544' title='bbox 3443 3464 3541 3519; x_wconf 82' lang='lat' dir='ltr'><strong>llo-</strong></span> 
     </span>
    </p>
   </div>
   <div class='ocr_carea' id='block_1_80' title="bbox 1954 3556 3540 3629">
    <p class='ocr_par' dir='ltr' id='par_1_80' title="bbox 1954 3556 3540 3629">
     <span class='ocr_line' id='line_1_80' title="bbox 1954 3556 3540 3629; baseline -0.005 -11"><span class='ocrx_word' id='word_1_545' title='bbox 1954 3578 2060 3627; x_wconf 90' lang='lat' dir='ltr'><strong>res,</strong></span> <span class='ocrx_word' id='word_1_546' title='bbox 2106 3560 2201 3616; x_wconf 90' lang='lat' dir='ltr'><strong>sed</strong></span> <span class='ocrx_word' id='word_1_547' title='bbox 2250 3560 2465 3629; x_wconf 86' lang='lat' dir='ltr'><strong>quidem</strong></span> <span class='ocrx_word' id='word_1_548' title='bbox 2517 3557 2583 3612; x_wconf 88' lang='lat' dir='ltr'><strong>ad</strong></span> <span class='ocrx_word' id='word_1_549' title='bbox 2614 3573 2774 3612; x_wconf 88' lang='lat' dir='ltr'><strong>unam</strong></span> <span class='ocrx_word' id='word_1_550' title='bbox 2804 3556 3041 3612; x_wconf 67' lang='lat' dir='ltr'><strong>historia:</strong></span> <span class='ocrx_word' id='word_1_551' title='bbox 3070 3556 3356 3611; x_wconf 89' lang='lat' dir='ltr'><strong>veritatem</strong></span> <span class='ocrx_word' id='word_1_552' title='bbox 3398 3571 3540 3611; x_wconf 89' lang='lat' dir='ltr'><strong>asse-</strong></span> 
     </span>
    </p>
   </div>
   <div class='ocr_carea' id='block_1_81' title="bbox 1954 3643 3532 3722">
    <p class='ocr_par' dir='ltr' id='par_1_81' title="bbox 1954 3643 3532 3722">
     <span class='ocr_line' id='line_1_81' title="bbox 1954 3643 3532 3722; baseline -0.006 -15"><span class='ocrx_word' id='word_1_553' title='bbox 1954 3650 2245 3722; x_wconf 85' lang='lat' dir='ltr'><strong>quendam.</strong></span> <span class='ocrx_word' id='word_1_554' title='bbox 2276 3647 2426 3703; x_wconf 83' lang='lat' dir='ltr'><strong>Hanc</strong></span> <span class='ocrx_word' id='word_1_555' title='bbox 2474 3654 2655 3702; x_wconf 86' lang='lat' dir='ltr'><strong>autem</strong></span> <span class='ocrx_word' id='word_1_556' title='bbox 2698 3646 2999 3701; x_wconf 86' lang='lat' dir='ltr'><strong>luculenter</strong></span> <span class='ocrx_word' id='word_1_557' title='bbox 3045 3645 3279 3715; x_wconf 89' lang='lat' dir='ltr'><strong>accipias</strong></span> <span class='ocrx_word' id='word_1_558' title='bbox 3320 3645 3388 3702; x_wconf 91' lang='lat' dir='ltr'><strong>ab</strong></span> <span class='ocrx_word' id='word_1_559' title='bbox 3431 3643 3532 3699; x_wconf 78' lang='lat' dir='ltr'><strong>Er-</strong></span> 
     </span>
    </p>
   </div>
   <div class='ocr_carea' id='block_1_82' title="bbox 1955 3736 3538 3806">
    <p class='ocr_par' dir='ltr' id='par_1_82' title="bbox 1955 3736 3538 3806">
     <span class='ocr_line' id='line_1_82' title="bbox 1955 3736 3538 3806; baseline -0.006 -8"><span class='ocrx_word' id='word_1_560' title='bbox 1955 3741 2135 3798; x_wconf 87' lang='lat' dir='ltr'><strong>moldo</strong></span> <span class='ocrx_word' id='word_1_561' title='bbox 2160 3749 2368 3804; x_wconf 90' lang='lat' dir='ltr'><strong>nostro,</strong></span> <span class='ocrx_word' id='word_1_562' title='bbox 2399 3739 2591 3795; x_wconf 85' lang='lat' dir='ltr'><strong>idoneo</strong></span> <span class='ocrx_word' id='word_1_563' title='bbox 2630 3753 2850 3793; x_wconf 88' lang='lat' dir='ltr'><strong>suorum</strong></span> <span class='ocrx_word' id='word_1_564' title='bbox 2878 3745 3180 3806; x_wconf 89' lang='lat' dir='ltr'><strong>temporum</strong></span> <span class='ocrx_word' id='word_1_565' title='bbox 3218 3745 3374 3802; x_wconf 86' lang='lat' dir='ltr'><strong>teste,</strong></span> <span class='ocrx_word' id='word_1_566' title='bbox 3404 3736 3538 3791; x_wconf 90' lang='lat' dir='ltr'><strong>etin</strong></span> 
     </span>
    </p>
   </div>
   <div class='ocr_carea' id='block_1_83' title="bbox 1956 3827 3538 3903">
    <p class='ocr_par' dir='ltr' id='par_1_83' title="bbox 1956 3827 3538 3903">
     <span class='ocr_line' id='line_1_83' title="bbox 1956 3827 3538 3903; baseline -0.005 -15"><span class='ocrx_word' id='word_1_567' title='bbox 1956 3834 2060 3889; x_wconf 92' lang='lat' dir='ltr'><strong>hoc</strong></span> <span class='ocrx_word' id='word_1_568' title='bbox 2098 3832 2401 3903; x_wconf 75' lang='lat' dir='ltr'><strong>praesertim</strong></span> <span class='ocrx_word' id='word_1_569' title='bbox 2453 3846 2485 3885; x_wconf 89' lang='lat' dir='ltr'><strong>a</strong></span> <span class='ocrx_word' id='word_1_570' title='bbox 2528 3829 2840 3886; x_wconf 88' lang='lat' dir='ltr'><strong>melioribus</strong></span> <span class='ocrx_word' id='word_1_571' title='bbox 2867 3829 3044 3900; x_wconf 88' lang='lat' dir='ltr'><strong>poetis</strong></span> <span class='ocrx_word' id='word_1_572' title='bbox 3088 3827 3357 3893; x_wconf 87' lang='lat' dir='ltr'><strong>dissimili,</strong></span> <span class='ocrx_word' id='word_1_573' title='bbox 3395 3828 3538 3898; x_wconf 88' lang='lat' dir='ltr'><strong>quod</strong></span> 
     </span>
    </p>
   </div>
   <div class='ocr_carea' id='block_1_84' title="bbox 1954 3918 3537 3993">
    <p class='ocr_par' dir='ltr' id='par_1_84' title="bbox 1954 3918 3537 3993">
     <span class='ocr_line' id='line_1_84' title="bbox 1954 3918 3537 3993; baseline -0.006 -14"><span class='ocrx_word' id='word_1_574' title='bbox 1954 3922 2131 3979; x_wconf 90' lang='lat' dir='ltr'><strong>nullas</strong></span> <span class='ocrx_word' id='word_1_575' title='bbox 2158 3937 2385 3993; x_wconf 89' lang='lat' dir='ltr'><strong>usquam</strong></span> <span class='ocrx_word' id='word_1_576' title='bbox 2418 3919 2627 3975; x_wconf 87' lang='lat' dir='ltr'><strong>fabulas</strong></span> <span class='ocrx_word' id='word_1_577' title='bbox 2667 3918 2983 3975; x_wconf 81' lang='lat' dir='ltr'><strong>narrationi.</strong></span> <span class='ocrx_word' id='word_1_578' title='bbox 3006 3934 3119 3974; x_wconf 69' lang='lat' dir='ltr'><strong>sua:</strong></span> <span class='ocrx_word' id='word_1_579' title='bbox 3148 3918 3537 3974; x_wconf 88' lang='lat' dir='ltr'><strong>intermisceat.</strong></span> 
     </span>
    </p>
   </div>
   <div class='ocr_carea' id='block_1_85' title="bbox 1954 4009 3533 4083">
    <p class='ocr_par' dir='ltr' id='par_1_85' title="bbox 1954 4009 3533 4083">
     <span class='ocr_line' id='line_1_85' title="bbox 1954 4009 3533 4083; baseline -0.003 -15"><span class='ocrx_word' id='word_1_580' title='bbox 1954 4013 2038 4068; x_wconf 85' lang='lat' dir='ltr'><strong>Ad</strong></span> <span class='ocrx_word' id='word_1_581' title='bbox 2065 4014 2181 4069; x_wconf 69' lang='lat' dir='ltr'><strong>haec</strong></span> <span class='ocrx_word' id='word_1_582' title='bbox 2208 4013 2508 4083; x_wconf 57' lang='lat' dir='ltr'><strong>praecipuos</strong></span> <span class='ocrx_word' id='word_1_583' title='bbox 2542 4011 2806 4081; x_wconf 88' lang='lat' dir='ltr'><strong>palatinos</strong></span> <span class='ocrx_word' id='word_1_584' title='bbox 2850 4025 3214 4081; x_wconf 83' lang='lat' dir='ltr'><strong>proceresque</strong></span> <span class='ocrx_word' id='word_1_585' title='bbox 3243 4009 3380 4067; x_wconf 71' lang='lat' dir='ltr'><strong>aulae</strong></span> <span class='ocrx_word' id='word_1_586' title='bbox 3421 4009 3533 4065; x_wconf 78' lang='lat' dir='ltr'><strong>Cae-</strong></span> 
     </span>
    </p>
   </div>
   <div class='ocr_carea' id='block_1_86' title="bbox 1954 4102 3537 4174">
    <p class='ocr_par' dir='ltr' id='par_1_86' title="bbox 1954 4102 3537 4174">
     <span class='ocr_line' id='line_1_86' title="bbox 1954 4102 3537 4174; baseline -0.003 -13"><span class='ocrx_word' id='word_1_587' title='bbox 1954 4121 2143 4171; x_wconf 76' lang='lat' dir='ltr'><strong>sarem,</strong></span> <span class='ocrx_word' id='word_1_588' title='bbox 2167 4106 2407 4174; x_wconf 88' lang='lat' dir='ltr'><strong>aliosque</strong></span> <span class='ocrx_word' id='word_1_589' title='bbox 2430 4105 2667 4160; x_wconf 91' lang='lat' dir='ltr'><strong>illustres</strong></span> <span class='ocrx_word' id='word_1_590' title='bbox 2695 4104 2841 4159; x_wconf 90' lang='lat' dir='ltr'><strong>viros</strong></span> <span class='ocrx_word' id='word_1_591' title='bbox 2860 4119 2924 4159; x_wconf 84' lang='lat' dir='ltr'><strong>ea</strong></span> <span class='ocrx_word' id='word_1_592' title='bbox 2943 4111 3260 4174; x_wconf 88' lang='lat' dir='ltr'><strong>tempestate</strong></span> <span class='ocrx_word' id='word_1_593' title='bbox 3283 4102 3537 4158; x_wconf 80' lang='lat' dir='ltr'><strong>ﬂorentes</strong></span> 
     </span>
    </p>
   </div>
   <div class='ocr_carea' id='block_1_87' title="bbox 1955 4193 3533 4264">
    <p class='ocr_par' dir='ltr' id='par_1_87' title="bbox 1955 4193 3533 4264">
     <span class='ocr_line' id='line_1_87' title="bbox 1955 4193 3533 4264; baseline -0.005 -8"><span class='ocrx_word' id='word_1_594' title='bbox 1955 4201 2112 4258; x_wconf 89' lang='lat' dir='ltr'><strong>nobis</strong></span> <span class='ocrx_word' id='word_1_595' title='bbox 2135 4199 2224 4255; x_wconf 92' lang='lat' dir='ltr'><strong>ille</strong></span> <span class='ocrx_word' id='word_1_596' title='bbox 2254 4204 2662 4261; x_wconf 84' lang='lat' dir='ltr'><strong>commemorat,</strong></span> <span class='ocrx_word' id='word_1_597' title='bbox 2693 4197 2739 4252; x_wconf 92' lang='lat' dir='ltr'><strong>si</strong></span> <span class='ocrx_word' id='word_1_598' title='bbox 2761 4195 2973 4251; x_wconf 77' lang='lat' dir='ltr'><strong>Wal‘am</strong></span> <span class='ocrx_word' id='word_1_599' title='bbox 2998 4194 3247 4251; x_wconf 88' lang='lat' dir='ltr'><strong>abbatem</strong></span> <span class='ocrx_word' id='word_1_600' title='bbox 3279 4193 3533 4264; x_wconf 72' lang='lat' dir='ltr'><strong>excipias.</strong></span> 
     </span>
    </p>
   </div>
   <div class='ocr_carea' id='block_1_88' title="bbox 1954 4284 3534 4364">
    <p class='ocr_par' dir='ltr' id='par_1_88' title="bbox 1954 4284 3534 4364">
     <span class='ocr_line' id='line_1_88' title="bbox 1954 4284 3534 4364; baseline -0.008 -14"><span class='ocrx_word' id='word_1_601' title='bbox 1954 4309 2117 4364; x_wconf 87' lang='lat' dir='ltr'><strong>quem</strong></span> <span class='ocrx_word' id='word_1_602' title='bbox 2146 4294 2193 4347; x_wconf 90' lang='lat' dir='ltr'><strong>is</strong></span> <span class='ocrx_word' id='word_1_603' title='bbox 2221 4293 2449 4348; x_wconf 86' lang='lat' dir='ltr'><strong>fortasse</strong></span> <span class='ocrx_word' id='word_1_604' title='bbox 2475 4289 2576 4344; x_wconf 89' lang='lat' dir='ltr'><strong>sibi</strong></span> <span class='ocrx_word' id='word_1_605' title='bbox 2599 4287 2866 4344; x_wconf 88' lang='lat' dir='ltr'><strong>infensum</strong></span> <span class='ocrx_word' id='word_1_606' title='bbox 2896 4295 3160 4342; x_wconf 85' lang='lat' dir='ltr'><strong>senserat.</strong></span> <span class='ocrx_word' id='word_1_607' title='bbox 3186 4284 3534 4355; x_wconf 88' lang='lat' dir='ltr'><strong>Singulorum</strong></span> 
     </span>
    </p>
   </div>
   <div class='ocr_carea' id='block_1_89' title="bbox 1955 4376 3531 4442">
    <p class='ocr_par' dir='ltr' id='par_1_89' title="bbox 1955 4376 3531 4442">
     <span class='ocr_line' id='line_1_89' title="bbox 1955 4376 3531 4442; baseline -0.005 -5"><span class='ocrx_word' id='word_1_608' title='bbox 1955 4391 2135 4438; x_wconf 91' lang='lat' dir='ltr'><strong>autem</strong></span> <span class='ocrx_word' id='word_1_609' title='bbox 2163 4397 2229 4437; x_wconf 80' lang='lat' dir='ltr'><strong>eo</strong></span> <span class='ocrx_word' id='word_1_610' title='bbox 2265 4380 2493 4436; x_wconf 82' lang='lat' dir='ltr'><strong>consilio</strong></span> <span class='ocrx_word' id='word_1_611' title='bbox 2521 4378 2832 4433; x_wconf 88' lang='lat' dir='ltr'><strong>meminisse</strong></span> <span class='ocrx_word' id='word_1_612' title='bbox 2878 4377 3093 4432; x_wconf 88' lang='lat' dir='ltr'><strong>videtur</strong></span> <span class='ocrx_word' id='word_1_613' title='bbox 3119 4417 3134 4442; x_wconf 90' lang='lat'><strong>,</strong></span> <span class='ocrx_word' id='word_1_614' title='bbox 3188 4387 3248 4431; x_wconf 91' lang='lat' dir='ltr'><strong>ut</strong></span> <span class='ocrx_word' id='word_1_615' title='bbox 3268 4376 3531 4439; x_wconf 82' lang='lat' dir='ltr'><strong>,omnium</strong></span> 
     </span>
    </p>
   </div>
   <div class='ocr_carea' id='block_1_90' title="bbox 268 4463 3540 4578">
    <p class='ocr_par' dir='ltr' id='par_1_90' title="bbox 268 4463 3540 4578">
     <span class='ocr_line' id='line_1_90' title="bbox 268 4463 3540 4578; baseline 0.001 -61"><span class='ocrx_word' id='word_1_616' title='bbox 268 4465 424 4578; x_wconf 55' lang='lat' dir='ltr'><strong>ta&#39;tis.</strong></span> <span class='ocrx_word' id='word_1_617' title='bbox 475 4463 535 4519; x_wconf 93' lang='lat' dir='ltr'><strong>Si</strong></span> <span class='ocrx_word' id='word_1_618' title='bbox 571 4464 701 4519; x_wconf 89' lang='lat' dir='ltr'><strong>dum</strong></span> <span class='ocrx_word' id='word_1_619' title='bbox 743 4465 859 4520; x_wconf 65' lang='lat' dir='ltr'><strong>hrec</strong></span> <span class='ocrx_word' id='word_1_620' title='bbox 902 4464 1164 4520; x_wconf 88' lang='lat' dir='ltr'><strong>scriberet</strong></span> <span class='ocrx_word' id='word_1_621' title='bbox 1203 4465 1522 4531; x_wconf 89' lang='lat' dir='ltr'><strong>Ermoldus,</strong></span> <span class='ocrx_word' id='word_1_622' title='bbox 1568 4467 1847 4522; x_wconf 88' lang='lat' dir='ltr'><strong>teterrima</strong></span> <span class='ocrx_word' id='word_1_623' title='bbox 1875 4518 1930 4578; x_wconf 68' lang='grc' dir='ltr'><strong>Β</strong></span> <span class='ocrx_word' id='word_1_624' title='bbox 1956 4473 2186 4545; x_wconf 75' lang='lat' dir='ltr'><strong>gratiam</strong></span> <span class='ocrx_word' id='word_1_625' title='bbox 2217 4472 2396 4535; x_wconf 83' lang='lat' dir='ltr'><strong>iniret,</strong></span> <span class='ocrx_word' id='word_1_626' title='bbox 2425 4478 2480 4524; x_wconf 89' lang='lat' dir='ltr'><strong>et</strong></span> <span class='ocrx_word' id='word_1_627' title='bbox 2505 4484 2771 4540; x_wconf 84' lang='lat' dir='ltr'><strong>quemque</strong></span> <span class='ocrx_word' id='word_1_628' title='bbox 2797 4467 3090 4539; x_wconf 90' lang='lat' dir='ltr'><strong>propitium</strong></span> <span class='ocrx_word' id='word_1_629' title='bbox 3117 4468 3218 4525; x_wconf 90' lang='lat' dir='ltr'><strong>sibi</strong></span> <span class='ocrx_word' id='word_1_630' title='bbox 3260 4466 3399 4538; x_wconf 86' lang='lat' dir='ltr'><strong>apud</strong></span> <span class='ocrx_word' id='word_1_631' title='bbox 3433 4464 3540 4520; x_wconf 85' lang='lat' dir='ltr'><strong>Au-</strong></span> 
     </span>
     <span class='ocr_line' id='line_1_91' title="bbox 268 4554 3531 4578; baseline 0.001 -4"><span class='ocrx_word' id='word_1_632' title='bbox 268 4556 300 4578; x_wconf 67' lang='grc' dir='ltr'><strong>ε,</strong></span> <span class='ocrx_word' id='word_1_633' title='bbox 331 4572 356 4578; x_wconf 74' lang='lat'><strong>-</strong></span> <span class='ocrx_word' id='word_1_634' title='bbox 400 4555 701 4578; x_wconf 46' lang='grc' dir='ltr'><strong>--.εκηη-</strong></span> <span class='ocrx_word' id='word_1_635' title='bbox 737 4555 1021 4578; x_wconf 43' lang='grc' dir='ltr'><strong>--.ωλὼ</strong></span> <span class='ocrx_word' id='word_1_636' title='bbox 1052 4554 1155 4578; x_wconf 59' lang='grc' dir='ltr'><strong>ιη,</strong></span> <span class='ocrx_word' id='word_1_637' title='bbox 1204 4555 1486 4578; x_wconf 35' lang='lat' dir='ltr'><strong>“AL--.</strong></span> <span class='ocrx_word' id='word_1_638' title='bbox 1569 4556 1847 4578; x_wconf 38' lang='lat'><strong>4)-..-“</strong></span> <span class='ocrx_word' id='word_1_639' title='bbox 2038 4569 2071 4578; x_wconf 30' lang='grc' dir='ltr'><em>ν.</em></span> <span class='ocrx_word' id='word_1_640' title='bbox 2630 4558 2690 4578; x_wconf 57' lang='grc' dir='ltr'><strong>,λ</strong></span> <span class='ocrx_word' id='word_1_641' title='bbox 2757 4558 3173 4578; x_wconf 52' lang='lat' dir='ltr'><strong>_--___-___J-__</strong></span> <span class='ocrx_word' id='word_1_642' title='bbox 3232 4556 3531 4578; x_wconf 55' lang='lat'><strong>.2.-_.-.____</strong></span> 
     </span>
    </p>
   </div>
   <div class='ocr_carea' id='block_1_91' title="bbox 267 4554 1852 4625">
    <p class='ocr_par' dir='ltr' id='par_1_91' title="bbox 267 4554 1852 4625">
     <span class='ocr_line' id='line_1_92' title="bbox 267 4554 1852 4625; baseline 0.001 -17"><span class='ocrx_word' id='word_1_643' title='bbox 267 4556 361 4609; x_wconf 75' lang='lat' dir='ltr'><strong>illa</strong></span> <span class='ocrx_word' id='word_1_644' title='bbox 397 4555 703 4609; x_wconf 88' lang='lat' dir='ltr'><strong>animorum</strong></span> <span class='ocrx_word' id='word_1_645' title='bbox 733 4555 1025 4609; x_wconf 91' lang='lat' dir='ltr'><strong>commotio</strong></span> <span class='ocrx_word' id='word_1_646' title='bbox 1046 4554 1159 4625; x_wconf 88' lang='lat' dir='ltr'><strong>jam</strong></span> <span class='ocrx_word' id='word_1_647' title='bbox 1201 4555 1520 4620; x_wconf 90' lang='lat' dir='ltr'><strong>accidisset,</strong></span> <span class='ocrx_word' id='word_1_648' title='bbox 1565 4556 1852 4625; x_wconf 90' lang='lat' dir='ltr'><strong>eidemque</strong></span> 
     </span>
    </p>
   </div>
   <div class='ocr_carea' id='block_1_92' title="bbox 266 4644 1847 4716">
    <p class='ocr_par' dir='ltr' id='par_1_92' title="bbox 266 4644 1847 4716">
     <span class='ocr_line' id='line_1_93' title="bbox 266 4644 1847 4716; baseline 0.001 -17"><span class='ocrx_word' id='word_1_649' title='bbox 266 4645 550 4701; x_wconf 88' lang='lat' dir='ltr'><strong>immistus</strong></span> <span class='ocrx_word' id='word_1_650' title='bbox 579 4654 633 4700; x_wconf 91' lang='lat' dir='ltr'><strong>et</strong></span> <span class='ocrx_word' id='word_1_651' title='bbox 661 4646 776 4714; x_wconf 88' lang='lat' dir='ltr'><strong>ipse</strong></span> <span class='ocrx_word' id='word_1_652' title='bbox 802 4644 1026 4712; x_wconf 80' lang='lat' dir='ltr'><strong>fuisset,</strong></span> <span class='ocrx_word' id='word_1_653' title='bbox 1060 4645 1128 4700; x_wconf 89' lang='lat' dir='ltr'><strong>ab</strong></span> <span class='ocrx_word' id='word_1_654' title='bbox 1170 4646 1322 4701; x_wconf 88' lang='lat' dir='ltr'><strong>hisce</strong></span> <span class='ocrx_word' id='word_1_655' title='bbox 1361 4647 1695 4716; x_wconf 88' lang='lat' dir='ltr'><strong>principibus</strong></span> <span class='ocrx_word' id='word_1_656' title='bbox 1735 4656 1847 4702; x_wconf 90' lang='lat' dir='ltr'><strong>tam</strong></span> 
     </span>
    </p>
   </div>
   <div class='ocr_carea' id='block_1_93' title="bbox 264 4737 1850 4811">
    <p class='ocr_par' dir='ltr' id='par_1_93' title="bbox 264 4737 1850 4811">
     <span class='ocr_line' id='line_1_94' title="bbox 264 4737 1850 4811; baseline 0.003 -20"><span class='ocrx_word' id='word_1_657' title='bbox 264 4752 415 4807; x_wconf 68' lang='lat' dir='ltr'><strong>smpe</strong></span> <span class='ocrx_word' id='word_1_658' title='bbox 464 4737 748 4792; x_wconf 89' lang='lat' dir='ltr'><strong>laudandis</strong></span> <span class='ocrx_word' id='word_1_659' title='bbox 789 4737 1034 4808; x_wconf 83' lang='lat' dir='ltr'><strong>profecto</strong></span> <span class='ocrx_word' id='word_1_660' title='bbox 1077 4737 1463 4804; x_wconf 88' lang='lat' dir='ltr'><strong>abstinuisset,</strong></span> <span class='ocrx_word' id='word_1_661' title='bbox 1509 4740 1850 4811; x_wconf 85' lang='lat' dir='ltr'><strong>quandoqui-</strong></span> 
     </span>
    </p>
   </div>
   <div class='ocr_carea' id='block_1_94' title="bbox 262 4826 1849 4888">
    <p class='ocr_par' dir='ltr' id='par_1_94' title="bbox 262 4826 1849 4888">
     <span class='ocr_line' id='line_1_95' title="bbox 262 4826 1849 4888; baseline 0.004 -7"><span class='ocrx_word' id='word_1_662' title='bbox 262 4831 396 4884; x_wconf 74' lang='lat' dir='ltr'><strong>dem</strong></span> <span class='ocrx_word' id='word_1_663' title='bbox 445 4828 515 4882; x_wconf 90' lang='lat' dir='ltr'><strong>ad</strong></span> <span class='ocrx_word' id='word_1_664' title='bbox 559 4827 890 4884; x_wconf 88' lang='lat' dir='ltr'><strong>Ludovicum</strong></span> <span class='ocrx_word' id='word_1_665' title='bbox 936 4838 1048 4885; x_wconf 88' lang='lat' dir='ltr'><strong>tam</strong></span> <span class='ocrx_word' id='word_1_666' title='bbox 1091 4828 1234 4885; x_wconf 89' lang='lat' dir='ltr'><strong>male</strong></span> <span class='ocrx_word' id='word_1_667' title='bbox 1260 4829 1330 4886; x_wconf 90' lang='lat' dir='ltr'><strong>ab</strong></span> <span class='ocrx_word' id='word_1_668' title='bbox 1358 4829 1425 4884; x_wconf 93' lang='lat' dir='ltr'><strong>iis</strong></span> <span class='ocrx_word' id='word_1_669' title='bbox 1453 4826 1849 4888; x_wconf 70' lang='lat' dir='ltr'><strong>habitum&#39;htec</strong></span> 
     </span>
    </p>
   </div>
   <div class='ocr_carea' id='block_1_95' title="bbox 262 4921 1851 4993">
    <p class='ocr_par' dir='ltr' id='par_1_95' title="bbox 262 4921 1851 4993">
     <span class='ocr_line' id='line_1_96' title="bbox 262 4921 1851 4993; baseline 0.001 -15"><span class='ocrx_word' id='word_1_670' title='bbox 262 4922 583 4986; x_wconf 80' lang='lat' dir='ltr'><strong>scribebat,</strong></span> <span class='ocrx_word' id='word_1_671' title='bbox 627 4930 684 4977; x_wconf 90' lang='lat' dir='ltr'><strong>et</strong></span> <span class='ocrx_word' id='word_1_672' title='bbox 730 4923 799 4978; x_wconf 91' lang='lat' dir='ltr'><strong>ab</strong></span> <span class='ocrx_word' id='word_1_673' title='bbox 840 4922 957 4993; x_wconf 92' lang='lat' dir='ltr'><strong>ipso</strong></span> <span class='ocrx_word' id='word_1_674' title='bbox 998 4921 1271 4979; x_wconf 89' lang='lat' dir='ltr'><strong>Ludovico</strong></span> <span class='ocrx_word' id='word_1_675' title='bbox 1311 4922 1569 4993; x_wconf 88' lang='lat' dir='ltr'><strong>poscebat</strong></span> <span class='ocrx_word' id='word_1_676' title='bbox 1606 4923 1851 4980; x_wconf 87' lang='lat' dir='ltr'><strong>criminis</strong></span> 
     </span>
    </p>
   </div>
   <div class='ocr_carea' id='block_1_96' title="bbox 264 5004 1855 5086">
    <p class='ocr_par' dir='ltr' id='par_1_96' title="bbox 264 5004 1855 5086">
     <span class='ocr_line' id='line_1_97' title="bbox 264 5004 1855 5086; baseline 0.003 -20"><span class='ocrx_word' id='word_1_677' title='bbox 264 5014 489 5069; x_wconf 73' lang='lat' dir='ltr'><strong>veniam</strong></span> <span class='ocrx_word' id='word_1_678' title='bbox 512 5022 566 5067; x_wconf 91' lang='lat' dir='ltr'><strong>et</strong></span> <span class='ocrx_word' id='word_1_679' title='bbox 585 5012 891 5069; x_wconf 88' lang='lat' dir='ltr'><strong>libertatem</strong></span> <span class='ocrx_word' id='word_1_680' title='bbox 913 5014 1219 5083; x_wconf 88' lang='lat' dir='ltr'><strong>pristinam.</strong></span> <span class='ocrx_word' id='word_1_681' title='bbox 1237 5013 1353 5069; x_wconf 85' lang='lat' dir='ltr'><strong>Non</strong></span> <span class='ocrx_word' id='word_1_682' title='bbox 1369 5021 1455 5070; x_wconf 90' lang='lat' dir='ltr'><strong>est</strong></span> <span class='ocrx_word' id='word_1_683' title='bbox 1474 5028 1603 5086; x_wconf 88' lang='lat' dir='ltr'><strong>ergo</strong></span> <span class='ocrx_word' id='word_1_684' title='bbox 1625 5004 1855 5070; x_wconf 78' lang='lat' dir='ltr'><strong>miscen-</strong></span> 
     </span>
    </p>
   </div>
   <div class='ocr_carea' id='block_1_97' title="bbox 263 5104 1857 5175">
    <p class='ocr_par' dir='ltr' id='par_1_97' title="bbox 263 5104 1857 5175">
     <span class='ocr_line' id='line_1_98' title="bbox 263 5104 1857 5175; baseline 0.001 -18"><span class='ocrx_word' id='word_1_685' title='bbox 263 5106 372 5159; x_wconf 86' lang='lat' dir='ltr'><strong>dus</strong></span> <span class='ocrx_word' id='word_1_686' title='bbox 400 5109 560 5175; x_wconf 85' lang='lat' dir='ltr'><strong>poeta</strong></span> <span class='ocrx_word' id='word_1_687' title='bbox 588 5113 772 5158; x_wconf 90' lang='lat' dir='ltr'><strong>noster</strong></span> <span class='ocrx_word' id='word_1_688' title='bbox 796 5119 920 5159; x_wconf 91' lang='lat' dir='ltr'><strong>cum</strong></span> <span class='ocrx_word' id='word_1_689' title='bbox 946 5104 1283 5174; x_wconf 88' lang='lat' dir='ltr'><strong>gravissimis</strong></span> <span class='ocrx_word' id='word_1_690' title='bbox 1312 5106 1438 5160; x_wconf 89' lang='lat' dir='ltr'><strong>anni</strong></span> <span class='ocrx_word' id='word_1_691' title='bbox 1467 5104 1571 5161; x_wconf 77' lang='lat'><strong>850</strong></span> <span class='ocrx_word' id='word_1_692' title='bbox 1593 5113 1650 5161; x_wconf 93' lang='lat' dir='ltr'><strong>et</strong></span> <span class='ocrx_word' id='word_1_693' title='bbox 1672 5106 1857 5160; x_wconf 85' lang='lat' dir='ltr'><strong>subse-</strong></span> 
     </span>
    </p>
   </div>
   <div class='ocr_carea' id='block_1_98' title="bbox 262 5193 1856 5264">
    <p class='ocr_par' dir='ltr' id='par_1_98' title="bbox 262 5193 1856 5264">
     <span class='ocr_line' id='line_1_99' title="bbox 262 5193 1856 5264; baseline 0.003 -21"><span class='ocrx_word' id='word_1_694' title='bbox 262 5193 553 5262; x_wconf 81' lang='lat' dir='ltr'><strong>quentium</strong></span> <span class='ocrx_word' id='word_1_695' title='bbox 582 5193 898 5249; x_wconf 90' lang='lat' dir='ltr'><strong>tumultibus</strong></span> <span class='ocrx_word' id='word_1_696' title='bbox 924 5210 938 5259; x_wconf 88' lang='lat'><strong>;</strong></span> <span class='ocrx_word' id='word_1_697' title='bbox 964 5202 1126 5263; x_wconf 89' lang='lat' dir='ltr'><strong>atque</strong></span> <span class='ocrx_word' id='word_1_698' title='bbox 1147 5209 1216 5249; x_wconf 84' lang='lat' dir='ltr'><strong>ex</strong></span> <span class='ocrx_word' id='word_1_699' title='bbox 1242 5193 1351 5250; x_wconf 89' lang='lat' dir='ltr'><strong>alio</strong></span> <span class='ocrx_word' id='word_1_700' title='bbox 1373 5193 1531 5264; x_wconf 87' lang='lat' dir='ltr'><strong>plane</strong></span> <span class='ocrx_word' id='word_1_701' title='bbox 1553 5194 1781 5249; x_wconf 91' lang='lat' dir='ltr'><strong>crimine</strong></span> <span class='ocrx_word' id='word_1_702' title='bbox 1800 5195 1856 5248; x_wconf 93' lang='lat' dir='ltr'><strong>in</strong></span> 
     </span>
    </p>
   </div>
   <div class='ocr_carea' id='block_1_99' title="bbox 263 5280 1855 5339">
    <p class='ocr_par' dir='ltr' id='par_1_99' title="bbox 263 5280 1855 5339">
     <span class='ocr_line' id='line_1_100' title="bbox 263 5280 1855 5339; baseline 0.002 -4"><span class='ocrx_word' id='word_1_703' title='bbox 263 5280 527 5337; x_wconf 75' lang='lat' dir='ltr'><strong>exsilium</strong></span> <span class='ocrx_word' id='word_1_704' title='bbox 548 5280 713 5336; x_wconf 84' lang='lat' dir='ltr'><strong>fuerit</strong></span> <span class='ocrx_word' id='word_1_705' title='bbox 733 5283 820 5337; x_wconf 90' lang='lat' dir='ltr'><strong>ille</strong></span> <span class='ocrx_word' id='word_1_706' title='bbox 843 5291 1026 5339; x_wconf 88' lang='lat' dir='ltr'><strong>trusus</strong></span> <span class='ocrx_word' id='word_1_707' title='bbox 1047 5292 1176 5339; x_wconf 90' lang='lat' dir='ltr'><strong>ante</strong></span> <span class='ocrx_word' id='word_1_708' title='bbox 1199 5299 1399 5337; x_wconf 90' lang='lat' dir='ltr'><strong>annum</strong></span> <span class='ocrx_word' id='word_1_709' title='bbox 1412 5282 1539 5338; x_wconf 68' lang='lat'><strong>826.</strong></span> <span class='ocrx_word' id='word_1_710' title='bbox 1557 5283 1711 5338; x_wconf 86' lang='lat' dir='ltr'><strong>Nunc</strong></span> <span class='ocrx_word' id='word_1_711' title='bbox 1723 5299 1855 5338; x_wconf 88' lang='lat' dir='ltr'><strong>vero</strong></span> 
     </span>
    </p>
   </div>
   <div class='ocr_carea' id='block_1_100' title="bbox 265 5371 1851 5445">
    <p class='ocr_par' dir='ltr' id='par_1_100' title="bbox 265 5371 1851 5445">
     <span class='ocr_line' id='line_1_101' title="bbox 265 5371 1851 5445; baseline 0.001 -18"><span class='ocrx_word' id='word_1_712' title='bbox 265 5371 582 5440; x_wconf 87' lang='lat' dir='ltr'><strong>conjectare</strong></span> <span class='ocrx_word' id='word_1_713' title='bbox 608 5374 710 5426; x_wconf 91' lang='lat' dir='ltr'><strong>rite</strong></span> <span class='ocrx_word' id='word_1_714' title='bbox 731 5388 1019 5443; x_wconf 88' lang='lat' dir='ltr'><strong>possumus</strong></span> <span class='ocrx_word' id='word_1_715' title='bbox 1061 5389 1185 5428; x_wconf 91' lang='lat' dir='ltr'><strong>eum</strong></span> <span class='ocrx_word' id='word_1_716' title='bbox 1204 5374 1294 5428; x_wconf 87' lang='lat' dir='ltr'><strong>vix</strong></span> <span class='ocrx_word' id='word_1_717' title='bbox 1319 5383 1441 5445; x_wconf 87' lang='lat' dir='ltr'><strong>post</strong></span> <span class='ocrx_word' id='word_1_718' title='bbox 1462 5373 1703 5428; x_wconf 89' lang='lat' dir='ltr'><strong>oblatum</strong></span> <span class='ocrx_word' id='word_1_719' title='bbox 1730 5390 1851 5444; x_wconf 87' lang='lat' dir='ltr'><strong>poe-</strong></span> 
     </span>
    </p>
   </div>
   <div class='ocr_carea' id='block_1_101' title="bbox 265 5461 1853 5535">
    <p class='ocr_par' dir='ltr' id='par_1_101' title="bbox 265 5461 1853 5535">
     <span class='ocr_line' id='line_1_102' title="bbox 265 5461 1853 5535; baseline 0.002 -20"><span class='ocrx_word' id='word_1_720' title='bbox 265 5477 355 5516; x_wconf 85' lang='lat' dir='ltr'><strong>ma</strong></span> <span class='ocrx_word' id='word_1_721' title='bbox 389 5461 496 5516; x_wconf 91' lang='lat' dir='ltr'><strong>hoc</strong></span> <span class='ocrx_word' id='word_1_722' title='bbox 523 5461 796 5519; x_wconf 90' lang='lat' dir='ltr'><strong>Ludovico</strong></span> <span class='ocrx_word' id='word_1_723' title='bbox 844 5464 1091 5535; x_wconf 81' lang='lat' dir='ltr'><strong>Augusto</strong></span> <span class='ocrx_word' id='word_1_724' title='bbox 1131 5465 1437 5520; x_wconf 87' lang='lat' dir='ltr'><strong>restitutum</strong></span> <span class='ocrx_word' id='word_1_725' title='bbox 1463 5463 1629 5519; x_wconf 87' lang='lat' dir='ltr'><strong>fuisse</strong></span> <span class='ocrx_word' id='word_1_726' title='bbox 1656 5464 1708 5517; x_wconf 92' lang='lat' dir='ltr'><strong>in</strong></span> <span class='ocrx_word' id='word_1_727' title='bbox 1736 5480 1853 5534; x_wconf 86' lang='lat' dir='ltr'><strong>gra-</strong></span> 
     </span>
    </p>
   </div>
   <div class='ocr_carea' id='block_1_102' title="bbox 267 5552 1848 5625">
    <p class='ocr_par' dir='ltr' id='par_1_102' title="bbox 267 5552 1848 5625">
     <span class='ocr_line' id='line_1_103' title="bbox 267 5552 1848 5625; baseline 0.003 -20"><span class='ocrx_word' id='word_1_728' title='bbox 267 5553 401 5606; x_wconf 78' lang='lat' dir='ltr'><strong>tiam</strong></span> <span class='ocrx_word' id='word_1_729' title='bbox 424 5552 711 5624; x_wconf 88' lang='lat' dir='ltr'><strong>principis,</strong></span> <span class='ocrx_word' id='word_1_730' title='bbox 741 5570 805 5609; x_wconf 90' lang='lat' dir='ltr'><strong>ac</strong></span> <span class='ocrx_word' id='word_1_731' title='bbox 827 5555 1022 5611; x_wconf 86' lang='lat' dir='ltr'><strong>deinde</strong></span> <span class='ocrx_word' id='word_1_732' title='bbox 1045 5570 1188 5609; x_wconf 93' lang='lat' dir='ltr'><strong>anno</strong></span> <span class='ocrx_word' id='word_1_733' title='bbox 1212 5555 1316 5611; x_wconf 72' lang='lat'><strong>854</strong></span> <span class='ocrx_word' id='word_1_734' title='bbox 1342 5555 1460 5625; x_wconf 91' lang='lat' dir='ltr'><strong>ejus</strong></span> <span class='ocrx_word' id='word_1_735' title='bbox 1482 5554 1848 5624; x_wconf 87' lang='lat' dir='ltr'><strong>integritatem</strong></span> 
     </span>
    </p>
   </div>
   <div class='ocr_carea' id='block_1_103' title="bbox 268 5646 1848 5722">
    <p class='ocr_par' dir='ltr' id='par_1_103' title="bbox 268 5646 1848 5722">
     <span class='ocr_line' id='line_1_104' title="bbox 268 5646 1848 5722; baseline 0.001 -22"><span class='ocrx_word' id='word_1_736' title='bbox 268 5662 335 5701; x_wconf 86' lang='lat' dir='ltr'><strong>ac</strong></span> <span class='ocrx_word' id='word_1_737' title='bbox 361 5646 525 5703; x_wconf 83' lang='lat' dir='ltr'><strong>ﬁdem</strong></span> <span class='ocrx_word' id='word_1_738' title='bbox 555 5649 690 5704; x_wconf 87' lang='lat' dir='ltr'><strong>adeo</strong></span> <span class='ocrx_word' id='word_1_739' title='bbox 715 5659 1057 5722; x_wconf 89' lang='lat' dir='ltr'><strong>perspectam</strong></span> <span class='ocrx_word' id='word_1_740' title='bbox 1088 5651 1274 5715; x_wconf 82' lang='lat' dir='ltr'><strong>fuisse,</strong></span> <span class='ocrx_word' id='word_1_741' title='bbox 1302 5659 1361 5705; x_wconf 86' lang='lat' dir='ltr'><strong>ut</strong></span> <span class='ocrx_word' id='word_1_742' title='bbox 1386 5666 1509 5706; x_wconf 89' lang='lat' dir='ltr'><strong>eum</strong></span> <span class='ocrx_word' id='word_1_743' title='bbox 1543 5650 1848 5706; x_wconf 73' lang='lat' dir='ltr'><strong>Ludovicus</strong></span> 
     </span>
    </p>
   </div>
   <div class='ocr_carea' id='block_1_104' title="bbox 269 5736 1846 5812">
    <p class='ocr_par' dir='ltr' id='par_1_104' title="bbox 269 5736 1846 5812">
     <span class='ocr_line' id='line_1_105' title="bbox 269 5736 1846 5812; baseline 0.006 -21"><span class='ocrx_word' id='word_1_744' title='bbox 269 5737 535 5795; x_wconf 65' lang='lat' dir='ltr'><strong>delegerit</strong></span> <span class='ocrx_word' id='word_1_745' title='bbox 574 5736 806 5804; x_wconf 77' lang='lat' dir='ltr'><strong>legatum</strong></span> <span class='ocrx_word' id='word_1_746' title='bbox 845 5741 909 5795; x_wconf 88' lang='lat' dir='ltr'><strong>ad</strong></span> <span class='ocrx_word' id='word_1_747' title='bbox 954 5741 1121 5797; x_wconf 79' lang='lat' dir='ltr'><strong>filium</strong></span> <span class='ocrx_word' id='word_1_748' title='bbox 1157 5741 1455 5812; x_wconf 84' lang='lat' dir='ltr'><strong>Pippinum.</strong></span> <span class='ocrx_word' id='word_1_749' title='bbox 1494 5742 1601 5798; x_wconf 90' lang='lat' dir='ltr'><strong>lmo</strong></span> <span class='ocrx_word' id='word_1_750' title='bbox 1632 5759 1752 5798; x_wconf 87' lang='lat' dir='ltr'><strong>cum</strong></span> <span class='ocrx_word' id='word_1_751' title='bbox 1781 5759 1846 5801; x_wconf 82' lang='lat' dir='ltr'><strong>ex</strong></span> 
     </span>
    </p>
   </div>
   <div class='ocr_carea' id='block_1_105' title="bbox 1956 4556 3539 4633">
    <p class='ocr_par' dir='ltr' id='par_1_105' title="bbox 1956 4556 3539 4633">
     <span class='ocr_line' id='line_1_106' title="bbox 1956 4556 3539 4633; baseline -0.004 -17"><span class='ocrx_word' id='word_1_752' title='bbox 1956 4569 2172 4633; x_wconf 91' lang='lat' dir='ltr'><strong>gustum</strong></span> <span class='ocrx_word' id='word_1_753' title='bbox 2226 4557 2558 4614; x_wconf 81' lang='lat' dir='ltr'><strong>Ludovicum</strong></span> <span class='ocrx_word' id='word_1_754' title='bbox 2626 4558 2694 4614; x_wconf 90' lang='lat' dir='ltr'><strong>ad</strong></span> <span class='ocrx_word' id='word_1_755' title='bbox 2756 4558 3178 4627; x_wconf 88' lang='lat' dir='ltr'><strong>recuperandam</strong></span> <span class='ocrx_word' id='word_1_756' title='bbox 3232 4556 3539 4613; x_wconf 80' lang='lat' dir='ltr'><strong>libertatem</strong></span> 
     </span>
    </p>
   </div>
   <div class='ocr_carea' id='block_1_106' title="bbox 1957 4647 3538 4719">
    <p class='ocr_par' dir='ltr' id='par_1_106' title="bbox 1957 4647 3538 4719">
     <span class='ocr_line' id='line_1_107' title="bbox 1957 4647 3538 4719; baseline -0.003 -12"><span class='ocrx_word' id='word_1_757' title='bbox 1957 4652 2198 4707; x_wconf 90' lang='lat' dir='ltr'><strong>haberet.</strong></span> <span class='ocrx_word' id='word_1_758' title='bbox 2234 4649 2340 4705; x_wconf 89' lang='lat' dir='ltr'><strong>Sed</strong></span> <span class='ocrx_word' id='word_1_759' title='bbox 2380 4665 2489 4719; x_wconf 80' lang='lat' dir='ltr'><strong>prae</strong></span> <span class='ocrx_word' id='word_1_760' title='bbox 2525 4649 2738 4705; x_wconf 69' lang='lat' dir='ltr'><strong>caeteris</strong></span> <span class='ocrx_word' id='word_1_761' title='bbox 2775 4649 3105 4719; x_wconf 90' lang='lat' dir='ltr'><strong>imperatrici</strong></span> <span class='ocrx_word' id='word_1_762' title='bbox 3153 4647 3338 4703; x_wconf 71' lang='lat' dir='ltr'><strong>Iudith</strong></span> <span class='ocrx_word' id='word_1_763' title='bbox 3384 4648 3538 4703; x_wconf 88' lang='lat' dir='ltr'><strong>blan-</strong></span> 
     </span>
    </p>
   </div>
   <div class='ocr_carea' id='block_1_107' title="bbox 1960 4738 3537 4809">
    <p class='ocr_par' dir='ltr' id='par_1_107' title="bbox 1960 4738 3537 4809">
     <span class='ocr_line' id='line_1_108' title="bbox 1960 4738 3537 4809; baseline -0.003 -11"><span class='ocrx_word' id='word_1_764' title='bbox 1960 4744 2194 4798; x_wconf 90' lang='lat' dir='ltr'><strong>dientem</strong></span> <span class='ocrx_word' id='word_1_765' title='bbox 2223 4741 2641 4803; x_wconf 87' lang='lat' dir='ltr'><strong>animadvertas,</strong></span> <span class='ocrx_word' id='word_1_766' title='bbox 2666 4755 2827 4809; x_wconf 89' lang='lat' dir='ltr'><strong>quam</strong></span> <span class='ocrx_word' id='word_1_767' title='bbox 2855 4738 3103 4795; x_wconf 82' lang='lat' dir='ltr'><strong>laudibus</strong></span> <span class='ocrx_word' id='word_1_768' title='bbox 3131 4748 3339 4804; x_wconf 88' lang='lat' dir='ltr'><strong>onerat,</strong></span> <span class='ocrx_word' id='word_1_769' title='bbox 3369 4748 3424 4794; x_wconf 90' lang='lat' dir='ltr'><strong>et</strong></span> <span class='ocrx_word' id='word_1_770' title='bbox 3442 4753 3537 4794; x_wconf 92' lang='lat' dir='ltr'><strong>cu-</strong></span> 
     </span>
    </p>
   </div>
   <div class='ocr_carea' id='block_1_108' title="bbox 1949 4829 3532 4903">
    <p class='ocr_par' dir='ltr' id='par_1_108' title="bbox 1949 4829 3532 4903">
     <span class='ocr_line' id='line_1_109' title="bbox 1949 4829 3532 4903; baseline -0.002 -16"><span class='ocrx_word' id='word_1_771' title='bbox 1949 4832 2040 4903; x_wconf 91' lang='lat' dir='ltr'><strong>jus</strong></span> <span class='ocrx_word' id='word_1_772' title='bbox 2078 4846 2301 4903; x_wconf 89' lang='lat' dir='ltr'><strong>puerum</strong></span> <span class='ocrx_word' id='word_1_773' title='bbox 2337 4829 2618 4895; x_wconf 84' lang='lat' dir='ltr'><strong>Carolum,</strong></span> <span class='ocrx_word' id='word_1_774' title='bbox 2668 4841 2853 4901; x_wconf 90' lang='lat' dir='ltr'><strong>postea</strong></span> <span class='ocrx_word' id='word_1_775' title='bbox 2902 4829 3119 4886; x_wconf 73' lang='lat' dir='ltr'><strong>Calvum</strong></span> <span class='ocrx_word' id='word_1_776' title='bbox 3175 4829 3532 4901; x_wconf 87' lang='lat' dir='ltr'><strong>appellatum,</strong></span> 
     </span>
    </p>
   </div>
   <div class='ocr_carea' id='block_1_109' title="bbox 1957 4922 3533 4993">
    <p class='ocr_par' dir='ltr' id='par_1_109' title="bbox 1957 4922 3533 4993">
     <span class='ocr_line' id='line_1_110' title="bbox 1957 4922 3533 4993; baseline -0.001 -14"><span class='ocrx_word' id='word_1_777' title='bbox 1957 4923 2161 4980; x_wconf 84' lang='lat' dir='ltr'><strong>Gratiis</strong></span> <span class='ocrx_word' id='word_1_778' title='bbox 2209 4922 2585 4978; x_wconf 87' lang='lat' dir='ltr'><strong>charissimum</strong></span> <span class='ocrx_word' id='word_1_779' title='bbox 2615 4922 2852 4978; x_wconf 80' lang='lat' dir='ltr'><strong>exhibet.</strong></span> <span class='ocrx_word' id='word_1_780' title='bbox 2898 4922 3228 4978; x_wconf 87' lang='lat' dir='ltr'><strong>Ludovicum</strong></span> <span class='ocrx_word' id='word_1_781' title='bbox 3270 4934 3533 4993; x_wconf 71' lang='lat' dir='ltr'><strong>prteterea</strong></span> 
     </span>
    </p>
   </div>
   <div class='ocr_carea' id='block_1_110' title="bbox 1954 5013 3534 5087">
    <p class='ocr_par' dir='ltr' id='par_1_110' title="bbox 1954 5013 3534 5087">
     <span class='ocr_line' id='line_1_111' title="bbox 1954 5013 3534 5087; baseline -0.002 -18"><span class='ocrx_word' id='word_1_782' title='bbox 1954 5015 2130 5086; x_wconf 89' lang='lat' dir='ltr'><strong>ipsum</strong></span> <span class='ocrx_word' id='word_1_783' title='bbox 2158 5029 2224 5069; x_wconf 87' lang='lat' dir='ltr'><strong>eo</strong></span> <span class='ocrx_word' id='word_1_784' title='bbox 2269 5014 2527 5068; x_wconf 88' lang='lat' dir='ltr'><strong>virtutum</strong></span> <span class='ocrx_word' id='word_1_785' title='bbox 2570 5028 2634 5069; x_wconf 91' lang='lat' dir='ltr'><strong>ac</strong></span> <span class='ocrx_word' id='word_1_786' title='bbox 2670 5014 3012 5084; x_wconf 81' lang='lat' dir='ltr'><strong>potissimum</strong></span> <span class='ocrx_word' id='word_1_787' title='bbox 3043 5013 3319 5087; x_wconf 85' lang='lat' dir='ltr'><strong>religionis</strong></span> <span class='ocrx_word' id='word_1_788' title='bbox 3372 5022 3534 5082; x_wconf 87' lang='lat' dir='ltr'><strong>atque</strong></span> 
     </span>
    </p>
   </div>
   <div class='ocr_carea' id='block_1_111' title="bbox 1952 5103 3536 5177">
    <p class='ocr_par' dir='ltr' id='par_1_111' title="bbox 1952 5103 3536 5177">
     <span class='ocr_line' id='line_1_112' title="bbox 1952 5103 3536 5177; baseline -0.004 -17"><span class='ocrx_word' id='word_1_789' title='bbox 1952 5105 2170 5177; x_wconf 88' lang='lat' dir='ltr'><strong>pietatis</strong></span> <span class='ocrx_word' id='word_1_790' title='bbox 2182 5113 2444 5162; x_wconf 91' lang='lat' dir='ltr'><strong>concentu</strong></span> <span class='ocrx_word' id='word_1_791' title='bbox 2462 5103 2724 5160; x_wconf 88' lang='lat' dir='ltr'><strong>illustrem</strong></span> <span class='ocrx_word' id='word_1_792' title='bbox 2741 5105 2811 5159; x_wconf 87' lang='lat' dir='ltr'><strong>ita</strong></span> <span class='ocrx_word' id='word_1_793' title='bbox 2828 5104 3019 5176; x_wconf 88' lang='lat' dir='ltr'><strong>pingit,</strong></span> <span class='ocrx_word' id='word_1_794' title='bbox 3038 5112 3091 5159; x_wconf 86' lang='lat' dir='ltr'><strong>ut</strong></span> <span class='ocrx_word' id='word_1_795' title='bbox 3107 5105 3264 5176; x_wconf 89' lang='lat' dir='ltr'><strong>plane</strong></span> <span class='ocrx_word' id='word_1_796' title='bbox 3280 5112 3536 5174; x_wconf 85' lang='lat' dir='ltr'><strong>appareat</strong></span> 
     </span>
    </p>
   </div>
   <div class='ocr_carea' id='block_1_112' title="bbox 1953 5193 3532 5266">
    <p class='ocr_par' dir='ltr' id='par_1_112' title="bbox 1953 5193 3532 5266">
     <span class='ocr_line' id='line_1_113' title="bbox 1953 5193 3532 5266; baseline 0.001 -18"><span class='ocrx_word' id='word_1_797' title='bbox 1953 5211 2115 5266; x_wconf 89' lang='lat' dir='ltr'><strong>quam</strong></span> <span class='ocrx_word' id='word_1_798' title='bbox 2141 5193 2290 5263; x_wconf 89' lang='lat' dir='ltr'><strong>justo</strong></span> <span class='ocrx_word' id='word_1_799' title='bbox 2321 5195 2474 5250; x_wconf 89' lang='lat' dir='ltr'><strong>titulo</strong></span> <span class='ocrx_word' id='word_1_800' title='bbox 2500 5194 2580 5250; x_wconf 92' lang='lat' dir='ltr'><strong>Pii</strong></span> <span class='ocrx_word' id='word_1_801' title='bbox 2610 5196 2895 5266; x_wconf 89' lang='lat' dir='ltr'><strong>appellatio</strong></span> <span class='ocrx_word' id='word_1_802' title='bbox 2928 5197 2982 5251; x_wconf 91' lang='lat' dir='ltr'><strong>in</strong></span> <span class='ocrx_word' id='word_1_803' title='bbox 3012 5211 3135 5251; x_wconf 93' lang='lat' dir='ltr'><strong>eum</strong></span> <span class='ocrx_word' id='word_1_804' title='bbox 3164 5193 3532 5251; x_wconf 79' lang='lat' dir='ltr'><strong>translatavel</strong></span> 
     </span>
    </p>
   </div>
   <div class='ocr_carea' id='block_1_113' title="bbox 1954 5283 3534 5354">
    <p class='ocr_par' dir='ltr' id='par_1_113' title="bbox 1954 5283 3534 5354">
     <span class='ocr_line' id='line_1_114' title="bbox 1954 5283 3534 5354; baseline -0.003 -13"><span class='ocrx_word' id='word_1_805' title='bbox 1954 5301 2020 5341; x_wconf 89' lang='lat' dir='ltr'><strong>eo</strong></span> <span class='ocrx_word' id='word_1_806' title='bbox 2055 5293 2294 5354; x_wconf 90' lang='lat' dir='ltr'><strong>tempore</strong></span> <span class='ocrx_word' id='word_1_807' title='bbox 2322 5284 2502 5340; x_wconf 75' lang='lat' dir='ltr'><strong>fuerit.</strong></span> <span class='ocrx_word' id='word_1_808' title='bbox 2532 5285 2650 5341; x_wconf 89' lang='lat' dir='ltr'><strong>Uno</strong></span> <span class='ocrx_word' id='word_1_809' title='bbox 2673 5287 2840 5341; x_wconf 87' lang='lat' dir='ltr'><strong>verbo</strong></span> <span class='ocrx_word' id='word_1_810' title='bbox 2864 5295 2947 5341; x_wconf 89' lang='lat' dir='ltr'><strong>est</strong></span> <span class='ocrx_word' id='word_1_811' title='bbox 2976 5303 3073 5343; x_wconf 88' lang='lat' dir='ltr'><strong>cur</strong></span> <span class='ocrx_word' id='word_1_812' title='bbox 3107 5287 3281 5350; x_wconf 83' lang='lat' dir='ltr'><strong>Italia,</strong></span> <span class='ocrx_word' id='word_1_813' title='bbox 3309 5283 3534 5339; x_wconf 85' lang='lat' dir='ltr'><strong>Germa-</strong></span> 
     </span>
    </p>
   </div>
   <div class='ocr_carea' id='block_1_114' title="bbox 1955 5375 3535 5450">
    <p class='ocr_par' dir='ltr' id='par_1_114' title="bbox 1955 5375 3535 5450">
     <span class='ocr_line' id='line_1_115' title="bbox 1955 5375 3535 5450; baseline -0.003 -18"><span class='ocrx_word' id='word_1_814' title='bbox 1955 5377 2042 5432; x_wconf 90' lang='lat' dir='ltr'><strong>nia</strong></span> <span class='ocrx_word' id='word_1_815' title='bbox 2084 5384 2139 5432; x_wconf 88' lang='lat' dir='ltr'><strong>et</strong></span> <span class='ocrx_word' id='word_1_816' title='bbox 2164 5376 2355 5440; x_wconf 88' lang='lat' dir='ltr'><strong>Gallia,</strong></span> <span class='ocrx_word' id='word_1_817' title='bbox 2382 5378 2578 5447; x_wconf 87' lang='lat' dir='ltr'><strong>quibus</strong></span> <span class='ocrx_word' id='word_1_818' title='bbox 2600 5386 2727 5433; x_wconf 91' lang='lat' dir='ltr'><strong>tunc</strong></span> <span class='ocrx_word' id='word_1_819' title='bbox 2748 5379 2870 5450; x_wconf 91' lang='lat' dir='ltr'><strong>pius</strong></span> <span class='ocrx_word' id='word_1_820' title='bbox 2899 5379 2987 5435; x_wconf 89' lang='lat' dir='ltr'><strong>ille</strong></span> <span class='ocrx_word' id='word_1_821' title='bbox 3009 5381 3261 5448; x_wconf 88' lang='lat' dir='ltr'><strong>princeps</strong></span> <span class='ocrx_word' id='word_1_822' title='bbox 3289 5375 3535 5431; x_wconf 87' lang='lat' dir='ltr'><strong>domina-</strong></span> 
     </span>
    </p>
   </div>
   <div class='ocr_carea' id='block_1_115' title="bbox 1954 5467 3533 5541">
    <p class='ocr_par' dir='ltr' id='par_1_115' title="bbox 1954 5467 3533 5541">
     <span class='ocr_line' id='line_1_116' title="bbox 1954 5467 3533 5541; baseline 0 -18"><span class='ocrx_word' id='word_1_823' title='bbox 1954 5469 2134 5534; x_wconf 87' lang='lat' dir='ltr'><strong>batur,</strong></span> <span class='ocrx_word' id='word_1_824' title='bbox 2167 5470 2368 5540; x_wconf 85' lang='lat' dir='ltr'><strong>gratias</strong></span> <span class='ocrx_word' id='word_1_825' title='bbox 2391 5510 2405 5534; x_wconf 92' lang='lat'><strong>,</strong></span> <span class='ocrx_word' id='word_1_826' title='bbox 2449 5485 2649 5539; x_wconf 85' lang='lat' dir='ltr'><strong>easque</strong></span> <span class='ocrx_word' id='word_1_827' title='bbox 2690 5472 2950 5541; x_wconf 88' lang='lat' dir='ltr'><strong>plurimas</strong></span> <span class='ocrx_word' id='word_1_828' title='bbox 2972 5472 3208 5526; x_wconf 87' lang='lat' dir='ltr'><strong>habeant</strong></span> <span class='ocrx_word' id='word_1_829' title='bbox 3247 5467 3533 5537; x_wconf 84' lang='lat' dir='ltr'><strong>Augustis-</strong></span> 
     </span>
    </p>
   </div>
   <div class='ocr_carea' id='block_1_116' title="bbox 1954 5559 3534 5635">
    <p class='ocr_par' dir='ltr' id='par_1_116' title="bbox 1954 5559 3534 5635">
     <span class='ocr_line' id='line_1_117' title="bbox 1954 5559 3534 5635; baseline 0 -20"><span class='ocrx_word' id='word_1_830' title='bbox 1954 5560 2092 5616; x_wconf 92' lang='lat' dir='ltr'><strong>simo</strong></span> <span class='ocrx_word' id='word_1_831' title='bbox 2116 5559 2315 5617; x_wconf 70' lang='lat' dir='ltr'><strong>thsari</strong></span> <span class='ocrx_word' id='word_1_832' title='bbox 2339 5561 2532 5617; x_wconf 75' lang='lat' dir='ltr'><strong>(Iarolo</strong></span> <span class='ocrx_word' id='word_1_833' title='bbox 2552 5560 2643 5629; x_wconf 83' lang='lat' dir='ltr'><strong>Vl,</strong></span> <span class='ocrx_word' id='word_1_834' title='bbox 2684 5563 2816 5618; x_wconf 92' lang='lat' dir='ltr'><strong>nulli</strong></span> <span class='ocrx_word' id='word_1_835' title='bbox 2850 5561 3270 5635; x_wconf 72' lang='lat' dir='ltr'><strong>prtecedentium</strong></span> <span class='ocrx_word' id='word_1_836' title='bbox 3305 5559 3534 5631; x_wconf 79' lang='lat' dir='ltr'><strong>impera-</strong></span> 
     </span>
    </p>
   </div>
   <div class='ocr_carea' id='block_1_117' title="bbox 1954 5652 3529 5725">
    <p class='ocr_par' dir='ltr' id='par_1_117' title="bbox 1954 5652 3529 5725">
     <span class='ocr_line' id='line_1_118' title="bbox 1954 5652 3529 5725; baseline 0.003 -18"><span class='ocrx_word' id='word_1_837' title='bbox 1954 5662 2129 5708; x_wconf 90' lang='lat' dir='ltr'><strong>torum</strong></span> <span class='ocrx_word' id='word_1_838' title='bbox 2160 5652 2399 5725; x_wconf 88' lang='lat' dir='ltr'><strong>pietate,</strong></span> <span class='ocrx_word' id='word_1_839' title='bbox 2461 5652 2777 5711; x_wconf 82' lang='lat' dir='ltr'><strong>fortitudine</strong></span> <span class='ocrx_word' id='word_1_840' title='bbox 2827 5660 2880 5709; x_wconf 89' lang='lat' dir='ltr'><strong>et</strong></span> <span class='ocrx_word' id='word_1_841' title='bbox 2934 5652 3215 5722; x_wconf 88' lang='lat' dir='ltr'><strong>prudentia</strong></span> <span class='ocrx_word' id='word_1_842' title='bbox 3259 5655 3529 5719; x_wconf 80' lang='lat' dir='ltr'><strong>secundo,</strong></span> 
     </span>
    </p>
   </div>
   <div class='ocr_carea' id='block_1_118' title="bbox 1952 5742 3532 5820">
    <p class='ocr_par' dir='ltr' id='par_1_118' title="bbox 1952 5742 3532 5820">
     <span class='ocr_line' id='line_1_119' title="bbox 1952 5742 3532 5820; baseline 0.003 -24"><span class='ocrx_word' id='word_1_843' title='bbox 1952 5744 2092 5815; x_wconf 82' lang='lat' dir='ltr'><strong>quod</strong></span> <span class='ocrx_word' id='word_1_844' title='bbox 2123 5744 2483 5809; x_wconf 84' lang='lat' dir='ltr'><strong>concesserit;</strong></span> <span class='ocrx_word' id='word_1_845' title='bbox 2526 5743 2888 5820; x_wconf 73' lang='lat' dir='ltr'><strong>illustrissimo</strong></span> <span class='ocrx_word' id='word_1_846' title='bbox 2934 5742 3199 5811; x_wconf 83' lang='lat' dir='ltr'><strong>Garellio,</strong></span> <span class='ocrx_word' id='word_1_847' title='bbox 3250 5746 3390 5809; x_wconf 84' lang='lat' dir='ltr'><strong>quod</strong></span> <span class='ocrx_word' id='word_1_848' title='bbox 3434 5746 3532 5800; x_wconf 79' lang='lat' dir='ltr'><strong>ini-</strong></span> 
     </span>
    </p>
   </div>
  </div>
