3856 6190
305 295 389 349 569

1158 296 1245 351 DE
1282 297 1510 355 REBUS
1549 299 1790 356 GESTIS
1824 303 2144 361 LUDOVICI
2179 307 2284 362 PII.
2325 340 2394 349 —
2429 311 2554 365 LIB.
2588 313 2620 365 I.

3400 323 3506 378 570

338 421 3496 463 ..______________________________________

312 4145 621 4216 flnscriptio
647 4161 676 4200 a
698 4143 930 4200 secunda
952 4159 1114 4198 manu
1142 4146 1404 4216 apposita.

309 4212 331 4252 δ
358 4212 658 4270 Tenebroso
693 4216 858 4269 verbo
908 4229 1003 4269 sua
1033 4212 1308 4269 exorditur
1331 4213 1630 4269 Ermoldus.
1681 4212 1786 4269 Pro

254 4285 456 4337 tonditor
491 4295 750 4355 usurpata
799 4300 902 4338 vox
947 4285 1158 4355 videtur
1185 4324 1199 4346 ,
1250 4299 1554 4354 quanquam
1607 4285 1786 4355 potius
1887 4281 2362 4355 1110010111,ςο0111111
2390 4285 2551 4355 corda
2576 4286 2946 4344 obtenebravit
2976 4289 3161 4346 Satan.

251 4355 462 4422 suspicor
489 4371 587 4426 pro
615 4353 784 4408 editor
823 4355 1080 4426 scriptum
1125 4353 1354 4426 fuissea
1381 4362 1538 4426 poeta
1581 4353 1781 4426 editus,

248 4422 615 4534 1anteditefpro
637 4434 808 4488 natus,
832 4422 949 4479 sive
981 4433 1118 4478 nate.
1156 4423 1206 4478 Is
1228 4422 1675 4478 enim’Christum
1703 4423 1784 4477 al-

261 4502 451 4534 (1111111111-

261 4502 469 4560 (lquitur.

300 4573 316 4600 τ
349 4563 450 4618 Pro
474 4563 754 4634 postulato.
783 4562 924 4618 Infra
972 4563 1136 4619 habet
1177 4563 1376 4633 pectine
1413 4578 1597 4630 parvo,
1619 4562 1693 4615 ita
1723 4571 1783 4616 ut

246 4624 294 4680 ἀρ
311 4647 368 4687 ea
398 4624 525 4688 voce
551 4635 809 4687 dubitem.

1117 560 1581 645 EBMOLDI
1639 568 2066 648 NIGELLI
2139 573 2703 654 PROLOGUS.

1379 741 1720 817 REGIA
1778 745 2272 818 EBMOLDI
2344 746 2402 820 ³.

1665 883 2124 898 -ῇ

1043 933 1084 988 Ε
1124 933 1268 992 ditor
1299 936 1348 1002 ιι,
1376 939 1607 993 mtherea
1635 942 1882 1009 splendes
1908 943 1998 1012 qui
2027 943 2202 997 Patris
2226 943 2279 995 in
2310 958 2403 998 are
2657 945 2697 998 E

1033 1027 1079 1080 R
1117 1040 1340 1098 egnator
1369 1033 1582 1098 mundi,
1614 1034 1924 1104 fautorque,
1959 1037 2304 1106 Redemptor,
2333 1045 2388 1092 et
2413 1045 2570 1092 aucto
2648 1038 2694 1093 R

1026 1121 1075 1176 Μ
1113 1124 1314 1179 ilitibus
1339 1127 1513 1196 dignis
1541 1144 1752 1183 reseras
1781 1131 1868 1198 qui
1892 1144 2054 1200 regna
2081 1131 2267 1199 poloru
2657 1130 2708 1183 M

1028 1213 1071 1266 Ο
1109 1213 1202 1267 11111
1229 1216 1510 1272 conclusos
1532 1219 1687 1288 culpa
1715 1222 1975 1290 parientis
2003 1222 2179 1275 Avern
2655 1222 2699 1277 Ο

1031 1303 1072 1357 L
1111 1306 1309 1360 uminis
1343 1309 1530 1361 aeterni
1555 1310 1766 1363 revehis
1792 1310 1883 1378 qui
1916 1310 2128 1365 Christe
2153 1311 2366 1364 tribuna
2656 1311 2677 1364 I

1025 1391 1068 1444 D
1106 1394 1226 1448 avid
1254 1395 1612 1464 psalmicanus
1634 1413 1877 1468 prtesaga
1905 1399 2167 1453 carminis
2198 1399 2291 1452 illu
2648 1401 2691 1454 D

1023 1481 1071 1533 ν
1101 1498 1199 1537 oce
1227 1485 1374 1551 prius
1399 1486 1701 1552 modulans,
1727 1487 1926 1541 dudum
1950 1489 2194 1543 miranda
2226 1489 2361 1544 relat
2646 1490 2690 1544 U

1029 1570 1068 1623 S
1105 1586 1230 1625 acra
1258 1570 1565 1628 futurorum
1588 1576 1680 1644 qui
1707 1578 1973 1645 prompsit
2001 1579 2250 1648 dogmata
2281 1589 2408 1635 vate
2646 1581 2685 1634 S

1028 1659 1069 1715 C
1106 1659 1262 1716 onfer
1284 1665 1566 1730 rustieulo,
1597 1682 1702 1735 quo
1722 1668 1924 1736 possim
1954 1667 2187 1724 Cmsaris
2220 1669 2273 1722 in
2302 1657 2372 1724 ho
2637 1671 2677 1726 C

1020 1756 1062 1810 E
1100 1758 1251 1812 ximii
1281 1760 1473 1829 exiguo
1506 1762 1845 1817 modulanter
1870 1765 2080 1833 poscite
2104 1773 2126 1802 ο
2148 1765 2219 1817 rit
2637 1766 2678 1820 Ε

1020 1846 1062 1900 C
1100 1849 1309 1904 armine
1341 1857 1488 1920 gesta
1518 1851 1684 1921 loqui.
1719 1850 1995 1924 Nymphas
2020 1870 2127 1909 non
2149 1855 2412 1923 deprecor
2443 1857 2548 1910 istu
2633 1856 2674 1911 C

1023 1939 1042 1993 l
1081 1942 1234 1995 nsani
1261 1943 1528 2011 quondam
1558 1951 1618 1997 ut
1639 1944 1803 2013 prisci
1832 1943 2008 1999 fecere
2041 1945 2182 2014 perit
2643 1947 2664 2000 l

1017 2030 1063 2084 N
1095 2047 1159 2087 ec
1185 2049 1315 2104 rogo
1341 2034 1602 2098 Pierides,
1632 2047 1733 2090 nec
1761 2034 1950 2090 thbi
1984 2037 2199 2090 tramite
2220 2034 2245 2074 ἀ
2277 2035 2402 2091 111110
2635 2036 2681 2091 Ν

1031 2124 1051 2178 I
1089 2124 1343 2194 ngrediar
1367 2133 1623 2195 capturus
1651 2141 1831 2195 opem,
1855 2141 1957 2180 nec
1983 2124 2245 2194 Apollinis
2263 2125 2370 2179 alm
2641 2128 2662 2182 1

1015 2216 1070 2270 Τ
1094 2216 1200 2270 alia
1223 2233 1342 2273 cum
1370 2217 1604 2274 facerem
1635 2230 1680 2285 ε,
1705 2235 1839 2288 quos
1864 2234 2001 2273 vana
2029 2218 2220 2287 peritia
2242 2219 2345 2273 lusi
2628 2219 2672 2276 Τ

1020 2309 1063 2363 11
1098 2310 1313 2365 orridus
1335 2319 1390 2365 et
1413 2319 1551 2364 teter
1573 2311 1837 2380 depressit
1860 2313 2019 2367 corda
2049 2311 2314 2367 Vehemot
2346 2311 2364 2348 ί
2623 2311 2668 2366 II

1011 2399 1052 2454 L
1091 2400 1254 2455 imina
1282 2399 1475 2454 siderei
1503 2401 1681 2470 potius
1702 2411 1827 2470 peto
1853 2400 2093 2465 luminis,
2121 2407 2182 2454 ut
2213 2398 2286 2454 So
2622 2400 2665 2454 L

1013 2492 1056 2546 v
1091 2506 1217 2547 erus
1235 2489 1461 2558 iustitiae
1491 2491 1742 2562 dignetur
1763 2492 1904 2546 dona
1929 2497 2116 2560 precat
2147 2477 2154 2484 '
2617 2491 2663 2548 U

1011 2581 1053 2636 D
1092 2583 1252 2638 edere
1277 2602 1288 2636 :
1312 2599 1546 2653 namque
1570 2581 1700 2637 mihi
1724 2598 1831 2636 non
1855 2581 2038 2654 ﬂagito
2057 2582 2306 2637 versibus
2327 2583 2450 2649 hoc,
2471 2598 2579 2652 quo
2616 2584 2662 2637 D

1001 2674 1044 2729 Ο
1082 2675 1228 2728 mnia
1256 2683 1529 2746 gestorum
1559 2687 1873 2744 percurram
1899 2672 2113 2740 pectine
2138 2687 2273 2741 parv
2617 2671 2662 2727 Ο

1019 2763 1040 2817 l
1077 2780 1110 2818 n
1142 2765 1337 2833 quibus
1363 2773 1417 2818 et
1450 2763 1630 2834 magni
1654 2769 1881 2831 possunt
1911 2775 2126 2816 cessare
2156 2762 2181 2800 ⁸
2204 2761 2428 2830 magistr
2638 2763 2657 2816 l

1003 2852 1042 2906 C
1080 2867 1337 2907 aesaream
1367 2851 1583 2907 ﬂectant
1609 2853 1802 2916 aciem,
1829 2851 1922 2906 sed
1943 2850 2194 2905 cantibus
2221 2851 2326 2905 huc
2353 2851 2423 2904 hu
2619 2850 2659 2905 C

1014 2945 1035 2998 l
1073 2944 1307 3013 ncipiam
1334 2942 1627 2997 celebrare.
1653 2941 1797 2996 Fave
1824 2943 2001 3006 modo,
2024 2941 2258 3004 Christe,
2283 2949 2507 3009 precant
2630 2942 2652 2996 l

1001 3033 1042 3090 C
1081 3035 1307 3097 armina,
1332 3048 1418 3087 me
1447 3033 1638 3088 exsilio
1667 3048 1766 3102 pro
1793 3033 1914 3101 quis
1944 3046 2087 3084 nunc
2112 3031 2372 3100 principis
2400 3031 2468 3084 ab
2495 3032 2566 3087 110
2603 3031 2646 3087 C

1009 3125 1054 3178 Δ
1091 3124 1314 3179 111111111111
1336 3125 1640 3178 miserando
1666 3123 1822 3186 levet,
1849 3121 1938 3189 qui
1968 3121 2144 3175 celsus
2169 3121 2221 3173 in
2251 3121 2338 3174 aul
2605 3123 2652 3176 Α

1008 3214 1052 3268 Ε
1089 3216 1213 3285 rigit
1240 3216 1500 3284 abjeetos,
1526 3214 1704 3282 parcit
1728 3214 2096 3284 peccantibus,
2121 3221 2250 3282 atqu
2614 3215 2658 3290 β

1011 3304 1050 3358 S
1083 3303 1260 3375 pargit
1281 3304 1334 3356 in
1365 3304 1689 3356 immensum
1715 3303 1848 3356 clari
1883 3303 1998 3356 vice
2031 3302 2232 3355 lumina
2263 3301 2361 3356 soli
2606 3303 2647 3358 S

999 3396 1046 3451 Α
1079 3395 1153 3448 lta
1183 3394 1325 3464 regis
1346 3393 1546 3448 Christi
1569 3392 1821 3462 princeps
1848 3393 1938 3461 qui
1967 3392 2200 3446 maxime
2229 3401 2410 3461 sceptr
2608 3393 2655 3447 Α

997 3487 1045 3541 R
1079 3502 1147 3540 ex
1171 3485 1442 3540 Ludovice
1481 3484 1584 3553 pie,
1611 3490 1664 3537 et
1691 3482 1911 3552 pietatis
1947 3496 2170 3535 munere
2207 3480 2358 3536 Caesa
2603 3480 2649 3534 Β

1002 3578 1022 3632 1
1057 3577 1264 3648 nsignis
1293 3576 1494 3640 meriti,
1518 3575 1812 3644 praeclarus
1842 3573 2092 3644 dogmate
2119 3575 2303 3628 Christ
2618 3575 2638 3629 I

990 3669 1028 3724 S
1066 3669 1250 3737 uscipe
1274 3675 1570 3738 gratanter,
1601 3665 1806 3737 profert
1836 3681 1955 3734 quae
1982 3667 2119 3721 dona
2146 3666 2350 3737 Nigellu
2609 3668 2647 3723 S

989 3757 1035 3812 Α
1071 3759 1275 3812 1181111118
1305 3758 1334 3796 h
1365 3765 1484 3811 acta
1509 3765 1687 3810 tamen
1716 3755 1805 3826 qui
1836 3764 2054 3827 tangere
2074 3759 2313 3813 carmine
2336 3767 2483 3814 vestr
2601 3761 2647 3812 A

987 3849 1033 3904 R
1069 3849 1183 3918 egis
1210 3849 1279 3902 ob
1301 3847 1488 3902 aeterni
1510 3855 1690 3900 vestro
1714 3846 1805 3914 qui
1829 3854 2048 3914 pectore
2072 3860 2254 3916 sempe
2601 3849 2648 3903 11

995 3937 1044 3992 Μ
1079 3939 1222 3993 ansit
1250 3953 1423 3992 amor.
1447 3936 1628 3992 Cresar
1656 3935 1917 3990 famulum
1944 3936 2180 3992 relevate
2203 3937 2428 3994 cadente
2597 3939 2647 3994 M

1002 4028 1049 4083 A
1087 4030 1343 4086 ltitonans
1367 4029 1617 4086 Christus
1637 4045 1734 4085 vos
1756 4044 1863 4098 quo
1889 4031 2143 4086 sublimet
2171 4032 2225 4086 in
2252 4035 2392 4088 101111
2598 4036 2664 4090 Α.

1885 4491 2065 4564 gorice
2103 4502 2227 4547 sunt
2249 4491 2607 4564 interpretati.

296 4699 316 4771 fi
346 4701 662 4758 Lambecius
681 4703 846 4757 edidit
868 4702 1058 4757 lumen.
1083 4701 1153 4756 At
1177 4717 1280 4757 ms.
1304 4702 1471 4756 codex
1495 4699 1780 4755 manifeste
1886 4715 2056 4771 quens
2079 4699 2326 4768 tahgere?

245 4760 376 4824 habet
406 4774 561 4826 limen
593 4786 610 4822 :
641 4787 815 4841 neque
860 4774 1016 4827 aliter
1051 4773 1329 4842 legendum
1374 4771 1661 4842 persuadet
1699 4771 1780 4822 in-

1812 4146 1864 4204 A
1887 4145 2098 4217 grediiar
2119 4149 2495 4217 subsequentis
2523 4163 2728 4204 versus.

1965 4225 1988 4252 ε
2025 4216 2138 4270 lmo
2165 4216 2432 4285 facerent,
2483 4226 2543 4269 ut
2588 4219 2656 4270 sit
2681 4233 3056 4276 sensuszcum
3103 4221 3306 4280 ethnici
3357 4225 3463 4282 hoc

1962 4352 1983 4389 ί
2015 4352 2122 4407 Pro
2151 4353 2452 4418 Beliemoth,
2499 4354 2551 4408 id
2580 4364 2663 4410 est
2698 4357 2981 4414 diabolus:
3016 4361 3088 4414 ita
3132 4361 3274 4416 enim
3319 4364 3459 4420 hanc

1884 4422 2112 4500 bestiam
2143 4440 2172 4477 a
2195 4422 2489 4500 scripturis
2513 4426 2682 4500 sacris
2703 4438 3059 4484 memoratam
3085 4440 3294 4488 veteres
3321 4433 3455 4488 alle-

1959 4562 1984 4638 ἕ
2006 4561 2110 4638 Pro
2132 4564 2367 4638 deﬁcere.
2390 4561 2626 4634 Scripsit
2651 4565 2880 4638 fortasse
2903 4566 3140 4638 Nigellus
3167 4580 3384 4626 certare.

1954 4631 1982 4670 ιι
2005 4630 2087 4686 An
2137 4630 2322 4706 potius
2362 4630 2544 4701 ausus,
2575 4634 2716 4706 quod
2747 4630 3225 4706 poscere'videtur
3270 4641 3457 4696 subse-

248 4885 3445 4926 \——___——_——__—_—______—_____—____-

211 5553 480 5646 Augustos
503 5576 693 5644 opibus
723 5577 961 5632 celebres
989 5574 1250 5645 praecellis
1277 5585 1331 5628 et
1355 5576 1538 5640 armis,

291 5669 386 5722 Sed
416 5669 681 5724 Lcnovicc
712 5669 804 5724 Dei
831 5669 1010 5724 Czesar
1039 5683 1222 5722 amore
1251 5668 1437 5738 magis.

1203 5024 1830 5137 ERMOLDI
1914 5020 2476 5134 NIGELLI

406 5214 788 5278 CARMINIS
828 5219 907 5280 IN
951 5217 1345 5279 HONOREM
1388 5216 1770 5280 LUDOVICI
1811 5215 2477 5279 CHRISTIANISSIMI
2519 5217 2872 5283 CIESARIS
2911 5221 3251 5285 AUGUSTI

1203 5373 1502 5453 LIBER
1561 5374 1956 5453 INCIPIT
2029 5369 2442 5450 PRIMUS.

1648 5508 2016 5526 ἡ

2563 5895 2592 5918 κ

1807 5581 1853 5640 Β
1882 5575 2145 5644 Principis
2169 5584 2295 5646 Opto
2325 5575 2470 5646 loqui
2500 5576 2766 5646 praeconia
2791 5572 3124 5646 promptulus
3147 5572 3269 5628 almi
3299 5593 3312 5630 :

1950 5667 2207 5726 Conferat
2233 5667 2606 5738 Omnipotens,
2628 5667 2718 5738 qui
2747 5666 2908 5731 valet,
2936 5679 3085 5720 arma
3115 5664 3264 5720 mihi.
