3856 6190
418 331 517 386 5η

414 443 645 498 Ctesarls
671 440 924 511 armigeri
952 453 1119 494 conor
1149 437 1452 493 describere
1483 445 1656 508 gesta,

486 533 616 600 Quae
646 531 835 586 recitat
866 529 1059 583 merito
1092 527 1324 582 mundus
1353 542 1536 582 amore
1563 511 1678 597 pio.

413 617 578 677 Forte
601 621 738 675 foret
765 620 933 674 satius
959 618 1151 687 cmptis
1179 617 1428 672 insistere
1456 617 1636 681 rebus,

486 713 748 782 Plangere
778 709 959 764 delicti
989 717 1140 779 gesta
1173 708 1403 762 nefanda
1435 709 1560 762 mei.

414 805 552 860 Cum
581 805 682 858 sim
710 802 1017 863 rusticulus,
1052 801 1226 856 norim
1254 816 1356 855 nec
1381 801 1615 856 claustra
1639 801 1911 867 Camente,

487 895 598 951 Nec
621 895 820 966 possim
852 902 1094 963 comptos
1118 909 1364 962 promere
1392 894 1446 947 in
1478 903 1594 948 arte
1625 895 1831 948 modos.

417 988 523 1044 Sed
551 1003 637 1042 me
665 994 1011 1042 cunctantem
1036 985 1242 1040 refovet
1265 982 1556 1041 clementia'
1575 986 1755 1058 Regis,

487 1077 793 1146 Qui,potius
818 1085 1021 1139 votum,
1051 1090 1272 1129 munera
1303 1090 1465 1144 quam
1492 1077 1705 1144 recipit.

414 1165 571 1236 Cogit
593 1175 649 1221 et
675 1166 948 1230 exsilium,
980 1164 1171 1229 fateor,
1199 1180 1296 1218 nos
1324 1165 1448 1218 talia
1475 1176 1751 1231 nostrum;

487 1257 904 1325 Muneribusque
933 1270 1124 1310 carens
1151 1256 1368 1326 porrigo
1393 1271 1513 1325 quae
1542 1257 1672 1310 mihi
1702 1267 1842 1312 sunt.

416 1346 532 1402 Non
562 1363 662 1418 ego
695 1355 970 1417 gestorum
1005 1362 1102 1416 per
1131 1346 1339 1416 singula
1369 1363 1595 1416 qureque
1625 1364 1899 1403 recurram
1932 1369 1944 1402 :

490 1437 598 1491 Nec
625 1437 726 1500 fas,
757 1452 858 1491 nec
885 1436 1029 1506 potis
1056 1444 1158 1500 est,
1191 1451 1290 1490 nec
1319 1436 1462 1489 valet
1488 1437 1784 1506 ingenium.

419 1526 477 1580 Si
507 1526 673 1589 Maro,
702 1525 862 1590 Naso,
894 1525 1048 1588 Cato,
1076 1526 1320 1590 Flaccus,
1350 1526 1621 1591 Lucanus,
1651 1527 1938 1591 Homerus,

489 1614 718 1678 Tullius,
746 1623 799 1668 et
827 1615 1006 1670 Macer
1032 1627 1085 1680 δ,
1109 1614 1320 1682 Cicero,
1352 1615 1464 1671 sive
1497 1616 1679 1681 Plato;

421 1704 690 1768 Sedulius,
718 1720 815 1758 nec
838 1719 943 1758 non
972 1703 1315 1769 Prudentius,
1341 1714 1503 1775 atque
1531 1704 1820 1774 Iuvencus,

489 1797 593 1850 Seu
618 1797 963 1863 Fortunatus,
993 1798 1225 1867 Prosper
1249 1808 1303 1854 et
1335 1800 1446 1869 ipse
1475 1801 1614 1856 foret
1644 1822 1657 1856 :

418 1888 610 1943 Omnia
636 1888 856 1944 famosis
881 1891 971 1943 vix
992 1899 1212 1957 possent
1237 1892 1469 1947 condere
1495 1895 1717 1958 chartis,

488 1976 664 2046 Atque
693 1994 849 2033 suum
878 1980 1090 2034 celebre
1119 1981 1245 2035 hinc
1272 1982 1547 2051 duplicare
1576 1987 1761 2041 melos.

417 2065 516 2122 Ast
540 2084 638 2139 ego
666 2069 828 2123 lintre
858 2071 976 2124 rudi
1009 2072 1208 2127 rimoso
1236 2074 1417 2128 navita
1445 2091 1594 2132 remo

490 2161 740 2218 lmmensi
764 2164 934 2234 pelagi
959 2165 1059 2220 hoc
1081 2165 1109 2204 ι)
1132 2181 1316 2234 aequor
1346 2166 1496 2220 adire
1526 2168 1666 2223 volo.

423 2253 654 2308 Dextera
683 2270 801 2322 quae
827 2255 1045 2310 Petrum
1071 2255 1234 2311 fluctu
1259 2266 1548 2327 superante
1574 2259 1804 2325 fidelem,

493 2343 571 2398 Ne
594 2355 804 2412 pereat,
833 2345 1055 2412 relevat,
1081 2347 1284 2402 addidit
1309 2358 1472 2418 atque
1501 2351 1627 2415 rati,

423 2435 548 2490 Haec
575 2451 661 2489 me
689 2437 1018 2507 przecipitem
1040 2449 1217 2493 servet
1247 2441 1553 2497 miserando
1576 2458 1675 2512 per
1700 2445 1896 2511 undas,

491 2529 748 2584 Conferat
776 2529 842 2583 ad
871 2538 1108 2600 portum,
1139 2531 1321 2587 Caesar
1348 2534 1547 2603 opime,
1580 2543 1790 2590 tuum.‘

420 2617 539 2672 Jam
571 2619 702 2673 mihi
734 2635 953 2675 carmen
979 2629 1068 2674 eat
1094 2621 1348 2677 Ludovici
1379 2639 1628 2694 promere
1645 2635 1830 2695 gesta,

495 2709 777 2779 Paucaque
804 2712 869 2766 de
898 2712 1080 2768 multis
1108 2715 1300 2784 pagina
1326 2724 1510 2769 nostra
1541 2715 1700 2786 legat.

424 2799 687 2870 Tempore
714 2801 1045 2856 Francorum
1071 2803 1247 2858 Caroli
1277 2805 1403 2858 dum
1432 2814 1644 2876 sceptra
1671 2807 1941 2875 vigebant,

424 2999 437 3010 _
490 2943 516 2970 ι
554 2930 734 3010 innuit
759 2932 1036 2986 xEmilium
1057 2933 1309 3010 Macrum
1337 2937 1611 3010 antiquum
1644 2947 1876 3010 poetam,
1903 2957 2000 2994 cu-

419 3003 507 3075 jus
545 3003 814 3075 carmina,
855 3019 999 3075 nunc
1032 3005 1348 3075 deperdita,
1396 3003 1853 3075 fortasse'Nigelli
1887 3025 2002 3064 :evo

423 3072 599 3144 adhuc
630 3071 898 3126 vivebant.
943 3072 1047 3144 Sed
1084 3074 1200 3127 vide
1212 3074 1534 3144 licentiam,
1578 3092 1670 3130 seu
1709 3071 1888 3144 potius
1919 3081 1998 3133 in-

422 3121 649 3193 ῖέίὲίὶῖεῐιιί
668 3121 1197 3210 remeamus;
1209 3121 1534 3208 11123;";
1559 3121 1995 3204 513253283.-
2025 3121 2070 3182 c

422 3211 576 3277 quasi
601 3211 736 3264 alter
757 3227 787 3264 a
816 3210 1074 3267 Cicerone
1099 3212 1302 3267 Tullius
1326 3213 1481 3269 foret.
1509 3215 1782 3270 Poeticum
1813 3217 1997 3272 florem

422 3281 698 3358 certenhoc
724 3295 828 3358 non
856 3281 1111 3358 dixeris.“
1273 3333 1305 3358 ο

494 3349 520 3387 ι’
558 3349 775 3403 Recenti
803 3365 964 3404 manu
991 3351 1230 3406 additum
1261 3349 1642 3409 manuscrinto.

446 3491 461 3495 _
494 3428 517 3495 ς
557 3418 711 3495 ginno
746 3419 869 3495 7_8i,
891 3421 983 3495 uti
1015 3421 1211 3495 legitur
1237 3422 1301 3495 in
1338 3418 1634 3495 Annalibus
1664 3425 1997 3481 Francorum

422 3488 733 3559 liginhardi,
761 3488 1102 3554 Bertinianis,
1127 3501 1178 3546 et
1203 3491 1343 3556 aliis,
1373 3508 1492 3547 cum
1521 3493 1746 3549 Romam
1775 3495 1999 3552 Carolus

422 3560 645 3630 Magnus
674 3575 778 3630 una
805 3575 926 3615 cum
959 3559 1082 3615 filiis
1107 3561 1380 3630 profectus
1406 3561 1614 3628 fuisset,
1648 3565 1717 3618 ibi
1754 3582 1772 3614 ι
1807 3564 2000 3619 Adria-

423 3629 529 3685 nus
552 3629 790 3702 pontifex
818 3629 1121 3702 baptizavit
1140 3631 1306 3686 filium
1336 3631 1451 3702 ejus
1478 3632 1784 3702 Pippinum,
1817 3637 2000 3690 unxit-

421 3717 526 3767 que
566 3701 620 3754 in
659 3714 859 3769 regem.
909 3699 1074 3754 Unxit
1115 3702 1277 3754 etiam
1315 3699 1373 3754 et
1406 3699 1732 3757 Ludovieum
1775 3703 1998 3760 fratrem

421 3770 556 3842 ejus,
598 3770 794 3842 quibus
833 3777 1183 3842 et_co_ronam_
1223 3769 1492 3842 imposuit.
1531 3771 1769 3838 Quorum
1802 3773 1997 3842 major,

425 3840 476 3891 id
501 3847 585 3913 est
609 3836 957 3913 Pippinus,_in
984 3836 1376 3913 Langobardia,
1403 3836 1580 3913 minor
1599 3857 1726 3895 vero
1750 3843 1800 3896 in
1833 3836 1998 3913 Aqui;

423 3907 567 3959 tania
600 3922 696 3960 rex
725 3907 1049 3980 constitutus
1071 3916 1170 3980 est.
1203 3926 1221 3959 ι
1255 3907 1442 3980 Itaque
1475 3911 1542 3964 ab
1575 3925 1639 3980 eo
1671 3927 1812 3966 anno
1839 3907 1997 3980 poeta

423 3991 575 4028 suam
611 3976 977 4030 narrationem
1015 3977 1244 4030 orditur.
1285 3975 1468 4045 Neque
1497 3979 1642 4034 enim
1677 3975 1995 4038 divisionem

422 4061 708 4116 regnorum
741 4045 1002 4128 a‘Carolo
1035 4046 1231 4101 factam
1269 4063 1412 4102 anno
1449 4048 1552 4102 806
1588 4049 1887 4121 designari,
1931 4069 1994 4108 ea

421 4131 540 4186 qum
567 4123 864 4183 sequuntur
891 4123 1164 4171 evincunt.

489 4184 515 4223 ά
554 4183 962 4257 ld._e§t__Carolo_
991 4186 1346 4257 primogenito
1377 4186 1543 4254 ipsius
1576 4187 1751 4243 Caroli
1790 4189 1990 4257 Magni,

420 4269 579 4333 quem
596 4254 657 4333 _ei
675 4253 1018 4333 'Hildegardis
1044 4253 1528 4333 reginapepererat
1557 4273 1698 4333 anno
1719 4259 1840 4333 772.
1873 4253 1990 4315 Sci;

421 4327 550 4380 licet
596 4323 730 4406 huic.
764 4323 917 4406 pater
960 4323 1186 4406 regnum
1227 4323 1986 4406 FrancorumAdestinaverat,

419 4409 648 4475 eamque
680 4393 996 4475 divisionem
1025 4393 1363 4475 confirmavit
1396 4413 1536 4475 anno
1567 4396 1668 4452 806
1705 4393 1992 4475 postremis

421 4464 776 4535 tabulissuis,
800 4481 919 4535 qua:
938 4467 1079 4534 apud
1099 4465 1395 4530 Baluzium,
1420 4475 1475 4520 et
1496 4467 1549 4520 in
1569 4464 1772 4534 partfn
1810 4472 1939 4524 tomi
1974 4472 1991 4525 l

419 4533 762 4590 Collectionis
790 4533 1117 4606 liujus,ipag.
1148 4536 1270 4598 125,
1298 4533 1698 4604 prostanthed
1723 4539 1768 4592 is
1798 4553 1828 4592 e
1859 4541 1994 4596 vivis

420 4613 784 4728 patrem
820 4606 1083 4672 sublatus,
1113 4606 1396 4661 consilium
1436 4617 1492 4661 et
1527 4621 1674 4675 spem
1713 4617 1990 4676 paternam

442 4692 470 4727 e
493 4689 524 4728 e
566 4691 579 4728 ι
609 4713 624 4728 .

442 4682 624 4728 υιθιιιι.

494 4755 517 4782 ο
550 4744 721 4814 Alteri
756 4760 948 4814 nempe
977 4744 1218 4813 ejusdem
1246 4745 1424 4801 Caroli
1454 4745 1586 4809 filio,
1623 4745 1713 4813 qui
1749 4745 1990 4804 Italicum

423 4827 644 4888 regnum
673 4812 791 4888 diu,
819 4812 1032 4888 vivente
1064 4825 1236 4888 patre,
1273 4815 1439 4888 rexit,
1469 4814 1549 4888 uti
1580 4812 1750 4888 Leges
1777 4815 1988 4888 Lango-

421 4880 653 4936 bardica:
672 4882 728 4935 in
751 4883 853 4936 hac
870 4880 1405 4941 eadem'Collectione
1425 4882 1604 4946 editae,
1627 4880 1689 4938 ac
1712 4880 1990 4942 innuméra

421 4951 526 5005 alia
564 4962 912 5007 monumenta
951 4960 1239 5008 testantur.
1273 4953 1378 5009 Sed
1423 4961 1479 5008 et
1515 4952 1664 5007 illum
1704 4955 1990 5012 immatura

423 5036 571 5092 mors
585 5031 720 5092 ante
744 5031 1022 5090 parentem
1047 5038 1203 5078 suum
1224 5024 1417 5092 rapuit.

495 5088 513 5127 ί
553 5091 681 5165 Non
699 5088 853 5165 facile
876 5101 1086 5165 statuas
1111 5088 1514 5165 quani—partem
1527 5109 1825 5165 regnorum
1863 5112 1988 5152 suo-

419 5175 538 5247 rum
569 5161 837 5247 Ludovico
852 5163 972 5247 filio
999 5163 1222 5247 Carolus
1243 5161 1465 5246 Magnus
1489 5161 1685 5247 vivens
1697 5167 1983 5247 regendam

419 5229 574 5314 titulo
597 5232 743 5314 regio
765 5233 991 5289 dederit.
1017 5233 1163 5314 Certi
1188 5229 1509 5314 enim'erant
1530 5229 1830 5314 Aquitaniae
1851 5236 1984 5314 lines

417 5301 860 5375 a.l_occide_ntem,
883 5319 1072 5373 nempe
1097 5304 1353 5375 Hispania
1377 5323 1389 5357 :
1417 5320 1521 5358 non
1529 5301 1666 5375 _ve'ro
1693 5306 1823 5360 satis
1844 5307 1978 5369 noti,

416 5369 508 5450 qui
530 5372 597 5450 ad
615 5373 898 5450 orientem,
923 5369 1044 5430 cum
1064 5389 1130 5450 ex
1152 5369 1494 5450 antiquisalii
1516 5373 1867 5450 Garum_nai_n_,
1891 5375 1978 5430 alii

416 5439 671 5519 Ligerim,
690 5439 990 5519 terminum
995 5439 1332 5519 prientalem‘
1341 5446 1396 5519 ei
1423 5451 1680 5499 statuant.
1707 5445 1979 5519 De_Marca

418 5512 473 5561 in
502 5512 638 5566 libro
671 5514 941 5586 deMarca
972 5514 1281 5586 Hispanica,
1319 5514 1458 5570 libro
1486 5530 1566 5577 ιιι,
1595 5517 1716 5582 cap;
1741 5513 1826 5577 M,
1850 5514 1980 5586 huic

419 5591 584 5658 regno
627 5600 648 5658 ς
696 5585 884 5640 tribuit
919 5584 1264 5658 Aquitaniam
1305 5586 1534 5658 primani
1577 5591 1634 5638 et
1655 5584 1978 5658 secundam,

420 5645 754 5725 Ya'sconiam,
780 5645 1346 5725 pagum'Tolosanum,
1375 5653 1780 5725 Septimaniam,
1810 5661 1866 5725 et
1897 5645 1980 5708 di;

421 5722 590 5771 tiones
617 5722 820 5781 omnes.
845 5722 961 5786 una:
989 5737 1100 5782 tum
1129 5735 1283 5782 erant
1319 5725 1372 5778 in
1406 5722 1581 5779 Marca
1615 5722 1918 5795 liispanica.
1957 5743 1975 5776 ι

1727 325 2035 401 summu
2074 324 2351 381 NlGELLl

2019 442 2070 502 Α

3572 322 3686 380 572

2167 437 2337 504 Quem
2358 434 2596 491 celebrat
2620 442 2762 490 totus
2791 435 2939 490 orbis
2963 435 3169 492 honore
3194 431 3435 507 patrem,

2094 527 2322 584 Francia
2345 527 2471 583 dum
2501 527 2637 582 latos
2665 527 2950 598 sparsisset
2973 527 3170 598 ubique
3193 529 3460 600 fragores,

2164 621 2340 692 Atque
2367 636 2523 675 suum
2551 621 2762 676 celebre
2787 636 2980 676 nomen
3007 621 3062 674 in
3087 623 3218 676 orbe
3245 621 3386 677 foret
3411 641 3427 676 :

2096 715 2233 770 Tum
2260 713 2486 769 Carolus
2506 715 2721 782 sapiens
2743 723 3082 779 sceptrorum
3106 713 3332 783 insignia
3355 713 3498 783 proli

2166 805 2359 859 Divisit
2383 815 2432 870 ο,
2461 799 2748 874 procerum
2771 797 3090 856 consiliante
3113 803 3297 857 choro.

2098 895 2317 951 Scilicet
2337 896 2614 964 aequivoco
2635 893 2661 932 ἀ
2690 894 2943 948 cessisset
2968 893 3198 947 Francia
3228 903 3399 959 sorte,

2167 987 2458 1042 Successor
2481 985 2697 1038 tandem
2721 985 2766 1038 si
2796 983 2938 1038 valet
2963 997 3084 1038 esse
3112 984 3303 1052 patris.

2098 1075 2263 1130 Italia:
2287 1089 2509 1145 regnum
2533 1073 2760 1142 Pippino
2791 1084 2813 1111 ο
2846 1073 3010 1127 cessit
3032 1083 3234 1126 amato.

2169 1164 2256 1228 At,
2293 1163 2582 1227 Ludovice,
2608 1163 2705 1216 tibi
2730 1178 2890 1232 regna
2920 1162 2938 1200 ί
2965 1162 3232 1231 Aquitana
3257 1163 3419 1218 dedit.

2100 1253 2349 1309 Partibus
2375 1254 2604 1323 atquatis
2628 1253 2924 1308 crebrescit
2953 1252 3096 1307 fama
3127 1268 3224 1322 per
3245 1253 3453 1318 orbem,

2173 1347 2239 1400 Et
2269 1346 2573 1401 Ludovicus
2605 1359 2772 1398 ovans
2801 1343 3002 1398 credita
3037 1357 3200 1413 regna
3233 1344 3389 1412 petit.

2101 1436 2409 1506 Prodigium
2433 1435 2609 1489 fuerat
2639 1435 2721 1488 sic
2747 1435 2891 1488 hunc
2911 1433 3178 1488 vocitasse
3199 1443 3473 1502 parentes,

2174 1527 2326 1593 Quod
2349 1526 2488 1580 foret
2512 1525 2738 1596 insignis
2763 1533 2954 1587 marte,
2985 1531 3304 1593 potensque,
3335 1525 3486 1592 pius.

2102 1619 2238 1674 Nam
2265 1618 2568 1673 Ludovicus
2595 1618 2740 1672 enim
2768 1616 2879 1669 ludi
2903 1615 2969 1671 de
2996 1616 3215 1670 nomine
3245 1617 3424 1671 dictus

2175 1709 2382 1763 Ludere
2411 1707 2681 1777 subjectos
2706 1704 3040 1776 pacificando
3068 1714 3269 1761 monet.

2030 1781 2075 1841 B
2106 1800 2209 1855 Seu
2239 1801 2360 1869 quis
2381 1799 2727 1853 Franciscam
2753 1797 2956 1852 mavult
2986 1811 3227 1852 reserare
3253 1797 3542 1867 loquelam,

2175 1891 2420 1946 Nominis
2445 1898 2504 1943 ut
2531 1890 2700 1959 possit
2730 1880 3250 1953 noscere‘notitiam,

2109 1985 2132 2022 8
2156 1981 2358 2052 Nempe
2380 1989 2534 2035 sonat
2557 1979 2720 2033 Hluto
2739 1979 3083 2048 praeclarum,
3101 1979 3283 2050 Wigcli
3311 1996 3525 2052 quoque
3548 1981 3686 2037 Mars

3469 2070 3613 2143 [estz

2179 2163 2330 2219 Unde
2360 2177 2516 2217 suum
2541 2176 2739 2217 nomen
2768 2159 3137 2231 composuisse
3164 2168 3331 2229 patet.

2106 2253 2222 2309 Jani
2250 2271 2385 2324 puer
2411 2256 2436 2294 ιι
2467 2253 2714 2309 excelsus
2739 2268 2893 2308 sacro
2919 2252 3212 2322 spiramine
3238 2252 3450 2322 plenus,

2170 2349 2336 2403 Auxit
2360 2349 2565 2402 honore
2594 2347 2771 2406 locum
2797 2344 2967 2400 Marte
2991 2344 3199 2414 fideque
3223 2359 3401 2399 suum.

2105 2443 2486 2500 Christicolum
2514 2441 2758 2496 celerans
2785 2439 2973 2495 ditavit
2997 2453 3221 2492 munere
3244 2437 3490 2501 culmen;

2176 2535 2430 2590 Reddidit
2461 2532 2709 2588 ecclesiis
2737 2545 2963 2586 munera
2989 2530 3166 2599 prisca
3197 2529 3385 2583 sacris.

2104 2625 2305 2681 Ordine
2331 2623 2632 2692 composito
2662 2620 2925 2676 recreavit
2951 2619 3163 2674 subdita
3188 2633 3374 2689 regna,

2173 2715 2317 2786 Lege
2344 2727 2538 2785 regens
2562 2712 2818 2782 populum
2848 2725 2971 2764 cum
2996 2709 3212 2780 pietatis
3236 2723 3358 2778 ope.

2104 2806 2376 2860 Vascones
2405 2817 2420 2844 ι
2454 2802 2671 2858 rabidos
2696 2801 2904 2876 domuit
2927 2799 3046 2869 pius
3073 2808 3193 2854 arte
3219 2798 3501 2868 magistra,

2102 2937 2256 3006 Quod
2293 2945 2448 2990 extra
2481 2932 2906 2989 controversiam
2945 2938 3092 3006 puto.
3131 2929 3356 3006 carolus
3399 2929 3453 3006 i_n
3498 2928 3682 3006 Testa-

2102 2999 2286 3062 mento
2315 3021 2488 3074 nuper
2512 3011 2810 3058 memorato
2836 2999 3137 3070 portionem
3167 2999 3388 3054 ditionis
3413 2999 3683 3056 Ludovico

2103 3078 2205 3148 ipsi
2238 3074 2605 3145 amplificavit.
2692 3101 2694 3103 ν

2175 3173 2200 3211 ε
2235 3169 2380 3223 Duos
2400 3168 2563 3222 hosce
2582 3179 2770 3219 versus
2798 3169 2969 3232 poeta:
2992 3161 3162 3232 nostri
3182 3176 3248 3215 ex
3280 3177 3383 3232 ms.
3413 3161 3680 3230 Caesareo,

2101 3256 2261 3309 quem
2309 3237 2640 3309 Yindobonm
2690 3231 2888 3309 legerat
2931 3231 3321 3309 celeberrimus
3357 3231 3680 3309 Leilinitius,

2101 3301 2258 3365 affert
2299 3308 2380 3363 CI.
2424 3307 2488 3360 ν.
2535 3301 2771 3360 Joannes
2813 3301 3074 3371 Georgius
3116 3301 3390 3356 Eccardus
3438 3303 3493 3355 in
3546 3302 3680 3358 Hist.

2099 3379 2262 3434 studii
2303 3375 2536 3448 Etymol.
2579 3375 2724 3429 edita
2767 3371 3099 3448 Hanngverze
3132 3372 3492 3448 _anno_l7.l_l,
3536 3373 3686 3448 cujus

2099 3439 2514 3508 sententia'est,
2549 3459 2647 3514 per
2677 3457 2871 3514 nomen
2912 3439 3240 3514 Hlutowigch
3271 3440 3574 3514 significari
3602 3439 3683 3496 ee-

2100 3517 2290 3572 febrem
2325 3510 2644 3570 bellatorem.
2675 3513 2742 3566 Et
2767 3525 2979 3574 revera,
3007 3510 3084 3563 uti
3108 3525 3194 3564 me
3222 3526 3319 3580 per
3347 3510 3562 3567 litteras
3592 3515 3683 3567 do—

2099 3589 2212 3642 cuit
2238 3588 2349 3656 jam
2385 3586 2784 3656 clarescensex
2818 3579 3122 3656 eruditione
3155 3579 3270 3656 s_ua,
3309 3588 3474 3656 atque
3501 3597 3570 3656 ει
3599 3598 3682 3656 γε-

2100 3649 2256 3712 centi'
2274 3655 2438 3709 tutela
2461 3649 3051 3722 juriumimperialium
3078 3649 3132 3722 in
3164 3649 3438 3722 Etruriam
3457 3691 3473 3722 ,
3505 3650 3681 3722 Gade-

2099 3725 2271 3780 fridus
2296 3718 2559 3794 Philippi,
2586 3718 2796 3794 (_)_t_frid‘o
2828 3718 3194 3774 vetustissimo
3222 3719 3473 3794 scriptori
3506 3719 3684 3774 Liutlii

2099 3805 2182 3872 est
2222 3796 2337 3872 lict,
2385 3787 2553 3872 Iubeo.
2594 3790 2982 3872 Wigchnverot,‘
3021 3796 3081 3870 ut
3125 3789 3404 3872 apnotavit
3443 3787 3684 3872 Joannes

2098 3857 2364 3936 Gomphis
2405 3864 2648 3918 Becanus
2687 3857 2743 3936 in
2785 3859 2881 3936 lib.
2941 3857 3114 3936 Orig,
3157 3857 3457 3936 bellicosum
3503 3870 3679 3936 sonat.

2026 3976 2028 3978 τ
2097 3927 2270 4002 Quam
2306 3934 2360 3988 in
2397 3948 2512 3987 rem
2538 3930 2901 4002 consulendlis
2933 3929 3094 4002 etiam
3122 3935 3203 4002 est
3233 3942 3398 3995 supra
3415 3927 3678 4002 laudatus

2098 3995 2396 4060 Leibnitius
2436 4004 2489 4056 in
2521 4000 2786 4076 sychaeo].
2818 3998 2975 4052 Teut.
3006 3998 3106 4076 lit._
3127 3995 3212 4076 W_,
3250 4013 3376 4076 pag.
3394 3997 3529 4076 189.
3564 3999 3682 4076 Hoc

2097 4086 2278 4130 autem
2309 4088 2502 4128 nomen
2526 4070 2719 4124 Latine
2743 4083 3056 4138 expressum
3076 4065 3371 4138 Ludovicus
3391 4067 3682 4138 Ennoldus

2095 4153 2280 4200 noster
2302 4141 2675 4213 explicandum
2705 4136 2825 4213 sibi:
2837 4138 3031 4200 sumit;
3060 4136 3270 4213 poetica
3299 4147 3485 4190 tamen
3515 4137 3680 4192 licen-

2096 4217 2170 4270 tia
2194 4207 2553 4269 lusum'nobis
2580 4224 2677 4279 pro
2707 4209 2940 4284 veritate
2965 4207 3232 4276 propinat.

2160 4306 2186 4345 1³
2227 4304 2420 4372 Utique
2456 4317 2615 4371 puer;
2648 4301 2900 4372 namuti
2937 4297 3543 4372 scribitAstronomus,
3567 4299 3678 4372 sive

2094 4382 2284 4430 auctor
2311 4366 2781 4443 είιιοιιῇιιιιιιυῖξιειξΔ
2802 4366 3256 4443 ipsiusLudovici
3289 4366 3368 4443 Pii
3401 4370 3546 4443 apud
3568 4368 3681 4443 pu-

2018 4459 2068 4518 D
2095 4444 2408 4518 Chesnium,
2435 4436 2565 4496 tom.
2591 4441 2634 4495 Il
2666 4436 2930 4518 scriptor.
2955 4437 3082 4492 Rer.
3115 4436 3541 4518 Francia-idem
3568 4436 3677 4491 Lu-

2098 4516 2341 4579 dovicus,
2365 4506 2620 4567 cunarum
2656 4506 2828 4563 adhuc
2859 4516 3004 4579 utens
3035 4506 3672 4579 gestatorioLRomaeAco-

2100 4576 2443 4647 ronatusvest,
2467 4597 2608 4635 anno
2623 4579 2849 4641 scilicet,
2874 4578 2950 4631 uti
2967 4576 3079 4647 jam
3101 4591 3262 4644 supra
3275 4577 3529 4641 vidimus,
3552 4576 3673 4638 78!,

2098 4670 2162 4709 ac
2187 4653 2377 4710 deinde
2406 4646 2437 4706 α
2455 4652 2652 4706 Carolo
2672 4649 2861 4719 Magno
2886 4646 3037 4719 patre
3055 4648 3110 4719 in
3128 4646 3470 4719 Aquitaniam
3496 4663 3674 4715 regna-

2097 4734 2247 4799 turus
2274 4732 2357 4779 est
2381 4723 2598 4786 missus,
2627 4721 2715 4791 qui
2742 4715 2902 4799 usque
2933 4715 3273 4799 aureliauam
3298 4717 3560 4799 civitatem
3585 4732 3673 4795 cu-

2099 4793 2206 4846 nali
2249 4804 2324 4847 est
2363 4801 2563 4847 evectus
2587 4784 2907 4860 gestamine.
2953 4784 3060 4840 Sed
3094 4799 3192 4840 cur
3233 4794 3477 4860 gestatus
3521 4784 3671 4860 cupis

2095 4863 2416 4926 Ludovicus,
2447 4877 2552 4916 non
2590 4853 2818 4928 amplius
2839 4857 3072 4928 lactens,
3095 4853 3354 4928 cumjam
3381 4870 3524 4910 anno
3549 4854 3670 4914 778,

2094 4933 2147 4986 in
2185 4933 2356 4988 lucem
2396 4924 2719 5002 prodiisset'?
2761 4927 2910 5002 Quia
2933 4926 3092 5002 apud
3109 4924 3420 5002 bellicosam
3457 4932 3670 4994 gentem

2091 4995 2421 5082 Francorum
2625 5006 2784 5079 erant
2821 4996 3049 5082 quidem
3078 4995 3132 5049 in
3152 4995 3494 5082 Δ(πιεριίιὶὶαιιο
3535 5009 3664 5082 usu.

2089 5072 2285 5142 quibus
2314 5081 2493 5142 tamen
2515 5063 2692 5142 infans
2711 5063 2928 5142 utin—on
2962 5063 3206 5142 poterat.
3228 5063 3294 5118 Et
3324 5074 3516 5119 contra
3543 5071 3675 5142 tunc-

2089 5132 2309 5198 minime
2335 5140 2730 5196 adhibebantur
2763 5137 2920 5207 bigte,
2948 5132 3241 5207 quadrigae,
3283 5149 3497 5198 currus,
3528 5143 3582 5188 et
3613 5132 3664 5185 id

2085 5227 2254 5282 genus
2299 5211 2567 5275 vehicula,
2614 5209 2727 5263 sive
2765 5205 3004 5282 fomenta
3045 5205 3307 5282 ignavi;n_,
3348 5220 3471 5273 qua:
3519 5212 3672 5256 tanto

2084 5274 2210 5336 sunt
2239 5283 2292 5337 in
2323 5283 2526 5337 honore
2554 5288 2609 5335 et
2634 5295 2734 5334 usu
2758 5274 3092 5346 temporibus
3117 5275 3338 5329 nostris.

2163 5373 2178 5413 ί
2222 5371 2374 5427 Nunc
2400 5370 2452 5425 la
2490 5367 3076 5440 Gascogne.He_nricus
3100 5365 3347 5440 Valesius
3383 5363 3670 5440 in_Nolitia

2084 5441 2380 5512 Galliarum
2406 5441 2518 5512 jam
2546 5433 2826 5512 adnotavit
2859 5437 3168 5512 _Aquitanos
3199 5435 3493 5512 improprie
3527 5433 3664 5503 apud

2084 5521 2296 5568 veteres
2327 5502 2565 5586 Francos
2596 5510 2763 5586 fuisse
2800 5502 2979 5586 etiam
2999 5502 3336 5586 nupcupatos
3376 5502 3671 5563 Vascoim,

2086 5599 2174 5645 ea,
2207 5591 2268 5637 ut
2292 5582 2503 5652 opinor,
2531 5582 2758 5652 ratione,
2787 5578 2939 5652 quod
2953 5577 3252 5652 Aquitania;
3285 5590 3506 5644 regnum
3540 5586 3664 5628 tunc

2091 5645 2406 5708 Vasconiam
2425 5645 2893 5720 complecteretur.
2919 5645 3220 5720 Ludovicus
3241 5645 3543 5720 ipse,_test_e
3567 5659 3665 5694 au-

2087 5732 2237 5778 ctore
2269 5721 2384 5790 ejus
2419 5713 2572 5784 Vitae,
2609 5721 2824 5776 circiter
2853 5733 3050 5774 annum
3086 5717 3210 5780 786,
3243 5715 3436 5768 Carolo
3475 5713 3670 5783 Magno
