3856 6190
133 379 231 435 875

191 497 366 564 Deque
397 495 542 565 lupis
567 493 735 550 torvis
761 496 1135 566 progeneravit
1159 512 1303 552 oves.

130 585 357 654 Denique
387 585 458 639 ad
484 583 752 654 Hispanos
780 594 1100 642 convertens
1125 587 1368 642 concitus
1391 601 1565 653 arma,

192 673 415 728 Finibus
446 688 476 726 a
501 673 738 743 pr0priis
763 673 968 743 expulit
994 675 1110 745 ipse
1137 675 1341 746 procul.

128 764 361 819 Culmina
389 771 680 830 terrarum,
706 764 790 819 vel
813 773 944 835 quot
966 765 1184 821 castella
1213 781 1530 841 peragrans,

190 856 440 912 Subdidit
467 857 730 927 imperiis,
759 872 906 912 arma
935 859 1140 913 ferente
1165 860 1296 926 Deo,

127 948 254 1003 Sunt
276 949 407 1002 mibi
435 957 562 1003 nota
589 949 796 1014 minus;
823 949 907 1003 vel
935 951 980 1004 si
1010 949 1169 1005 modo
1197 960 1324 1005 nota
1353 950 1599 1017 fuissent,
1675 948 1685 958 ’

188 1040 299 1096 Non
324 1050 538 1112 poterat
561 1042 788 1097 stolidus
810 1052 1004 1098 cuncta
1026 1053 1243 1100 notasse
1265 1046 1456 1116 stylus.

126 1133 221 1187 Sed
244 1149 366 1202 qua:
394 1133 534 1186 fama
565 1148 752 1188 recens
778 1133 1018 1203 stupidas
1046 1137 1288 1204 pervexit
1311 1139 1378 1192 ad
1406 1151 1584 1202 aures,

186 1223 445 1292 incipiam
469 1236 665 1276 canere
694 1240 706 1276 :
736 1231 931 1277 caetera
953 1223 1136 1293 linquo
1161 1226 1318 1280 catis.

129 1312 256 1366 Urbs
277 1321 399 1365 erat
421 1313 626 1365 interea
654 1311 986 1366 Francorum
1014 1313 1281 1384 inhospita
1309 1313 1524 1381 turmis,

188 1402 494 1456 Maurorum
521 1402 662 1456 votis
689 1405 956 1457 associata
986 1403 1177 1474 magis,

124 1493 278 1558 Quam
301 1491 704 1546 Barchinonam
733 1503 760 1531 α
789 1493 955 1561 prisci
985 1493 1170 1548 dixere
1198 1492 1398 1560 Latini,

185 1561 534 1653 Roma'noque
556 1583 655 1637 fuit
678 1599 827 1638 more
847 1585 1012 1652 polita
1035 1585 1216 1641 nimis.

124 1675 232 1731 limo
263 1676 578 1730 Maurorum
604 1676 789 1729 aderat
811 1689 1024 1744 semper
1048 1675 1208 1730 tutela
1242 1675 1533 1745 latronum,

184 1770 432 1824 llostibus
458 1768 742 1838 armigeris
767 1776 926 1836 atque
948 1767 1149 1838 repleta
1173 1768 1325 1823 satis.

121 1859 358 1929 Quisquis
388 1860 458 1914 ab
485 1858 735 1928 Hispanis
760 1857 979 1912 veniens
1001 1858 1320 1926 rediensque
1343 1857 1562 1912 silenter

186 1949 326 2004 lianc
355 1951 653 2021 ingressus,
682 1959 838 2004 erant
867 1951 1046 2004 omnia
1079 1959 1192 2003 tuta
1223 1950 1346 2004 sibi.

123 2039 264 2095 Sueta
290 2040 397 2093 fuit
420 2047 638 2094 nostros
662 2055 875 2109 semper
894 2039 1153 2108 populare
1177 2038 1461 2109 maniplos,

179 2132 235 2186 Et
261 2133 522 2186 reducum
547 2131 714 2201 spolia
739 2131 854 2186 hzec
881 2132 1124 2202 capiebat
1155 2149 1343 2188 ovans.

119 2222 249 2276 Multi
270 2237 511 2292 namque
536 2222 701 2276 duces
727 2223 878 2277 vario
905 2223 1044 2277 banc
1067 2223 1352 2278 conamine
1374 2221 1498 2276 belli

175 2312 444 2369 Obsedere
470 2313 559 2368 diu
585 2327 599 2366 :
629 2313 721 2368 sed
751 2312 983 2367 voluisse
1008 2313 1036 2352 δ
1064 2311 1183 2366 fuit.

116 2405 293 2472 Armis,
333 2405 577 2476 ingenio,
607 2419 699 2459 seu
729 2405 852 2474 quis
878 2421 998 2459 cum
1028 2420 1132 2474 qua
1163 2412 1280 2458 arte
1308 2402 1542 2468 valebat,

176 2497 271 2552 Sed
294 2513 496 2569 pugnae
521 2497 695 2550 studia
723 2497 984 2566 compulit
1012 2496 1100 2550 illa
1132 2495 1340 2566 procul.

116 2589 339 2659 Namque
365 2596 485 2643 erat
509 2588 703 2659 insigni
731 2603 1007 2642 murorum
1030 2588 1266 2658 pondere
1292 2585 1447 2650 fulta,

176 2679 437 2734 Marmore
465 2678 714 2749 praeduro
739 2686 944 2732 structa
970 2685 1181 2732 vetusta
1209 2676 1389 2731 nimis.

115 2771 280 2828 Junius
303 2773 556 2828 albentes
580 2788 702 2827 cum
729 2771 874 2827 ducit
899 2771 952 2824 in
976 2769 1179 2827 aethera
1205 2784 1428 2832 messes,

170 2863 226 2916 Et
256 2871 474 2918 matura
504 2862 670 2918 Ceres
701 2862 836 2917 falce
872 2863 1098 2917 secanda
1126 2861 1296 2927 venit,

114 2951 331 3009 Francus
364 2953 533 3008 habet
562 2968 766 3016 muros,
800 2952 1045 3007 celerans
1070 2966 1167 3020 per
1197 2967 1342 3016 rura,
1380 2967 1479 3022 per
1512 2953 1678 3018 aedes,

172 3043 228 3096 Et
251 3052 373 3097 sata
403 3042 722 3113 prmripiens
756 3057 980 3095 munera
1005 3049 1180 3095 vastat
1207 3042 1346 3112 agri,

115 3133 200 3186 Seu
225 3145 245 3172 ε
269 3150 397 3189 cum
424 3133 627 3187 vinetis
650 3132 790 3188 soliti
816 3132 1102 3202 prmdulcia
1127 3131 1322 3188 Bacchi

168 3223 368 3294 Cogere
400 3225 524 3277 vina
552 3242 564 3276 :
595 3239 726 3278 suus
754 3239 854 3278 nec
883 3222 1036 3278 labor
1063 3219 1206 3278 istud
1233 3231 1368 3276 erat.

109 3311 173 3366 Ac
195 3313 356 3368 veluti
377 3322 641 3368 autumno
665 3313 889 3368 densata
909 3313 1080 3367 milite
1111 3314 1274 3373 turdi,

166 3406 263 3460 Aut
286 3406 460 3461 varia:
487 3405 734 3461 volucres
758 3406 880 3475 quis
903 3404 1056 3460 cibus
1086 3421 1188 3460 uva
1219 3412 1418 3466 manet,

109 3494 196 3550 Per
235 3497 420 3553 vineta
466 3496 666 3561 volant,
712 3497 1032 3566 rapiuntque
1059 3495 1346 3565 feruntque
1379 3495 1668 3561 corimbos,

168 3585 445 3656 Unguibus
471 3595 527 3640 ct
551 3585 742 3640 rostris
767 3600 872 3640 uva
898 3593 1124 3640 venusta
1155 3585 1314 3654 perit.

109 3674 298 3730 \‘initor
329 3674 526 3730 infelix
557 3674 924 3745 nequidquam
951 3674 1197 3746 cymbala
1231 3674 1402 3728 tristis
1482 3719 1519 3752 ο

106 3815 226 3879 patri
248 3813 482 3868 occurrit
504 3813 574 3865 ad
596 3809 998 3866 Patrisbrunam
1029 3812 1206 3866 habitu
1239 3811 1534 3865 Vasconum
1555 3828 1673 3866 cum

106 3885 268 3937 caretis
294 3884 402 3938 sibi
428 3883 604 3951 pueris
627 3880 865 3936 indutus.

163 3964 184 3991 ι
217 3950 456 4008 Circiter
484 3966 682 4005 annum
711 3952 834 4006 7H.
860 3950 1137 4016 Saraceni,
1164 3951 1275 4005 sive
1304 3951 1527 4011 Arabes,
1551 3959 1673 4018 post

103 4019 320 4077 Africam
363 4030 706 4089 occupatam,
741 4022 1040 4090 irruptione
1069 4020 1210 4075 facta
1244 4021 1298 4074 in
1334 4020 1670 4088 Hispaniam,

103 4091 520 4162 plerosqueeius
550 4093 696 4161 regni
723 4090 948 4162 populos
977 4091 1030 4144 vi
1065 4099 1119 4144 et
1142 4089 1308 4144 armis
1316 4090 1536 4162 _sens_im
1565 4105 1674 4145 suae

102 4159 690 4217 ditionisubdiderubt.
726 4159 807 4214 Eo
843 4161 1006 4214 etiam
1039 4170 1283 4229 tempore
1316 4159 1671 4215 Barcinonem

103 4245 127 4280 a
153 4231 377 4298 profana
403 4240 561 4299 gente
586 4239 798 4298 captam
831 4231 946 4284 veri
971 4228 1185 4285 videtur
1215 4229 1409 4299 simile.
1442 4228 1517 4283 lbi
1541 4245 1672 4284 vero

101 4298 424 4354 incubabant
452 4315 516 4353 ac
541 4300 953 4355 dominabantur
983 4300 1184 4364 Mauri,
1214 4315 1336 4353 cum
1368 4298 1673 4354 Ludovicus

99 4366 209 4422 Pius
261 4370 533 4424 adversus
587 4370 708 4424 illos
765 4370 1160 4439 expeditionem
1218 4369 1308 4422 hic
1364 4377 1672 4423 enarratam

96 4442 293 4493 statuit.
1314 4467 1316 4470 ν

1020 379 1108 436 DE
1142 379 1374 438 ΚΕΒΠὸ
1411 381 1655 439 GESTIS
1693 381 2013 446 LUDOVICI
2055 391 2164 449 Pii.
2195 422 2269 438 -
2306 396 2435 453 LIB.
2475 397 2516 453 Ι.

3259 402 3363 459 578

1725 501 1781 562 Δ
1867 503 2007 562 Arce
2032 506 2204 578 quatit
2230 523 2460 577 summa,
2488 526 2582 567 seu
2604 511 2712 569 ciet
2731 519 2849 570 arte
2878 527 3076 581 sanos;

1799 591 1911 650 Nec
1935 594 2108 652 facilis
2133 600 2422 668 prohibere
2462 601 2632 669 labor,
2664 602 2795 672 quin
2818 603 3032 674 agmine
3058 605 3224 662 denso

1863 683 2046 742 lnfesti
2077 698 2292 756 coeant,
2315 692 2679 764 diripiantque
2702 694 2889 764 dapes.

1797 772 1953 830 Haud
1977 775 2136 832 aliter
2161 777 2378 846 Franci,
2405 797 2527 836 cum
2555 783 2731 852 primo
2767 791 3008 854 tempora
3048 783 3258 856 frugum

1862 863 2095 935 Adsunt,
2129 878 2185 924 et
2211 871 2334 941 pagi
2364 870 2391 910 ά
2425 887 2648 928 munera
2678 874 2956 944 diripiunt.

1793 956 1906 1016 Nec
1941 968 2124 1016 tamen
2152 962 2269 1018 haec
2313 963 2477 1019 duros
2515 964 2695 1034 potuit
2732 981 2820 1020 res
2853 964 3102 1036 frangere
3127 965 3360 1030 Mauros,

1863 1049 1974 1106 Nec
1999 1051 2134 1106 varii
2161 1061 2406 1119 eventus,
2437 1068 2694 1124 armaque
2717 1056 2908 1110 crebra
2937 1056 3155 1110 ducum.

1793 1142 1896 1200 Vix
1922 1158 2136 1214 quoque
2162 1150 2238 1197 tot
2267 1144 2515 1200 volucres
2540 1144 2800 1201 tollebant
2825 1161 3049 1201 munera
3074 1145 3292 1209 Franci,

1862 1231 2004 1300 Quot
2029 1235 2132 1290 sibi
2157 1241 2320 1289 nauta
2349 1236 2496 1292 celer
2521 1251 2620 1306 per
2645 1251 2794 1290 mare
2820 1236 2967 1291 misit
2993 1251 3145 1306 opes.

1791 1321 2148 1395 Temporibus
2174 1325 2356 1380 multis
2383 1341 2471 1381 res
2499 1327 2616 1380 haec
2644 1339 2703 1381 se
2730 1326 2956 1380 contulit
2981 1341 3182 1396 anceps
3214 1345 3228 1379 :

1857 1415 2019 1472 Parte
2047 1417 2114 1471 ab
2138 1424 2366 1486 utraque
2388 1414 2566 1469 ferunt
2597 1429 2788 1484 aspera
2816 1413 2957 1469 bella
2983 1413 3120 1469 fore.

1792 1505 2057 1576 Tempore
2091 1505 2295 1560 vernali
2324 1520 2446 1560 cum
2474 1520 2566 1559 rus
2591 1504 2855 1574 tepefacta
2876 1503 3117 1569 virescit,

1857 1594 2163 1664 Brumaque
2188 1594 2397 1648 sidereo
2431 1608 2554 1648 rore
2585 1592 2803 1664 fugante
2830 1592 2988 1664 fugit,

1790 1683 2059 1738 Pristinus
2095 1683 2299 1737 ablatos
2328 1698 2574 1738 remeans
2600 1683 2705 1738 fert
2731 1698 2905 1737 annus
2934 1683 3158 1748 odores,

1862 1773 2038 1843 Atque
2070 1775 2295 1829 humore
2322 1789 2458 1830 novo
2492 1773 2712 1829 ﬂuctuat
2737 1775 2902 1828 herba
2931 1790 3161 1830 recens:
3215 1841 3220 1846 ,

1717 1840 1764 1899 Β
1793 1840 1969 1932 Regni
1979 1863 2105 1933 jura
2133 1873 2371 1929 movent,
2398 1872 2766 1932 renovantque
2795 1863 3022 1919 solentia
3054 1876 3078 1905 ο
3104 1841 3276 1937 reges,

1859 1951 2096 2022 Quisque
2121 1969 2246 2007 suos
2269 1953 2403 2008 fines
2429 1961 2488 2007 ut
2514 1961 2766 2007 tueantur
2793 1953 2925 2008 adit.

1787 2040 1898 2097 Nec
1921 2042 2098 2097 minus
2122 2043 2293 2096 accitu
2319 2041 2652 2096 Francorum
2691 2057 2839 2096 more
2884 2040 2904 2081 ἲ
2929 2051 3139 2099 vetusto

1855 2131 1972 2188 Jam
1999 2141 2149 2189 satus
2174 2149 2203 2188 a
2230 2133 2422 2189 Carolo
2444 2135 2656 2205 agmina
2680 2141 2804 2188 nota
2830 2142 3007 2192 vocat.

1787 2223 2006 2280 Scilicet
2033 2226 2238 2281 electos
2259 2224 2460 2295 populi,
2488 2239 2584 2280 seu
2611 2225 2851 2280 culmina
2880 2227 3049 2297 regni,

1855 2317 2097 2388 Quorum
2124 2318 2364 2374 consiliis
2388 2333 2476 2373 res
2509 2317 2815 2388 peragenda
2847 2327 3050 2372 manet.

1784 2407 2088 2466 Occurrunt
2123 2408 2326 2463 celeres
2352 2407 2533 2478 primi,
2563 2416 2864 2478 parentque
2890 2409 3142 2474 volendo,

1853 2496 2002 2565 Quos
2031 2497 2273 2567 sequitur
2300 2497 2524 2567 propius
2561 2496 2750 2568 vulgus
2781 2498 2986 2552 inerme
3014 2499 3168 2552 satis.

1783 2586 2083 2643 Considunt
2109 2588 2321 2642 monili.
2358 2586 2561 2642 Solium
2587 2603 2682 2643 rex
2711 2589 2923 2644 scandit
2950 2591 3186 2654 avitum;

1850 2677 2054 2734 Castera
2089 2679 2245 2736 turba
2276 2677 2406 2734 foris
2439 2694 2674 2750 congrua
2704 2681 2840 2734 dona
2879 2682 2902 2720 ⁸
2933 2688 3108 2749 parat.

1783 2771 2046 2840 Incipiunt
2073 2769 2196 2825 fari.
2227 2768 2404 2840 Cmpit
2429 2778 2557 2824 tunc
2594 2771 2672 2824 sic
2701 2769 2987 2836 Carolites,

1847 2860 1972 2915 llaec
2004 2874 2216 2930 quoque
2243 2859 2310 2914 de
2337 2860 2557 2930 proprio
2585 2867 2803 2929 pectore
2829 2861 2993 2916 verba
3023 2859 3170 2916 dedit
3207 2878 3218 2914 :
3259 2903 3264 2907 .

1783 2950 2107 3023 Magnanimi
2132 2964 2406 3021 proceres,
2429 2950 2638 3005 meritis
2655 2965 2755 3019 pro
2783 2965 3009 3006 munere
3031 2951 3199 3023 digni,

1850 3042 2063 3097 Limina
2087 3042 2116 3081 ιι
2153 3056 2288 3111 quos
2313 3041 2502 3111 patriae
2528 3041 2821 3111 praeposuit
2842 3039 3093 3106 Carolus,

1781 3133 1862 3191 0b
1906 3134 2007 3188 hoc
2034 3118 2412 3200 cunctipotens
2438 3130 2643 3201 apicem
2675 3129 2947 3185 concessit
2969 3130 3192 3185 honoris

1704 3184 1748 3247 α
1791 3184 2128 3290 Ἓᾶώὲξυι
2154 3184 2356 3292 poipulo
2379 3184 2488 3275 rite
2504 3184 2740 3276 feramus
2766 3236 2946 3291 opem.

1776 3316 2000 3370 Annuus
2019 3314 2154 3368 ordo
2181 3312 2338 3375 redit,
2365 3325 2490 3365 cum
2521 3319 2708 3380 gentes
2735 3311 2986 3380 gentibus
3015 3309 3244 3372 instant,

1848 3405 1914 3458 Et
1937 3403 2056 3457 vice
2077 3401 2275 3472 partita
2305 3399 2493 3453 Martis
2520 3399 2752 3461 in,arma
2784 3408 2964 3452 ruunt.

1776 3495 1941 3550 Vobis
1966 3501 2091 3547 nota
2117 3490 2250 3545 satis
2277 3505 2364 3544 res
2390 3489 2525 3553 base,
2559 3488 2834 3558 incognita
2863 3488 3018 3542 nobis
3049 3506 3063 3542 :

1845 3582 2017 3637 Dicite
2043 3580 2351 3644 consilium,
2391 3593 2500 3648 quo
2526 3591 2851 3649 peragamus
2876 3578 2998 3633 iter.

1775 3674 1902 3730 Haec
1931 3689 2058 3738 rex;
2088 3681 2250 3743 atque
2269 3671 2452 3742 Lupus
2479 3671 2495 3710 ι
2529 3668 2676 3723 fatur
2699 3668 2780 3724 sic
2806 3667 2820 3719 i
2861 3667 3045 3724 Samio
3071 3677 3280 3733 contra,

1773 3809 1862 3879 gm'
1897 3814 2054 3879 poeta
2079 3803 2634 3879 appellat_op_timates
2660 3802 2785 3857 illuc
2819 3803 3045 3879 accitos.
3081 3801 3352 3879 Fredega-

1775 3871 1964 3934 rius'in
1992 3871 2191 3931 Chron.
2227 3893 2246 3924 ‹
2294 3871 2522 3929 Evoluto
2553 3888 2694 3928 anno
2725 3871 2982 3944 praefatus
3016 3888 3110 3944 rex
3150 3871 3353 3944 (Pippi-

1773 3947 1898 4012 nus)
1938 3962 1967 4000 a
2012 3945 2269 4000 Kalendis
2311 3944 2486 3999 Martii
2521 3942 3011 4007 omnes’Francos,
3057 3942 3200 3998 sicut
3232 3942 3351 3998 mos

1772 4017 2103 4072 Francorum
2138 4022 2245 4079 est,
2288 4014 2530 4069 Bernaco
2567 4013 2695 4068 villa
2735 4015 2800 4066 ad
2839 4027 2896 4068 se
2925 4013 3112 4068 venire
3150 4027 3355 4082 praece-

1812 4089 1869 4144 it.
1916 4106 1935 4139 ›
1970 4085 2121 4139 Mitto
2151 4085 2386 4154 reliquos
2411 4084 2570 4154 hujus
2598 4084 2676 4138 rei
2703 4091 2868 4138 testes
2898 4081 3342 4154 antiquissimos;

1774 4151 1828 4212 id
1877 4156 2048 4211 solum
2086 4151 2320 4221 addens,
2366 4151 2840 4224 Langobardorum
2881 4166 3096 4224 quoque
3129 4151 3347 4224 regibus

1774 4228 1826 4282 in
1861 4241 2011 4280 more
2043 4225 2238 4289 fuisse,
2284 4220 2350 4279 ad
2378 4220 2644 4278 Kalendas
2685 4221 2902 4275 Martias
2936 4220 3151 4289 publica
3199 4220 3348 4285 regni

1773 4297 1990 4351 comitia
2021 4287 2239 4356 habere,
2281 4294 2463 4362 ibique
2504 4293 2648 4362 leges
2683 4287 2952 4362 statuere,—
2986 4287 3183 4362 bellum
3213 4289 3350 4362 indi-

1773 4382 1898 4421 cere
1919 4406 1933 4430 ,
1981 4365 2058 4417 uti
2085 4356 2423 4431 potissimum
2455 4356 2668 4416 constat
2705 4375 2773 4413 ex
2804 4357 3214 4431 prtefationibus
3249 4356 3348 4431 Le-

1773 4451 1898 4506 gum
1921 4425 2261 4502 'Lintprandi
2303 4431 2446 4502 regis
2473 4437 2613 4500 part.
2649 4443 2721 4495 ιι,
2759 4425 2890 4483 tom.
2928 4427 2948 4481 l
2997 4425 3342 4482 Collectionis

153 4510 177 4547 δ
210 4510 504 4589 Obscurus.
531 4522 740 4601 se’usus.
777 4508 1031 4591 Fortasse
1065 4507 1156 4563 hic
1184 4507 1342 4601 fuerit
1369 4519 1388 4558 :
1433 4507 1525 4562 sed
1575 4522 1666 4562 eo-
1696 4541 1748 4601 D
1773 4507 1952 4601 huius.

95 4592 199 4631 rum
227 4587 462 4633 conatus
493 4579 545 4631 in
570 4579 834 4634 desideria
860 4586 1064 4633 tantum
1087 4593 1144 4632 se
1173 4577 1332 4632 solvit
1356 4594 1369 4630 :
1399 4592 1670 4650 nunquam

93 4659 208 4702 vero
237 4650 440 4703 civitas
469 4657 647 4716 capta.
1324 4713 1363 4716 4
1539 4715 1559 4716 ί
1643 4657 1645 4660 ⁴

152 4729 170 4756 ε
215 4718 270 4772 Id
306 4726 433 4779 est,
469 4713 575 4770 non
601 4718 792 4772 messis
823 4725 1030 4771 tantum
1061 4723 1299 4785 tempore
1323 4713 1514 4769 Franci
1537 4715 1671 4769 Bar-

88 4788 434 4842 cinoneusem
459 4802 646 4856 agrum
678 4787 1021 4856 populantur,
1051 4785 1334 4856 sedetiam
1367 4785 1668 4856 vindemiae,

1849 4566 1874 4615 ἒ
1908 4574 1989 4626 Ab
2011 4570 2249 4640 antiquis
2279 4571 2442 4624 etiam
2478 4566 2809 4640 temporibus
2834 4566 3346 4640 mos_iste_in_valuc-

1774 4653 1880 4709 rat,
1903 4651 1964 4697 ut
1983 4636 2239 4695 Kalendis
2263 4639 2488 4704 Martiis,
2514 4636 2638 4693 duin
2661 4636 2813 4709 regni
2834 4636 3344 4709 comitia‘baberen-

1777 4704 1884 4776 tur,
1913 4711 2094 4782 populi
2129 4712 2268 4782 dona
2295 4709 2603 4782 conferrent
2629 4704 2921 4782 adregem.
2950 4704 3344 4782 Inngnnalibus

1773 4775 2130 4838 Fuldensibus
2156 4790 2209 4834 et
2248 4778 2620 4834 Lambecianis
2652 4776 2719 4830 ad
2749 4792 2952 4830 annum
2979 4775 3082 4830 750
3105 4775 3220 4829 haec
3248 4775 3343 4829 lia-

86 4871 184 4926 quo
207 4844 524 4912 Saracenos
559 4844 832 4912 labore-ac
865 4844 1029 4912 onere
1056 4854 1340 4926 colligendi
1368 4867 1500 4909 uvas
1527 4844 1672 4909 leva;
1773 4853 1971 4926 bentur
1997 4871 2008 4904 :
2040 4870 2058 4901 ‹
2097 4850 2257 4926 Certo
2282 4851 2369 4906 die
2403 4847 2570 4904 semel
2597 4847 2826 4926 in-anno
2853 4844 3346 4926 in_Martis_campo

85 4925 245 4998 banti:
279 4928 387 4996 ipsi
412 4926 557 4978 enim
582 4926 776 4998 Franci
811 4927 1209 4998 przcripicbant.

148 4995 173 5034 ά
204 4995 316 5051 Pro
358 5011 512 5066 agro,
543 4995 824 5061 comitatu;
859 4997 971 5051 sive
1009 4997 1280 5058 districta,
1311 5005 1372 5050 ut
1404 5010 1550 5050 nunc
1587 4995 1664 5050 di-

84 5064 249 5120 cimus
280 5082 296 5120 :
334 5064 445 5133 quo
477 5066 640 5119 etiam
675 5082 835 5121 sensu
871 5068 939 5120 ab
974 5065 1207 5136 antiquis
1237 5067 1425 5121 eadem
1451 5081 1555 5120 vox
1579 5065 1663 5120 in-

85 5137 293 5190 terdum
324 5143 585 5204 usurpata
618 5137 874 5190 occurrit.

153 5216 176 5242 ε
216 5205 316 5259 Sic
351 5203 633 5258 Caesareus
671 5222 797 5268 ms.,
833 5220 931 5274 pro
958 5203 1133 5266 solita,
1170 5212 1262 5257 aut
1299 5205 1575 5270 solemnia,
1603 5212 1665 5258 ut

83 5275 293 5341 opinor.
355 5275 538 5328 νει-ιιο
579 5276 776 5344 quippe
823 5285 1062 5344 tempore
1110 5289 1259 5345 arma
1309 5282 1665 5345 parantur-ac

83 5345 303 5407 milites,
339 5353 456 5414 tum
499 5345 567 5398 ad
601 5343 829 5400 tuendos
867 5343 1114 5414 proprios
1143 5343 1442 5408 ﬁnes—tum
1487 5343 1664 5414 adfin-

81 5414 363 5491 yadendos
406 5412 644 5480 alienos,
692 5431 814 5470 cum
851 5412 984 5472 belli“
1012 5421 1186 5468 metus
1229 5422 1322 5467 aut
1363 5413 1662 5468 necessitas

82 5493 264 5538 instat.

152 5553 170 5590 τ
227 5552 504 5607 Nimirum
545 5552 802 5609 Kalendis
843 5553 1017 5608 Martii
1052 5553 1288 5622 antiquis
1327 5552 1657 5606 Francorum

83 5623 303 5695 regibus
351 5637 467 5695 mos
494 5622 598 5695 fuit
634 5622 893 5679 solemnia
937 5624 1091 5695 regni
1125 5622 1341 5695 comitia
1376 5635 1654 5695 peragere,

81 5691 649 5762 conﬂuentibusilluc
688 5691 1036 5762 proceribus',
1080 5691 1394 5755 comitibus,
1432 5691 1656 5760 aliisque

83 5762 401 5823 reipublicze
433 5763 711 5818 ministris.
757 5763 958 5818 Eiectos
984 5763 1176 5832 populi.
1200 5780 1285 5816 seu
1311 5762 1539 5814 culmina
1576 5778 1654 5814 re-

1774 4923 2066 4977 secundum
2103 4922 2377 4986 antiquam
2414 4917 2856 4974 consuetudinem
2885 4915 3028 4970 dona
3057 4915 3162 4969 illis
3198 4916 3341 4986 regi-

1769 4993 1872 5047 bus
1901 5009 1929 5046 a
1960 4990 2169 5061 populis
2189 4989 2569 5061 offerebantur.
2578 5007 2618 5061 _n

1837 5063 1864 5102 ιι
1915 5053 2118 5115 Sensus
2167 5067 2502 5129 exposceret,
2551 5056 2854 5129 liminibus,
2904 5055 3010 5110 imo
3061 5053 3339 5129 limitibus.

1767 5131 2006 5206 Scilicet_
2030 5124 2284 5206 proceres
2303 5169 2316 5193 ,
2365 5143 2536 5206 quosA
2555 5125 2804 5206 Carolus.
2827 5124 3098 5206 Augustus
3130 5125 3349 5195 genitor

1766 5217 1918 5255 meus
1943 5202 2008 5252 ad
2031 5193 2292 5252 tutandos
2319 5193 2466 5268 regni
2506 5196 2640 5268 fines
2665 5193 2922 5268 praefecit.

1841 5273 1855 5310 ἱ
1896 5271 1984 5324 Uti
2032 5268 2169 5321 infra
2197 5262 2640 5336 apertefdicitur,
2666 5262 2769 5336 :bic
2813 5263 2968 5336 lupus
3003 5262 3338 5336 Wasconum

1803 5340 2016 5406 rinceps
2044 5337 2161 5390 fuit.
2199 5330 2255 5389 lu
2293 5330 2411 5390 Vita
2448 5335 2626 5406 Caroli
2665 5333 2843 5406 Magni
2869 5330 2974 5402 per
3009 5330 3335 5406 monachum

1815 5397 2235 5482 ngolismensem
2253 5407 2452 5482 scripta
2472 5443 2488 5470 ,
2504 5405 2657 5482 idem
2690 5397 2917 5482 Caram}.
2947 5415 3088 5482 anno
3109 5397 3210 5451 769
3235 5410 3335 5482 ef

1766 5467 2090 5549 peditionem
2117 5475 2265 5549 fecit
2302 5467 2669 5549 in'Unaldum,
2713 5473 2828 5549 sive
2874 5467 3335 5549 Hunoldum,_‘qur

1766 5541 2069 5620 Aquitania).
2099 5547 2351 5620 ducatum
2396 5545 2700 5620 invaserat;
2737 5541 2994 5620 ejusque
3027 5541 3332 5620 exercitum

1765 5605 1918 5674 du'xit
1943 5635 1962 5668 ‹
1996 5615 2176 5686 Lupus
2197 5616 2392 5671 Wasco
2410 5605 2846 5684 princeps,'sic'ut
2867 5605 3072 5663 sciebat
3097 5605 3328 5726 ιτὲΞῇιέ

3162 5687 3344 5742 .aptus

1837 5759 1848 5808 ἱ
1896 5758 2148 5814 Additum
2176 5763 2258 5812 est
2284 5769 2384 5810 ms.
2416 5752 2588 5809 codici
2621 5765 2784 5806 manu
2810 5744 3119 5804 recentiori.
