3856 6190
248 288 354 342 817

314 396 554 453 Auribus
581 394 634 448 in
668 392 820 461 cujus
850 390 1028 447 dulcia
1062 394 1224 449 verba
1254 376 1427 449 sonat.

244 484 326 541 lto
350 485 499 540 celer
526 483 654 553 Bigo
680 500 694 535 :
726 483 842 536 hazc
869 490 1175 536 nostrorum
1197 483 1396 538 edicito
1425 482 1624 546 turbis,

316 574 497 643 Atque
525 582 615 626 tuo
643 578 827 625 nostra
844 578 1071 639 pectore
1100 572 1263 627 verba
1288 580 1445 628 sonat
1470 584 1518 626 ι.

242 668 276 708 δ
299 665 544 736 Virginis
561 672 622 718 ut
640 663 876 732 primum
904 662 1061 716 Titan
1088 664 1463 718 conscenderit
1487 672 1714 729 astrum,

315 757 384 811 Et
418 771 574 811 soror
609 756 662 809 in
685 754 905 824 propria
943 754 1069 809 sede
1098 765 1355 824 sequetur
1379 755 1503 821 iter,

243 848 476 920 Agmine
509 847 733 901 densato
758 844 1293 914 prwfatmexercitus
1318 846 1471 901 urbis

322 936 517 991 Maenia
543 944 730 989 noster
752 948 921 988 ovans
947 943 1175 1001 occupet
1199 948 1346 987 arma
1376 942 1584 988 tenens.

244 1027 377 1096 Bigo
402 1026 622 1081 facessit
640 1038 806 1095 agens
841 1024 1031 1079 doctus
1060 1038 1186 1078 mox
1213 1038 1338 1078 orsa
1365 1024 1603 1094 benigni,

316 1118 469 1188 Itque
496 1118 759 1186 reditque,
791 1115 970 1171 ferens
998 1114 1197 1186 inclyta
1217 1116 1367 1186 jussa
1397 1115 1558 1171 celer.

246 1199 362 1263 Rex.
388 1208 511 1277 pius
536 1207 738 1260 interea
764 1205 965 1259 Christi
1004 1220 1297 1261 succensus
1326 1220 1511 1260 amore
1531 1246 1548 1270 ,

317 1300 420 1355 Dat
458 1299 544 1369 pia
572 1296 911 1354 Christicolis
946 1298 1144 1351 mtenia
1176 1309 1198 1336 ο
1229 1299 1386 1366 digna
1417 1298 1566 1352 satis.
1654 1326 1659 1330 ~

242 1388 490 1459 Namque
519 1386 701 1442 ferunt
729 1386 928 1442 multas
956 1388 1345 1443 monachorum
1373 1388 1477 1442 rite
1502 1394 1749 1442 catervas

312 1478 615 1533 instituisse
642 1475 750 1529 Deo
779 1476 878 1530 sub
904 1476 1106 1531 ditione
1141 1491 1257 1530 sua.

243 1567 395 1635 Quod
424 1567 549 1637 quis
586 1579 747 1620 nosse
775 1566 949 1635 cupit,
982 1580 1148 1636 rogo,
1192 1579 1358 1636 regna
1386 1548 1655 1636 Aquitana
1694 1580 1818 1637 per-

1548 1654 1742 1726 [agret,

313 1747 359 1803 E
394 1745 592 1817 quibus
618 1760 687 1801 en
716 1759 883 1799 unum
920 1744 1165 1800 chartula
1192 1753 1373 1801 nostra
1403 1746 1577 1823 canit.‘

242 1840 338 1894 Est
358 1837 514 1892 locus
537 1835 768 1906 insignis
789 1834 938 1889 cultu
960 1849 1053 1890 seu
1081 1834 1377 1906 relligione,

310 1929 412 1986 Cui
436 1926 648 1984 Concas
675 1925 704 1967 τι
733 1940 929 1981 nomen
956 1941 1053 1980 rex
1081 1926 1229 1981 dedit
1247 1927 1361 1996 ipse
1389 1926 1554 1997 prior,

242 2021 385 2079 Olim
416 2033 650 2088 namque
688 2016 821 2073 feris
846 2016 1141 2086 avibusque
1168 2017 1455 2072 canoribus
1484 2029 1507 2055 ο
1533 2025 1710 2088 aptus,

310 2112 642 2184 ignotusque
677 2108 884 2163 homini
911 2124 1008 2178 pro
1035 2107 1250 2163 feritate
1275 2105 1393 2162 fuit.

238 2202 398 2257 Nunc
434 2213 650 2271 quoque
682 2197 1065 2254 Christicolum
1099 2196 1445 2268 resplendens
1476 2198 1690 2269 agmine
1712 2198 1818 2252 fra-

1556 2288 1745 2360 {trum,

308 2385 554 2453 Quorum
587 2384 726 2436 fama
758 2381 916 2437 modo
940 2380 1104 2436 latius
1131 2381 1301 2437 tethra
1328 2382 1481 2452 petit.

240 2475 368 2531 Haec
394 2490 608 2545 quoque
630 2473 765 2531 cella
796 2472 816 2512 τ
846 2473 920 2544 pii
943 2481 1254 2528 constructa
1274 2483 1359 2528 est
1380 2488 1602 2529 munere
1627 2471 1812 2542 regis:

308 2566 604 2631 Fundavit,
627 2564 793 2620 coluit
816 2564 998 2629 rebus,
1032 2571 1086 2618 et
1112 2561 1320 2619 olIlciis.

241 2655 392 2712 Valle
422 2655 575 2711 sedet
599 2669 789 2725 magna
808 2694 823 2719 ,
850 2653 1144 2724 praecincta
1173 2653 1393 2709 ﬂumine
1423 2656 1449 2695 ε
1473 2669 1707 2721 amoeno,

308 2747 542 2811 Vinetis,
562 2747 766 2817 pomis,
800 2759 896 2800 seu
925 2745 1153 2815 dapibus
1174 2745 1361 2810 variis,

238 2837 484 2909 Rupibus
510 2837 710 2892 excisis
745 2835 922 2890 valido
946 2835 1176 2891 sudante
1210 2835 1393 2891 labore
1411 2876 1427 2901 ,

307 2925 429 2993 Quo
449 2934 635 2996 pateat
663 2924 814 2980 locus
843 2924 949 2989 hic,
993 2924 1187 2978 semita
1221 2937 1346 2995 rege
1374 2924 1530 2978 datur
1554 2942 1567 2977 :

239 3017 428 3074 Dictus
461 3024 584 3072 erat
612 3015 883 3086 quondam
915 3012 1084 3068 frater
1108 3014 1425 3084 cognomine
1461 3002 1627 3069 Datus
1656 3015 1707 3079 ιι,

307 3109 483 3178 Quem
511 3108 755 3164 referunt
786 3108 963 3178 primo
999 3107 1149 3162 illum
1181 3107 1472 3162 incoluisse
1511 3106 1705 3161 locum.

238 3199 340 3257 llic
361 3213 579 3271 quoque
600 3199 726 3252 dum
745 3197 952 3268 patrias
977 3204 1218 3252 servaret
1245 3198 1312 3252 ab
1334 3194 1577 3251 hostibus
1609 3196 1623 3234 ί
1648 3193 1814 3257 aedes,

308 3288 530 3359 Sospite
563 3295 738 3341 matre
766 3286 868 3342 sibi
898 3286 1245 3342 consociante
1266 3285 1443 3341 domo.

238 3380 499 3435 Protinus
525 3378 632 3432 heu
652 3390 850 3447 pagum
880 3376 1048 3431 nimio
1078 3375 1310 3431 vallante
1334 3375 1566 3431 tumultu

309 3473 623 3529 Botinicum
649 3469 662 3523 ἰ
694 3471 864 3525 Mauri
893 3471 1189 3526 destituere
1218 3469 1245 3509 ¹ί
1272 3469 1453 3524 nimis.

240 3569 554 3628 Pravalidaz
579 3567 774 3639 praedae
800 3563 1026 3634 hujusce
1056 3565 1201 3619 inter
1222 3563 1339 3619 fore
1368 3570 1599 3617 matrem

308 3659 623 3723 Afﬁrmant,
649 3662 873 3711 cunctas
896 3653 1227 3722 exuviasque
1254 3653 1482 3707 domus:

242 3752 503 3810 Hostibus
527 3747 761 3820 egressis
778 3744 1039 3817 profugus
1068 3760 1166 3799 sua
1189 3744 1366 3799 visere
1393 3751 1532 3799 tecta
1620 3810 1637 3819 κ

312 3843 522 3908 Certat,
550 3850 607 3896 et
643 3840 710 3895 ad
730 3846 891 3894 notos
916 3838 1146 3908 quisque
1173 3837 1351 3892 redire
1370 3835 1535 3902 lares,

242 3932 414 3988 Datus
440 3938 502 3985 ut
523 3928 742 4000 agnovit
761 3928 1036 3998 propriam
1067 3934 1405 3997 matremque
1423 3926 1748 3996 domumque

311 4024 616 4096 Direptam,
643 4021 851 4077 varium
877 4030 1096 4092 pectore
1123 4027 1307 4075 versat
1331 4034 1491 4075 onus.

312 4167 341 4197 ι
373 4153 612 4210 Librarii
643 4152 817 4209 error.
852 4150 944 4207 Sic
976 4151 1121 4206 enim
1159 4152 1213 4206 in
1243 4166 1346 4207 ms.
1376 4151 1590 4223 legitur.
1629 4148 1820 4208 Scribe

244 4242 496 4349 “gallae
522 4301 637 4360 est,
668 4292 1064 4363 quamprimum
1103 4291 1347 4363 remissis
1373 4292 1645 4348 caloribus
1674 4292 1821 4347 aesti-

246 4366 330 4421 vis
365 4372 656 4419 autumnus
684 4360 952 4426 accedet,
994 4370 1121 4415 tunc
1161 4360 1574 4417 Barcinonensis
1611 4363 1820 4417 obsidio

251 4404 917 4501 Neque
937 4404 1091 4485 ’enim
1119 4404 1418 4501 ingregion’e
1442 4447 1471 4484 a
1493 4404 1820 4486 solea-duum;
1846 4404 1900 4463 Β

250 4502 515 4572 militibus
557 4502 689 4557 satis
718 4498 991 4572 patientia:
1018 4508 1102 4555 est
1142 4498 1405 4554 obsidioni
1442 4502 1645 4569 patenti
1691 4501 1822 4556 insi-

247 4582 418 4638 stere,
450 4571 577 4626 dum
631 4569 791 4626 astas
836 4569 1026 4625 fervet.

320 4654 344 4682 ε
375 4641 559 4722 Primo
572 4642 765 4722 intuitu
784 4640 1063 4722 legendpm
1085 4638 1300 4722 videtur
1312 4655 1547 4722 munera.
1571 4642 1822 4696 Attamen

247 4714 556 4767 mimum
583 4711 797 4782 nomine
819 4707 1110 4782 significari
1142 4707 1233 4782 hic
1257 4708 1601 4782 intelligimus
1641 4726 1824 4765 mona-

248 4783 417 4838 steria
451 4791 506 4835 et
524 4779 808 4850 ecclesias,
835 4776 969 4850 quas
995 4776 1451 4850 LudovicusPius
1478 4782 1749 4835 excitavit.

319 4851 346 4890 δ
373 4849 712 4910 Mabillonius
742 4851 795 4904 in
823 4847 1017 4904 A'nnal.
1044 4847 1374 4903 Benedictio.
1402 4850 1469 4904 ad
1497 4864 1695 4904 annum
1721 4849 1823 4905 768

252 4920 445 4977 scribit
492 4918 659 4975 fuisse
702 4919 1159 4990 quidtradidet‘int
1200 4920 1472 4979 conditum
1523 4935 1554 4974 a
1599 4920 1825 4990 Pippino

251 4990 603 5060 Francorum,
630 4986 756 5060 rege
782 4986 1485 5060 Conchensehmonasterium
1520 4990 1572 5045 in
1603 4986 1825 5060 Aquita-

254 5061 367 5124 nia,
399 5062 561 5115 situm
591 5059 647 5112 in
693 5057 1022 5112 Ruthenensi
1059 5057 1299 5112 dioecesi.
1341 5059 1476 5113 Tum
1511 5061 1578 5115 ad
1623 5057 1825 5115 annum

253 5130 361 5187 812
400 5131 469 5186 de
513 5129 722 5198 origine
770 5129 885 5197 ejus
932 5126 1162 5183 coenobii
1194 5129 1433 5194 disserit,
1488 5130 1725 5186 incertus
1770 5139 1827 5185 et

254 5200 585 5267 conjectans,
641 5198 722 5253 Ad
765 5198 1044 5267 Pippinum
1091 5212 1253 5267 supra
1303 5212 1680 5264 memoratum,
1735 5212 1829 5255 aut

255 5271 325 5325 ad
360 5266 698 5326 Ludovicum
741 5266 927 5339 Pium,
960 5276 1053 5339 aut
1080 5268 1144 5321 ad
1194 5266 1476 5339 Pippinum
1522 5271 1826 5339 Aquitania:

258 5355 462 5411 regem,
491 5339 749 5411 Ludovici
773 5338 941 5409 ipsius
972 5337 1709 5411 lilium,-itistitutioncm'loci
1744 5357 1828 5395 re—

258 5404 388 5464 ferri
433 5425 610 5480 posse.
654 5404 923 5480 Habemus
961 5421 1102 5461 nunc
1132 5404 1432 5480 Nigellum,
1459 5408 1716 5480 idoneum
1746 5418 1825 5465 te-

259 5476 778 5544 stemftribuentem
802 5478 943 5534 illius
972 5476 1224 5547 emnobii,
1253 5479 1366 5532 sive
1393 5478 1539 5531 cellzu
1564 5479 1826 5547 originem

261 5548 535 5605 Ludovico
576 5548 701 5613 Pio,
751 5558 878 5603 tunc
903 5545 1204 5618 Aquitania:
1246 5550 1377 5618 regi.
1432 5548 1575 5618 idem
1614 5545 1827 5617 quoque

262 5628 421 5689 antea
444 5635 543 5675 nos
568 5620 825 5675 docuerat
853 5625 1041 5689 auctor
1068 5616 1475 5686 antiquissimus
1502 5616 1639 5672 vum
1662 5618 1827 5689 ipsius

265 5687 521 5745 Ludovici
548 5689 614 5744 ad
652 5703 852 5743 annum
875 5688 999 5744 8H.

1125 284 1212 337 DE
1254 283 1482 339 REBUS
1519 282 1764 339 CESTIS
1802 283 2124 341 LUDOVICI
2162 284 2268 339 ΡΠ.
2297 315 2366 325 —-
2406 286 2535 340 LIB.
2581 287 2617 340 Ι.

1842 3071 1889 3134 C

3391 293 3495 347 578

1846 398 1896 457 Α
1924 395 2148 450 Prorsus
2168 410 2364 465 equum
2396 396 2633 466 phaleris
2657 411 2859 453 ornans
2879 438 2893 463 ,
2939 413 2997 454 sc
3049 413 3148 455 nec
3204 400 3389 480 minu.‘

3324 508 3426 546 IIIIS

1994 574 2310 643 Conjunctis
2339 578 2504 631 sociis
2530 586 2756 647 apparat
2786 578 2865 633 ire
2891 594 3114 648 sequax.
3299 492 3320 565 [

1924 667 2087 722 Forte
2114 667 2214 722 fuit
2242 678 2480 724 castrum
2509 670 2651 724 vallo
2685 686 2780 725 seu
2810 687 3083 727 marmore
3105 673 3341 740 firmum,

1993 760 2110 828 Quo
2140 761 2363 816 reduces
2393 761 2707 818 Mauricum
2737 763 2923 832 spoliis
2947 774 3211 821 remeant.

1923 850 2040 905 Huc
2062 851 2207 905 celer
2229 860 2284 906 et
2308 852 2441 906 socii
2465 852 2651 917 Datus,
2673 862 3006 923 cunctusque
3040 856 3280 924 popellus

1992 936 2252 993 Certatim
2281 948 2495 1006 coeunt,
2527 939 2779 1010 frangere
2813 942 3048 997 claustra
3087 953 3299 1012 parant.

1919 1024 1998 1081 Ac
2029 1025 2175 1079 velut
2203 1028 2459 1096 accipiter
2483 1029 2673 1097 pennis
2708 1044 2805 1098 per
2828 1030 3011 1085 nubila
3038 1032 3220 1101 lapsus

1996 1116 2182 1185 Ungue
2208 1117 2350 1185 rapit
2381 1117 2674 1181 volucrem,
2704 1127 2939 1188 notaque
2966 1122 3032 1175 ad
3053 1131 3209 1178 antra
3236 1122 3371 1193 fugit
3397 1142 3413 1178 :

1916 1205 1987 1259 At
2014 1206 2175 1261 sociae
2195 1206 2480 1269 crocitant,
2503 1221 2803 1276 raucasque
2836 1224 2932 1276 per
2956 1211 3158 1265 aethera
3187 1226 3348 1268 voces

1988 1294 2361 1365 Nequidquam
2382 1296 2656 1363 recinunt,
2683 1306 2845 1367 atque
2873 1308 3173 1366 sequuntur
3203 1317 3379 1356 avem.

1916 1384 2035 1455 Ipse
2061 1385 2254 1440 sedens
2285 1392 2458 1450 tutus,
2485 1387 2722 1455 praedam
2751 1389 3073 1459 stringitque
3106 1388 3355 1459 feritque,

1986 1473 2180 1527 Versat
2205 1482 2259 1528 et
2291 1474 2344 1527 in
2385 1484 2569 1542 partes
2590 1491 2725 1544 quas
2748 1477 2851 1532 sibi
2883 1494 3114 1548 cumque
3153 1479 3349 1550 placet.

1917 1562 2032 1617 Non
2060 1562 2218 1617 aliter
2252 1563 2424 1618 Mauri
2448 1564 2587 1618 vallo
2608 1567 2895 1637 praedaque
2918 1568 3095 1638 potiti,

1989 1653 2110 1707 Dati
2133 1652 2273 1708 bella
2301 1654 2512 1718 timent,
2546 1654 2774 1723 spicula,
2802 1657 2915 1712 sive
2942 1658 3138 1713 minas.

1844 1735 1893 1794 B
1921 1744 2056 1799 Tum
2070 1743 2324 1812 juvenem
2349 1745 2488 1799 muri
2511 1746 2727 1815 quidam
2750 1749 3037 1817 compellat
3066 1751 3132 1805 ab
3156 1766 3302 1815 arce,

1987 1834 2129 1890 Voce
2155 1836 2481 1891 cachinnosa
2511 1836 2654 1893 dicta
2697 1837 2927 1894 nefanda
2965 1840 3144 1896 dabat.

1917 1928 2050 1982 Date
2079 1943 2265 1996 sagax,
2291 1938 2508 1984 nostras
2538 1930 2696 1984 modo
2726 1945 2846 2000 qua:
2871 1947 2959 1987 res
2978 1932 3127 1987 vexit
3149 1933 3217 1988 ad
3240 1948 3399 1989 arces

1988 2018 2086 2083 Te,
2117 2020 2400 2091 sociosque
2428 2030 2568 2087 tuos,
2600 2021 2764 2076 dicito
2787 2037 3019 2091 namque
3047 2038 3261 2092 precor.

1918 2124 1974 2180 Si
2000 2127 2180 2190 modo,
2210 2142 2317 2197 quo
2340 2128 2566 2193 resides,
2598 2128 2688 2182 tali
2711 2143 2809 2197 pro
2835 2145 3060 2186 munere
3086 2131 3241 2185 nobis

1988 2217 2196 2273 Dedere
2224 2219 2395 2273 mavis
2419 2235 2636 2289 equum,
2676 2236 2787 2290 quo
2813 2222 3125 2291 phaleratus
3148 2224 3286 2278 abis.

1917 2307 2069 2364 Nunc
2098 2309 2193 2365 tibi
2225 2318 2398 2365 mater
2418 2319 2507 2365 eat
2541 2326 2750 2381 sospes,
2777 2327 2871 2366 seu
2903 2320 3097 2367 cmtera
3124 2314 3327 2383 praeda,

1987 2400 2083 2455 Sin
2111 2409 2313 2467 autem,
2344 2412 2468 2457 ante
2492 2402 2679 2457 oculos
2705 2400 2891 2456 funera
2916 2403 3105 2457 matris
3132 2404 3317 2458 habes.

1918 2491 2171 2546 Reddidit
2195 2506 2321 2546 orsa
2355 2492 2456 2547 sibi
2489 2493 2656 2547 Datus
2680 2507 2789 2547 non
2817 2491 2977 2563 digna
3004 2492 3175 2547 relatu
3204 2510 3217 2545 :

1987 2583 2200 2638 Funera
2229 2584 2418 2638 matris
2454 2600 2551 2654 age
2578 2600 2594 2638 :
2627 2600 2727 2640 nec
2754 2585 2885 2639 mihi
2909 2600 3037 2640 cura
3075 2586 3229 2640 satis.

1917 2675 2052 2730 Nam
2074 2690 2231 2745 quem
2252 2675 2431 2743 poscis
2459 2690 2654 2745 equum
2674 2717 2689 2743 ,
2719 2691 2826 2731 non
2870 2691 3109 2745 unquam
3155 2676 3352 2730 dedere
3403 2676 3486 2729 di-

3215 2765 3371 2839 [εποι-
3401 2783 3416 2820 :

1987 2855 2251 2927 bnprobe,
2283 2855 2426 2911 haud
2455 2855 2702 2926 equidem
2732 2855 2799 2911 ad
2825 2864 2916 2909 tua
2943 2854 3095 2910 frena
3121 2855 3297 2910 decet.

1918 2946 2029 3003 Nec
2047 2962 2200 3002 mora
2230 2964 2244 3001 :
2274 2946 2508 3002 crudelis
2532 2956 2760 3002 matrem
2789 2946 3039 3002 consistit
3067 2947 3120 3000 in
3148 2961 3294 3011 arce,

1989 3035 2057 3089 Et
2080 3044 2205 3091 nato
2235 3050 2417 3091 coram
2444 3035 2757 3091 dilaceravit
2775 3050 2917 3090 eam.

1917 3124 2156 3195 Namque
2188 3125 2392 3193 ferunt,
2425 3125 2570 3181 ferro
2589 3127 2763 3197 primo
2786 3125 3024 3182 secuisse
3045 3126 3293 3197 papillas,

1984 3215 2053 3269 Et
2078 3215 2255 3285 capite
2282 3217 2545 3280 abscisso,
2577 3218 2683 3271 heu
2728 3216 2741 3256 ι
2777 3225 2867 3271 tua
2895 3225 3092 3281 mater,
3114 3217 3207 3270 ait.

1913 3305 2145 3360 Frendet
2172 3304 2319 3360 enim
2344 3304 2529 3359 infelix
2554 3307 2719 3361 Datus
2756 3321 2855 3375 pro
2882 3306 3076 3361 funere
3101 3306 3311 3367 matris,

1985 3393 2138 3447 Nunc
2162 3393 2290 3457 huc,
2313 3407 2459 3447 nunc
2483 3393 2612 3446 illuc
2635 3392 2859 3449 ﬂuctuat
2889 3403 3058 3463 atque
3086 3394 3273 3464 gemit.

1914 3483 2024 3539 Nec
2045 3490 2190 3553 patet
2214 3482 2290 3536 illi
2321 3482 2517 3546 aditus,
2544 3497 2645 3537 nec
2672 3483 2801 3546 vim,
2840 3497 2945 3551 qua
2966 3484 3205 3537 vindicet
3234 3493 3387 3538 artus

1985 3571 2191 3637 Matris,
2217 3572 2418 3637 habet;
2452 3571 2649 3635 tristis,
2685 3577 2867 3625 mente
2897 3585 3197 3640 carensque
3228 3572 3384 3644 fugit.

1916 3663 2176 3719 Omnibus
2194 3662 2410 3718 amissis
2436 3661 2666 3732 sumptis
2688 3660 3002 3718 melioribus
3030 3662 3200 3718 armis
3217 3702 3234 3727 ,

1984 3752 2160 3809 lncola
2188 3769 2317 3810 mox
2343 3753 2513 3808 eremi
2537 3753 2704 3822 coepit
2734 3752 2911 3808 inesse
2929 3742 3074 3823 pius.

1915 3843 2111 3898 Durior
2136 3850 2197 3897 ut
2223 3843 2494 3913 quondam
2518 3841 2695 3897 fuerat
2714 3841 2860 3923 ferus
2882 3842 2934 3897 in
2959 3857 3089 3898 nece
3119 3844 3333 3907 matris,

1983 3932 2223 3988 Firmior
2250 3932 2377 3987 hinc
2405 3940 2613 3987 remeat
2635 3932 2701 3987 ad
2723 3932 2875 4003 juga,
2912 3930 3146 3997 Christe,
3178 3940 3287 3987 tua.

1918 4023 2181 4093 Tempore
2206 4038 2332 4078 nam
2357 4021 2528 4077 multo
2562 4022 2677 4077 haec
2702 4036 2884 4078 secum
2906 4021 3052 4078 solus
3085 4023 3280 4093 agebat

1993 4167 2016 4193 ε
2044 4156 2151 4210 Pro
2180 4155 2406 4210 canoris.

1993 4224 2013 4263 ί
2043 4224 2265 4295 Erudite
2292 4240 2389 4295 pro
2418 4239 2569 4279 more
2598 4223 2932 4295 Mabillonius
2958 4224 3120 4278 etiam
3147 4225 3489 4295 animadver-

1921 4295 1989 4349 tit
2036 4294 2103 4349 ad
2145 4292 2346 4347 annuin
2386 4294 2490 4348 812
2531 4294 2846 4349 Conehense
2891 4293 3278 4347 monasterium
3328 4292 3495 4348 fuisse

1923 4364 2229 4436 quamdam
2259 4362 2415 4436 veluti
2470 4361 2655 4416 cellam
2704 4361 3065 4436 Frigiacensis
3132 4360 3491 4436 Monasterii;

1926 4429 2125 4503 quippe
2145 4431 2321 4486 eidem
2336 4431 2574 4497 suberat,
2596 4439 2691 4485 aut
2710 4429 3143 4486 commendatum
3167 4430 3357 4485 saltem
3376 4429 3493 4486 fue-
3578 4486 3579 4489 η

1926 4510 2029 4556 rat.

2000 4574 2026 4613 ε
2074 4569 2164 4626 Uti
2200 4586 2266 4625 ex
2315 4570 2605 4639 diplomate
2643 4571 2901 4626 Ludovici
2948 4569 3029 4625 Pii
3062 4577 3301 4639 constat,
3352 4570 3494 4638 quod

1925 4639 2240 4712 datum'fuit
2259 4638 2403 4712 anno
2426 4641 2551 4712 8l9_,
2580 4641 2723 4712 idem
2748 4639 3020 4712 Augustus
3045 4638 3360 4712 Con_cben_se
3383 4654 3496 4712 mu-

1925 4711 2222 4767 nasterium
2254 4710 2309 4764 in
2345 4727 2477 4780 pqgo
2509 4709 2762 4764 Rutenico
2783 4751 2798 4776 ,
2835 4707 2990 4779 Super
3025 4707 3248 4780 rivulum
3282 4707 3493 4780 Dorda—

1925 4798 2071 4846 num,
2100 4777 2592 4843 vocabulo'Cbncas,
2613 4781 2714 4835 sub
2742 4777 2908 4836 suam
2928 4778 3146 4834 tutelam
3169 4777 3422 4832 admittit.

1995 4853 2023 4891 ιι
2054 4849 2432 4921 Ιζθειθίοωιιίει-
2465 4860 2769 4921 congruunt
2807 4866 2928 4921 cum
2975 4849 3275 4921 Diplomate
3312 4847 3489 4921 Ludo:

1924 4921 2028 4975 vici
2074 4920 2156 4990 Pii
2211 4919 2460 4990 Augusti,
2516 4917 2790 4990 spectante
2830 4917 3141 4990 adaunum
3177 4919 3300 4990 8l9_,
3351 4917 3495 4990 quod

1924 4989 2147 5061 protulit
2176 4988 2385 5061 clari—ss.
2425 4988 2674 5061 Baluzius
2723 5001 2853 5048 tem.
2883 4989 2953 5061 ill,
3000 5005 3122 5060 pag.
3158 4988 3313 5061 Mlti,
3337 4988 3493 5056 Capi-

1926 5059 2200 5125 tularium,
2232 5060 2323 5115 ubi
2364 5061 2568 5129 primus
2596 5060 2926 5116 Conchensis
2965 5059 3274 5114 monasterii
3312 5066 3494 5129 rector

1925 5131 2227 5200 appellatur
2270 5126 2661 5200 vir—religiosus
2699 5130 2852 5184 Παάο
2891 5130 3115 5200 quodam
3141 5126 3489 5200 nontine,_qui

1927 5196 2116 5255 uestris
2152 5196 3033 5270 temporibus’locumiillum,'quo
3065 5197 3303 5270 nonnulli
3336 5196 3489 5249 Chri-

1924 5272 2083 5341 stiani
2144 5266 2353 5341 propter
2423 5281 2615 5325 metum
2674 5266 3057 5325 Saracenorum
3117 5266 3486 5336 confugerant,

1928 5340 2229 5413 inhabitare
2249 5341 2435 5413 gmpit.
2487 5410 2497 5413 Α
2659 5411 2665 5413 Α
2722 5410 2731 5413 _
2831 5410 2840 5413 Α
2944 5410 2955 5413 Α
3167 5404 3183 5413 -
3240 5406 3249 5413 ,
3305 5402 3317 5413 .

2003 5412 2015 5450 ί
2055 5410 2109 5481 id
2131 5418 2216 5464 est
2235 5404 2549 5481 Saracenis,
2577 5411 2669 5480 qui
2706 5410 3049 5481 Aquitaniam
3074 5404 3282 5461 crebris
3304 5404 3481 5457 incur.

1927 5480 2169 5535 siouibus
2193 5479 2514 5549 amigebant.

2001 5549 2015 5598 ἱ
2060 5550 2186 5605 Sive
2216 5546 2582 5612 Ruilzenicum,
2616 5564 2760 5603 nunc
2789 5547 2863 5601 La
2884 5546 3174 5615 Rouergue.

2001 5620 2023 5690 ξ
2063 5619 2167 5673 Pro
2196 5628 2490 5683 vastavere,
2521 5619 2725 5690 ingenti
2754 5615 2931 5690 praeda
2958 5615 3207 5668 abducta.

2006 5687 2022 5726 ι
2053 5690 2133 5744 An
2160 5689 2339 5760 potius
2372 5707 2381 5741 :
2409 5706 2470 5743 en
2496 5685 2795 5748 lua’matcr,
2819 5685 2934 5737 ait?
