3856 6190
335 295 437 351 579

409 409 524 474 llic,
549 405 674 477 quia
703 403 1027 459 mundanum
1057 407 1348 470 tempserat
1373 413 1531 452 omne
1555 397 1722 452 nefas.

340 500 463 554 Ilaec
489 499 616 553 dum
649 494 791 549 fama
819 493 892 563 pii
920 492 1062 562 regis
1081 490 1327 559 pervenit
1357 489 1424 544 ad
1446 503 1623 551 aures,

411 588 531 642 Mox
561 584 773 639 Domini
801 581 1057 636 famulum
1087 579 1156 633 ad
1183 593 1279 632 sua
1306 585 1452 632 tecta
1482 584 1654 632 vocat.

339 680 580 747 Namque
607 677 746 730 diem
786 681 952 728 totum
979 671 1131 741 parili
1159 684 1408 724 sermone
1431 669 1720 722 trahebant

410 768 546 830 Rex,
578 764 920 832 famulusque
942 762 1056 824 Dei,
1080 760 1358 830 reIligione
1386 775 1565 830 pares.

343 861 478 914 Tum
509 874 601 912 rex
621 864 674 911 et
701 856 868 909 Datus
900 853 1076 924 primo
1097 851 1409 906 fundamina
1436 850 1630 906 Concis

410 947 657 1017 Infigunt,
693 945 970 999 monachis
997 953 1173 996 castra
1198 941 1376 995 futura
1404 949 1615 1010 parant.

341 1039 522 1109 Nuper
551 1053 657 1106 quo
681 1035 861 1090 valido
892 1035 1219 1089 recubabant
1247 1033 1460 1103 agmine
1487 1032 1677 1097 belvre,

410 1128 672 1182 Redditur
694 1126 818 1181 inde
839 1126 948 1179 Deo
979 1139 1122 1177 nunc
1150 1137 1362 1191 quoque
1386 1131 1536 1192 grata
1562 1137 1733 1190 seges.

340 1218 549 1273 Interea
572 1217 715 1287 regis
750 1228 1020 1285 proceres,
1045 1212 1333 1282 populique
1355 1212 1646 1280 phalanges

410 1308 620 1362 Dudum
649 1303 983 1364 commoniti,
1009 1303 1160 1370 jussa
1185 1301 1414 1355 libenter
1439 1310 1625 1371 agunt.

343 1396 591 1465 Undique
615 1394 941 1449 conveniunt
966 1391 1300 1445 Francorum
1337 1406 1486 1444 more
1519 1400 1768 1453 catervae,

412 1487 588 1556 Atque
614 1485 762 1539 urbis
784 1497 808 1524 α
837 1498 1018 1538 muros
1042 1482 1208 1537 densa
1241 1496 1440 1535 corona
1474 1490 1634 1536 tenet.

343 1577 601 1632 Convenit
632 1586 756 1629 ante
785 1589 971 1627 omnes
1007 1571 1199 1626 Carolo
1228 1578 1378 1625 satus
1405 1571 1618 1641 agmine
1640 1572 1866 1642 pulchro
1897 1592 1908 1626 :

420 1666 575 1723 Urbis
603 1665 668 1719 ad
695 1665 919 1718 exitium
946 1670 1235 1732 congregat
1261 1662 1288 1700 ι’
1317 1661 1404 1716 ille
1427 1657 1608 1716 duces.

343 1757 503 1811 Parte
525 1772 619 1810 sua
646 1755 892 1824 princeps
922 1752 1153 1806 V'ilhelm
1189 1753 1418 1806 tentoria
1450 1751 1585 1821 figit,

419 1847 692 1918 Heripreth
722 1859 767 1910 ε,
802 1845 1059 1899 Liuthard
1086 1843 1134 1909 ά,
1164 1844 1398 1913 Bigoque
1432 1855 1476 1910 θ,
1516 1843 1629 1899 sive
1667 1844 1803 1898 Bero
1832 1844 1875 1906 ι,

344 1940 529 1995 Santio
560 1941 604 2003 ⁸,
636 1935 944 2000 Libulfush,
968 1934 1261 1988 Hilthibret
1287 1935 1326 1996 ί,
1351 1941 1513 2003 atque
1539 1933 1844 1988 Ilisimbard
1864 1933 1876 1983 i
1896 1974 1911 1998 ,

411 2025 534 2083 Sive
561 2026 650 2079 alii
681 2025 884 2095 plures,
910 2038 1046 2093 quos
1076 2022 1306 2076 recitare
1337 2037 1489 2076 mora
1519 2031 1620 2077 est.

340 2115 548 2171 Cretera
577 2129 675 2184 per
708 2127 927 2182 campos
956 2110 1191 2165 stabulat
1220 2109 1411 2164 diffusa
1431 2109 1708 2177 juventus,

409 2207 673 2269 Francus,
702 2204 918 2269 Wasco,
949 2203 1142 2268 Getha,
1166 2203 1280 2257 sive
1303 2201 1574 2272 Aquitana
1600 2203 1815 2256 cohors.

339 2298 386 2353 lt
411 2298 593 2368 fragor
615 2296 682 2350 ad
709 2295 926 2358 cmlum,
955 2301 1168 2348 resonat
1192 2292 1535 2363 clangoribus
1569 2292 1771 2356 aether;

411 2389 629 2444 Clamor
654 2388 708 2441 in
731 2386 884 2451 urbe,
909 2401 1096 2455 pavor,
1134 2383 1293 2439 ﬂetus
1313 2393 1368 2438 et
1401 2386 1578 2441 omnis
1600 2386 1770 2440 adest.

342 2479 469 2534 Haec
513 2491 727 2548 quoque
769 2476 897 2531 dum
947 2475 1171 2546 geritur,
1221 2475 1446 2531 reduces
1493 2473 1598 2530 fert
1643 2475 1914 2546 IleSperus

1580 2563 1842 2636 [umbras,

412 2655 773 2719 Barchinona,
807 2663 928 2708 tuas
957 2652 1199 2724 possidet
1228 2653 1401 2708 hostis
1428 2668 1578 2723 opes.

341 2747 541 2804 Lucida
563 2760 795 2814 namque
822 2744 1070 2798 homines
1097 2752 1157 2797 ut
1180 2744 1414 2814 primum
1464 2759 1660 2799 aurora
1701 2745 1909 2810 revisit,

413 2835 736 2892 Commoniti
764 2836 992 2890 comites
1023 2835 1170 2905 regia
1197 2843 1336 2891 tecta
1364 2845 1611 2905 petunt;-

342 2927 542 2983 Ordine
566 2925 796 2996 quisque
836 2940 934 2980 suo
975 2940 1194 2994 prorsus
1247 2925 1597 2998 residuntque
1641 2941 1740 2995 per
1786 2926 1911 2980 her-

1671 3013 1839 3085 [bam,

413 3103 648 3160 Auribus
670 3103 894 3157 attentis
920 3102 1065 3172 regia
1087 3101 1228 3156 dicta
1253 3110 1461 3172 rogant.

343 3194 480 3249 Tum
509 3192 719 3248 soboles
739 3191 917 3247 Caroli
945 3192 1172 3262 sapienti
1203 3193 1318 3246 hinc
1346 3193 1513 3247 edidit
1539 3208 1632 3250 ore
1658 3207 1694 3246 εδ

413 3285 655 3353 Accipite
683 3285 786 3338 hoc
819 3283 1014 3337 animis
1038 3282 1344 3347 consilium,
1374 3297 1647 3352 proceres.

343 3375 399 3431 Si
431 3390 562 3448 gens
592 3375 690 3428 ista
723 3374 889 3427 Deum
915 3372 1135 3437 coleret,
1164 3371 1490 3444 Christoque
1512 3373 1768 3444 placeret,

412 3541 437 3569 ιι
463 3528 520 3582 ιιι
549 3537 634 3582 est
653 3527 1091 3582 Barcinonensis.

413 3599 440 3638 ι)
470 3596 809 3668 Eginhardus
840 3597 892 3649 in
921 3595 1219 3651 Annalibus
1244 3597 1310 3650 ad
1335 3613 1534 3654 annum
1559 3599 1757 3656 Christi
1782 3601 1908 3667 801,

345 3671 458 3724 lucc
482 3667 670 3723 scribit
704 3685 716 3718 ε
748 3685 765 3715 ι
793 3667 910 3735 Ipsa
927 3675 1113 3720 testate
1126 3675 1282 3734 capta
1297 3677 1377 3722 est
1399 3669 1700 3725 Barcinona
1719 3672 1911 3726 civitas

342 3742 394 3793 in
432 3737 707 3806 Hispania,
752 3735 865 3809 jam
909 3735 1126 3809 biennio
1177 3739 1416 3809 obsessa.
1481 3759 1500 3790 ι
1544 3740 1683 3808 Ergo
1733 3750 1907 3809 coepta

341 3803 549 3861 obsidio
585 3821 726 3858 anno
756 3803 877 3875 74997.
922 3803 1078 3875 Paria
1108 3805 1253 3875 legas
1294 3807 1348 3860 in
1392 3806 1584 3861 Annal.
1620 3803 1904 3875 Fuldens.,

340 3877 664 3931 Bertinianis
693 3890 755 3927 ac
775 3873 1114 3926 Loiselianis.

414 3957 435 3982 ο
462 3945 516 3997 ln
562 3944 678 3995 Vita
704 3942 958 4013 Ludovici
984 3941 1064 3995 Pii
1089 3945 1456 4013 apsynchrono
1478 3957 1699 4002 auctore
1720 3949 1908 4005 Astro-

343 4029 505 4068 nomo
533 4013 732 4081 scripta
761 4012 828 4065 ad
861 4026 1058 4064 annum
1086 4011 1193 4066 808
1222 4014 1336 4068 haec
1370 4017 1533 4070 verba
1563 4031 1857 4075 occurrunt
1893 4041 1904 4073 :

349 4104 364 4132 ι
400 4082 698 4158 Ludovicus
723 4097 814 4135 rex
841 4096 936 4149 per
962 4083 1302 4158 semetipsum
1337 4085 1619 4158 Tortosam
1662 4099 1908 4158 repetere

343 4153 551 4217 statuit,
581 4152 784 4206 habens
814 4166 992 4204 secum
1019 4149 1380 4217 Heribertum,
1407 4149 1907 4213 Liutardum'lscm-

343 4224 566 4278 bardum
601 4263 616 4285 ,
675 4223 1018 4294 validumque
1063 4221 1331 4294 [raucite
1361 4225 1810 4294 supplementum.
1882 4252 1899 4281 ι

341 4294 598 4369 Eumdem
640 4307 788 4354 esse,
820 4291 1027 4369 quinbic
1069 4290 1356 4369 fiet-{pretii
1382 4290 1480 4369 pro
1513 4295 1787 4369 Hei-iper”,
1813 4315 1907 4368 ap-

341 4365 568 4438 pellatur
593 4403 606 4426 ,
642 4378 812 4438 nemo
853 4362 1246 4438 inﬁcias___ierit_.
1300 4363 1527 4438 circiter
1557 4362 1904 4438 ca'tempora

341 4432 474 4488 vixit
499 4434 822 4488 llerebertus
850 4447 1031 4487 comes
1055 4432 1413 4498 Vivariensis,
1452 4436 1518 4489 ab
1546 4438 1649 4492 isto
1679 4432 1904 4495 fortasse
1931 4440 1982 4498 D

340 4506 599 4558 diversus.

409 4574 433 4613 d
466 4573 590 4644 Qui,
625 4581 697 4644 ut
743 4587 914 4642 nuper
947 4572 1204 4638 vidimus,
1235 4587 1300 4627 ex
1347 4574 1464 4644 Vita
1500 4574 1756 4633 Ludovici
1798 4578 1901 4644 Pii,

341 4643 439 4715 ipsi
476 4643 586 4766 reg;
623 4642 903 4697 Tortosam
949 4657 1138 4696 versus
1178 4656 1360 4698 comes
1405 4643 1525 4698 fuit.
1567 4644 1740 4702 Antea
1778 4642 1906 4704 vero

341 4727 499 4766 uuam
589 4713 773 4766 arcino
816 4711 1142 4766 deditionem
1187 4711 1433 4766 faceret.
1479 4724 1615 4766 teste
1662 4715 1900 4766 eiusdem

339 4711 499 4783 quam
542 4711 773 4767 Barcino
816 4711 1142 4783 deditionem
1187 4711 1433 4777 faceret,
1479 4724 1615 4770 teste
1662 4715 1900 4783 ejusdem

337 4781 491 4860 γῆμε
504 4789 725 4860 auctore
745 4821 779 4860 ,_
805 4799 826 4860 ι
865 4781 1168 4836 Ludovicus
1191 4792 1508 4860 _rex_eoacto
1531 4781 1726 4854 popqu
1753 4789 1900 4860 regni

337 4850 657 4923 suifl‘olosa:
677 4851 753 4923 de
765 4851 869 4914 his,
899 4866 1018 4923 qua:
1033 4851 1238 4921 agenda
1265 4850 1618 4915 videbantur,
1633 4850 1896 4923 tractans,

337 4919 686 4989 deliberabat.
722 4919 1097 4989 Burgundione
1134 4935 1367 4989 namque
1395 4932 1638 4989 mortuo,
1680 4919 1902 4982 comita-

336 5001 423 5044 tus
451 4986 565 5054 ejus
603 4986 955 5044 Fedentiacus
986 4987 1239 5043 Liutardo
1266 4986 1348 5043 est
1379 4986 1688 5049 attributus.
1737 5016 1756 5048 ι

411 5070 435 5098 ο
473 5057 644 5124 Quem
684 5072 843 5126 supra
888 5058 1120 5112 vidimus
1159 5073 1270 5126 pra:
1319 5059 1443 5114 aliis
1488 5061 1757 5120 Ludovico
1805 5067 1901 5122 Pio

336 5128 583 5195 charum,
630 5141 696 5182 ac
727 5127 919 5182 deinde
946 5127 1298 5183 constitutum
1336 5131 1586 5186 comitem
1626 5133 1897 5192 Parisien-

335 5213 469 5253 sem.

411 5267 432 5307 ί
461 5266 548 5325 Uti
570 5266 912 5342 Eginhardus
935 5268 989 5322 in
1021 5267 1141 5324 Vita
1173 5269 1347 5342 Caroli
1373 5269 1546 5342 Magni
1572 5283 1761 5330 auctor
1790 5284 1892 5342 est,

335 5340 475 5415 inter
527 5348 754 5415 caeteros
800 5340 889 5415 qui
933 5340 1481 5415 postremi‘sptabulis'
1508 5343 1687 5415 inclyti
1737 5340 1896 5414 hujus

335 5410 673 5479 imperatoris
739 5410 1136 5477 subscripsere.
1175 5409 1275 5465 fuit
1345 5412 1482 5466 Bero
1524 5409 1724 5469 comes.
1766 5409 1896 5472 Post

332 5489 542 5548 captam
583 5495 798 5598 guoque
835 5480 1219 5543 Barcinonem,
1261 5482 1310 5534 in
1361 5483 1477 5535 Vita
1519 5483 1772 5539 Ludovici
1815 5487 1892 5540 Pii

334 5549 550 5598 dicitur.
629 5565 718 5598 era
748 5566 916 5598 comes
945 5547 1132 5598 ibidem
1161 5549 1228 5598 ad
1251 5552 1541 5598 custodiam
1569 5553 1798 5598 relir'tnx.
1833 5557 1891 5598 Et

334 5560 550 5612 dicitur,

335 5617 682 5692 ille_quidem
729 5622 935 5692 primus
979 5618 1391 5692 Barcinonensis
1434 5637 1613 5676 comes
1659 5637 1893 5692 creatus,

335 5687 410 5738 uti
431 5685 551 5751 .jam
590 5685 968 5761 animadvertit
1005 5688 1196 5743 Petrus
1230 5690 1293 5743 de
1325 5690 1500 5744 Marca
1534 5692 1624 5746 lib.
1666 5710 1746 5758 ιιι,
1778 5685 1895 5765 cap;

1637 279 1938 337 ERMOLDI
1979 277 2248 336 NIGELLI

1931 399 1980 457 Α
2074 393 2439 462 Baptismique
2468 389 2604 444 foret
2626 391 2861 459 unguine
2892 390 3054 444 tincta
3080 391 3248 450 sacri,

629 5547 730 5603 era_
748 5566 916 5603 comes
945 5547 1132 5601 ibidem
1161 5549 1228 5601 ad
1251 5552 1541 5604 custodiam
1569 5553 1799 5609 relictus.
1831 5557 1919 5611 Et'

3467 277 3575 332 580

2009 484 2119 538 Pax
2148 483 2411 537 firmanda
2440 489 2585 536 esset
2613 482 2788 545 nobis,
2820 497 2923 551 pax
2949 490 3111 550 atque
3135 482 3394 546 tenenda,

2077 571 2340 643 Conjungi
2364 579 2422 624 ut
2441 572 2612 640 possit
2637 570 2912 638 relligione
2939 571 3070 624 Deo.
3291 628 3296 634 ,

2009 663 2162 716 Nunc
2186 677 2314 716 vero
2335 661 2665 716 exsecranda
2693 670 2874 714 manet
2898 702 2912 725 ,
2962 670 3312 731 nostramque
3345 661 3585 716 salutem

2078 753 2339 822 Respuit,
2367 760 2423 805 et
2450 753 2696 821 sequitur
2725 751 2988 805 daamonis
3019 752 3263 821 imperia.

2008 843 2212 899 Idcirco
2242 844 2382 897 hanc
2418 843 2572 896 nobis
2595 843 2768 910 pietas
2795 843 3052 895 miserata
3082 841 3344 896 Tonantis

2083 931 2301 987 Servitii
2327 933 2353 972 k
2385 932 2638 984 famulam
2671 931 2894 985 reddere
2920 946 3152 999 namque
3178 931 3338 990 valet.

2013 1023 2165 1079 Nunc
2195 1039 2335 1078 nunc
2360 1031 2599 1078 actutum
2625 1038 2808 1077 muros
2831 1037 3184 1092 properemus
3207 1033 3262 1078 et
3288 1040 3442 1080 arces
3458 1067 3472 1089 ,

2081 1115 2125 1170 Ο
2147 1115 2360 1179 Franci,
2388 1124 2443 1169 et
2466 1115 2651 1168 redeat
2680 1114 2908 1184 pristina
2936 1114 3020 1168 vis
3047 1115 3260 1169 animis.

2012 1206 2222 1261 Eolico
2251 1207 2458 1261 monitu
2488 1206 2660 1276 rapidi
2687 1221 2784 1260 ceu
2812 1220 3092 1260 murmure
3113 1209 3257 1262 venti

2082 1297 2187 1352 Per
2215 1312 2326 1362 rus,
2353 1311 2449 1366 per
2477 1296 2657 1358 silvas,
2681 1310 2778 1364 per
2800 1294 2940 1350 freta
2969 1305 3163 1351 cuncta
3200 1297 3400 1352 volant.

2012 1378 2389 1459 Diripiantque
2421 1389 2581 1452 lares,
2611 1395 2842 1457 segetes,
2876 1388 3130 1458 silvzeque
3159 1398 3519 1452 tremescunt;

2087 1479 2251 1534 Uncis
2278 1480 2366 1532 vix
2390 1480 2616 1548 pedibus
2643 1478 2755 1532 ales
2785 1480 2966 1547 aprica
2990 1489 3138 1534 tenet

2016 1571 2186 1625 Nauta
2222 1572 2388 1626 miser
2415 1572 2614 1637 subito,
2645 1571 2765 1626 velo
2795 1584 3052 1640 remoque
3082 1570 3286 1635 relicto,

2085 1661 2187 1714 Per
2214 1676 2360 1714 mare
2386 1658 2726 1730 fluctivagam
2753 1659 2919 1715 lintea
2950 1661 3069 1714 laxa
3094 1662 3277 1715 trahit.

1944 1737 1989 1794 Β
2018 1747 2130 1801 Non
2167 1747 2488 1816 aliterjussu
2512 1747 2847 1802 Francorum
2884 1751 3156 1805 exercitus
3183 1753 3358 1806 omnis

2091 1839 2248 1893 Urbis
2276 1843 2329 1892 in
2363 1839 2584 1892 exitium
2615 1839 2763 1908 itque
2786 1839 3031 1910 reditque
3059 1840 3330 1910 frequens.

2015 1929 2265 1985 Curritur
2293 1929 2346 1983 in
2374 1929 2559 1995 silvas,
2588 1931 2789 1999 passim
2820 1941 2977 1987 sonat
3000 1942 3120 1988 aeta
3152 1937 3382 2000 securis,

2083 2019 2371 2074 Caduntur
2396 2021 2573 2090 pinus,
2606 2022 2836 2091 populus
2863 2021 2970 2076 alta
3001 2024 3167 2078 cadit.

2015 2107 2114 2165 Hic
2138 2110 2310 2165 scalas
2337 2119 2613 2180 operatur,
2637 2112 2747 2182 agit
2776 2113 2863 2167 hic
2887 2113 3078 2169 ordine
3099 2116 3281 2180 sudes,

2086 2198 2184 2254 Hic
2214 2198 2318 2254 fert
2342 2215 2494 2254 arma
2521 2201 2684 2266 celer,
2719 2204 2993 2256 contrahit
3023 2205 3109 2259 hic
3147 2205 3367 2274 lapides.

2017 2289 2233 2360 Spicula
2265 2292 2431 2345 densa
2459 2291 2680 2357 cadunt,
2710 2308 2810 2348 nec
2841 2309 2946 2348 non
2975 2305 3029 2349 et
3054 2297 3259 2352 missile
3289 2297 3523 2354 ferrum'

2083 2381 2268 2435 Ariete
2295 2381 2532 2436 claustra
2560 2390 2772 2447 tonant,
2801 2382 3070 2454 fundaque
3097 2389 3287 2442 crebra
3312 2388 3455 2443 ferit.

2014 2468 2124 2524 Nec
2148 2471 2326 2524 minus
2351 2470 2553 2524 interea
2576 2470 2882 2526 Maurorum
2907 2474 3078 2542 spissa
3105 2484 3320 2530 caterva

2082 2561 2187 2616 Per
2225 2569 2399 2615 turres
2430 2562 2676 2616 residens
2705 2571 2885 2617 castra
2918 2573 3101 2622 tenere
3120 2576 3295 2637 parat.

2011 2651 2267 2722 Princeps
2295 2653 2444 2708 urbis
2469 2661 2587 2707 erat
2619 2653 2833 2709 Maurus
2871 2659 3189 2728 cognomine
3220 2660 3400 2715 Zadun
3435 2662 3478 2724 ι,

2086 2743 2285 2799 Urbem
2310 2744 2401 2813 qui
2423 2744 2563 2798 hanc
2590 2745 2782 2800 validis
2807 2758 3020 2802 rexerat
3054 2749 3304 2819 ingeniis.

2012 2834 2194 2889 Currit
2219 2821 2306 2888 hic
2325 2835 2392 2890 ad
2419 2850 2602 2889 muros
2627 2846 2820 2892 moesta
2849 2840 3143 2896 comitante
3164 2858 3364 2898 corona
3394 2865 3405 2897 :

2081 2925 2212 2992 Quis
2232 2941 2394 2981 sonus
2423 2928 2527 2982 iste
2552 2943 2740 2992 novus,
2773 2945 2806 2984 ο
2835 2932 3012 2985 socii?
3035 2934 3251 3004 rogitat.

2014 3015 2265 3071 Reddidit
2295 3025 2378 3071 ast
2403 3016 2476 3071 illi
2505 3018 2776 3072 contraria
2802 3018 2946 3074 dicta
2979 3023 3188 3090 roganti

2085 3106 2313 3173 Quidam
2337 3108 2404 3161 de
2429 3107 2610 3171 sociis,
2648 3108 2831 3162 omina
2865 3110 2998 3164 dura
3028 3127 3228 3168 canens
3253 3132 3265 3166 :

2009 3198 2201 3254 Praelia
2255 3214 2363 3254 non
2412 3199 2603 3253 miscet
2654 3199 2788 3253 hero
2817 3210 2858 3239 πι
2887 3202 3138 3273 princeps
3168 3214 3196 3241 ιι
3245 3203 3333 3260 ille
3383 3207 3589 3264 Gotho-

3373 3316 3512 3364 rum,

2080 3381 2208 3447 Quae
2246 3380 2444 3435 totiens
2463 3381 2668 3451 pepulit
2691 3381 2875 3436 lancea
2906 3393 3086 3437 nostra
3121 3297 3367 3454 procul.[

2011 3539 2096 3602 17,
2136 3537 2329 3591 Marene
2353 3535 2674 3605 Hispanicae,
2705 3543 2758 3591 et
2787 3536 2922 3590 infra
2955 3538 3362 3594 conﬁrmabitur
3388 3542 3478 3596 lib.
3519 3562 3578 3598 ιιι

2008 3608 2275 3661 Poematis
2303 3606 2481 3674 hujus,
2522 3607 2610 3660 ubi
2639 3607 2704 3659 de
2743 3607 2856 3675 ipso
2890 3622 3067 3661 sermo
3109 3621 3370 3664 recurret.
3417 3613 3575 3665 Baln-

2009 3677 2123 3750 aius
2151 3685 2280 3750 tom.
2312 3675 2355 3728 Il
2384 3675 2772 3750 Capitularium
2791 3717 2803 3737 ,
2833 3691 2952 3747 pag.
2986 3678 3141 3750 L590,
3167 3677 3426 3747 judicium
3454 3699 3579 3750 pro-

2009 3746 2113 3800 fert
2151 3745 2392 3799 habitum
2431 3745 2574 3800 anno
2603 3745 2706 3800 869
2750 3747 2802 3799 in
2835 3745 2942 3814 quo
2979 3745 3284 3804 nominatus
3319 3751 3407 3804 hic
3433 3745 3573 3807 idem

2007 3815 2143 3938 ἔξω
2177 3830 2380 3879 comes,
2403 3814 2516 3883 jam
2555 3815 2645 3870 diu
2679 3817 2788 3870 vita
2815 3815 3048 3882 functus,
3094 3826 3148 3872 et
3175 3818 3430 3876 Rotrudis
3462 3821 3576 3890 ejus

2071 3902 2138 3938 ia.
3135 3908 3138 3910 τ

2071 3902 2138 3938 la.
3135 3908 3138 3910 ⁷

2076 3958 2107 4035 ξ
2135 3953 2298 4022 Cujus
2323 3969 2482 4024 supra
2517 3953 2657 4009 facta
2691 3963 2774 4009 est
2805 3956 3022 4011 mentio.
3046 3957 3095 4012 Is
3124 3968 3239 4014 erat
3266 3957 3573 4016 Wasconirc

2045 4041 2192 4080 rince
2232 4041 2276 4080 s.

2006 4040 2040 4094 ρ
2077 4096 2100 4135 h
2124 4042 2336 4148 Nuiilum
2351 4095 2510 4166 hujus
2531 4093 2659 4166 mihi
2683 4096 2964 4166 vestigium
2991 4097 3127 4165 apud
3159 4108 3369 4152 veteres
3395 4115 3584 4154 occur-

2010 4165 2115 4229 rit,
2167 4165 2266 4218 nisi
2303 4163 2444 4234 quod
2491 4165 2542 4217 in
2581 4163 2845 4219 Aunalihf
2878 4163 3208 4220 Beneilictin.
3263 4169 3330 4222 ad
3379 4184 3579 4224 annum

2008 4237 2130 4307 8:28.
2181 4234 2517 4307 Mabillonius
2548 4243 2806 4307 memorat
2849 4235 3162 4307 Leyhulfum
3203 4239 3487 4307 quemdam
3521 4240 3581 4294 il-

2009 4303 2231 4358 lustrem
2272 4305 2467 4367 virum,
2504 4304 2819 4358 beneficium
2849 4305 2901 4358 in
2926 4303 3570 4372 inonachos'Lirinenses.

2011 4373 2094 4428 cui
2127 4374 2262 4427 nihil
2299 4376 2376 4429 rei
2403 4389 2521 4428 cum
2557 4378 2658 4428 isto
2690 4373 2901 4428 Liliulfo
2930 4373 3158 4430 fortasse
3184 4375 3302 4430 fuit.

2083 4444 2097 4482 ί
2136 4443 2240 4518 Pro
2271 4443 2573 4518 liiiu’berth,
2610 4453 2668 4498 ut
2696 4443 2864 4509 infra,
2900 4445 3014 4500 sive
3052 4444 3345 4501 Hildiberto
3366 4486 3383 4513 ,
3415 4463 3578 4518 quem

1935 4525 1938 4534 '
2007 4516 2257 4568 comitem
2290 4513 2452 4568 fuisse
2473 4527 2685 4568 censeo.

2077 4593 2095 4632 ι
2145 4583 2234 4639 Uti
2279 4599 2440 4654 supra
2481 4583 2714 4654 vidimus
2736 4598 2800 4637 cx
2830 4581 2948 4654 fita
2996 4583 3251 4639 Ludovici
3292 4584 3396 4650 Pii,
3435 4587 3580 4643 idem

2003 4651 2276 4724 Augustus
2315 4651 2456 4708 anno
2480 4651 2582 4724 898
2611 4667 2789 4724 secum
2833 4652 3114 4724 Tortosam
3137 4655 3291 4708 duxit
3321 4655 3576 4711 Heriber-

2006 4721 2494 4787 tuni,Liutardum,
2525 4721 2907 4793 lsembardum.
2937 4722 3114 4793 Atque
3138 4733 3293 4778 antea
3315 4739 3458 4780 anno
3471 4726 3580 4782 806

2000 4792 2397 4853 lsembardum,
2433 4791 2790 4846 Hademarum
2817 4832 2831 4856 ,
2864 4791 3075 4852 Beram.
3113 4793 3416 4849 Burretlum
3450 4811 3578 4852 cum

2002 4863 2227 4933 reliquis
2253 4863 2513 4917 adversus
2557 4859 2857 4933 Saracenos
2890 4862 3106 4917 direxit.
3140 4863 3205 4916 Et
3239 4865 3383 4918 hunc
3406 4864 3578 4921 fuisse

2001 4931 2254 4987 comitem
2289 4940 2438 5000 puto,
2469 4931 2812 5000 acfortassis
2845 4941 3053 5000 patrem
3089 4933 3381 4988 lsembardi
3405 4937 3577 4989 comi-

2002 5003 2105 5065 tis,
2131 5001 2220 5071 qui
2263 4999 2316 5054 in
2361 4999 2654 5070 Capitulari
2700 4999 2878 5057 Caroli
2915 5001 3062 5056 Calvi
3101 5003 3246 5074 regis
3285 5017 3430 5059 anno
3468 5005 3575 5060 853

2001 5078 2350 5126 memoratur.

2072 5140 2239 5266 kdﬂtoc
2265 5147 2347 5196 est
2371 5158 2383 5193 :
2409 5156 2503 5195 eos
2537 5141 2594 5196 in
2625 5142 2939 5197 servitutem
2971 5141 3127 5196 nobis
3162 5140 3305 5198 Deus
3328 5143 3573 5213 singulos

2072 5228 2084 5265 |
2123 5227 2154 5266 e
2185 5250 2196 5263 .

2001 5220 2196 5266 tradet.

2078 5281 2095 5320 ι
2135 5281 2217 5352 Ab
2244 5279 2572 5352 Astronomo
2612 5281 2666 5336 in
2701 5281 2836 5352 Vita;
2867 5281 3124 5352 Ludovici
3161 5280 3241 5336 Pii
3270 5281 3575 5352 appellatur

1999 5349 2185 5404 Zaddo
2204 5351 2314 5406 dux
2353 5351 2777 5406 Barcinonensis.
2818 5350 2874 5405 In
2907 5349 3206 5406 Annalibus
3224 5349 3574 5415 Beriinianis,

1998 5429 2052 5475 et
2083 5421 2500 5492 Metensibusiad
2524 5435 2723 5475 annum
2759 5421 2857 5475 80l
2902 5421 3100 5492 dicitur
3137 5429 3313 5492 capta
3339 5440 3357 5471 ι
3391 5422 3575 5476 Βωιοὶ-

1999 5506 2154 5561 nona!
2168 5491 2357 5546 civitas
2386 5491 2932 5561 llispaniae,etZatun
2958 5488 3247 5560 prmfecttis
3269 5489 3403 5557 ejus.
3439 5513 3456 5541 ι

2071 5572 2109 5599 ιιι
2134 5559 2268 5631 Puto
2301 5577 2397 5631 pro
2425 5559 2594 5631 Ite—ros.

2073 5640 2099 5667 ιι
2142 5629 2340 5700 Nempe
2377 5629 2697 5685 Wilhelmus
2731 5630 2838 5686 dux
2877 5629 3233 5700 Tholosanus,
3266 5645 3428 5698 quem
3474 5645 3570 5683 su-

2000 5715 2095 5770 pra
2126 5699 2395 5756 innuimus
2426 5700 2742 5755 inclaruisse
2767 5717 2834 5754 ex
2851 5699 3056 5754 bellicis
3083 5700 3289 5754 actibus
3309 5702 3570 5754 adversus
