3856 6190
229 197 342 250 531

238 313 353 367 Sed
380 309 687 366 Ludovicus
723 311 877 364 adest
900 307 1077 364 Caroli
1108 309 1405 365 clarissima
1428 312 1627 382 proles,

315 403 545 459 Ordinat
573 402 687 471 ipse
716 402 900 467 duces,
933 410 987 456 et
1017 402 1158 471 gerit
1182 417 1332 456 arma
1361 419 1544 456 manu.

238 497 311 552 Ni
334 498 582 552 celerans
607 497 796 550 subeat
823 495 1036 550 miseris
1067 511 1209 551 nunc
1238 495 1483 551 Cordoba
1513 509 1537 537 ε
1578 499 1754 560 nobis.

315 588 531 651 Et-nos,
565 595 621 642 et
653 586 913 656 populus,
941 587 1178 656 urbsque
1209 589 1443 642 verenda
1478 589 1652 644 cadet.

236 679 338 733 ille
364 679 582 749 quidem
616 678 801 732 tristes
828 678 1096 733 submisso
1129 687 1345 748 pectore
1370 695 1529 735 voces

317 768 514 833 Jactat,
537 776 592 821 et
617 783 647 821 e
673 767 805 821 turri
835 769 975 822 haud
1000 768 1188 837 procul
1213 785 1363 824 arma
1394 771 1569 825 videt:

238 860 341 914 Eia
371 859 515 930 agite
542 859 697 922 socii,
736 873 921 914 muros
949 875 1229 914 servemus
1255 861 1322 914 ab
1343 862 1498 915 hoste
1525 878 1538 925 ;

315 949 588 1004 Auxilium
612 948 768 1003 nobis
800 948 1045 1004 Cordoba
1074 951 1212 1005 forte
1241 951 1398 1006 feret.

240 1039 317 1091 At
345 1038 474 1092 mihi
504 1047 684 1092 mente
722 1038 872 1091 sedet
902 1037 1128 1092 multum
1151 1039 1293 1107 quod
1319 1040 1584 1109 displicet,
1615 1057 1647 1096 ο
1671 1059 1820 1114 gens,

320 1129 522 1184 Turbat
545 1139 600 1184 et
628 1129 872 1183 attonitis
897 1129 1040 1198 quod
1067 1132 1294 1184 recitare
1320 1147 1475 1201 paro.

240 1221 376 1276 “me
399 1237 529 1291 gens
555 1221 697 1276 celsa
734 1222 901 1286 vides,
939 1237 1058 1291 quae
1091 1231 1302 1276 nostras
1337 1224 1544 1278 obsidet
1577 1241 1752 1289 arces,

319 1311 520 1377 Fortis,
554 1321 610 1366 et
632 1311 900 1380 armigera
936 1320 1038 1375 est,
1066 1312 1326 1382 duraque,
1355 1314 1468 1368 sive
1494 1315 1653 1370 celer.

236 1400 388 1455 Ecce
417 1398 627 1456 fatebor
653 1401 797 1455 enim
829 1401 981 1455 vobis
1011 1417 1152 1455 nunc
1179 1417 1367 1471 aspera
1399 1404 1572 1467 dictu,

319 1492 424 1542 Aut
454 1485 684 1552 taceam,
710 1496 801 1542 aut
825 1489 1070 1552 recitem,
1102 1505 1206 1543 non
1236 1490 1499 1559 placitura
1532 1504 1731 1548 tamen.

238 1580 383 1634 Nam
415 1594 791 1650 quemcunque
819 1595 1230 1650 suo-congressa
1267 1591 1349 1635 est
1378 1582 1561 1637 inclita
1589 1584 1747 1652 bello,

320 1668 540 1731 Nolens,
571 1668 685 1722 sive
713 1667 922 1733 volens,
964 1668 1185 1723 servitio
1212 1668 1393 1723 subiit.

243 1763 568 1819 Romuleum
601 1762 626 1799 δ
677 1762 796 1827 sibi,
842 1763 987 1832 quod
1038 1762 1313 1832 quondam
1351 1763 1491 1820 hanc
1527 1767 1768 1822 condidit
1797 1779 1818 1808 ε

1519 1855 1752 1928 [urbem,

321 1944 571 1999 Subdidit
605 1943 886 2012 imperium
913 1957 1035 1997 cum
1064 1942 1264 1999 ditione
1292 1959 1408 1999 sua.
1639 1945 1668 1972 ‘

245 2035 421 2089 Arma
455 2032 634 2086 ferunt
659 2047 894 2100 semper,
922 2031 1078 2086 bellis
1100 2041 1183 2087 est
1221 2041 1370 2090 sueta
1394 2036 1682 2105 juventus;

319 2120 527 2189 Bajulat
555 2119 920 2186 haecjuvenis,
946 2121 1049 2175 hoc
1071 2122 1184 2190 agit
1213 2133 1331 2178 arte
1363 2140 1550 2179 senex.

244 2198 493 2281 Namque
519 2213 694 2282 ipsum
727 2226 922 2266 nomen
967 2211 1301 2268 Francorum
1343 2217 1596 2273 horresco
1642 2234 1828 2274 recen-

1621 2310 1771 2382 [sens
1808 2330 1821 2366 :

322 2393 562 2448 Francus
590 2394 751 2448 habet
777 2411 973 2452 nomen
1004 2396 1031 2436 ἀ
1059 2413 1091 2452 a
1123 2397 1338 2455 feritate
1365 2416 1482 2456 sua.

236 2485 390 2552 Quid
412 2486 518 2556 jam
548 2485 703 2555 plura
738 2487 927 2556 loquar
957 2489 1099 2545 tristi
1128 2505 1250 2546 cum
1277 2501 1515 2562 pectore,
1540 2495 1721 2552 cives?

323 2574 435 2632 Heu
470 2577 600 2632 mihi
633 2586 760 2633 nota
797 2581 950 2644 satis,
982 2596 1082 2637 nec
1107 2583 1331 2638 recitata
1351 2585 1584 2655 placent.

241 2665 552 2723 Firmemus
577 2684 760 2725 muros
787 2670 964 2726 valido
985 2674 1207 2728 custode
1235 2675 1495 2730 tenendos
1529 2695 1542 2730 ;

319 2756 602 2812 Portaruni
634 2768 818 2816 custos
851 2762 1103 2818 credulus
1132 2772 1292 2834 atque
1321 2780 1510 2837 sagax.

246 2848 459 2902 Interea
478 2848 706 2918 juvenes
733 2851 905 2919 spissa
937 2853 1234 2909 comitante
1261 2865 1477 2911 caterva

317 2937 504 2992 Ariete
544 2938 781 2995 claustra
802 2949 1019 3008 terunt;
1042 2944 1280 3013 undique
1305 2945 1450 3001 Mars
1483 2957 1716 3003 resonat.

245 3027 539 3082 Pulsantur
567 3029 707 3084 muri
733 3030 998 3100 quadrato
1021 3048 1290 3089 marmore
1317 3036 1476 3105 septi,

322 3117 539 3189 Spicula
566 3120 731 3174 densa
753 3121 972 3187 cadunt,
997 3130 1053 3177 et
1076 3122 1276 3178 feriunt
1295 3125 1544 3181 miseros.

255 3211 394 3264 Tum
425 3209 644 3265 Maurus
669 3211 874 3266 Durzaz
904 3213 1039 3266 turri
1069 3214 1369 3268 conclamat
1397 3217 1465 3271 ab
1503 3217 1607 3272 alta

322 3301 464 3356 Voce
495 3301 825 3356 cachinnosa
858 3301 1104 3357 bombica
1141 3303 1283 3358 dicta
1313 3319 1515 3359 canens
1542 3323 1557 3359 :

242 3393 293 3446 0
319 3409 450 3463 gens
475 3394 609 3449 dura
638 3393 820 3459 nimis,
848 3392 1013 3448 latum
1042 3393 1236 3448 diffusa
1268 3410 1368 3464 per
1393 3397 1605 3461 orbem,

319 3480 429 3536 Cur
463 3483 551 3552 pia
577 3488 756 3536 castra
782 3481 990 3552 quatis,
1026 3482 1402 3552 inquietasque
1422 3484 1583 3554 pios?

251 3654 457 3733 Arabes
497 3653 766 3733 Hispaniae
789 3663 1073 3733 tyrannos.
1098 3653 1222 3710 Ideo
1243 3654 1544 3733 Gothorum
1578 3658 1831 3733 princeps

253 3725 587 3795 appellatur,
620 3723 1115 3795 quiaUO’ccjtaniam
1157 3727 1400 3795 regebat,
1433 3723 1659 3782 nunc'le
1695 3723 1832 3783 La'n-

250 3790 472 3874 git—eda,
509 3790 1078 3874 qum—Calliaﬁgthica
1100 3790 1488 3874 appellabatur,
1521 3807 1612 3874 aut
1639 3797 1828 3874 saltem

249 3861 370 3934 ejus
399 3861 759 3935 portiotquaa
787 3863 850 3935 ad
873 3861 1149 3935 _llispanos
1169 3861 1536 3935 contingebat.
1565 3865 1621 3919 ln
1647 3867 1833 3921 Testa-

252 3932 439 4004 mento
459 3933 634 3988 Caroli
668 3933 843 4004 Magni
870 3932 1112 4004 Pippino,
1139 3935 1183 3988 si
1215 3932 1476 3990 defecerit
1499 3935 1828 4003 Ludovicus,

253 4003 604 4072 adjudicatur
633 4021 652 4053 ‹
682 4003 989 4066 Prbvincia,
1012 4011 1067 4056 et
1091 4003 1441 4071 Septimania,
1468 4005 1581 4059 sive
1605 4005 1833 4062 Gothica

253 4089 427 4143 usque
455 4074 523 4126 ad
549 4072 934 4143 Hispaniam.)
972 4073 1036 4143 Et
1065 4073 1284 4142 quidem
1307 4074 1361 4127 in
1391 4082 1632 4128 veterum
1660 4076 1832 4130 Fran-

255 4141 854 4215 corum_n_i_onumentis
883 4141 1258 4215 Gotliia’sazpe
1297 4155 1647 4210 memoratur,
1690 4147 1833 4215 quod

255 4215 308 4267 in
339 4229 403 4268 ea
443 4211 739 4267 Galliarum
768 4222 922 4281 parte
946 4212 1073 4267 olim
1109 4211 1270 4267 Gothi
1299 4215 1522 4268 fuerunt
1545 4211 1828 4270 dominati.

332 4296 359 4324 ι
389 4282 776 4354 Suberattunc
805 4290 858 4336 et
887 4281 1141 4354 Corduba;
1160 4283 1475 4348 Saracenis,
1519 4284 1700 4354 ibique
1739 4287 1833 4340 do-

255 4352 833 4422 minabaturgAbbaca
875 4366 998 4416 rex;
1051 4352 1144 4406 sed
1192 4355 1334 4422 quod
1372 4354 1422 4407 ei
1453 4347 1648 4408 bellum
1698 4347 1910 4410 foretD
1936 4351 2020 4422 lus

255 4440 381 4478 cum
425 4421 634 4492 patruis
663 4424 774 4476 suis
797 4463 811 4488 ,
842 4437 871 4492 a
899 4421 1384 4477 Barcinonensibus
1422 4425 1634 4478 tuendis
1662 4426 1829 4480 absti-

256 4508 389 4549 nere
428 4491 656 4547 coactus
697 4502 801 4547 est.
850 4491 1148 4546 Rodericus
1191 4493 1479 4548 Toletanus
1521 4495 1574 4547 in
1626 4495 1826 4550 Hister.

256 4563 451 4635 Arab.,
483 4577 602 4631 cap.
645 4561 714 4616 25
747 4581 817 4635 ξι
849 4562 984 4635 Dum
1017 4561 1253 4635 Alhacan
1283 4562 1420 4616 bella
1451 4565 1710 4635 cumrsuis
1741 4581 1833 4635 pa-

257 4633 398 4687 truis
417 4641 717 4699 exerceret,
739 4631 1031 4686 Christiani
1057 4632 1409 4701 Barcinonam
1437 4631 1828 4701 acquisieru'nt,

256 4712 315 4756 et
338 4702 547 4771 Arabes
575 4703 904 4757 vastationes
935 4710 989 4756 et
1023 4699 1270 4754 incendia
1297 4709 1421 4771 sunt
1440 4699 1701 4771 perpessi.
1736 4724 1754 4755 ι

333 4773 362 4812 b
392 4767 457 4826 Et
487 4771 702 4840 quidem
733 4788 900 4840 nuper
923 4771 1245 4840 contigerat,
1277 4779 1336 4824 ut
1361 4767 1581 4842 Carolus
1611 4772 1834 4842 Magnus

259 4842 938 4912 Romanorumimperator
953 4842 1374 4912 renuntiaretur,
1399 4841 1502 4896 hoc
1521 4853 1602 4896 est
1619 4841 1833 4896 die’Na-

260 4911 390 4966 talis
437 4911 648 4965 Domini
693 4910 834 4966 anno
875 4910 980 4968 800
1026 4925 1133 4980 quo
1170 4911 1584 4966 Barcinonensis
1625 4912 1834 4967 obsidio

257 4982 612 5052 perdurabat.
659 4983 794 5036 etin
827 4995 1023 5052 annum
1066 4992 1381 5051 sequentem
1420 4990 1506 5052 est
1533 4989 1829 5052 protracta.

335 5063 360 5090 ε
411 5049 638 5105 Difficile
669 5052 924 5106 ostendas
957 5049 1312 5106 Barcin'onem
1341 5066 1373 5104 a
1415 5049 1672 5106 Romanis
1701 5068 1834 5107 con-

259 5121 454 5174 ditam.
499 5120 610 5192 lino
635 5122 702 5192 ab
725 5121 966 5176 Ausonio
991 5122 1289 5192 appellatur
1325 5116 1531 5192 Punica
1567 5121 1832 5175 Barcino:

259 5206 388 5260 qua:
421 5190 586 5245 verba
623 5190 1135 5261 Carthaginensibus
1175 5191 1354 5261 potius
1379 5190 1528 5261 illius
1568 5192 1835 5261 originem

261 5258 506 5331 tribuere
530 5261 799 5331 videntur.
829 5258 1106 5316 Coloniam
1133 5258 1353 5331 quidem,
1374 5258 1498 5315 illuc
1520 5274 1550 5312 a
1579 5258 1838 5331 Romanis

151 5339 163 5352 ·
262 5324 558 5386 deductam
603 5329 790 5398 fuisse,
827 5341 982 5386 extra
1028 5324 1448 5387 controversiam
1489 5338 1590 5384 est.
1631 5329 1837 5384 Plinius

261 5400 360 5454 lib.
410 5416 493 5465 ιιι,
545 5415 662 5470 cap.
707 5403 782 5457 δε
819 5419 837 5452 ι
891 5401 949 5455 ln
994 5416 1089 5455 ora
1135 5403 1300 5456 maris
1342 5400 1548 5455 colonia
1584 5399 1832 5470 Barcino,

262 5470 586 5540 cognomine
610 5469 902 5525 Faventia.
951 5491 968 5523 ι
1022 5471 1078 5525 Id
1115 5485 1328 5541 quoque
1380 5485 1477 5524 nos
1521 5470 1715 5523 docent
1751 5469 1836 5539 la,-

263 5543 421 5611 pides
445 5541 621 5593 adhuc
649 5542 980 5610 superstites.
1351 5606 1355 5610 ‘

335 5610 363 5649 ει
403 5609 641 5665 Francos
670 5608 889 5681 populos
925 5628 1028 5666 non
1058 5611 1198 5666 aliud
1238 5608 1541 5682 significare
1572 5623 1729 5678 quam
1772 5608 1837 5662 li-

1125 197 1210 251 DE
1246 195 1474 251 REBUS
1512 197 1758 256 GESTIS
1796 201 2122 260 LUDOVICI
2161 205 2266 260 ΡΠ.
2306 237 2372 248 --
2411 207 2536 262 LIB.
2579 210 2618 263 l.

3394 219 3499 274 582

1851 320 1901 378 Α
1928 315 2113 374 Nonne
2137 326 2296 388 putas
2321 320 2500 375 subito
2525 321 2620 375 has
2649 332 2893 378 evertere
2926 323 3166 381 funditus
3193 329 3352 393 (edes,

2000 409 2146 477 Quas
2178 409 2481 464 Romanum
2511 413 2667 466 annis
2695 413 2838 466 mille
2859 416 3064 484 peregit
3091 420 3270 486 opus?

1927 498 2152 569 Aufuge,
2169 498 2376 554 France
2400 496 2571 566 ferox,
2602 511 2653 556 te
2678 505 2985 572 aspectibus
3007 504 3260 564 abstrahe
3273 512 3495 579 nostris,

1995 588 2106 643 Nec
2129 589 2248 644 visu
2270 588 2465 654 facilis,
2495 607 2596 646 nec
2620 601 2708 646 tua
2722 591 2872 660 jussa
2896 594 3129 663 placent.

1926 679 2181 736 Reddidit
2205 697 2236 737 e
2261 691 2452 736 contra
2480 699 2586 738 non
2606 684 2786 738 verbis
2805 685 2947 738 dicta
2974 685 3221 743 nefandis

1995 770 2322 826 Hilthiberth
2363 789 2375 825 :
2414 787 2600 826 arcum
2625 773 2848 841 corripit
2873 789 3000 828 ecce
3029 791 3211 831 manu.

1926 858 2165 928 Denique
2192 861 2445 915 clamanti
2473 870 2661 916 contra
2681 864 2832 917 stetit
2854 865 3005 918 ocius
3030 866 3194 930 hosti,

1995 949 2203 1004 Cornea
2240 951 2443 1019 plectra
2472 959 2679 1018 tenens,
2707 960 2760 1006 et
2786 955 2979 1019 trahit,
3013 965 3176 1026 atque
3201 958 3385 1027 plicat.

1923 1041 2058 1096 Acta
2095 1043 2289 1112 sagitta
2313 1043 2498 1097 volans
2519 1045 2744 1099 cerebro
2767 1061 2826 1100 se
2849 1049 3080 1103 contulit
3107 1059 3246 1114 atro,

1993 1133 2159 1201 Inque
2180 1149 2240 1187 os
2260 1132 2553 1188 vociferum
2587 1136 2776 1190 mersit
2797 1140 3000 1193 arundo
3022 1155 3242 1196 nocens.

1923 1224 2015 1279 Ille
2041 1226 2237 1280 cadens
2271 1241 2454 1281 muros
2494 1228 2695 1282 invitus
2726 1229 2928 1284 deserit
2963 1233 3120 1298 altos,

1997 1312 2060 1365 Et
2086 1313 2321 1368 moriens
2345 1315 2583 1369 Francos
2610 1317 2870 1386 sanguine
2909 1318 3078 1375 foedat
3109 1331 3245 1378 atro.

1925 1400 2198 1456 Clamores
2231 1402 2420 1456 tollunt
2446 1403 2646 1458 laetanti
2676 1415 2890 1474 pectore
2911 1407 3103 1465 Franci
3128 1428 3142 1476 ;

1995 1491 2037 1544 E
2063 1499 2248 1545 contra
2274 1491 2485 1546 Mauros
2514 1493 2670 1548 ﬂetus
2695 1496 2857 1550 habet
2877 1498 3125 1555 miseros.

1927 1581 2062 1634 Tum
2091 1582 2222 1635 varii
2248 1583 2430 1637 varios
2463 1584 2755 1639 demittunt
2779 1587 2985 1643 funeris
3009 1589 3151 1646 Orco
3189 1611 3201 1646 :

1849 1662 1898 1721 Β
1997 1670 2246 1725 Wilhelm
2287 1672 2608 1740 Habirudar,
2640 1684 2695 1729 at
2723 1675 3058 1734 Liuthardus
3091 1682 3238 1736 Uriz.

1925 1759 2137 1815 Lancea
2168 1762 2476 1826 Zabirizun,
2512 1763 2712 1819 ferrum
2744 1765 2886 1822 forat
2908 1771 3072 1838 actile
3097 1771 3357 1838 Uzacum,

1993 1852 2176 1906 Funda
2217 1852 2342 1907 ferit
2371 1854 2612 1920 Colizan,
2638 1872 2763 1912 acer
2789 1870 2811 1896 θ
2838 1837 3046 1914 arundo
3074 1860 3278 1917 Gozan.

1925 1940 2039 1995 Non
2065 1942 2222 1996 aliter
2251 1943 2391 1998 bello
2411 1955 2661 2014 poterant
2689 1947 2946 2003 accedere
2969 1949 3188 2011 Franci.

1998 2033 2100 2087 Sed
2127 2050 2271 2089 nunc
2297 2036 2610 2103 missilibus,
2640 2055 2784 2094 nunc
2806 2056 3019 2109 quoque
3047 2041 3360 2098 fundibulis.

1924 2121 2170 2179 Iusserat
2201 2141 2326 2180 acer
2351 2127 2430 2181 eis
2459 2128 2646 2182 Zadun
2675 2144 2775 2184 nec
2798 2133 3021 2187 credere
3049 2132 3210 2197 bello,

2000 2214 2107 2269 Nec
2137 2217 2332 2271 castris
2363 2218 2561 2272 vellent
2588 2217 2725 2274 forte
2756 2219 2961 2276 referre
2982 2223 3192 2291 pedem.

1927 2304 2051 2360 limo
2079 2323 2291 2376 quoque
2316 2309 2397 2364 bis
2427 2310 2594 2364 denos
2624 2325 2713 2365 res
2739 2327 2836 2381 per
2861 2314 3131 2367 contraria
3161 2314 3302 2370 soles
3331 2315 3348 2352 τ

1996 2399 2227 2464 Accidit,
2256 2410 2480 2455 eventus
2500 2402 2728 2456 contulit
2755 2404 2808 2458 in
2838 2405 3035 2458 varios.

1929 2488 2173 2544 Machina
2197 2491 2340 2545 nulla
2370 2491 2508 2545 valet
2538 2508 2816 2547 murorum
2852 2492 3102 2564 frangere
3124 2503 3304 2564 postes
3334 2515 3347 2550 :

1995 2579 2205 2633 Invenit
2232 2581 2373 2634 haud
2404 2581 2608 2634 aditum
2642 2582 2812 2636 hostis
2841 2584 2893 2637 in
2917 2585 3158 2640 insidias.

1929 2671 2042 2725 Non
2079 2679 2254 2725 tamen
2287 2686 2316 2725 a
2345 2681 2523 2740 coepto
2549 2681 2727 2726 cessat
2755 2675 3055 2730 certamine
3085 2676 3306 2741 bellum,

2000 2760 2138 2827 Quin
2167 2761 2305 2814 muri
2327 2761 2521 2815 crebro
2545 2761 2700 2816 obice
2723 2763 2958 2818 claustra
2994 2771 3154 2820 terat.

1929 2851 2138 2906 Interea
2163 2851 2376 2906 soboles
2399 2849 2575 2906 Caroli
2609 2853 2868 2922 praeclara
2893 2856 3128 2923 potentis

2001 2941 2226 3009 Sceptra
2250 2955 2412 2995 manu
2443 2949 2658 3010 gestans
2685 2942 2727 2995 it
2754 2943 3048 2998 comitante
3077 2945 3262 3010 choro,

1855 3005 1898 3066 (ἶ
1932 3005 2293 3098 llortaturque
2322 3005 2510 3093 duces,
2537 3031 2788 3084 hortatur
2811 3032 2913 3086 rite
2933 3042 3202 3098 catervas,

2000 3119 2066 3173 Et
2091 3120 2268 3189 patrio
2297 3135 2449 3174 more
2480 3119 2667 3175 Martis
2694 3121 2748 3175 in
2775 3137 2925 3176 arma
2956 3132 3134 3178 vocat.

1929 3211 2145 3266 Credite
2167 3227 2309 3266 nunc
2325 3210 2572 3279 juvenes,
2600 3227 2854 3281 proceres
2870 3229 3016 3269 nunc
3041 3215 3246 3272 credite
3267 3220 3474 3285 cuncti,

2000 3301 2065 3354 Et
2089 3309 2340 3354 maneant
2367 3310 2548 3355 vestro
2572 3309 2793 3370 pectore
2821 3303 2981 3358 verba
3009 3319 3128 3358 mea
3155 3323 3168 3356 :

1929 3390 2101 3443 Antea
2130 3401 2236 3443 non
2262 3390 2419 3445 sedes
2443 3391 2675 3446 Domino
2705 3391 2974 3446 tribuente
3004 3403 3255 3462 paternas

2001 3479 2191 3535 Visere
2210 3496 2338 3536 cura
2369 3489 2571 3546 manet,
2599 3489 2690 3536 aut
2719 3497 2839 3537 mea
2868 3499 3034 3554 regna
3067 3487 3220 3550 mihi,

1929 3654 2089 3723 heros
2117 3650 2460 3723 contendunt
2475 3649 2674 3723 _multi,
2716 3657 2878 3723 atque
2908 3651 2960 3706 in
2989 3652 3181 3723 primis
3224 3653 3506 3712 Cluverius

1932 3722 2024 3776 lib.
2069 3737 2151 3786 iii,
2199 3736 2316 3790 cap.
2345 3719 2436 3784 20,
2465 3719 2716 3791 German.
2746 3719 3012 3791 Antiquae,
3048 3731 3210 3790 atque
3234 3724 3506 3782 Adrianus

1933 3792 2180 3845 Valesius
2233 3791 2284 3844 in
2337 3791 2525 3843 notitia
2564 3790 2859 3844 Galliarum
2899 3790 2974 3844 ad
3009 3807 3196 3846 vocem
3247 3792 3501 3851 Francia.

1934 3862 2132 3916 Verum
2182 3860 2497 3930 Sigebertus
2545 3859 2952 3915 Gemhlacensis
3007 3862 3060 3915 in
3111 3864 3334 3918 exordio
3394 3882 3504 3922 suae

1932 3930 2391 4000 Chronographiaa
2415 3931 2528 4000 haec
2549 3931 2748 3985 habet:
2782 3949 2801 3981 ι
2832 3931 3241 3989 Valentinianus
3265 3933 3505 3991 Francos

1933 4001 2111 4055 Attica
2142 3999 2320 4075 lingua
2370 3999 2678 4075 appellavit,
2715 4002 2857 4075 quod
2886 4001 3085 4075 Latina
3124 4001 3304 4075 lingua
3338 4005 3508 4075 inter-

1973 4078 2179 4124 retatur
2201 4070 2416 4139 feroces.
2467 4089 2483 4120 ι
2522 4070 2720 4124 Eadem
2745 4072 2839 4124 est
2858 4072 3122 4133 sententia
3163 4070 3508 4129 PauliEmi-

1955 4141 2012 4204 ii,
2037 4152 2198 4208 atque
2220 4140 2487 4210 anonymi
2504 4139 2979 4210 Erphesfordensis
3002 4141 3054 4192 in
3085 4139 3306 4195 Collect.
3333 4141 3507 4198 Pisto—

1934 4210 2022 4264 rii.
2054 4210 2252 4264 Contra
2285 4209 2422 4264 idem
2459 4209 2741 4263 Cluverius
2761 4223 2858 4276 pro
2883 4224 2979 4262 suo
3011 4225 3159 4263 more
3195 4211 3248 4263 in
3273 4210 3501 4266 aliorum

1935 4281 2286 4348 castigatione
2311 4277 2611 4348 impavidus
2646 4277 2877 4330 clamat:
2910 4295 2928 4326 ‹
2964 4277 3338 4348 Deliraverunt
3361 4280 3505 4335 Pau-

2049 4297 2068 4332 ,Ι
2109 4296 2286 4333 atione
2311 4296 2611 4348 impavmus
2646 4296 2877 4330 Clamat:
2910 4296 2928 4326 ί
2964 4296 3338 4334 Deliraverunt
3361 4296 3502 4335 Pall-

2049 4296 2324 4410 ilmilius,
2365 4356 2422 4417 et
2445 4346 2789 4417 _Sigebertus,
2820 4356 2873 4400 et
2902 4347 3206 4417 quicunque
3243 4365 3364 4404 cum
3398 4351 3502 4416 his,

1933 4420 2018 4473 vel
2066 4433 2133 4471 ex
2183 4418 2373 4470 horum
2401 4415 2665 4469 ﬁde’talia
2696 4417 3064 4485 prodiderunt.
3113 4415 3135 4470 ἱ
3165 4417 3310 4472 Bona
3339 4415 3504 4476 verba

1933 4487 2170 4545 Cluveri.
2188 4485 2259 4541 Ut
2281 4493 2342 4540 ut
2364 4485 2774 4542 Valentinianus
2800 4487 2924 4539 hinc
2942 4486 3012 4540 sit
3023 4489 3306 4553 arcendus,
3321 4502 3386 4543 en
3407 4490 3506 4546 tibi

1932 4557 2358 4630 vetustissimum
2401 4564 2617 4630 testem,
2655 4555 2868 4630 vel‘suh
2900 4555 3170 4630 Ludovico
3200 4557 3294 4613 Pio
3321 4558 3504 4630 Augu—

1934 4638 2018 4684 sto
2041 4627 2209 4682 fuisse
2235 4625 2701 4698 vulgocreditum,
2732 4619 2970 4698 Francos
3006 4645 3038 4680 a
3065 4627 3270 4696 feritate
3293 4645 3390 4682 sua
3407 4619 3508 4683 71'0-

1933 4716 2050 4753 men
2073 4695 2367 4766 accepisse.
2398 4695 2476 4766 illi
2502 4696 2686 4766 utique
2730 4695 2943 4760 melius,
2987 4695 3148 4766 quam
3198 4699 3505 4754 recentibus

1934 4765 2219 4840 perspecta
2247 4774 2365 4821 erat
2389 4765 2727 4820 Germanica:
2755 4780 2942 4820 eorum
2976 4765 3279 4837 temporum
3306 4768 3503 4840 liiiguze

1934 4854 2033 4893 VIS.

2009 4919 2032 4947 ε
2079 4906 2324 4962 Secunda
2372 4921 2534 4962 manu
2582 4905 2822 4962 additum
2862 4904 2980 4962 loco
3018 4905 3218 4976 prioris
3261 4908 3506 4964 vocabuli

1934 4991 2095 5031 erasu

2009 5047 2028 5086 ῖ
2071 5047 2125 5102 ld
2147 5056 2230 5104 est
2254 5046 2443 5117 viginti
2471 5045 2619 5100 dies:
2649 5046 2722 5100 ita
2741 5047 2884 5101 enim
2909 5046 3056 5116 loqui
3077 5045 3251 5117 poetis
3271 5045 3506 5117 antiquis

2010 5063 2024 5086 ι
2071 5063 2125 5102 ia
2147 5063 2230 5104 εει
2254 5064 2306 5102 vi
2349 5063 2443 5100 inti
2471 5063 2579 5100 aies
2601 5063 2619 5098 :
2649 5063 2722 5100 ita
2741 5063 2884 5101 enim
2912 5063 3056 5116 loqui
3077 5063 3251 5117 poetis
3271 5063 3505 5117 antiquis

1936 5119 1989 5172 in
2011 5133 2110 5172 usu
2133 5117 2249 5172 luit.
2287 5063 2613 5185 'lBemperare
2641 5125 2818 5187 tamen
2846 5117 2978 5170 mihi
3001 5132 3105 5172 non
3133 5132 3348 5187 possum
3371 5117 3505 5187 quin

1935 5189 2176 5264 suspicer
2212 5186 2475 5264 Nigellum
2513 5200 2612 5255 pro
2635 5185 2830 5264 solibus
2854 5187 3084 5264 volpisse
3107 5185 3314 5264 nienses
3338 5185 3505 5264 signi-

1935 5253 2127 5322 ﬁca—re;
2157 5257 2233 5311 uti
2258 5253 2401 5311 enim
2428 5253 2758 5310 Francorum
2783 5255 3017 5312 Annales
3038 5257 3255 5318 habent,
3287 5255 3339 5307 in
3363 5253 3505 5307 bien-

1936 5329 2083 5382 nium
2127 5333 2526 5402 protrac_ta_est
2557 5326 3245 5402 Barcinonensisuobsidio;
3298 5331 3507 5402 etquae

1936 5395 2236 5472 s_cquuntur
2263 5399 2395 5452 satis
2411 5395 2926 5472 _innuere_v_i_dentur
2955 5397 3042 5453 diu
3060 5396 3177 5472 jam
3199 5395 3504 5472 perstitisse

1936 5462 2178 5522 Francos
2226 5469 2278 5522 iu
2327 5466 2516 5521 eadem
2557 5465 2860 5531 obsidione,
2909 5480 3030 5519 cum
3063 5462 3368 5517 Ludovicus
3408 5474 3504 5514 rex

1935 5553 2191 5607 proceres
2217 5545 2298 5593 est
2324 5536 2605 5591 allocutus.
