3856 6190
281 279 393 342 595

1585 255 1673 309 Eli
1682 249 1888 306 MOLDI
1928 243 2196 300 NlGELLI

3431 218 3550 273 585

291 397 465 465 Quam
497 394 612 447 haec
638 389 786 451 urbs,
818 380 1149 454 populusque
1179 389 1308 430 suus
1330 371 1580 437 belloque
1607 366 1854 432 fameque
1882 362 1933 420 Α
2028 354 2177 408 Haud
2208 350 2416 465 timidi;
2438 347 2656 408 fratres,
2685 345 2790 398 huc
2813 341 3070 465 egoldum
3100 340 3340 393 redeam.

715 457 720 461 .
1385 461 1398 465 _
1971 445 2118 465 tum-
2157 441 2364 465 ..-.:,t......
2413 445 2600 465 nnlnnnn
2627 448 2776 465 ...υ-ηρ
2799 447 2892 465 una
2938 431 3159 465 ἱηηιιοιιο
3187 439 3339 465 nnanl

368 487 554 542 Victus
578 488 669 536 eat
700 475 919 546 supplex
944 470 1012 524 ad
1037 483 1154 522 mea
1173 467 1296 535 jura
1322 461 1483 516 celer.

297 578 454 633 Tunc
480 575 672 629 iterum
701 567 918 637 quidam
949 559 1231 630 spargebat
1255 556 1315 608 in
1334 553 1532 606 aethera
1565 561 1752 611 voces;

367 668 504 722 Tuta
537 645 719 717 tenens
741 657 901 719 muri,
930 651 1135 706 ludicra
1164 647 1303 701 dicta
1329 644 1508 697 dabat.

297 761 524 818 France,
555 754 681 823 quid
704 747 942 804 insanis?
971 759 1069 799 cur
1097 740 1292 795 muenia
1318 743 1502 791 nostra
1534 730 1754 786 lacessis
1772 728 1794 772 ἰ

371 850 497 904 Haec
523 848 650 900 urbs
677 858 782 897 non
808 836 1006 909 poterit
1036 831 1310 900 ingeniose
1339 825 1475 894 capi.

301 941 468 997 Nobis
489 953 611 993 esca
634 934 788 996 satis,
815 942 1032 989 carnes,
1061 938 1156 977 seu
1181 919 1370 974 mellea
1405 917 1540 970 dona

374 1029 517 1086 Urbe
541 1031 790 1087 manent;
821 1019 974 1074 vobis
1002 1023 1086 1070 est
1114 1024 1328 1081 quoque
1356 1007 1471 1060 dira
1501 1003 1690 1056 fames.

302 1119 556 1177 Reddidit
578 1133 608 1172 e
632 1123 820 1172 contra
848 1108 1029 1165 verbis
1057 1101 1324 1160 contraria
1352 1097 1516 1151 verba

377 1207 636 1271 \‘ilhelm;
666 1203 961 1272 dedignans
990 1195 1116 1249 talia
1143 1203 1277 1245 voce
1301 1186 1457 1241 tulit:

299 1299 560 1368 Concipe,
590 1267 1034 1359 Maure,'precor,
1061 1281 1204 1338 haud
1233 1277 1412 1332 mollia
1451 1273 1593 1328 dicta
1617 1267 1866 1338 superbe,

375 1363 488 1442 Nec
513 1383 776 1454 placitura
803 1377 922 1440 tibi,
958 1385 1195 1440 veraque
1225 1367 1384 1422 credo
1414 1363 1562 1416 satis.

302 1476 494 1532 Cernis
515 1452 715 1542 equum
745 1466 970 1522 maculis
995 1461 1268 1527 variisque
1301 1452 1568 1510 coloribus
1596 1459 1798 1518 aptum.

378 1564 496 1630 Quo
524 1538 709 1623 vehor,
740 1555 1022 1612 intendens
1051 1547 1250 1603 muenia
1275 1552 1450 1598 vestra
1474 1538 1681 1609 procul.

307 1659 448 1710 Ante
477 1653 724 1724 equidem
746 1646 948 1703 nostris
976 1640 1209 1710 indignis
1231 1635 1498 1691 morsibus
1523 1631 1662 1686 escis

380 1744 618 1806 Occidet,
646 1749 699 1793 et
727 1744 910 1792 nostro
932 1734 1090 1788 dente
1115 1727 1365 1783 terendus
1392 1724 1518 1787 erit,

313 1838 501 1892 Vestra
523 1841 700 1887 vetata
719 1828 880 1884 nimis
903 1839 1064 1895 quam
1095 1820 1313 1882 moenia,
1347 1825 1532 1872 nostra
1558 1821 1771 1868 caterva

381 1930 603 1984 Deserat
629 1944 642 1978 :
673 1923 817 1979 haud
845 1932 1082 1988 unquam
1108 1913 1292 1984 praelia
1321 1916 1501 1978 empta
1524 1906 1738 1960 cadent.

309 2025 359 2080 Is
381 2026 533 2094 nigra
564 2037 687 2076 mox
718 2019 888 2090 nigris
914 2011 1187 2086 percussit
1211 2015 1430 2077 pectora
1455 1999 1652 2071 pugnis

380 2114 488 2171 Ora
514 2112 665 2167 uncis
690 2109 899 2163 foedans
920 2101 1189 2173 unguibus
1216 2106 1336 2152 atra
1364 2094 1564 2154 miser;

313 2211 383 2265 Et
408 2195 554 2263 cadit
582 2206 634 2260 in
664 2203 853 2257 faciem
881 2196 1161 2269 perculsus
1191 2192 1353 2247 corda
1393 2199 1611 2257 pavore,

386 2299 572 2356 lnfclix
597 2297 818 2366 pulsans
846 2291 1070 2346 vocibus
1091 2286 1260 2341 aethra
1283 2281 1412 2351 poli.

317 2391 617 2445 Deseruere
650 2399 804 2439 arces
835 2379 990 2443 socii,
1021 2387 1321 2445 magnoque
1353 2376 1572 2437 stupore

391 2479 654 2532 Mirantur
687 2473 946 2532 Francos,
971 2467 1238 2532 verbaque
1273 2461 1408 2514 dura
1437 2455 1620 2510 nimis.

318 2569 466 2623 Zado
489 2581 585 2636 per
615 2565 905 2618 immensos
931 2555 1100 2612 currit
1125 2549 1450 2606 furibundus
1479 2556 1702 2599 acervos
1727 2557 1740 2592 τ

393 2660 510 2727 Quo
537 2656 718 2726 fugitis
739 2653 905 2714 cives,
934 2663 1107 2719 quove
1137 2643 1331 2700 tenetis
1361 2640 1504 2694 iter?

321 2750 487 2813 Zatlo,
511 2747 607 2800 tibi
635 2742 827 2798 Franci
861 2741 976 2794 hate
1003 2752 1147 2792 nunc
1171 2747 1427 2803 responsa
1454 2728 1736 2782 remittunt
1761 2742 1772 2779 :

395 2837 516 2892 Stat
541 2833 798 2905 placitura
827 2841 854 2870 ι
891 2827 1069 2890 modo,
1095 2839 1216 2895 quae
1249 2831 1430 2876 tamen
1463 2825 1589 2872 ante
1623 2828 1774 2883 cape.

329 2929 465 2983 Ante
491 2941 615 2982 suos
642 2922 898 2978 mandent
921 2919 1184 2989 probroso
1205 2916 1366 2969 dente
1396 2909 1654 2973 caballos,

396 3017 565 3084 Quam
593 3023 680 3069 tua
711 3021 890 3068 castra
916 3023 1153 3078 unquam
1183 3004 1486 3059 deseruisse
1515 2999 1718 3054 volent.

327 3107 374 3164 0
409 3107 592 3163 miseri
621 3106 763 3159 cives
787 3097 900 3170 jam
925 3100 1124 3156 dudum
1153 3097 1270 3151 haec
1295 3110 1394 3164 ego
1420 3091 1573 3146 vobis

400 3195 650 3258 Praedixi,
677 3208 801 3249 cum
831 3191 954 3260 quis
977 3188 1160 3260 prtelia
1189 3185 1396 3256 agenda
1425 3181 1620 3236 forent.

332 3288 486 3344 Nunc
509 3301 723 3355 quoque
747 3281 1029 3339 consilium
1055 3274 1412 3348 quodcunque
1438 3278 1523 3326 est
1557 3266 1686 3323 utile
1711 3264 1863 3320 vobis

410 3378 604 3441 Dicite,
631 3391 738 3446 quo
763 3373 970 3427 valeam
995 3378 1187 3425 caetera
1209 3365 1488 3436 perlicere.

339 3467 582 3534 Undique
604 3477 838 3531 namque
865 3460 1014 3515 vides
1035 3457 1303 3514 densatim
1329 3465 1578 3523 rumpere
1599 3463 1803 3511 muros,

405 3557 578 3625 Atque
603 3563 722 3609 tuos
756 3554 901 3608 ferro
921 3551 1254 3607 dilacerante
1285 3546 1441 3601 mori.

338 3649 582 3709 Cordoba
606 3647 747 3700 nulla
777 3645 874 3699 tibi
905 3643 1168 3713 promissa
1191 3639 1467 3708 juvamina
1493 3635 1692 3699 mittit;

409 3737 657 3804 Undique
682 3735 963 3788 turbamur
990 3731 1178 3793 Marte,
1207 3727 1472 3794 fameque,
1503 3725 1611 3778 siti.

341 3827 477 3895 Quid
502 3828 612 3896 jam
641 3830 816 3878 restat
840 3823 1006 3884 enim,
1032 3820 1135 3873 nisi
1161 3817 1386 3871 Francis
1411 3829 1544 3884 pace
1569 3813 1822 3883 petenda,

416 3915 693 3969 Mittantur
720 3912 893 3975 missi,
924 3910 1014 3979 qui
1047 3908 1348 3963 celeranter
1373 3904 1532 3959 eant?
1832 3913 1834 3915 '

344 4005 437 4063 Ille
461 4003 676 4073 quidem
701 4001 957 4056 frendens
985 4007 1186 4053 vestem
1213 3997 1543 4061 conscindit,
1567 4006 1620 4050 et
1650 4004 1798 4050 atros

420 4093 714 4163 Disrumpit
738 4091 936 4155 crines,
969 4088 1329 4156 dilaceratque
1357 4086 1559 4141 oculos.

349 4187 415 4241 Et
439 4184 680 4254 sequitur
707 4181 910 4245 verbis,
936 4180 1238 4247 iterumque
1267 4178 1571 4246 iterumque
1596 4175 1822 4246 profana

421 4275 664 4332 Cordoba
689 4286 820 4329 voce
844 4280 1020 4338 vocat,
1058 4270 1462 4341 illacrymatque
1490 4270 1598 4324 diu.

351 4366 396 4424 Ο
423 4367 592 4422 Mauri
620 4363 848 4430 celeres,
875 4377 982 4433 quo
1009 4377 1150 4416 nunc
1175 4361 1366 4416 ﬁducia
1391 4362 1590 4415 cessit?

423 4457 660 4513 Promite
682 4469 826 4509 nunc
845 4455 1009 4520 vires,
1038 4468 1182 4507 nunc
1203 4452 1389 4507 solitas
1410 4453 1562 4507 socii.

359 4547 558 4612 Unum,
586 4561 683 4616 per
708 4545 752 4599 si
781 4545 910 4614 quid
939 4544 1108 4599 nostri
1127 4542 1240 4611 jam
1269 4558 1397 4598 cura
1429 4543 1710 4606 remansit,

425 4643 694 4712 Deprecor
724 4657 737 4692 :
770 4639 872 4694 hoc
897 4654 1006 4694 uno
1034 4653 1256 4692 munere
1279 4637 1431 4692 hctus
1455 4651 1569 4690 ero.

359 4737 474 4803 Ipse
502 4746 602 4803 ego
629 4731 909 4800 conspexi,
940 4744 1094 4784 muro
1123 4745 1226 4798 qua
1257 4736 1432 4782 castra
1464 4727 1748 4781 remittunt

432 4824 607 4877 Densa
631 4821 828 4882 locum,
853 4828 1104 4875 constant
1125 4834 1355 4887 raraque
1386 4817 1602 4871 linteola
1636 4816 1683 4867 ι).

367 4911 447 4967 Me
474 4920 664 4981 potero
686 4910 910 4964 insidias
939 4910 1133 4963 illaesus
1163 4911 1302 4962 ferre
1329 4923 1422 4976 per
1449 4905 1600 4960 illas:

437 4999 570 5053 Fors
599 5009 621 5036 ο
655 4997 787 5051 socii
817 5006 943 5051 nota
970 5011 1188 5051 currere
1217 4996 1283 5048 ad
1308 4995 1531 5048 auxilia.

369 5088 477 5144 Vos
501 5095 707 5142 tantum
731 5095 915 5155 portas
938 5099 1148 5140 summo
1170 5092 1381 5138 servate
1411 5083 1613 5146 labore,

446 5232 472 5262 ι
511 5219 647 5273 Num
676 5229 756 5274 sat
781 5216 1070 5289 placitum?
1114 5215 1390 5289 anpotius
1417 5224 1571 5289 stant
1594 5213 1890 5289 placitura?

442 5291 472 5331 ι)
508 5290 708 5344 Sensus
733 5285 814 5343 est
858 5306 872 5342 :
913 5288 1088 5342 locum
1115 5285 1489 5350 animadverti,
1523 5287 1612 5340 ubi
1659 5301 1782 5339 rara
1809 5293 1935 5339 sunt

372 5361 605 5417 hostium
636 5359 880 5421 tentoria,
913 5367 1072 5426 atque
1099 5357 1276 5410 aditus
1301 5366 1463 5425 patet,
1498 5371 1592 5424 per
1616 5371 1775 5424 quem
1803 5370 1933 5408 cva-

376 5433 504 5488 dcre
528 5445 620 5500 per
646 5432 826 5485 hostes
850 5430 1070 5500 possimt

449 5514 470 5541 ο
513 5492 588 5556 Ac
627 5492 1013 5558 fortasse'mihi
1060 5496 1242 5550 licebit
1277 5498 1344 5550 ad
1386 5495 1786 5550 Cordubensem
1817 5492 1936 5546 Sul-

379 5581 564 5626 tannm
590 5582 894 5642 penetrare,
925 5567 1463 5642 ejusqueimpetrare
1488 5563 1755 5642 praesidia.-

1971 445 2124 499 Nulla
2151 441 2367 511 quidem
2390 437 2603 491 fortuna
2625 448 2779 488 arces
2799 447 2896 486 vos
2916 431 3159 498 linquere
3187 439 3370 498 cogat,

2036 532 2145 586 Nec
2171 528 2376 591 campis
2399 527 2592 580 hortor
2623 534 2851 593 pergere
2872 521 2925 573 in
2956 535 3106 572 arma
3137 518 3302 572 foras.

1967 624 2128 678 Multa
2150 623 2313 676 etiam
2341 617 2596 672 mandata
2623 615 2738 670 suis
2758 614 2892 667 dans
2919 612 3084 666 cessit
3111 611 3178 664 ab
3209 611 3361 673 urbe,

2037 715 2104 768 Et
2129 714 2346 766 latitans
2377 709 2558 763 furtim
2589 705 2831 776 praeterit
2856 717 3046 774 agmen
3069 716 3254 755 ovans.

1967 805 2192 873 Jamque
2215 803 2427 856 tenebat
2450 801 2550 853 iter
2573 813 2670 868 per
2694 797 2815 851 lzcta
2843 794 3055 848 silentia
3080 793 3252 847 noctis
3277 810 3289 844 :

2038 893 2225 948 Infelix
2252 891 2472 945 nimium
2496 887 2744 956 protinus
2777 885 2952 939 hinnit
2983 897 3173 951 equus.

1969 983 2086 1049 Quo
2108 981 2342 1034 clamore
2371 984 2586 1030 movent
2612 973 2860 1027 custodes
2892 970 3106 1040 agmina
3134 968 3330 1022 castris

2040 1073 2200 1127 Vocis
2229 1072 2295 1125 ad
2325 1069 2612 1130 hinnitum,
2638 1079 2872 1134 moxque
2892 1070 3191 1132 sequuntur
3219 1075 3362 1115 eum.

1969 1163 2062 1217 Ille
2090 1177 2286 1231 pavore
2310 1160 2452 1212 viam
2484 1158 2755 1225 linquens,
2779 1155 3053 1220 vertitque
3083 1151 3368 1213 cavallum,

2043 1251 2175 1306 Sese
2203 1250 2531 1320 prmcipitcm
2560 1248 2612 1300 in
2638 1246 2852 1316 agmina
2874 1244 3040 1298 densa
3075 1243 3237 1297 dedit.

1971 1342 2244 1412 Conspicit
2271 1341 2470 1421 invisas
2494 1337 2636 1392 haud
2666 1337 2784 1390 laeta
2813 1336 2992 1389 fronte
3013 1344 3275 1396 catervas,

2043 1438 2229 1492 Infelix
2262 1452 2361 1490 nec
2384 1435 2543 1488 habet
2571 1448 2678 1502 quo
2699 1441 2853 1487 eruat
2873 1431 3106 1502 ingenio.

1975 1530 2094 1584 Mox
2125 1529 2336 1597 capitur
2367 1526 2425 1592 d;
2456 1527 2647 1579 merito
2677 1525 2935 1586 vincitur,
2964 1521 3107 1576 haud
3133 1536 3304 1586 mora,
3331 1520 3467 1576 loris
3500 1537 3514 1574 ;

2048 1622 2272 1676 Ducitur
2295 1621 2363 1673 ad
2389 1621 2528 1687 regis
2558 1619 2718 1672 lintea
2760 1625 2900 1671 tecta
2930 1627 3185 1669 tremens.

1907 1711 1954 1770 B
1981 1717 2144 1770 Fama
2171 1716 2355 1769 volans
2383 1721 2548 1767 totam
2579 1713 2760 1765 turbat
2787 1709 3087 1764 terroribus
3114 1707 3316 1769 urbem,

2049 1809 2114 1862 Et
2143 1823 2323 1877 regem
2352 1814 2566 1875 captum
2601 1804 2814 1857 nuntiat
2841 1817 2936 1857 ore
2959 1817 3078 1856 suo.

1980 1900 2312 1969 Ingeminant
2339 1897 2538 1950 luctum
2570 1901 2876 1963 matresque
2894 1901 3180 1962 patresque
3193 1888 3455 1958 juvencli,

2053 1995 2163 2049 Hoc
2183 2009 2319 2064 puer
2349 1993 2596 2062 exiguus,
2624 1991 2836 2057 hocque
2865 1987 3042 2058 puella
3073 1985 3229 2057 gerit.

1985 2087 2093 2140 Nec
2125 2087 2302 2139 minor
2328 2084 2382 2137 in
2408 2082 2605 2136 castris
2635 2080 2838 2150 passim
2867 2092 3032 2132 sonus
3057 2076 3254 2131 :ntbera
3281 2074 3478 2145 pulsat,

2055 2176 2373 2243 Laetitiaque
2401 2172 2585 2228 fremit
2610 2169 2849 2225 unanimi
2880 2168 3127 2238 populus.

1985 2270 2197 2324 Interea
2223 2282 2328 2320 nox
2358 2273 2474 2319 atra
2501 2264 2698 2319 cadens
2727 2277 2922 2316 aurora
2953 2267 3193 2329 reportat

2055 2358 2209 2411 Alma
2238 2357 2378 2411 diem
2408 2374 2419 2408 :
2451 2353 2647 2408 Franci
2680 2353 2830 2422 regia
2861 2359 3034 2406 castra
3058 2357 3268 2420 petunt.

1991 2451 2126 2505 Tum
2151 2447 2327 2502 Caroli
2357 2445 2568 2520 soboles
2588 2452 2781 2513 pacato
2808 2451 3025 2512 pectore
3052 2441 3213 2504 fatur,

2057 2539 2232 2608 Atque
2263 2544 2372 2591 suis
2396 2535 2610 2589 famulis
2640 2535 2782 2588 dicta
2809 2533 3038 2602 benigna
3069 2531 3216 2586 dedit
3247 2549 3261 2583 :

1991 2631 2175 2686 Zadun
2203 2628 2270 2682 ad
2298 2626 2563 2696 Hispanas
2588 2625 2810 2694 cupiens
2837 2639 3128 2693 properare
3157 2631 3422 2685 catervas,

2061 2720 2333 2775 Auxilium
2357 2733 2606 2789 poscens,
2637 2729 2913 2785 armaque,
2943 2715 3055 2769 sive
3081 2728 3260 2782 pares,

1992 2813 2190 2882 Captus
2215 2811 2365 2864 adest
2391 2808 2598 2869 nolens,
2632 2807 2954 2873 vinctusque
2982 2811 3197 2858 tenetur
3226 2800 3444 2857 inermis

2062 2903 2203 2982 Ante
2226 2901 2372 2956 fores
2393 2909 2630 2962 nostros,
2655 2913 2761 2951 non
2784 2895 2883 2950 fuit
2906 2905 3030 2949 ante
3050 2895 3256 2949 oculos.

1995 2996 2104 3050 Fac
2131 2993 2396 3050 Vilhelme
2425 3005 2549 3045 suos
2576 2989 2747 3060 possit
2771 3003 2875 3058 quo
2901 3002 3126 3042 cernere
3147 3001 3351 3047 muros.

1921 3062 1964 3122 ί]
2064 3089 2132 3142 Et
2151 3086 2342 3155 jubeat
2365 3082 2520 3138 nobis
2547 3081 2784 3150 pandere
2809 3079 3045 3134 claustra
3069 3077 3232 3132 celer.

1954 3211 1956 3216 -
1996 3181 2105 3235 Nec
2159 3192 2309 3233 mora
2356 3192 2370 3229 :
2418 3176 2560 3229 Zado
2608 3188 2828 3227 manum
2876 3171 3117 3241 sequitur
3173 3169 3428 3240 religatus
3470 3166 3578 3220 ha—

3295 3257 3496 3329 [bc-nis,

2063 3362 2131 3416 Et
2158 3359 2343 3431 procul
2369 3373 2662 3427 cxpansam
2692 3357 2907 3411 sustulit
2937 3363 3054 3408 arte
3085 3367 3326 3406 manum.

2002 3453 2136 3508 Nam
2161 3452 2313 3522 prius
2343 3451 2638 3505 abscedens
2663 3449 2825 3504 sociis
2851 3447 3174 3517 praedixerat
3214 3446 3328 3515 ipse

2073 3545 2179 3600 Seu
2203 3543 2416 3598 fortuna
2446 3557 2696 3611 nequam,
2727 3555 3004 3610 prospera,
3042 3539 3158 3594 sive
3184 3538 3358 3601 cadat,

2005 3634 2201 3689 Nescio
2229 3651 2240 3686 :
2269 3633 2314 3687 si
2338 3648 2466 3687 casu
2487 3631 2816 3685 Francorum
2845 3631 3122 3684 incurrere
3148 3641 3171 3668 ε
3201 3628 3408 3690 turmis,

1923 3718 1925 3720 ’
2081 3726 2186 3780 Vos
2211 3733 2412 3788 tamen,
2441 3731 2501 3776 ut
2515 3722 2658 3786 dixi,
2686 3732 2865 3776 castra
2896 3727 3070 3775 tenete
3095 3733 3304 3788 precor.

2010 3816 2144 3868 Tum
2176 3829 2365 3868 manus
2393 3812 2460 3866 ad
2488 3827 2673 3866 muros
2705 3812 2931 3866 tendens
2952 3810 3225 3866 vocitabat
3253 3807 3458 3862 amicos
3491 3824 3506 3859 :

2088 3907 2317 3961 Pandite
2340 3904 2453 3974 jam
2483 3905 2613 3960 socii
2641 3905 2874 3958 claustra
2903 3911 3080 3957 vetata
3112 3902 3223 3957 diu.

2011 4000 2324 4070 Ingeniosus
2352 3998 2483 4052 item
2514 3997 2710 4067 digitos
2735 3995 3014 4060 curvabat,
3039 4003 3094 4049 et
3115 4007 3322 4063 ungues

2082 4087 2305 4156 Figebat
2327 4086 2539 4157 palmis,
2563 4086 2678 4139 lucc
2701 4084 3020 4139 simulanter
3043 4098 3227 4152 agens.

2015 4179 2129 4235 IIoc
2154 4187 2334 4233 autem
2369 4177 2567 4232 indicio
2594 4176 2844 4247 signabat
2865 4182 3040 4230 castra
3069 4171 3318 4234 tenenda,

2088 4270 2194 4324 Sed
2224 4278 2402 4322 tamen
2432 4268 2633 4322 invitus
2661 4264 2888 4320 Pandite
2911 4281 3043 4321 voce
3069 4273 3245 4321 vocat.

1943 4397 1996 4457 Β
2021 4359 2134 4414 Iloc
2161 4373 2290 4413 vero
2316 4372 2615 4428 agnoscens
2641 4357 2938 4412 Vilhelmus
2962 4355 3208 4412 concitus
3231 4353 3381 4409 illum

2091 4453 2366 4510 Percussit
2391 4469 2590 4525 pugno,
2625 4469 2734 4508 non
2760 4453 3081 4508 simulanter
3105 4465 3287 4522 agens.

2027 4546 2284 4601 Dentibus
2308 4545 2620 4600 infrendens
2639 4552 2819 4599 versat
2838 4544 2939 4598 sub
2962 4550 3181 4614 pectore
3200 4553 3359 4596 curas
3374 4554 3387 4569 '

2094 4637 2318 4690 Miratur
2343 4635 2585 4689 Maurum
2614 4634 2707 4690 sed
2733 4635 2905 4706 magis
2928 4633 3222 4704 ingenium.

2030 4725 2276 4791 Credite,
2309 4726 2364 4780 ni
2406 4740 2620 4795 quoque
2653 4725 2794 4793 regis
2833 4737 3090 4792 amorque
3129 4722 3398 4790 timorque
3441 4726 3603 4772 veta-

3399 4804 3529 4876 [ret,

2096 4906 2222 4960 llaec
2250 4906 2366 4969 tibi,
2395 4905 2560 4967 Zado,
2591 4903 2706 4957 dies
2729 4901 2920 4955 ultima
2949 4899 3088 4955 forte
3115 4898 3273 4953 foret.

2028 4997 2239 5052 Interea
2273 4997 2456 5049 Zadun
2485 4995 2696 5049 France
2724 4994 2946 5048 custode
2977 4999 3174 5054 tuetur,

2102 5089 2171 5141 At
2198 5088 2326 5142 socii
2363 5086 2378 5124 ῖ
2410 5086 2598 5140 ﬂentes
2619 5094 2798 5140 castra
2826 5093 3006 5137 tenere
3036 5087 3246 5150 parant.

2033 5222 2117 5276 bis
2136 5240 2178 5274 ι(
2201 5220 2381 5273 Zaddo
2404 5219 2507 5271 dux
2533 5214 2950 5270 Barcionennsis
2974 5226 3160 5265 suasus
3183 5216 3265 5262 est
3292 5223 3320 5261 a
3342 5203 3610 5276 quodam,

2034 5273 2153 5353 sibi,
2185 5299 2243 5344 ut
2271 5291 2510 5358 putabat,
2542 5287 2741 5358 amico,
2765 5285 3068 5358 Narbonem
3089 5273 3611 5358 usque‘procedere.

2035 5348 2602 5428 Qui'coniprehcnsus,
2633 5354 2901 5408 Ludovico
2930 5352 3037 5428 regi
3070 5359 3152 5403 est
3179 5348 3464 5427 adductus.
3506 5361 3522 5392 ι

2110 5442 2132 5469 °
2174 5416 2477 5484 Scri‘hcreni
2504 5416 2791 5486 incurret-0,
2819 5423 2958 5492 quod
2985 5416 3391 5492 sensnsposcit.

2113 5500 2130 5538 ί
2173 5482 2238 5552 II
2257 5507 2340 5552 est
2391 5482 3112 5552 Barcinonenses'Saraceni
3147 5482 3421 5540 civitatem
3466 5482 3610 5534 tueri

2037 5579 2283 5640 pergunt.

450 5643 475 5679 ά
519 5632 712 5698 Eadem
756 5641 915 5697 tradit
945 5632 1130 5692 auctor
1161 5632 1290 5690 Vitic
1320 5632 1571 5688 Ludovici
1603 5632 1679 5686 Pii
1707 5634 1789 5686 his
1819 5647 1937 5684 ver-
