  <div class='ocr_page' id='page_1' title='image "/cluster/home/n/w/nwhite01/storage/ocr_20150623/105/hvd.32044054759709/298.png"; bbox 0 0 3856 6190; ppageno 0'>
   <div class='ocr_carea' id='block_1_1' title="bbox 306 232 411 288">
    <p class='ocr_par' dir='ltr' id='par_1_1' title="bbox 306 232 411 288">
     <span class='ocr_line' id='line_1_1' title="bbox 306 232 411 288; baseline 0 -24"><span class='ocrx_word' id='word_1_1' title='bbox 306 232 411 288; x_wconf 60' lang='lat'><strong>585</strong></span> 
     </span>
    </p>
   </div>
   <div class='ocr_carea' id='block_1_2' title="bbox 307 339 1622 410">
    <p class='ocr_par' dir='ltr' id='par_1_2' title="bbox 307 339 1622 410">
     <span class='ocr_line' id='line_1_2' title="bbox 307 339 1622 410; baseline -0.002 -11"><span class='ocrx_word' id='word_1_2' title='bbox 307 345 491 399; x_wconf 75' lang='lat' dir='ltr'><strong>Altera</strong></span> <span class='ocrx_word' id='word_1_3' title='bbox 519 342 647 396; x_wconf 89' lang='lat' dir='ltr'><strong>luna</strong></span> <span class='ocrx_word' id='word_1_4' title='bbox 677 357 805 396; x_wconf 92' lang='lat' dir='ltr'><strong>suos</strong></span> <span class='ocrx_word' id='word_1_5' title='bbox 832 339 1134 410; x_wconf 88' lang='lat' dir='ltr'><strong>complebat</strong></span> <span class='ocrx_word' id='word_1_6' title='bbox 1164 343 1218 396; x_wconf 91' lang='lat' dir='ltr'><strong>in</strong></span> <span class='ocrx_word' id='word_1_7' title='bbox 1246 343 1436 398; x_wconf 85' lang='lat' dir='ltr'><strong>ordine</strong></span> <span class='ocrx_word' id='word_1_8' title='bbox 1459 343 1622 405; x_wconf 52' lang='lat' dir='ltr'><strong>solas,</strong></span> 
     </span>
    </p>
   </div>
   <div class='ocr_carea' id='block_1_3' title="bbox 378 432 1651 503">
    <p class='ocr_par' dir='ltr' id='par_1_3' title="bbox 378 432 1651 503">
     <span class='ocr_line' id='line_1_3' title="bbox 378 432 1651 503; baseline -0.002 -14"><span class='ocrx_word' id='word_1_9' title='bbox 378 436 493 489; x_wconf 77' lang='lat' dir='ltr'><strong>ltex</strong></span> <span class='ocrx_word' id='word_1_10' title='bbox 525 432 831 502; x_wconf 89' lang='lat' dir='ltr'><strong>Francique</strong></span> <span class='ocrx_word' id='word_1_11' title='bbox 849 433 1011 487; x_wconf 80' lang='lat' dir='ltr'>simul</span> <span class='ocrx_word' id='word_1_12' title='bbox 1033 441 1214 488; x_wconf 85' lang='lat' dir='ltr'><strong>castra</strong></span> <span class='ocrx_word' id='word_1_13' title='bbox 1240 443 1417 489; x_wconf 88' lang='lat' dir='ltr'><strong>vetata</strong></span> <span class='ocrx_word' id='word_1_14' title='bbox 1444 443 1651 503; x_wconf 89' lang='lat' dir='ltr'><strong>petunt.</strong></span> 
     </span>
    </p>
   </div>
   <div class='ocr_carea' id='block_1_4' title="bbox 308 525 1783 595">
    <p class='ocr_par' dir='ltr' id='par_1_4' title="bbox 308 525 1783 595">
     <span class='ocr_line' id='line_1_4' title="bbox 308 525 1783 595; baseline -0.001 -15"><span class='ocrx_word' id='word_1_15' title='bbox 308 526 560 582; x_wconf 75' lang='lat' dir='ltr'><strong>Machina</strong></span> <span class='ocrx_word' id='word_1_16' title='bbox 585 526 750 579; x_wconf 90' lang='lat' dir='ltr'><strong>densa</strong></span> <span class='ocrx_word' id='word_1_17' title='bbox 773 533 953 589; x_wconf 88' lang='lat' dir='ltr'><strong>sonat,</strong></span> <span class='ocrx_word' id='word_1_18' title='bbox 978 525 1262 594; x_wconf 77' lang='lat' dir='ltr'><strong>pulsantur</strong></span> <span class='ocrx_word' id='word_1_19' title='bbox 1286 534 1341 581; x_wconf 90' lang='lat' dir='ltr'><strong>et</strong></span> <span class='ocrx_word' id='word_1_20' title='bbox 1361 527 1598 595; x_wconf 84' lang='lat' dir='ltr'><strong>undique</strong></span> <span class='ocrx_word' id='word_1_21' title='bbox 1625 528 1783 591; x_wconf 87' lang='lat' dir='ltr'><strong>muri,</strong></span> 
     </span>
    </p>
   </div>
   <div class='ocr_carea' id='block_1_5' title="bbox 386 617 1553 679">
    <p class='ocr_par' dir='ltr' id='par_1_5' title="bbox 386 617 1553 679">
     <span class='ocr_line' id='line_1_5' title="bbox 386 617 1553 679; baseline 0.001 -7"><span class='ocrx_word' id='word_1_22' title='bbox 386 618 531 673; x_wconf 85' lang='lat' dir='ltr'><strong>Mars</strong></span> <span class='ocrx_word' id='word_1_23' title='bbox 558 617 707 679; x_wconf 89' lang='lat' dir='ltr'><strong>furit,</strong></span> <span class='ocrx_word' id='word_1_24' title='bbox 733 627 859 672; x_wconf 90' lang='lat' dir='ltr'><strong>ante</strong></span> <span class='ocrx_word' id='word_1_25' title='bbox 889 619 978 673; x_wconf 91' lang='lat' dir='ltr'><strong>cui</strong></span> <span class='ocrx_word' id='word_1_26' title='bbox 1008 634 1115 673; x_wconf 92' lang='lat' dir='ltr'><strong>non</strong></span> <span class='ocrx_word' id='word_1_27' title='bbox 1141 618 1317 675; x_wconf 91' lang='lat' dir='ltr'><strong>fuerat</strong></span> <span class='ocrx_word' id='word_1_28' title='bbox 1340 621 1553 675; x_wconf 87' lang='lat' dir='ltr'><strong>similis.</strong></span> 
     </span>
    </p>
   </div>
   <div class='ocr_carea' id='block_1_6' title="bbox 308 710 1677 782">
    <p class='ocr_par' dir='ltr' id='par_1_6' title="bbox 308 710 1677 782">
     <span class='ocr_line' id='line_1_6' title="bbox 308 710 1677 782; baseline -0.001 -17"><span class='ocrx_word' id='word_1_29' title='bbox 308 711 513 767; x_wconf 89' lang='lat' dir='ltr'><strong>Crebra</strong></span> <span class='ocrx_word' id='word_1_30' title='bbox 538 712 736 782; x_wconf 82' lang='lat' dir='ltr'><strong>sagitta</strong></span> <span class='ocrx_word' id='word_1_31' title='bbox 760 711 925 775; x_wconf 83' lang='lat' dir='ltr'><strong>cadit,</strong></span> <span class='ocrx_word' id='word_1_32' title='bbox 955 711 1006 765; x_wconf 92' lang='lat' dir='ltr'><strong>vi</strong></span> <span class='ocrx_word' id='word_1_33' title='bbox 1031 710 1191 767; x_wconf 86' lang='lat' dir='ltr'><strong>funda</strong></span> <span class='ocrx_word' id='word_1_34' title='bbox 1216 720 1419 768; x_wconf 88' lang='lat' dir='ltr'><strong>retorta</strong></span> <span class='ocrx_word' id='word_1_35' title='bbox 1446 712 1633 782; x_wconf 82' lang='lat' dir='ltr'><strong>fatigat</strong></span> <span class='ocrx_word' id='word_1_36' title='bbox 1663 728 1677 764; x_wconf 90' lang='lat'><strong>:</strong></span> 
     </span>
    </p>
   </div>
   <div class='ocr_carea' id='block_1_7' title="bbox 381 799 1594 869">
    <p class='ocr_par' dir='ltr' id='par_1_7' title="bbox 381 799 1594 869">
     <span class='ocr_line' id='line_1_7' title="bbox 381 799 1594 869; baseline 0.001 -16"><span class='ocrx_word' id='word_1_37' title='bbox 381 800 501 854; x_wconf 77' lang='lat' dir='ltr'><strong>Rex</strong></span> <span class='ocrx_word' id='word_1_38' title='bbox 532 800 644 869; x_wconf 88' lang='lat' dir='ltr'><strong>agit</strong></span> <span class='ocrx_word' id='word_1_39' title='bbox 671 799 804 854; x_wconf 89' lang='lat' dir='ltr'><strong>illud</strong></span> <span class='ocrx_word' id='word_1_40' title='bbox 830 814 986 869; x_wconf 85' lang='lat' dir='ltr'><strong>opus,</strong></span> <span class='ocrx_word' id='word_1_41' title='bbox 1024 800 1381 856; x_wconf 83' lang='lat' dir='ltr'><strong>accelerando</strong></span> <span class='ocrx_word' id='word_1_42' title='bbox 1410 802 1594 857; x_wconf 79' lang='lat' dir='ltr'><strong>duces.</strong></span> 
     </span>
    </p>
   </div>
   <div class='ocr_carea' id='block_1_8' title="bbox 308 888 1662 947">
    <p class='ocr_par' dir='ltr' id='par_1_8' title="bbox 308 888 1662 947">
     <span class='ocr_line' id='line_1_8' title="bbox 308 888 1662 947; baseline 0.003 -5"><span class='ocrx_word' id='word_1_43' title='bbox 308 888 431 944; x_wconf 80' lang='lat' dir='ltr'><strong>Jam</strong></span> <span class='ocrx_word' id='word_1_44' title='bbox 459 888 631 943; x_wconf 81' lang='lat' dir='ltr'><strong>Mauri</strong></span> <span class='ocrx_word' id='word_1_45' title='bbox 659 889 847 944; x_wconf 83' lang='lat' dir='ltr'><strong>miseri</strong></span> <span class='ocrx_word' id='word_1_46' title='bbox 871 904 970 944; x_wconf 88' lang='lat' dir='ltr'><strong>nec</strong></span> <span class='ocrx_word' id='word_1_47' title='bbox 992 905 1177 946; x_wconf 90' lang='lat' dir='ltr'><strong>muros</strong></span> <span class='ocrx_word' id='word_1_48' title='bbox 1197 893 1459 947; x_wconf 85' lang='lat' dir='ltr'><strong>scandere</strong></span> <span class='ocrx_word' id='word_1_49' title='bbox 1488 892 1662 947; x_wconf 60' lang='grc' dir='ltr'><strong>εοιλας</strong></span> 
     </span>
    </p>
   </div>
   <div class='ocr_carea' id='block_1_9' title="bbox 383 979 1594 1040">
    <p class='ocr_par' dir='ltr' id='par_1_9' title="bbox 383 979 1594 1040">
     <span class='ocr_line' id='line_1_9' title="bbox 383 979 1594 1040; baseline 0.002 -7"><span class='ocrx_word' id='word_1_50' title='bbox 383 979 616 1040; x_wconf 84' lang='lat' dir='ltr'><strong>Audent,</strong></span> <span class='ocrx_word' id='word_1_51' title='bbox 643 994 745 1033; x_wconf 90' lang='lat' dir='ltr'><strong>nec</strong></span> <span class='ocrx_word' id='word_1_52' title='bbox 774 979 910 1033; x_wconf 90' lang='lat' dir='ltr'><strong>turri</strong></span> <span class='ocrx_word' id='word_1_53' title='bbox 941 994 1166 1035; x_wconf 88' lang='lat' dir='ltr'><strong>cernere</strong></span> <span class='ocrx_word' id='word_1_54' title='bbox 1189 990 1371 1036; x_wconf 89' lang='lat' dir='ltr'><strong>castra</strong></span> <span class='ocrx_word' id='word_1_55' title='bbox 1393 982 1594 1038; x_wconf 88' lang='lat' dir='ltr'><strong>volent.</strong></span> 
     </span>
    </p>
   </div>
   <div class='ocr_carea' id='block_1_10' title="bbox 311 1067 1794 1139">
    <p class='ocr_par' dir='ltr' id='par_1_10' title="bbox 311 1067 1794 1139">
     <span class='ocr_line' id='line_1_10' title="bbox 311 1067 1794 1139; baseline 0.004 -18"><span class='ocrx_word' id='word_1_56' title='bbox 311 1067 393 1123; x_wconf 85' lang='lat' dir='ltr'><strong>Ac</strong></span> <span class='ocrx_word' id='word_1_57' title='bbox 417 1067 566 1122; x_wconf 89' lang='lat' dir='ltr'><strong>velut</strong></span> <span class='ocrx_word' id='word_1_58' title='bbox 592 1069 644 1122; x_wconf 92' lang='lat' dir='ltr'><strong>in</strong></span> <span class='ocrx_word' id='word_1_59' title='bbox 667 1084 835 1139; x_wconf 88' lang='lat' dir='ltr'><strong>parvo</strong></span> <span class='ocrx_word' id='word_1_60' title='bbox 860 1068 1137 1126; x_wconf 91' lang='lat' dir='ltr'><strong>volucrum</strong></span> <span class='ocrx_word' id='word_1_61' title='bbox 1162 1070 1276 1127; x_wconf 89' lang='lat' dir='ltr'><strong>fors</strong></span> <span class='ocrx_word' id='word_1_62' title='bbox 1308 1074 1464 1127; x_wconf 89' lang='lat' dir='ltr'><strong>turba</strong></span> <span class='ocrx_word' id='word_1_63' title='bbox 1492 1083 1794 1138; x_wconf 81' lang='lat' dir='ltr'><strong>natantum,</strong></span> 
     </span>
    </p>
   </div>
   <div class='ocr_carea' id='block_1_11' title="bbox 386 1157 1601 1229">
    <p class='ocr_par' dir='ltr' id='par_1_11' title="bbox 386 1157 1601 1229">
     <span class='ocr_line' id='line_1_11' title="bbox 386 1157 1601 1229; baseline 0.002 -16"><span class='ocrx_word' id='word_1_64' title='bbox 386 1157 521 1213; x_wconf 91' lang='lat' dir='ltr'><strong>Cum</strong></span> <span class='ocrx_word' id='word_1_65' title='bbox 550 1157 750 1212; x_wconf 89' lang='lat' dir='ltr'><strong>residet</strong></span> <span class='ocrx_word' id='word_1_66' title='bbox 776 1160 1025 1229; x_wconf 86' lang='lat' dir='ltr'><strong>pavitans</strong></span> <span class='ocrx_word' id='word_1_67' title='bbox 1055 1159 1276 1216; x_wconf 86' lang='lat' dir='ltr'><strong>flumine</strong></span> <span class='ocrx_word' id='word_1_68' title='bbox 1302 1162 1400 1216; x_wconf 84' lang='lat' dir='ltr'><strong>fisa</strong></span> <span class='ocrx_word' id='word_1_69' title='bbox 1428 1162 1601 1227; x_wconf 84' lang='lat' dir='ltr'><strong>male,-</strong></span> 
     </span>
    </p>
   </div>
   <div class='ocr_carea' id='block_1_12' title="bbox 312 1247 1615 1318">
    <p class='ocr_par' dir='ltr' id='par_1_12' title="bbox 312 1247 1615 1318">
     <span class='ocr_line' id='line_1_12' title="bbox 312 1247 1615 1318; baseline 0.004 -16"><span class='ocrx_word' id='word_1_70' title='bbox 312 1249 566 1318; x_wconf 84' lang='lat' dir='ltr'><strong>Armiger</strong></span> <span class='ocrx_word' id='word_1_71' title='bbox 583 1264 714 1304; x_wconf 89' lang='lat' dir='ltr'><strong>ecce</strong></span> <span class='ocrx_word' id='word_1_72' title='bbox 734 1247 883 1304; x_wconf 85' lang='lat' dir='ltr'><strong>Jovis</strong></span> <span class='ocrx_word' id='word_1_73' title='bbox 913 1251 1053 1305; x_wconf 87' lang='lat' dir='ltr'><strong>coelo</strong></span> <span class='ocrx_word' id='word_1_74' title='bbox 1079 1251 1359 1307; x_wconf 86' lang='lat' dir='ltr'><strong>descendit</strong></span> <span class='ocrx_word' id='word_1_75' title='bbox 1393 1253 1461 1307; x_wconf 89' lang='lat' dir='ltr'><strong>ab</strong></span> <span class='ocrx_word' id='word_1_76' title='bbox 1487 1253 1615 1318; x_wconf 88' lang='lat' dir='ltr'><strong>alto,</strong></span> 
     </span>
    </p>
   </div>
   <div class='ocr_carea' id='block_1_13' title="bbox 386 1337 1430 1409">
    <p class='ocr_par' dir='ltr' id='par_1_13' title="bbox 386 1337 1430 1409">
     <span class='ocr_line' id='line_1_13' title="bbox 386 1337 1430 1409; baseline 0.005 -19"><span class='ocrx_word' id='word_1_77' title='bbox 386 1337 638 1392; x_wconf 90' lang='lat' dir='ltr'><strong>Inventas</strong></span> <span class='ocrx_word' id='word_1_78' title='bbox 666 1338 871 1392; x_wconf 88' lang='lat' dir='ltr'><strong>circum</strong></span> <span class='ocrx_word' id='word_1_79' title='bbox 902 1339 1297 1409; x_wconf 86' lang='lat' dir='ltr'><strong>pervolitatque</strong></span> <span class='ocrx_word' id='word_1_80' title='bbox 1319 1341 1430 1395; x_wconf 91' lang='lat' dir='ltr'><strong>diu.</strong></span> 
     </span>
    </p>
   </div>
   <div class='ocr_carea' id='block_1_14' title="bbox 314 1425 1893 1503">
    <p class='ocr_par' dir='ltr' id='par_1_14' title="bbox 314 1425 1893 1503">
     <span class='ocr_line' id='line_1_14' title="bbox 314 1425 1893 1503; baseline 0.007 -24"><span class='ocrx_word' id='word_1_81' title='bbox 314 1425 409 1481; x_wconf 61' lang='lat' dir='ltr'><strong>Hae</strong></span> <span class='ocrx_word' id='word_1_82' title='bbox 431 1435 593 1497; x_wconf 88' lang='lat' dir='ltr'><strong>caput</strong></span> <span class='ocrx_word' id='word_1_83' title='bbox 618 1428 670 1482; x_wconf 88' lang='lat' dir='ltr'><strong>in</strong></span> <span class='ocrx_word' id='word_1_84' title='bbox 704 1427 928 1483; x_wconf 86' lang='lat' dir='ltr'><strong>fundum</strong></span> <span class='ocrx_word' id='word_1_85' title='bbox 952 1430 1190 1497; x_wconf 90' lang='lat' dir='ltr'><strong>mittunt,</strong></span> <span class='ocrx_word' id='word_1_86' title='bbox 1215 1431 1563 1503; x_wconf 82' lang='lat' dir='ltr'><strong>relcvantque</strong></span> <span class='ocrx_word' id='word_1_87' title='bbox 1590 1435 1691 1488; x_wconf 85' lang='lat' dir='ltr'><strong>sub</strong></span> <span class='ocrx_word' id='word_1_88' title='bbox 1713 1451 1893 1501; x_wconf 86' lang='lat' dir='ltr'><strong>auras,</strong></span> 
     </span>
    </p>
   </div>
   <div class='ocr_carea' id='block_1_15' title="bbox 386 1519 1456 1594">
    <p class='ocr_par' dir='ltr' id='par_1_15' title="bbox 386 1519 1456 1594">
     <span class='ocr_line' id='line_1_15' title="bbox 386 1519 1456 1594; baseline 0.007 -21"><span class='ocrx_word' id='word_1_89' title='bbox 386 1519 493 1574; x_wconf 91' lang='lat' dir='ltr'><strong>Ista</strong></span> <span class='ocrx_word' id='word_1_90' title='bbox 520 1520 656 1591; x_wconf 83' lang='lat' dir='ltr'><strong>algis</strong></span> <span class='ocrx_word' id='word_1_91' title='bbox 680 1523 922 1588; x_wconf 88' lang='lat' dir='ltr'><strong>recubat,</strong></span> <span class='ocrx_word' id='word_1_92' title='bbox 954 1522 1043 1577; x_wconf 87' lang='lat' dir='ltr'><strong>illa</strong></span> <span class='ocrx_word' id='word_1_93' title='bbox 1072 1539 1321 1594; x_wconf 88' lang='lat' dir='ltr'><strong>repressa</strong></span> <span class='ocrx_word' id='word_1_94' title='bbox 1342 1525 1456 1581; x_wconf 91' lang='lat' dir='ltr'><strong>luto</strong></span> 
     </span>
    </p>
   </div>
   <div class='ocr_carea' id='block_1_16' title="bbox 313 1608 1753 1687">
    <p class='ocr_par' dir='ltr' id='par_1_16' title="bbox 313 1608 1753 1687">
     <span class='ocr_line' id='line_1_16' title="bbox 313 1608 1753 1687; baseline 0.006 -24"><span class='ocrx_word' id='word_1_95' title='bbox 313 1608 567 1664; x_wconf 86' lang='lat' dir='ltr'><strong>Instat‘at</strong></span> <span class='ocrx_word' id='word_1_96' title='bbox 593 1611 680 1665; x_wconf 90' lang='lat' dir='ltr'><strong>ille</strong></span> <span class='ocrx_word' id='word_1_97' title='bbox 706 1627 871 1682; x_wconf 87' lang='lat' dir='ltr'><strong>super</strong></span> <span class='ocrx_word' id='word_1_98' title='bbox 891 1613 1102 1681; x_wconf 90' lang='lat' dir='ltr'><strong>pennis,</strong></span> <span class='ocrx_word' id='word_1_99' title='bbox 1135 1615 1501 1686; x_wconf 88' lang='lat' dir='ltr'><strong>tremulasque</strong></span> <span class='ocrx_word' id='word_1_100' title='bbox 1522 1616 1753 1687; x_wconf 80' lang='lat' dir='ltr'><strong>fatigat:</strong></span> 
     </span>
    </p>
   </div>
   <div class='ocr_carea' id='block_1_17' title="bbox 379 1698 1613 1778">
    <p class='ocr_par' dir='ltr' id='par_1_17' title="bbox 379 1698 1613 1778">
     <span class='ocr_line' id='line_1_17' title="bbox 379 1698 1613 1778; baseline 0.007 -25"><span class='ocrx_word' id='word_1_101' title='bbox 379 1698 511 1767; x_wconf 60' lang='lat' dir='ltr'><strong>Quae</strong></span> <span class='ocrx_word' id='word_1_102' title='bbox 538 1709 699 1771; x_wconf 90' lang='lat' dir='ltr'><strong>caput</strong></span> <span class='ocrx_word' id='word_1_103' title='bbox 731 1702 786 1755; x_wconf 90' lang='lat' dir='ltr'><strong>in</strong></span> <span class='ocrx_word' id='word_1_104' title='bbox 817 1712 1009 1757; x_wconf 89' lang='lat' dir='ltr'><strong>ventos</strong></span> <span class='ocrx_word' id='word_1_105' title='bbox 1038 1704 1300 1769; x_wconf 80' lang='lat' dir='ltr'><strong>sublevat,</strong></span> <span class='ocrx_word' id='word_1_106' title='bbox 1330 1705 1418 1761; x_wconf 92' lang='lat' dir='ltr'><strong>ille</strong></span> <span class='ocrx_word' id='word_1_107' title='bbox 1452 1707 1613 1778; x_wconf 90' lang='lat' dir='ltr'><strong>rapit.</strong></span> 
     </span>
    </p>
   </div>
   <div class='ocr_carea' id='block_1_18' title="bbox 313 1787 1756 1866">
    <p class='ocr_par' dir='ltr' id='par_1_18' title="bbox 313 1787 1756 1866">
     <span class='ocr_line' id='line_1_18' title="bbox 313 1787 1756 1866; baseline 0.006 -24"><span class='ocrx_word' id='word_1_108' title='bbox 313 1787 433 1843; x_wconf 79' lang='lat' dir='ltr'><strong>Non</strong></span> <span class='ocrx_word' id='word_1_109' title='bbox 461 1790 624 1844; x_wconf 87' lang='lat' dir='ltr'><strong>aliter</strong></span> <span class='ocrx_word' id='word_1_110' title='bbox 651 1788 867 1846; x_wconf 90' lang='lat' dir='ltr'><strong>Mauros</strong></span> <span class='ocrx_word' id='word_1_111' title='bbox 894 1792 1112 1848; x_wconf 91' lang='lat' dir='ltr'><strong>timidos</strong></span> <span class='ocrx_word' id='word_1_112' title='bbox 1137 1792 1416 1865; x_wconf 78' lang='lat' dir='ltr'><strong>fugitando</strong></span> <span class='ocrx_word' id='word_1_113' title='bbox 1446 1811 1543 1866; x_wconf 86' lang='lat' dir='ltr'><strong>per</strong></span> <span class='ocrx_word' id='word_1_114' title='bbox 1565 1799 1756 1853; x_wconf 85' lang='lat' dir='ltr'><strong>urbem</strong></span> 
     </span>
    </p>
   </div>
   <div class='ocr_carea' id='block_1_19' title="bbox 380 1883 1717 1959">
    <p class='ocr_par' dir='ltr' id='par_1_19' title="bbox 380 1883 1717 1959">
     <span class='ocr_line' id='line_1_19' title="bbox 380 1883 1717 1959; baseline 0.006 -23"><span class='ocrx_word' id='word_1_115' title='bbox 380 1883 692 1955; x_wconf 89' lang='lat' dir='ltr'><strong>Insequitur</strong></span> <span class='ocrx_word' id='word_1_116' title='bbox 717 1884 925 1956; x_wconf 79' lang='lat' dir='ltr'><strong>gladius</strong></span> <span class='ocrx_word' id='word_1_117' title='bbox 948 1886 1203 1956; x_wconf 89' lang='lat' dir='ltr'><strong>undique,</strong></span> <span class='ocrx_word' id='word_1_118' title='bbox 1232 1902 1508 1959; x_wconf 83' lang='lat' dir='ltr'><strong>morsque,</strong></span> <span class='ocrx_word' id='word_1_119' title='bbox 1532 1905 1717 1959; x_wconf 86' lang='lat' dir='ltr'><strong>pavor.</strong></span> 
     </span>
    </p>
   </div>
   <div class='ocr_carea' id='block_1_20' title="bbox 316 1972 1631 2047">
    <p class='ocr_par' dir='ltr' id='par_1_20' title="bbox 316 1972 1631 2047">
     <span class='ocr_line' id='line_1_20' title="bbox 316 1972 1631 2047; baseline 0.005 -20"><span class='ocrx_word' id='word_1_120' title='bbox 316 1972 456 2028; x_wconf 84' lang='lat' dir='ltr'><strong>Tum</strong></span> <span class='ocrx_word' id='word_1_121' title='bbox 486 1990 581 2028; x_wconf 78' lang='lat' dir='ltr'><strong>rex</strong></span> <span class='ocrx_word' id='word_1_122' title='bbox 612 1974 727 2043; x_wconf 89' lang='lat' dir='ltr'><strong>ipse</strong></span> <span class='ocrx_word' id='word_1_123' title='bbox 751 1975 874 2044; x_wconf 90' lang='lat' dir='ltr'><strong>pius</strong></span> <span class='ocrx_word' id='word_1_124' title='bbox 902 1977 1151 2047; x_wconf 89' lang='lat' dir='ltr'><strong>crispans</strong></span> <span class='ocrx_word' id='word_1_125' title='bbox 1184 1979 1379 2034; x_wconf 89' lang='lat' dir='ltr'><strong>hastile</strong></span> <span class='ocrx_word' id='word_1_126' title='bbox 1407 1979 1631 2044; x_wconf 85' lang='lat' dir='ltr'><strong>lacerto,</strong></span> 
     </span>
    </p>
   </div>
   <div class='ocr_carea' id='block_1_21' title="bbox 382 2063 1667 2138">
    <p class='ocr_par' dir='ltr' id='par_1_21' title="bbox 382 2063 1667 2138">
     <span class='ocr_line' id='line_1_21' title="bbox 382 2063 1667 2138; baseline 0.006 -22"><span class='ocrx_word' id='word_1_127' title='bbox 382 2063 550 2132; x_wconf 87' lang='lat' dir='ltr'><strong>Inque</strong></span> <span class='ocrx_word' id='word_1_128' title='bbox 576 2066 767 2119; x_wconf 89' lang='lat' dir='ltr'><strong>urbem</strong></span> <span class='ocrx_word' id='word_1_129' title='bbox 799 2067 1083 2122; x_wconf 82' lang='lat' dir='ltr'><strong>adversam</strong></span> <span class='ocrx_word' id='word_1_130' title='bbox 1111 2069 1372 2138; x_wconf 89' lang='lat' dir='ltr'><strong>compulit</strong></span> <span class='ocrx_word' id='word_1_131' title='bbox 1400 2071 1481 2125; x_wconf 91' lang='lat' dir='ltr'><strong>ire</strong></span> <span class='ocrx_word' id='word_1_132' title='bbox 1506 2071 1667 2124; x_wconf 76' lang='lat' dir='ltr'><strong>celer.</strong></span> 
     </span>
    </p>
   </div>
   <div class='ocr_carea' id='block_1_22' title="bbox 316 2151 1581 2215">
    <p class='ocr_par' dir='ltr' id='par_1_22' title="bbox 316 2151 1581 2215">
     <span class='ocr_line' id='line_1_22' title="bbox 316 2151 1581 2215; baseline 0.006 -8"><span class='ocrx_word' id='word_1_133' title='bbox 316 2151 485 2207; x_wconf 85' lang='lat' dir='ltr'><strong>Hasta</strong></span> <span class='ocrx_word' id='word_1_134' title='bbox 511 2152 700 2207; x_wconf 81' lang='lat' dir='ltr'><strong>volans</strong></span> <span class='ocrx_word' id='word_1_135' title='bbox 732 2155 907 2209; x_wconf 87' lang='lat' dir='ltr'><strong>media</strong></span> <span class='ocrx_word' id='word_1_136' title='bbox 930 2157 1109 2212; x_wconf 85' lang='lat' dir='ltr'><strong>ventis</strong></span> <span class='ocrx_word' id='word_1_137' title='bbox 1134 2173 1192 2214; x_wconf 91' lang='lat' dir='ltr'><strong>se</strong></span> <span class='ocrx_word' id='word_1_138' title='bbox 1214 2160 1444 2214; x_wconf 88' lang='lat' dir='ltr'><strong>contulit</strong></span> <span class='ocrx_word' id='word_1_139' title='bbox 1465 2161 1581 2215; x_wconf 88' lang='lat' dir='ltr'><strong>urbi</strong></span> 
     </span>
    </p>
   </div>
   <div class='ocr_carea' id='block_1_23' title="bbox 386 2242 1492 2318">
    <p class='ocr_par' dir='ltr' id='par_1_23' title="bbox 386 2242 1492 2318">
     <span class='ocr_line' id='line_1_23' title="bbox 386 2242 1492 2318; baseline 0.007 -22"><span class='ocrx_word' id='word_1_140' title='bbox 386 2242 658 2298; x_wconf 76' lang='lat' dir='ltr'><strong>Marmore</strong></span> <span class='ocrx_word' id='word_1_141' title='bbox 690 2245 931 2315; x_wconf 87' lang='lat' dir='ltr'><strong>subjecto</strong></span> <span class='ocrx_word' id='word_1_142' title='bbox 960 2246 1141 2318; x_wconf 76' lang='lat' dir='ltr'><strong>[igitur</strong></span> <span class='ocrx_word' id='word_1_143' title='bbox 1164 2257 1284 2302; x_wconf 90' lang='lat' dir='ltr'><strong>acta</strong></span> <span class='ocrx_word' id='word_1_144' title='bbox 1311 2249 1492 2305; x_wconf 87' lang='lat' dir='ltr'><strong>nimis.</strong></span> 
     </span>
    </p>
   </div>
   <div class='ocr_carea' id='block_1_24' title="bbox 318 2334 1459 2413">
    <p class='ocr_par' dir='ltr' id='par_1_24' title="bbox 318 2334 1459 2413">
     <span class='ocr_line' id='line_1_24' title="bbox 318 2334 1459 2413; baseline 0.01 -25"><span class='ocrx_word' id='word_1_145' title='bbox 318 2334 435 2390; x_wconf 87' lang='lat' dir='ltr'><strong>lIoc</strong></span> <span class='ocrx_word' id='word_1_146' title='bbox 457 2336 613 2406; x_wconf 86' lang='lat' dir='ltr'><strong>signo</strong></span> <span class='ocrx_word' id='word_1_147' title='bbox 636 2336 807 2392; x_wconf 83' lang='lat' dir='ltr'><strong>Mauri</strong></span> <span class='ocrx_word' id='word_1_148' title='bbox 833 2340 1032 2394; x_wconf 87' lang='lat' dir='ltr'><strong>turbati</strong></span> <span class='ocrx_word' id='word_1_149' title='bbox 1065 2342 1230 2398; x_wconf 87' lang='lat' dir='ltr'><strong>corde</strong></span> <span class='ocrx_word' id='word_1_150' title='bbox 1253 2359 1459 2413; x_wconf 88' lang='lat' dir='ltr'><strong>pavore</strong></span> 
     </span>
    </p>
   </div>
   <div class='ocr_carea' id='block_1_25' title="bbox 388 2425 1499 2504">
    <p class='ocr_par' dir='ltr' id='par_1_25' title="bbox 388 2425 1499 2504">
     <span class='ocr_line' id='line_1_25' title="bbox 388 2425 1499 2504; baseline 0.01 -26"><span class='ocrx_word' id='word_1_151' title='bbox 388 2425 657 2480; x_wconf 78' lang='lat' dir='ltr'><strong>Mirantur</strong></span> <span class='ocrx_word' id='word_1_152' title='bbox 678 2426 905 2496; x_wconf 82' lang='lat' dir='ltr'><strong>ferrum,</strong></span> <span class='ocrx_word' id='word_1_153' title='bbox 928 2431 1048 2499; x_wconf 87' lang='lat' dir='ltr'><strong>plus</strong></span> <span class='ocrx_word' id='word_1_154' title='bbox 1066 2430 1320 2500; x_wconf 87' lang='lat' dir='ltr'><strong>jacientis</strong></span> <span class='ocrx_word' id='word_1_155' title='bbox 1345 2449 1499 2504; x_wconf 88' lang='lat' dir='ltr'><strong>opus.</strong></span> 
     </span>
    </p>
   </div>
   <div class='ocr_carea' id='block_1_26' title="bbox 318 2515 1874 2598">
    <p class='ocr_par' dir='ltr' id='par_1_26' title="bbox 318 2515 1874 2598">
     <span class='ocr_line' id='line_1_26' title="bbox 318 2515 1874 2598; baseline 0.012 -31"><span class='ocrx_word' id='word_1_156' title='bbox 318 2515 461 2583; x_wconf 82' lang='lat' dir='ltr'><strong>Quid</strong></span> <span class='ocrx_word' id='word_1_157' title='bbox 490 2515 765 2571; x_wconf 84' lang='lat' dir='ltr'><strong>facerent?</strong></span> <span class='ocrx_word' id='word_1_158' title='bbox 786 2516 904 2572; x_wconf 83' lang='lat' dir='ltr'><strong>Jam</strong></span> <span class='ocrx_word' id='word_1_159' title='bbox 934 2535 1028 2574; x_wconf 76' lang='lat' dir='ltr'><strong>rex</strong></span> <span class='ocrx_word' id='word_1_160' title='bbox 1059 2521 1267 2587; x_wconf 88' lang='lat' dir='ltr'><strong>aberat,</strong></span> <span class='ocrx_word' id='word_1_161' title='bbox 1283 2519 1398 2589; x_wconf 87' lang='lat' dir='ltr'><strong>jam</strong></span> <span class='ocrx_word' id='word_1_162' title='bbox 1422 2539 1601 2595; x_wconf 86' lang='lat' dir='ltr'><strong>pugna</strong></span> <span class='ocrx_word' id='word_1_163' title='bbox 1627 2527 1874 2598; x_wconf 72' lang='lat' dir='ltr'><strong>tepebat;</strong></span> 
     </span>
    </p>
   </div>
   <div class='ocr_carea' id='block_1_27' title="bbox 391 2607 1506 2684">
    <p class='ocr_par' dir='ltr' id='par_1_27' title="bbox 391 2607 1506 2684">
     <span class='ocr_line' id='line_1_27' title="bbox 391 2607 1506 2684; baseline 0.009 -23"><span class='ocrx_word' id='word_1_164' title='bbox 391 2607 700 2662; x_wconf 89' lang='lat' dir='ltr'><strong>Maurorum</strong></span> <span class='ocrx_word' id='word_1_165' title='bbox 728 2610 935 2679; x_wconf 91' lang='lat' dir='ltr'><strong>primos</strong></span> <span class='ocrx_word' id='word_1_166' title='bbox 959 2612 1257 2667; x_wconf 89' lang='lat' dir='ltr'><strong>abstulerat</strong></span> <span class='ocrx_word' id='word_1_167' title='bbox 1276 2613 1506 2684; x_wconf 81' lang='lat' dir='ltr'><strong>gladius.</strong></span> 
     </span>
    </p>
   </div>
   <div class='ocr_carea' id='block_1_28' title="bbox 317 2700 1676 2777">
    <p class='ocr_par' dir='ltr' id='par_1_28' title="bbox 317 2700 1676 2777">
     <span class='ocr_line' id='line_1_28' title="bbox 317 2700 1676 2777; baseline 0.008 -21"><span class='ocrx_word' id='word_1_168' title='bbox 317 2700 562 2756; x_wconf 75' lang='lat' dir='ltr'><strong>Tandem</strong></span> <span class='ocrx_word' id='word_1_169' title='bbox 588 2701 699 2771; x_wconf 87' lang='lat' dir='ltr'><strong>jam</strong></span> <span class='ocrx_word' id='word_1_170' title='bbox 730 2704 856 2757; x_wconf 86' lang='lat' dir='ltr'><strong>victi</strong></span> <span class='ocrx_word' id='word_1_171' title='bbox 884 2704 1111 2758; x_wconf 89' lang='lat' dir='ltr'><strong>nimium</strong></span> <span class='ocrx_word' id='word_1_172' title='bbox 1137 2706 1381 2777; x_wconf 89' lang='lat' dir='ltr'><strong>belloque</strong></span> <span class='ocrx_word' id='word_1_173' title='bbox 1410 2707 1676 2776; x_wconf 83' lang='lat' dir='ltr'><strong>fameque.</strong></span> 
     </span>
    </p>
   </div>
   <div class='ocr_carea' id='block_1_29' title="bbox 392 2792 1591 2856">
    <p class='ocr_par' dir='ltr' id='par_1_29' title="bbox 392 2792 1591 2856">
     <span class='ocr_line' id='line_1_29' title="bbox 392 2792 1591 2856; baseline 0.007 -9"><span class='ocrx_word' id='word_1_174' title='bbox 392 2792 633 2847; x_wconf 89' lang='lat' dir='ltr'><strong>Consilio</strong></span> <span class='ocrx_word' id='word_1_175' title='bbox 660 2794 901 2848; x_wconf 89' lang='lat' dir='ltr'><strong>unanimi</strong></span> <span class='ocrx_word' id='word_1_176' title='bbox 929 2796 1154 2851; x_wconf 87' lang='lat' dir='ltr'><strong>reddere</strong></span> <span class='ocrx_word' id='word_1_177' title='bbox 1186 2806 1364 2853; x_wconf 89' lang='lat' dir='ltr'><strong>castra</strong></span> <span class='ocrx_word' id='word_1_178' title='bbox 1388 2799 1591 2856; x_wconf 80' lang='lat' dir='ltr'><strong>volunt.</strong></span> 
     </span>
    </p>
   </div>
   <div class='ocr_carea' id='block_1_30' title="bbox 317 2888 1785 2963">
    <p class='ocr_par' dir='ltr' id='par_1_30' title="bbox 317 2888 1785 2963">
     <span class='ocr_line' id='line_1_30' title="bbox 317 2888 1785 2963; baseline 0.007 -22"><span class='ocrx_word' id='word_1_179' title='bbox 317 2888 641 2944; x_wconf 87' lang='lat' dir='ltr'><strong>Panduntur</strong></span> <span class='ocrx_word' id='word_1_180' title='bbox 667 2896 838 2959; x_wconf 76' lang='lat' dir='ltr'><strong>portae</strong></span> <span class='ocrx_word' id='word_1_181' title='bbox 864 2902 913 2954; x_wconf 76' lang='grc' dir='ltr'><strong>α,</strong></span> <span class='ocrx_word' id='word_1_182' title='bbox 936 2891 1236 2961; x_wconf 87' lang='lat' dir='ltr'><strong>penetralia</strong></span> <span class='ocrx_word' id='word_1_183' title='bbox 1259 2900 1452 2947; x_wconf 88' lang='lat' dir='ltr'><strong>cuncta</strong></span> <span class='ocrx_word' id='word_1_184' title='bbox 1477 2903 1785 2963; x_wconf 74' lang='lat' dir='ltr'><strong>patescunt,</strong></span> 
     </span>
    </p>
   </div>
   <div class='ocr_carea' id='block_1_31' title="bbox 393 2978 1439 3053">
    <p class='ocr_par' dir='ltr' id='par_1_31' title="bbox 393 2978 1439 3053">
     <span class='ocr_line' id='line_1_31' title="bbox 393 2978 1439 3053; baseline 0.002 -17"><span class='ocrx_word' id='word_1_185' title='bbox 393 2978 632 3036; x_wconf 89' lang='lat' dir='ltr'><strong>Servitio</strong></span> <span class='ocrx_word' id='word_1_186' title='bbox 663 2981 805 3053; x_wconf 86' lang='lat' dir='ltr'><strong>regis</strong></span> <span class='ocrx_word' id='word_1_187' title='bbox 832 2982 962 3038; x_wconf 88' lang='lat' dir='ltr'><strong>urbs</strong></span> <span class='ocrx_word' id='word_1_188' title='bbox 989 2982 1253 3043; x_wconf 85' lang='lat' dir='ltr'><strong>labefacta</strong></span> <span class='ocrx_word' id='word_1_189' title='bbox 1273 2986 1439 3040; x_wconf 82' lang='lat' dir='ltr'><strong>venit.</strong></span> 
     </span>
    </p>
   </div>
   <div class='ocr_carea' id='block_1_32' title="bbox 316 3072 1751 3144">
    <p class='ocr_par' dir='ltr' id='par_1_32' title="bbox 316 3072 1751 3144">
     <span class='ocr_line' id='line_1_32' title="bbox 316 3072 1751 3144; baseline 0.006 -17"><span class='ocrx_word' id='word_1_190' title='bbox 316 3072 578 3128; x_wconf 84' lang='lat' dir='ltr'><strong>Protinus</strong></span> <span class='ocrx_word' id='word_1_191' title='bbox 596 3082 782 3144; x_wconf 89' lang='lat' dir='ltr'><strong>optata</strong></span> <span class='ocrx_word' id='word_1_192' title='bbox 809 3081 1145 3139; x_wconf 89' lang='lat' dir='ltr'><strong>sternuntur,</strong></span> <span class='ocrx_word' id='word_1_193' title='bbox 1174 3077 1318 3131; x_wconf 89' lang='lat' dir='ltr'><strong>haud</strong></span> <span class='ocrx_word' id='word_1_194' title='bbox 1340 3093 1515 3143; x_wconf 86' lang='lat' dir='ltr'><strong>mora,</strong></span> <span class='ocrx_word' id='word_1_195' title='bbox 1540 3080 1594 3134; x_wconf 92' lang='lat' dir='ltr'><strong>in</strong></span> <span class='ocrx_word' id='word_1_196' title='bbox 1617 3083 1751 3137; x_wconf 87' lang='lat' dir='ltr'><strong>urbe</strong></span> 
     </span>
    </p>
   </div>
   <div class='ocr_carea' id='block_1_33' title="bbox 388 3163 1509 3238">
    <p class='ocr_par' dir='ltr' id='par_1_33' title="bbox 388 3163 1509 3238">
     <span class='ocr_line' id='line_1_33' title="bbox 388 3163 1509 3238; baseline 0.004 -20"><span class='ocrx_word' id='word_1_197' title='bbox 388 3163 588 3220; x_wconf 86' lang='lat' dir='ltr'><strong>Franci</strong></span> <span class='ocrx_word' id='word_1_198' title='bbox 619 3166 853 3221; x_wconf 85' lang='lat' dir='ltr'><strong>victores</strong></span> <span class='ocrx_word' id='word_1_199' title='bbox 880 3166 1126 3222; x_wconf 87' lang='lat' dir='ltr'><strong>hostibus</strong></span> <span class='ocrx_word' id='word_1_200' title='bbox 1154 3166 1470 3238; x_wconf 81' lang='lat' dir='ltr'><strong>imperitam</strong></span> <span class='ocrx_word' id='word_1_201' title='bbox 1498 3188 1509 3222; x_wconf 92' lang='lat'>:</span> 
     </span>
    </p>
   </div>
   <div class='ocr_carea' id='block_1_34' title="bbox 317 3255 1799 3330">
    <p class='ocr_par' dir='ltr' id='par_1_34' title="bbox 317 3255 1799 3330">
     <span class='ocr_line' id='line_1_34' title="bbox 317 3255 1799 3330; baseline 0.004 -19"><span class='ocrx_word' id='word_1_202' title='bbox 317 3255 623 3312; x_wconf 89' lang='lat' dir='ltr'><strong>Sabbatum</strong></span> <span class='ocrx_word' id='word_1_203' title='bbox 646 3263 767 3311; x_wconf 90' lang='lat' dir='ltr'><strong>erat</strong></span> <span class='ocrx_word' id='word_1_204' title='bbox 786 3271 1025 3313; x_wconf 88' lang='lat' dir='ltr'><strong>sacrum.</strong></span> <span class='ocrx_word' id='word_1_205' title='bbox 1050 3271 1174 3311; x_wconf 90' lang='lat' dir='ltr'><strong>cum</strong></span> <span class='ocrx_word' id='word_1_206' title='bbox 1199 3271 1286 3312; x_wconf 86' lang='lat' dir='ltr'><strong>res</strong></span> <span class='ocrx_word' id='word_1_207' title='bbox 1311 3267 1398 3313; x_wconf 93' lang='lat' dir='ltr'><strong>est</strong></span> <span class='ocrx_word' id='word_1_208' title='bbox 1426 3259 1528 3314; x_wconf 90' lang='lat' dir='ltr'><strong>ista</strong></span> <span class='ocrx_word' id='word_1_209' title='bbox 1555 3272 1799 3330; x_wconf 88' lang='lat' dir='ltr'><strong>peracta,</strong></span> 
     </span>
    </p>
   </div>
   <div class='ocr_carea' id='block_1_35' title="bbox 393 3347 1625 3419">
    <p class='ocr_par' dir='ltr' id='par_1_35' title="bbox 393 3347 1625 3419">
     <span class='ocr_line' id='line_1_35' title="bbox 393 3347 1625 3419; baseline 0.002 -17"><span class='ocrx_word' id='word_1_210' title='bbox 393 3347 621 3416; x_wconf 84' lang='lat' dir='ltr'><strong>Quando</strong></span> <span class='ocrx_word' id='word_1_211' title='bbox 641 3348 794 3419; x_wconf 87' lang='lat' dir='ltr'><strong>prius</strong></span> <span class='ocrx_word' id='word_1_212' title='bbox 814 3347 1040 3403; x_wconf 87' lang='lat' dir='ltr'><strong>Francis</strong></span> <span class='ocrx_word' id='word_1_213' title='bbox 1062 3347 1191 3403; x_wconf 88' lang='lat' dir='ltr'><strong>urbs</strong></span> <span class='ocrx_word' id='word_1_214' title='bbox 1211 3348 1479 3419; x_wconf 82' lang='lat' dir='ltr'><strong>patefacta</strong></span> <span class='ocrx_word' id='word_1_215' title='bbox 1505 3350 1625 3405; x_wconf 91' lang='lat' dir='ltr'><strong>fuit.</strong></span> 
     </span>
    </p>
   </div>
   <div class='ocr_carea' id='block_1_36' title="bbox 318 3438 1779 3510">
    <p class='ocr_par' dir='ltr' id='par_1_36' title="bbox 318 3438 1779 3510">
     <span class='ocr_line' id='line_1_36' title="bbox 318 3438 1779 3510; baseline 0.003 -17"><span class='ocrx_word' id='word_1_216' title='bbox 318 3439 569 3510; x_wconf 76' lang='lat' dir='ltr'><strong>Namque</strong></span> <span class='ocrx_word' id='word_1_217' title='bbox 594 3447 854 3509; x_wconf 89' lang='lat' dir='ltr'><strong>sequente</strong></span> <span class='ocrx_word' id='word_1_218' title='bbox 878 3440 965 3494; x_wconf 89' lang='lat' dir='ltr'><strong>die</strong></span> <span class='ocrx_word' id='word_1_219' title='bbox 995 3438 1133 3494; x_wconf 88' lang='lat' dir='ltr'><strong>festo</strong></span> <span class='ocrx_word' id='word_1_220' title='bbox 1164 3442 1481 3497; x_wconf 88' lang='lat' dir='ltr'><strong>conscendit</strong></span> <span class='ocrx_word' id='word_1_221' title='bbox 1504 3442 1557 3496; x_wconf 91' lang='lat' dir='ltr'><strong>in</strong></span> <span class='ocrx_word' id='word_1_222' title='bbox 1589 3444 1779 3499; x_wconf 90' lang='lat' dir='ltr'><strong>urbem</strong></span> 
     </span>
    </p>
   </div>
   <div class='ocr_carea' id='block_1_37' title="bbox 397 3529 1621 3589">
    <p class='ocr_par' dir='ltr' id='par_1_37' title="bbox 397 3529 1621 3589">
     <span class='ocr_line' id='line_1_37' title="bbox 397 3529 1621 3589; baseline 0.001 -2"><span class='ocrx_word' id='word_1_223' title='bbox 397 3530 513 3587; x_wconf 78' lang='lat' dir='ltr'><strong>Rex</strong></span> <span class='ocrx_word' id='word_1_224' title='bbox 534 3529 880 3586; x_wconf 78' lang='lat' dir='ltr'><strong>Hludowicus</strong></span> <span class='ocrx_word' id='word_1_225' title='bbox 911 3546 1081 3586; x_wconf 86' lang='lat' dir='ltr'><strong>ovans</strong></span> <span class='ocrx_word' id='word_1_226' title='bbox 1104 3532 1315 3587; x_wconf 89' lang='lat' dir='ltr'><strong>solvere</strong></span> <span class='ocrx_word' id='word_1_227' title='bbox 1335 3543 1459 3587; x_wconf 89' lang='lat' dir='ltr'><strong>vota</strong></span> <span class='ocrx_word' id='word_1_228' title='bbox 1488 3533 1621 3589; x_wconf 90' lang='lat' dir='ltr'><strong>Deo.</strong></span> 
     </span>
    </p>
   </div>
   <div class='ocr_carea' id='block_1_38' title="bbox 320 3621 1759 3691">
    <p class='ocr_par' dir='ltr' id='par_1_38' title="bbox 320 3621 1759 3691">
     <span class='ocr_line' id='line_1_38' title="bbox 320 3621 1759 3691; baseline 0 -14"><span class='ocrx_word' id='word_1_229' title='bbox 320 3622 708 3691; x_wconf 66' lang='lat' dir='ltr'><strong>Mundatitque</strong></span> <span class='ocrx_word' id='word_1_230' title='bbox 736 3621 881 3676; x_wconf 87' lang='lat' dir='ltr'><strong>locos</strong></span> <span class='ocrx_word' id='word_1_231' title='bbox 910 3622 1001 3676; x_wconf 92' lang='lat' dir='ltr'><strong>ubi</strong></span> <span class='ocrx_word' id='word_1_232' title='bbox 1025 3622 1286 3677; x_wconf 70' lang='lat' dir='ltr'><strong>damonis</strong></span> <span class='ocrx_word' id='word_1_233' title='bbox 1317 3622 1461 3677; x_wconf 89' lang='lat' dir='ltr'><strong>alma</strong></span> <span class='ocrx_word' id='word_1_234' title='bbox 1489 3624 1759 3688; x_wconf 87' lang='lat' dir='ltr'><strong>colebant,</strong></span> 
     </span>
    </p>
   </div>
   <div class='ocr_carea' id='block_1_39' title="bbox 394 3713 1485 3785">
    <p class='ocr_par' dir='ltr' id='par_1_39' title="bbox 394 3713 1485 3785">
     <span class='ocr_line' id='line_1_39' title="bbox 394 3713 1485 3785; baseline 0.002 -16"><span class='ocrx_word' id='word_1_235' title='bbox 394 3714 467 3771; x_wconf 82' lang='lat' dir='ltr'><strong>Et</strong></span> <span class='ocrx_word' id='word_1_236' title='bbox 489 3714 707 3770; x_wconf 89' lang='lat' dir='ltr'><strong>Christo</strong></span> <span class='ocrx_word' id='word_1_237' title='bbox 732 3723 919 3784; x_wconf 86' lang='lat' dir='ltr'><strong>grates</strong></span> <span class='ocrx_word' id='word_1_238' title='bbox 941 3713 1173 3769; x_wconf 89' lang='lat' dir='ltr'><strong>reddidit</strong></span> <span class='ocrx_word' id='word_1_239' title='bbox 1201 3714 1317 3785; x_wconf 86' lang='lat' dir='ltr'><strong>ipse</strong></span> <span class='ocrx_word' id='word_1_240' title='bbox 1346 3715 1485 3784; x_wconf 88' lang='lat' dir='ltr'><strong>pias.</strong></span> 
     </span>
    </p>
   </div>
   <div class='ocr_carea' id='block_1_40' title="bbox 323 3804 1614 3871">
    <p class='ocr_par' dir='ltr' id='par_1_40' title="bbox 323 3804 1614 3871">
     <span class='ocr_line' id='line_1_40' title="bbox 323 3804 1614 3871; baseline 0.003 -12"><span class='ocrx_word' id='word_1_241' title='bbox 323 3804 527 3871; x_wconf 74' lang='lat' dir='ltr'><strong>Missis,</strong></span> <span class='ocrx_word' id='word_1_242' title='bbox 558 3806 720 3861; x_wconf 89' lang='lat' dir='ltr'><strong>dante</strong></span> <span class='ocrx_word' id='word_1_243' title='bbox 748 3805 880 3870; x_wconf 88' lang='lat' dir='ltr'><strong>Deo,</strong></span> <span class='ocrx_word' id='word_1_244' title='bbox 910 3814 1115 3860; x_wconf 88' lang='lat' dir='ltr'><strong>remeat</strong></span> <span class='ocrx_word' id='word_1_245' title='bbox 1135 3806 1449 3861; x_wconf 87' lang='lat' dir='ltr'><strong>custodibus</strong></span> <span class='ocrx_word' id='word_1_246' title='bbox 1469 3808 1614 3863; x_wconf 71' lang='lat' dir='ltr'><strong>aedes</strong></span> 
     </span>
    </p>
   </div>
   <div class='ocr_carea' id='block_1_41' title="bbox 396 3898 1630 3969">
    <p class='ocr_par' dir='ltr' id='par_1_41' title="bbox 396 3898 1630 3969">
     <span class='ocr_line' id='line_1_41' title="bbox 396 3898 1630 3969; baseline 0.002 -18"><span class='ocrx_word' id='word_1_247' title='bbox 396 3898 480 3952; x_wconf 80' lang='lat' dir='ltr'><strong>Ad</strong></span> <span class='ocrx_word' id='word_1_248' title='bbox 504 3898 751 3969; x_wconf 89' lang='lat' dir='ltr'><strong>proprias</strong></span> <span class='ocrx_word' id='word_1_249' title='bbox 779 3899 954 3954; x_wconf 86' lang='lat' dir='ltr'><strong>victor</strong></span> <span class='ocrx_word' id='word_1_250' title='bbox 974 3914 1092 3964; x_wconf 85' lang='lat' dir='ltr'><strong>rex,</strong></span> <span class='ocrx_word' id='word_1_251' title='bbox 1113 3899 1452 3969; x_wconf 90' lang='lat' dir='ltr'><strong>populusque</strong></span> <span class='ocrx_word' id='word_1_252' title='bbox 1481 3915 1630 3955; x_wconf 90' lang='lat' dir='ltr'><strong>suus.</strong></span> 
     </span>
    </p>
   </div>
   <div class='ocr_carea' id='block_1_42' title="bbox 324 3989 1766 4062">
    <p class='ocr_par' dir='ltr' id='par_1_42' title="bbox 324 3989 1766 4062">
     <span class='ocr_line' id='line_1_42' title="bbox 324 3989 1766 4062; baseline 0.001 -18"><span class='ocrx_word' id='word_1_253' title='bbox 324 3990 554 4045; x_wconf 89' lang='lat' dir='ltr'><strong>Ducitur</strong></span> <span class='ocrx_word' id='word_1_254' title='bbox 578 3990 786 4047; x_wconf 87' lang='lat' dir='ltr'><strong>interea</strong></span> <span class='ocrx_word' id='word_1_255' title='bbox 813 3991 882 4047; x_wconf 88' lang='lat' dir='ltr'><strong>ad</strong></span> <span class='ocrx_word' id='word_1_256' title='bbox 906 3989 1158 4046; x_wconf 89' lang='lat' dir='ltr'><strong>Carolum</strong></span> <span class='ocrx_word' id='word_1_257' title='bbox 1186 3990 1346 4061; x_wconf 87' lang='lat' dir='ltr'><strong>longo</strong></span> <span class='ocrx_word' id='word_1_258' title='bbox 1374 3991 1565 4045; x_wconf 87' lang='lat' dir='ltr'><strong>ordine</strong></span> <span class='ocrx_word' id='word_1_259' title='bbox 1586 3994 1766 4062; x_wconf 61' lang='lat' dir='ltr'><strong>paeda</strong></span> 
     </span>
    </p>
   </div>
   <div class='ocr_carea' id='block_1_43' title="bbox 399 4083 1641 4154">
    <p class='ocr_par' dir='ltr' id='par_1_43' title="bbox 399 4083 1641 4154">
     <span class='ocr_line' id='line_1_43' title="bbox 399 4083 1641 4154; baseline 0.002 -18"><span class='ocrx_word' id='word_1_260' title='bbox 399 4083 709 4139; x_wconf 78' lang='lat' dir='ltr'><strong>Maurorum</strong></span> <span class='ocrx_word' id='word_1_261' title='bbox 740 4083 946 4154; x_wconf 84' lang='lat' dir='ltr'><strong>spoliis,</strong></span> <span class='ocrx_word' id='word_1_262' title='bbox 971 4084 1394 4154; x_wconf 88' lang='lat' dir='ltr'><strong>muneribusque</strong></span> <span class='ocrx_word' id='word_1_263' title='bbox 1421 4084 1641 4148; x_wconf 89' lang='lat' dir='ltr'><strong>ducum,</strong></span> 
     </span>
    </p>
   </div>
   <div class='ocr_carea' id='block_1_44' title="bbox 325 4177 1664 4250">
    <p class='ocr_par' dir='ltr' id='par_1_44' title="bbox 325 4177 1664 4250">
     <span class='ocr_line' id='line_1_44' title="bbox 325 4177 1664 4250; baseline 0.002 -18"><span class='ocrx_word' id='word_1_264' title='bbox 325 4183 515 4237; x_wconf 79' lang='lat' dir='ltr'><strong>Arma.</strong></span> <span class='ocrx_word' id='word_1_265' title='bbox 542 4186 599 4233; x_wconf 87' lang='lat' dir='ltr'><strong>et</strong></span> <span class='ocrx_word' id='word_1_266' title='bbox 621 4178 821 4234; x_wconf 80' lang='lat' dir='ltr'><strong>loricae.</strong></span> <span class='ocrx_word' id='word_1_267' title='bbox 850 4186 1052 4244; x_wconf 87' lang='lat' dir='ltr'><strong>vestes,</strong></span> <span class='ocrx_word' id='word_1_268' title='bbox 1074 4177 1347 4250; x_wconf 65' lang='lat' dir='ltr'><strong>galeasque</strong></span> <span class='ocrx_word' id='word_1_269' title='bbox 1365 4187 1664 4243; x_wconf 89' lang='lat' dir='ltr'><strong>comantes,</strong></span> 
     </span>
    </p>
   </div>
   <div class='ocr_carea' id='block_1_45' title="bbox 400 4269 1708 4341">
    <p class='ocr_par' dir='ltr' id='par_1_45' title="bbox 400 4269 1708 4341">
     <span class='ocr_line' id='line_1_45' title="bbox 400 4269 1708 4341; baseline 0.002 -19"><span class='ocrx_word' id='word_1_270' title='bbox 400 4270 636 4325; x_wconf 84' lang='lat' dir='ltr'><strong>Parthus</strong></span> <span class='ocrx_word' id='word_1_271' title='bbox 656 4285 830 4341; x_wconf 89' lang='lat' dir='ltr'><strong>equus</strong></span> <span class='ocrx_word' id='word_1_272' title='bbox 863 4269 1125 4339; x_wconf 89' lang='lat' dir='ltr'><strong>phaleris,</strong></span> <span class='ocrx_word' id='word_1_273' title='bbox 1155 4285 1321 4326; x_wconf 88' lang='lat' dir='ltr'><strong>aurea</strong></span> <span class='ocrx_word' id='word_1_274' title='bbox 1341 4270 1497 4327; x_wconf 85' lang='lat' dir='ltr'><strong>frena</strong></span> <span class='ocrx_word' id='word_1_275' title='bbox 1527 4271 1708 4326; x_wconf 86' lang='lat' dir='ltr'><strong>simul.</strong></span> 
     </span>
    </p>
   </div>
   <div class='ocr_carea' id='block_1_46' title="bbox 328 4362 1907 4427">
    <p class='ocr_par' dir='ltr' id='par_1_46' title="bbox 328 4362 1907 4427">
     <span class='ocr_line' id='line_1_46' title="bbox 328 4362 1907 4427; baseline 0.001 -11"><span class='ocrx_word' id='word_1_276' title='bbox 328 4363 359 4402; x_wconf 72' lang='grc' dir='ltr'>δ</span> <span class='ocrx_word' id='word_1_277' title='bbox 402 4362 548 4417; x_wconf 83' lang='lat' dir='ltr'><strong>Zado</strong></span> <span class='ocrx_word' id='word_1_278' title='bbox 576 4370 814 4418; x_wconf 88' lang='lat' dir='ltr'><strong>tremens</strong></span> <span class='ocrx_word' id='word_1_279' title='bbox 842 4362 1089 4427; x_wconf 87' lang='lat' dir='ltr'><strong>nimium,</strong></span> <span class='ocrx_word' id='word_1_280' title='bbox 1133 4363 1425 4424; x_wconf 83' lang='lat' dir='ltr'><strong>nolensaue</strong></span> <span class='ocrx_word' id='word_1_281' title='bbox 1468 4365 1706 4419; x_wconf 80' lang='lat' dir='ltr'><strong>revisere</strong></span> <span class='ocrx_word' id='word_1_282' title='bbox 1733 4364 1907 4419; x_wconf 87' lang='lat' dir='ltr'><strong>Fran-</strong></span> 
     </span>
    </p>
   </div>
   <div class='ocr_carea' id='block_1_47' title="bbox 758 4455 1835 4529">
    <p class='ocr_par' dir='ltr' id='par_1_47' title="bbox 758 4455 1835 4529">
     <span class='ocr_line' id='line_1_47' title="bbox 758 4455 1835 4529; baseline 0.004 -22"><span class='ocrx_word' id='word_1_283' title='bbox 758 4524 763 4529; x_wconf 30' lang='grc' dir='ltr'>η</span> <span class='ocrx_word' id='word_1_284' title='bbox 1697 4455 1835 4528; x_wconf 70' lang='lat' dir='ltr'><strong>(eos,</strong></span> 
     </span>
    </p>
   </div>
   <div class='ocr_carea' id='block_1_48' title="bbox 400 4546 1577 4621">
    <p class='ocr_par' dir='ltr' id='par_1_48' title="bbox 400 4546 1577 4621">
     <span class='ocr_line' id='line_1_48' title="bbox 400 4546 1577 4621; baseline 0.003 -19"><span class='ocrx_word' id='word_1_285' title='bbox 400 4546 584 4620; x_wconf 84' lang='lat' dir='ltr'><strong>Pergit</strong></span> <span class='ocrx_word' id='word_1_286' title='bbox 609 4557 665 4604; x_wconf 90' lang='lat' dir='ltr'><strong>et</strong></span> <span class='ocrx_word' id='word_1_287' title='bbox 691 4550 806 4618; x_wconf 89' lang='lat' dir='ltr'><strong>ipse</strong></span> <span class='ocrx_word' id='word_1_288' title='bbox 832 4550 986 4619; x_wconf 82' lang='lat' dir='ltr'><strong>pigro</strong></span> <span class='ocrx_word' id='word_1_289' title='bbox 1014 4553 1367 4606; x_wconf 87' lang='lat' dir='ltr'><strong>consociante</strong></span> <span class='ocrx_word' id='word_1_290' title='bbox 1394 4550 1577 4621; x_wconf 86' lang='lat' dir='ltr'><strong>gradu.</strong></span> 
     </span>
    </p>
   </div>
   <div class='ocr_carea' id='block_1_49' title="bbox 400 4682 1908 4742">
    <p class='ocr_par' dir='ltr' id='par_1_49' title="bbox 400 4682 1908 4742">
     <span class='ocr_line' id='line_1_49' title="bbox 400 4682 1908 4742; baseline 0.002 -4"><span class='ocrx_word' id='word_1_291' title='bbox 400 4692 426 4723; x_wconf 70' lang='grc' dir='ltr'>α</span> <span class='ocrx_word' id='word_1_292' title='bbox 466 4682 526 4738; x_wconf 89' lang='lat' dir='ltr'><strong>In</strong></span> <span class='ocrx_word' id='word_1_293' title='bbox 557 4682 884 4738; x_wconf 87' lang='lat' dir='ltr'><strong>deditionem</strong></span> <span class='ocrx_word' id='word_1_294' title='bbox 912 4684 1170 4740; x_wconf 87' lang='lat' dir='ltr'><strong>Ludovici</strong></span> <span class='ocrx_word' id='word_1_295' title='bbox 1203 4683 1285 4740; x_wconf 89' lang='lat' dir='ltr'><strong>Pii</strong></span> <span class='ocrx_word' id='word_1_296' title='bbox 1324 4683 1554 4740; x_wconf 87' lang='lat' dir='ltr'><strong>Barcino</strong></span> <span class='ocrx_word' id='word_1_297' title='bbox 1586 4685 1736 4741; x_wconf 85' lang='lat' dir='ltr'><strong>venit</strong></span> <span class='ocrx_word' id='word_1_298' title='bbox 1763 4703 1908 4742; x_wconf 79' lang='lat' dir='ltr'><strong>anno</strong></span> 
     </span>
    </p>
   </div>
   <div class='ocr_carea' id='block_1_50' title="bbox 326 4751 1902 4818">
    <p class='ocr_par' dir='ltr' id='par_1_50' title="bbox 326 4751 1902 4818">
     <span class='ocr_line' id='line_1_50' title="bbox 326 4751 1902 4818; baseline 0.002 -10"><span class='ocrx_word' id='word_1_299' title='bbox 326 4751 454 4818; x_wconf 79' lang='lat'><strong>80!,</strong></span> <span class='ocrx_word' id='word_1_300' title='bbox 503 4754 582 4808; x_wconf 90' lang='lat' dir='ltr'><strong>uti</strong></span> <span class='ocrx_word' id='word_1_301' title='bbox 614 4754 910 4809; x_wconf 89' lang='lat' dir='ltr'><strong>concordes</strong></span> <span class='ocrx_word' id='word_1_302' title='bbox 958 4752 1291 4810; x_wconf 89' lang='lat' dir='ltr'><strong>Francorum</strong></span> <span class='ocrx_word' id='word_1_303' title='bbox 1344 4755 1567 4810; x_wconf 88' lang='lat' dir='ltr'><strong>annales</strong></span> <span class='ocrx_word' id='word_1_304' title='bbox 1616 4764 1902 4811; x_wconf 89' lang='lat' dir='ltr'><strong>testantur.</strong></span> 
     </span>
    </p>
   </div>
   <div class='ocr_carea' id='block_1_51' title="bbox 326 4822 1908 4893">
    <p class='ocr_par' dir='ltr' id='par_1_51' title="bbox 326 4822 1908 4893">
     <span class='ocr_line' id='line_1_51' title="bbox 326 4822 1908 4893; baseline 0.004 -16"><span class='ocrx_word' id='word_1_305' title='bbox 326 4823 525 4893; x_wconf 88' lang='lat' dir='ltr'><strong>Pagius</strong></span> <span class='ocrx_word' id='word_1_306' title='bbox 572 4838 703 4878; x_wconf 88' lang='lat' dir='ltr'><strong>vero</strong></span> <span class='ocrx_word' id='word_1_307' title='bbox 740 4822 945 4892; x_wconf 85' lang='lat' dir='ltr'><strong>jamdiu</strong></span> <span class='ocrx_word' id='word_1_308' title='bbox 993 4825 1373 4881; x_wconf 83' lang='lat' dir='ltr'><strong>animadvertit</strong></span> <span class='ocrx_word' id='word_1_309' title='bbox 1419 4826 1701 4893; x_wconf 90' lang='lat' dir='ltr'><strong>deceptum</strong></span> <span class='ocrx_word' id='word_1_310' title='bbox 1739 4826 1908 4883; x_wconf 90' lang='lat' dir='ltr'><strong>fuisse</strong></span> 
     </span>
    </p>
   </div>
   <div class='ocr_carea' id='block_1_52' title="bbox 324 4894 1909 4962">
    <p class='ocr_par' dir='ltr' id='par_1_52' title="bbox 324 4894 1909 4962">
     <span class='ocr_line' id='line_1_52' title="bbox 324 4894 1909 4962; baseline 0.002 -13"><span class='ocrx_word' id='word_1_311' title='bbox 324 4894 711 4949; x_wconf 83' lang='lat' dir='ltr'><strong>Astronomum</strong></span> <span class='ocrx_word' id='word_1_312' title='bbox 756 4902 1031 4950; x_wconf 87' lang='lat' dir='ltr'><strong>auctorem</strong></span> <span class='ocrx_word' id='word_1_313' title='bbox 1062 4894 1201 4950; x_wconf 68' lang='lat' dir='ltr'><strong>Vita:</strong></span> <span class='ocrx_word' id='word_1_314' title='bbox 1242 4895 1502 4952; x_wconf 84' lang='lat' dir='ltr'><strong>Ludovici</strong></span> <span class='ocrx_word' id='word_1_315' title='bbox 1531 4894 1634 4962; x_wconf 86' lang='lat' dir='ltr'><strong>Pii,</strong></span> <span class='ocrx_word' id='word_1_316' title='bbox 1665 4897 1790 4951; x_wconf 90' lang='lat' dir='ltr'><strong>dum</strong></span> <span class='ocrx_word' id='word_1_317' title='bbox 1823 4912 1909 4952; x_wconf 88' lang='lat' dir='ltr'><strong>se—</strong></span> 
     </span>
    </p>
   </div>
   <div class='ocr_carea' id='block_1_53' title="bbox 328 4964 1508 5038">
    <p class='ocr_par' dir='ltr' id='par_1_53' title="bbox 328 4964 1508 5038">
     <span class='ocr_line' id='line_1_53' title="bbox 328 4964 1508 5038; baseline 0.003 -19"><span class='ocrx_word' id='word_1_318' title='bbox 328 4965 444 5038; x_wconf 84' lang='lat' dir='ltr'><strong>rius</strong></span> <span class='ocrx_word' id='word_1_319' title='bbox 471 4973 716 5038; x_wconf 80' lang='lat' dir='ltr'><strong>ereptam</strong></span> <span class='ocrx_word' id='word_1_320' title='bbox 745 4964 1039 5038; x_wconf 68' lang='lat' dir='ltr'><strong>Saracenis</strong></span> <span class='ocrx_word' id='word_1_321' title='bbox 1057 4967 1245 5038; x_wconf 85' lang='lat' dir='ltr'><strong>urbem</strong></span> <span class='ocrx_word' id='word_1_322' title='bbox 1271 4967 1508 5038; x_wconf 89' lang='lat' dir='ltr'><strong>scripsit.</strong></span> 
     </span>
    </p>
   </div>
   <div class='ocr_carea' id='block_1_54' title="bbox 400 5035 1912 5110">
    <p class='ocr_par' dir='ltr' id='par_1_54' title="bbox 400 5035 1912 5110">
     <span class='ocr_line' id='line_1_54' title="bbox 400 5035 1912 5110; baseline 0.005 -23"><span class='ocrx_word' id='word_1_323' title='bbox 400 5036 430 5076; x_wconf 75' lang='lat' dir='ltr'><strong>b</strong></span> <span class='ocrx_word' id='word_1_324' title='bbox 467 5036 665 5110; x_wconf 59' lang='lat' dir='ltr'><strong>Accipe</strong></span> <span class='ocrx_word' id='word_1_325' title='bbox 706 5035 859 5104; x_wconf 87' lang='lat' dir='ltr'><strong>paria</strong></span> <span class='ocrx_word' id='word_1_326' title='bbox 901 5051 969 5091; x_wconf 81' lang='lat' dir='ltr'><strong>ex</strong></span> <span class='ocrx_word' id='word_1_327' title='bbox 998 5035 1292 5110; x_wconf 79' lang='lat' dir='ltr'><strong>Eginhardi</strong></span> <span class='ocrx_word' id='word_1_328' title='bbox 1337 5035 1657 5110; x_wconf 59' lang='lat' dir='ltr'><strong>Annalibus,</strong></span> <span class='ocrx_word' id='word_1_329' title='bbox 1705 5055 1827 5110; x_wconf 54' lang='lat' dir='ltr'><strong>qua!</strong></span> <span class='ocrx_word' id='word_1_330' title='bbox 1856 5041 1912 5094; x_wconf 92' lang='lat' dir='ltr'><strong>in</strong></span> 
     </span>
    </p>
   </div>
   <div class='ocr_carea' id='block_1_55' title="bbox 327 5106 1915 5182">
    <p class='ocr_par' dir='ltr' id='par_1_55' title="bbox 327 5106 1915 5182">
     <span class='ocr_line' id='line_1_55' title="bbox 327 5106 1915 5182; baseline 0.003 -22"><span class='ocrx_word' id='word_1_331' title='bbox 327 5106 544 5182; x_wconf 64' lang='lat' dir='ltr'><strong>galeris</strong></span> <span class='ocrx_word' id='word_1_332' title='bbox 582 5114 946 5182; x_wconf 74' lang='lat' dir='ltr'><strong>repetuntur:</strong></span> <span class='ocrx_word' id='word_1_333' title='bbox 983 5124 1002 5157; x_wconf 83' lang='grc'><strong>‹</strong></span> <span class='ocrx_word' id='word_1_334' title='bbox 1039 5106 1206 5182; x_wconf 85' lang='lat' dir='ltr'><strong>_Zatus</strong></span> <span class='ocrx_word' id='word_1_335' title='bbox 1231 5107 1517 5182; x_wconf 66' lang='lat' dir='ltr'><strong>prtefectus</strong></span> <span class='ocrx_word' id='word_1_336' title='bbox 1547 5110 1663 5180; x_wconf 86' lang='lat' dir='ltr'><strong>ejus</strong></span> <span class='ocrx_word' id='word_1_337' title='bbox 1695 5106 1915 5182; x_wconf 79' lang='lat' dir='ltr'><strong>(nempe</strong></span> 
     </span>
    </p>
   </div>
   <div class='ocr_carea' id='block_1_56' title="bbox 326 5124 1910 5249">
    <p class='ocr_par' dir='ltr' id='par_1_56' title="bbox 326 5124 1910 5249">
     <span class='ocr_line' id='line_1_56' title="bbox 327 5124 1910 5182; baseline 0.002 -20"><span class='ocrx_word' id='word_1_338' title='bbox 327 5124 544 5162; x_wconf 70' lang='lat' dir='ltr'><strong>aewns</strong></span> <span class='ocrx_word' id='word_1_339' title='bbox 582 5124 946 5175; x_wconf 82' lang='lat' dir='ltr'><strong>repetuntur:</strong></span> <span class='ocrx_word' id='word_1_340' title='bbox 983 5124 1002 5157; x_wconf 70' lang='grc' dir='ltr'>ι</span> <span class='ocrx_word' id='word_1_341' title='bbox 1040 5124 1206 5163; x_wconf 74' lang='grc' dir='ltr'><strong>ωιιιε</strong></span> <span class='ocrx_word' id='word_1_342' title='bbox 1269 5124 1517 5165; x_wconf 54' lang='grc'><strong>1⁵31801113</strong></span> <span class='ocrx_word' id='word_1_343' title='bbox 1547 5126 1663 5180; x_wconf 63' lang='grc'><strong>(³2108</strong></span> <span class='ocrx_word' id='word_1_344' title='bbox 1695 5124 1910 5182; x_wconf 70' lang='lat' dir='ltr'><strong>(nempe</strong></span> 
     </span>
     <span class='ocr_line' id='line_1_57' title="bbox 326 5124 1910 5249; baseline 0.001 -18"><span class='ocrx_word' id='word_1_345' title='bbox 326 5176 668 5249; x_wconf 62' lang='lat' dir='ltr'><strong>Barcinonis)</strong></span> <span class='ocrx_word' id='word_1_346' title='bbox 698 5184 753 5249; x_wconf 92' lang='lat' dir='ltr'><strong>et</strong></span> <span class='ocrx_word' id='word_1_347' title='bbox 774 5175 864 5249; x_wconf 82' lang='lat' dir='ltr'><strong>alii</strong></span> <span class='ocrx_word' id='word_1_348' title='bbox 888 5176 1194 5249; x_wconf 83' lang='lat' dir='ltr'><strong>complures</strong></span> <span class='ocrx_word' id='word_1_349' title='bbox 1227 5124 1484 5249; x_wconf 59' lang='lat' dir='ltr'><strong>garaceni</strong></span> <span class='ocrx_word' id='word_1_350' title='bbox 1509 5180 1910 5249; x_wconf 84' lang='lat' dir='ltr'><strong>comprehensi.</strong></span> 
     </span>
    </p>
   </div>
   <div class='ocr_carea' id='block_1_57' title="bbox 323 5245 1913 5317">
    <p class='ocr_par' dir='ltr' id='par_1_57' title="bbox 323 5245 1913 5317">
     <span class='ocr_line' id='line_1_58' title="bbox 323 5245 1913 5317; baseline 0.002 -17"><span class='ocrx_word' id='word_1_351' title='bbox 323 5246 494 5303; x_wconf 78' lang='lat' dir='ltr'><strong>Zatus</strong></span> <span class='ocrx_word' id='word_1_352' title='bbox 516 5245 921 5317; x_wconf 79' lang='lat' dir='ltr'><strong>etRoshelmus</strong></span> <span class='ocrx_word' id='word_1_353' title='bbox 953 5245 1059 5317; x_wconf 83' lang='lat' dir='ltr'><strong>una</strong></span> <span class='ocrx_word' id='word_1_354' title='bbox 1087 5246 1173 5301; x_wconf 90' lang='lat' dir='ltr'><strong>die</strong></span> <span class='ocrx_word' id='word_1_355' title='bbox 1201 5247 1266 5301; x_wconf 92' lang='lat' dir='ltr'><strong>ad</strong></span> <span class='ocrx_word' id='word_1_356' title='bbox 1303 5245 1648 5317; x_wconf 62' lang='lat' dir='ltr'><strong>praesentiam</strong></span> <span class='ocrx_word' id='word_1_357' title='bbox 1678 5250 1913 5309; x_wconf 82' lang='lat' dir='ltr'><strong>inmora-</strong></span> 
     </span>
    </p>
   </div>
   <div class='ocr_carea' id='block_1_58' title="bbox 327 5316 1532 5376">
    <p class='ocr_par' dir='ltr' id='par_1_58' title="bbox 327 5316 1532 5376">
     <span class='ocr_line' id='line_1_59' title="bbox 327 5316 1532 5376; baseline -0.001 -3"><span class='ocrx_word' id='word_1_358' title='bbox 327 5318 466 5373; x_wconf 89' lang='lat' dir='ltr'><strong>toris</strong></span> <span class='ocrx_word' id='word_1_359' title='bbox 494 5316 729 5376; x_wconf 86' lang='lat' dir='ltr'><strong>deducti.</strong></span> <span class='ocrx_word' id='word_1_360' title='bbox 758 5323 813 5369; x_wconf 89' lang='lat' dir='ltr'><strong>et</strong></span> <span class='ocrx_word' id='word_1_361' title='bbox 833 5316 1032 5371; x_wconf 81' lang='lat' dir='ltr'><strong>exsilio</strong></span> <span class='ocrx_word' id='word_1_362' title='bbox 1060 5316 1476 5372; x_wconf 34' lang='lat' dir='ltr'><strong>damnati’simt.</strong></span> <span class='ocrx_word' id='word_1_363' title='bbox 1513 5339 1532 5371; x_wconf 83' lang='grc'><strong>›</strong></span> 
     </span>
    </p>
   </div>
   <div class='ocr_carea' id='block_1_59' title="bbox 400 5385 1915 5456">
    <p class='ocr_par' dir='ltr' id='par_1_59' title="bbox 400 5385 1915 5456">
     <span class='ocr_line' id='line_1_60' title="bbox 400 5385 1915 5456; baseline 0.003 -17"><span class='ocrx_word' id='word_1_364' title='bbox 400 5400 423 5426; x_wconf 80' lang='lat' dir='ltr'><strong>c</strong></span> <span class='ocrx_word' id='word_1_365' title='bbox 471 5385 786 5456; x_wconf 85' lang='lat' dir='ltr'><strong>Patriarcha</strong></span> <span class='ocrx_word' id='word_1_366' title='bbox 830 5386 1215 5456; x_wconf 86' lang='lat' dir='ltr'><strong>Aquileiensis,</strong></span> <span class='ocrx_word' id='word_1_367' title='bbox 1268 5388 1354 5442; x_wconf 92' lang='lat' dir='ltr'><strong>vir</strong></span> <span class='ocrx_word' id='word_1_368' title='bbox 1397 5390 1781 5453; x_wconf 79' lang='lat' dir='ltr'><strong>sanctissimus,</strong></span> <span class='ocrx_word' id='word_1_369' title='bbox 1834 5389 1915 5443; x_wconf 92' lang='lat' dir='ltr'><strong>uti</strong></span> 
     </span>
    </p>
   </div>
   <div class='ocr_carea' id='block_1_60' title="bbox 328 5455 1915 5529">
    <p class='ocr_par' dir='ltr' id='par_1_60' title="bbox 328 5455 1915 5529">
     <span class='ocr_line' id='line_1_61' title="bbox 328 5455 1915 5529; baseline -0.001 -14"><span class='ocrx_word' id='word_1_370' title='bbox 328 5457 635 5529; x_wconf 79' lang='lat' dir='ltr'><strong>appellatur</strong></span> <span class='ocrx_word' id='word_1_371' title='bbox 661 5455 1113 5529; x_wconf 64' lang='lat' dir='ltr'><strong>aContinnatore</strong></span> <span class='ocrx_word' id='word_1_372' title='bbox 1144 5456 1294 5512; x_wconf 86' lang='lat' dir='ltr'><strong>Pauli</strong></span> <span class='ocrx_word' id='word_1_373' title='bbox 1330 5458 1553 5512; x_wconf 90' lang='lat' dir='ltr'><strong>Diaeoni</strong></span> <span class='ocrx_word' id='word_1_374' title='bbox 1593 5460 1735 5529; x_wconf 88' lang='lat' dir='ltr'><strong>apud</strong></span> <span class='ocrx_word' id='word_1_375' title='bbox 1782 5459 1915 5529; x_wconf 86' lang='lat' dir='ltr'><strong>Fre-</strong></span> 
     </span>
    </p>
   </div>
   <div class='ocr_carea' id='block_1_61' title="bbox 328 5526 1914 5599">
    <p class='ocr_par' dir='ltr' id='par_1_61' title="bbox 328 5526 1914 5599">
     <span class='ocr_line' id='line_1_62' title="bbox 328 5526 1914 5599; baseline -0.001 -15"><span class='ocrx_word' id='word_1_376' title='bbox 328 5526 556 5599; x_wconf 78' lang='lat' dir='ltr'><strong>herum_._</strong></span> <span class='ocrx_word' id='word_1_377' title='bbox 579 5527 635 5599; x_wconf 78' lang='lat' dir='ltr'><strong>In</strong></span> <span class='ocrx_word' id='word_1_378' title='bbox 666 5526 773 5599; x_wconf 68' lang='lat' dir='ltr'><strong>Vit.</strong></span> <span class='ocrx_word' id='word_1_379' title='bbox 806 5527 1164 5599; x_wconf 80' lang='lat' dir='ltr'><strong>patriarchar.</strong></span> <span class='ocrx_word' id='word_1_380' title='bbox 1211 5529 1564 5599; x_wconf 82' lang='lat' dir='ltr'><strong>Aquileiens.,</strong></span> <span class='ocrx_word' id='word_1_381' title='bbox 1600 5526 1735 5599; x_wconf 74' lang='lat' dir='ltr'><strong>quas</strong></span> <span class='ocrx_word' id='word_1_382' title='bbox 1768 5528 1914 5584; x_wconf 88' lang='lat' dir='ltr'><strong>edidi</strong></span> 
     </span>
    </p>
   </div>
   <div class='ocr_carea' id='block_1_62' title="bbox 327 5596 1910 5668">
    <p class='ocr_par' dir='ltr' id='par_1_62' title="bbox 327 5596 1910 5668">
     <span class='ocr_line' id='line_1_63' title="bbox 327 5596 1910 5668; baseline -0.001 -14"><span class='ocrx_word' id='word_1_383' title='bbox 327 5610 463 5656; x_wconf 86' lang='lat' dir='ltr'><strong>tem.</strong></span> <span class='ocrx_word' id='word_1_384' title='bbox 490 5596 556 5651; x_wconf 86' lang='lat' dir='ltr'><strong>IV</strong></span> <span class='ocrx_word' id='word_1_385' title='bbox 586 5596 856 5668; x_wconf 55' lang='lat' dir='ltr'><strong>Anecdot.</strong></span> <span class='ocrx_word' id='word_1_386' title='bbox 877 5596 1079 5661; x_wconf 88' lang='lat' dir='ltr'><strong>Latin.,</strong></span> <span class='ocrx_word' id='word_1_387' title='bbox 1105 5611 1227 5668; x_wconf 77' lang='lat' dir='ltr'><strong>pag.</strong></span> <span class='ocrx_word' id='word_1_388' title='bbox 1251 5596 1377 5660; x_wconf 67' lang='lat'><strong>240,</strong></span> <span class='ocrx_word' id='word_1_389' title='bbox 1407 5600 1473 5653; x_wconf 87' lang='lat' dir='ltr'><strong>de</strong></span> <span class='ocrx_word' id='word_1_390' title='bbox 1498 5597 1590 5653; x_wconf 91' lang='lat' dir='ltr'><strong>illo</strong></span> <span class='ocrx_word' id='word_1_391' title='bbox 1618 5596 1874 5655; x_wconf 75' lang='lat' dir='ltr'><strong>scribitur</strong></span> <span class='ocrx_word' id='word_1_392' title='bbox 1897 5617 1910 5652; x_wconf 91' lang='lat'><strong>:</strong></span> 
     </span>
    </p>
   </div>
   <div class='ocr_carea' id='block_1_63' title="bbox 333 5665 1913 5740">
    <p class='ocr_par' dir='ltr' id='par_1_63' title="bbox 333 5665 1913 5740">
     <span class='ocr_line' id='line_1_64' title="bbox 333 5665 1913 5740; baseline 0 -17"><span class='ocrx_word' id='word_1_393' title='bbox 333 5691 352 5723; x_wconf 72' lang='grc' dir='ltr'>ι</span> <span class='ocrx_word' id='word_1_394' title='bbox 393 5670 473 5724; x_wconf 71' lang='grc' dir='ltr'><strong>Λᾶ</strong></span> <span class='ocrx_word' id='word_1_395' title='bbox 501 5668 795 5739; x_wconf 85' lang='lat' dir='ltr'><strong>gloriosum</strong></span> <span class='ocrx_word' id='word_1_396' title='bbox 820 5665 1073 5720; x_wconf 86' lang='lat' dir='ltr'><strong>Carolum</strong></span> <span class='ocrx_word' id='word_1_397' title='bbox 1105 5665 1353 5738; x_wconf 81' lang='lat' dir='ltr'><strong>Magnum</strong></span> <span class='ocrx_word' id='word_1_398' title='bbox 1394 5668 1772 5737; x_wconf 81' lang='lat' dir='ltr'><strong>imperatorem</strong></span> <span class='ocrx_word' id='word_1_399' title='bbox 1813 5685 1913 5740; x_wconf 86' lang='lat' dir='ltr'><strong>pro</strong></span> 
     </span>
    </p>
   </div>
   <div class='ocr_carea' id='block_1_64' title="bbox 733 5757 1166 5823">
    <p class='ocr_par' dir='ltr' id='par_1_64' title="bbox 733 5757 1166 5823">
     <span class='ocr_line' id='line_1_65' title="bbox 733 5757 1166 5823; baseline -0.007 -1"><span class='ocrx_word' id='word_1_400' title='bbox 733 5762 1007 5823; x_wconf 67' lang='lat' dir='ltr'><strong>PATROL.</strong></span> <span class='ocrx_word' id='word_1_401' title='bbox 1041 5757 1166 5821; x_wconf 84' lang='lat' dir='ltr'><strong>CV.</strong></span> 
     </span>
    </p>
   </div>
   <div class='ocr_carea' id='block_1_65' title="bbox 1179 233 2687 291">
    <p class='ocr_par' dir='ltr' id='par_1_65' title="bbox 1179 233 2687 291">
     <span class='ocr_line' id='line_1_66' title="bbox 1179 233 2687 291; baseline 0.002 -3"><span class='ocrx_word' id='word_1_402' title='bbox 1179 234 1267 288; x_wconf 87' lang='lat' dir='ltr'><strong>DE</strong></span> <span class='ocrx_word' id='word_1_403' title='bbox 1310 233 1541 290; x_wconf 83' lang='lat' dir='ltr'><strong>REBUS</strong></span> <span class='ocrx_word' id='word_1_404' title='bbox 1584 234 1829 289; x_wconf 81' lang='lat' dir='ltr'><strong>CESTIS</strong></span> <span class='ocrx_word' id='word_1_405' title='bbox 1872 234 2189 291; x_wconf 67' lang='lat' dir='ltr'><strong>LCDOV&#39;ICI</strong></span> <span class='ocrx_word' id='word_1_406' title='bbox 2229 234 2334 290; x_wconf 86' lang='lat' dir='ltr'><strong>PII.</strong></span> <span class='ocrx_word' id='word_1_407' title='bbox 2376 266 2446 276; x_wconf 91' lang='lat'>—</span> <span class='ocrx_word' id='word_1_408' title='bbox 2482 235 2607 291; x_wconf 86' lang='lat' dir='ltr'><strong>LIB.</strong></span> <span class='ocrx_word' id='word_1_409' title='bbox 2648 235 2687 291; x_wconf 88' lang='grc' dir='ltr'><strong>ῐ.</strong></span> 
     </span>
    </p>
   </div>
   <div class='ocr_carea' id='block_1_66' title="bbox 1909 342 3445 418">
    <p class='ocr_par' dir='ltr' id='par_1_66' title="bbox 1909 342 3445 418">
     <span class='ocr_line' id='line_1_67' title="bbox 1909 342 3445 418; baseline 0.006 -22"><span class='ocrx_word' id='word_1_410' title='bbox 1909 350 1963 406; x_wconf 80' lang='grc' dir='ltr'><strong>Α</strong></span> <span class='ocrx_word' id='word_1_411' title='bbox 1987 342 2117 414; x_wconf 85' lang='lat' dir='ltr'><strong>Bigo</strong></span> <span class='ocrx_word' id='word_1_412' title='bbox 2139 351 2294 399; x_wconf 89' lang='lat' dir='ltr'><strong>catus</strong></span> <span class='ocrx_word' id='word_1_413' title='bbox 2317 360 2613 416; x_wconf 88' lang='lat' dir='ltr'><strong>properans</strong></span> <span class='ocrx_word' id='word_1_414' title='bbox 2644 347 2913 402; x_wconf 78' lang='lat' dir='ltr'><strong>antevolat</strong></span> <span class='ocrx_word' id='word_1_415' title='bbox 2935 362 3146 418; x_wconf 78' lang='lat' dir='ltr'><strong>agmen,</strong></span> <span class='ocrx_word' id='word_1_416' title='bbox 3182 358 3234 404; x_wconf 89' lang='lat' dir='ltr'><strong>ct</strong></span> <span class='ocrx_word' id='word_1_417' title='bbox 3267 348 3445 405; x_wconf 70' lang='lat' dir='ltr'><strong>anim</strong></span> 
     </span>
    </p>
   </div>
   <div class='ocr_carea' id='block_1_67' title="bbox 3452 240 3557 296">
    <p class='ocr_par' dir='ltr' id='par_1_67' title="bbox 3452 240 3557 296">
     <span class='ocr_line' id='line_1_68' title="bbox 3452 240 3557 296; baseline -0.019 -1"><span class='ocrx_word' id='word_1_418' title='bbox 3452 240 3557 296; x_wconf 62' lang='grc' dir='ltr'><strong>εἶα</strong></span> 
     </span>
    </p>
   </div>
   <div class='ocr_carea' id='block_1_68' title="bbox 2061 433 3276 502">
    <p class='ocr_par' dir='ltr' id='par_1_68' title="bbox 2061 433 3276 502">
     <span class='ocr_line' id='line_1_69' title="bbox 2061 433 3276 502; baseline 0.005 -16"><span class='ocrx_word' id='word_1_419' title='bbox 2061 433 2273 489; x_wconf 85' lang='lat' dir='ltr'><strong>Primus</strong></span> <span class='ocrx_word' id='word_1_420' title='bbox 2299 435 2451 490; x_wconf 90' lang='lat' dir='ltr'><strong>adest</strong></span> <span class='ocrx_word' id='word_1_421' title='bbox 2481 435 2680 502; x_wconf 87' lang='lat' dir='ltr'><strong>Caroli,</strong></span> <span class='ocrx_word' id='word_1_422' title='bbox 2706 439 2891 492; x_wconf 89' lang='lat' dir='ltr'><strong>nuntia</strong></span> <span class='ocrx_word' id='word_1_423' title='bbox 2925 438 3045 494; x_wconf 65' lang='lat' dir='ltr'><strong>laeta</strong></span> <span class='ocrx_word' id='word_1_424' title='bbox 3079 438 3276 495; x_wconf 81' lang='lat' dir='ltr'><strong>ferens.</strong></span> 
     </span>
    </p>
   </div>
   <div class='ocr_carea' id='block_1_69' title="bbox 1994 524 3340 597">
    <p class='ocr_par' dir='ltr' id='par_1_69' title="bbox 1994 524 3340 597">
     <span class='ocr_line' id='line_1_70' title="bbox 1994 524 3340 597; baseline 0.007 -19"><span class='ocrx_word' id='word_1_425' title='bbox 1994 524 2156 579; x_wconf 82' lang='lat' dir='ltr'><strong>Fama</strong></span> <span class='ocrx_word' id='word_1_426' title='bbox 2187 542 2376 582; x_wconf 88' lang='lat' dir='ltr'><strong>recens</strong></span> <span class='ocrx_word' id='word_1_427' title='bbox 2399 536 2566 583; x_wconf 90' lang='lat' dir='ltr'><strong>totam</strong></span> <span class='ocrx_word' id='word_1_428' title='bbox 2592 530 2932 585; x_wconf 85' lang='lat' dir='ltr'><strong>commiscuit</strong></span> <span class='ocrx_word' id='word_1_429' title='bbox 2956 533 3106 587; x_wconf 89' lang='lat' dir='ltr'><strong>ocius</strong></span> <span class='ocrx_word' id='word_1_430' title='bbox 3138 535 3340 597; x_wconf 82' lang='lat' dir='ltr'><strong>aulam,</strong></span> 
     </span>
    </p>
   </div>
   <div class='ocr_carea' id='block_1_70' title="bbox 2063 617 3207 691">
    <p class='ocr_par' dir='ltr' id='par_1_70' title="bbox 2063 617 3207 691">
     <span class='ocr_line' id='line_1_71' title="bbox 2063 617 3207 691; baseline 0.006 -19"><span class='ocrx_word' id='word_1_431' title='bbox 2063 617 2335 674; x_wconf 67' lang='lat' dir='ltr'><strong>Caesareas</strong></span> <span class='ocrx_word' id='word_1_432' title='bbox 2366 635 2524 675; x_wconf 89' lang='lat' dir='ltr'><strong>aures</strong></span> <span class='ocrx_word' id='word_1_433' title='bbox 2550 636 2671 675; x_wconf 71' lang='lat' dir='ltr'><strong>mox</strong></span> <span class='ocrx_word' id='word_1_434' title='bbox 2700 624 3001 691; x_wconf 84' lang='lat' dir='ltr'><strong>penetravit</strong></span> <span class='ocrx_word' id='word_1_435' title='bbox 3022 639 3207 679; x_wconf 85' lang='lat' dir='ltr'><strong>ovans.</strong></span> 
     </span>
    </p>
   </div>
   <div class='ocr_carea' id='block_1_71' title="bbox 1995 709 3313 781">
    <p class='ocr_par' dir='ltr' id='par_1_71' title="bbox 1995 709 3313 781">
     <span class='ocr_line' id='line_1_72' title="bbox 1995 709 3313 781; baseline 0.005 -19"><span class='ocrx_word' id='word_1_436' title='bbox 1995 709 2123 778; x_wconf 75' lang='lat' dir='ltr'><strong>ltigo</strong></span> <span class='ocrx_word' id='word_1_437' title='bbox 2147 718 2369 764; x_wconf 88' lang='lat' dir='ltr'><strong>vocatus</strong></span> <span class='ocrx_word' id='word_1_438' title='bbox 2399 711 2573 776; x_wconf 88' lang='lat' dir='ltr'><strong>adest,</strong></span> <span class='ocrx_word' id='word_1_439' title='bbox 2605 713 2806 781; x_wconf 89' lang='lat' dir='ltr'><strong>plantis</strong></span> <span class='ocrx_word' id='word_1_440' title='bbox 2834 713 2927 768; x_wconf 87' lang='lat' dir='ltr'><strong>dat</strong></span> <span class='ocrx_word' id='word_1_441' title='bbox 2952 715 3103 769; x_wconf 85' lang='lat' dir='ltr'><strong>basia</strong></span> <span class='ocrx_word' id='word_1_442' title='bbox 3135 717 3313 780; x_wconf 78' lang='lat' dir='ltr'><strong>celsis,</strong></span> 
     </span>
    </p>
   </div>
   <div class='ocr_carea' id='block_1_72' title="bbox 2066 800 3165 873">
    <p class='ocr_par' dir='ltr' id='par_1_72' title="bbox 2066 800 3165 873">
     <span class='ocr_line' id='line_1_73' title="bbox 2066 800 3165 873; baseline 0.006 -21"><span class='ocrx_word' id='word_1_443' title='bbox 2066 800 2130 852; x_wconf 85' lang='lat' dir='ltr'><strong>Et</strong></span> <span class='ocrx_word' id='word_1_444' title='bbox 2157 800 2399 869; x_wconf 89' lang='lat' dir='ltr'><strong>sequitur</strong></span> <span class='ocrx_word' id='word_1_445' title='bbox 2424 803 2603 856; x_wconf 87' lang='lat' dir='ltr'><strong>verbis</strong></span> <span class='ocrx_word' id='word_1_446' title='bbox 2629 804 2984 873; x_wconf 88' lang='lat' dir='ltr'><strong>ordinejussa</strong></span> <span class='ocrx_word' id='word_1_447' title='bbox 3016 806 3116 862; x_wconf 88' lang='lat' dir='ltr'><strong>sibi</strong></span> <span class='ocrx_word' id='word_1_448' title='bbox 3154 826 3165 859; x_wconf 89' lang='lat'><strong>:</strong></span> 
     </span>
    </p>
   </div>
   <div class='ocr_carea' id='block_1_73' title="bbox 1994 890 3201 969">
    <p class='ocr_par' dir='ltr' id='par_1_73' title="bbox 1994 890 3201 969">
     <span class='ocr_line' id='line_1_74' title="bbox 1994 890 3201 969; baseline 0.009 -26"><span class='ocrx_word' id='word_1_449' title='bbox 1994 890 2162 946; x_wconf 82' lang='lat' dir='ltr'><strong>Filius</strong></span> <span class='ocrx_word' id='word_1_450' title='bbox 2182 907 2307 947; x_wconf 91' lang='lat' dir='ltr'><strong>cccc</strong></span> <span class='ocrx_word' id='word_1_451' title='bbox 2336 893 2425 962; x_wconf 88' lang='lat' dir='ltr'><strong>pio</strong></span> <span class='ocrx_word' id='word_1_452' title='bbox 2460 895 2778 950; x_wconf 89' lang='lat' dir='ltr'><strong>transmittit</strong></span> <span class='ocrx_word' id='word_1_453' title='bbox 2808 913 3030 953; x_wconf 90' lang='lat' dir='ltr'><strong>munera</strong></span> <span class='ocrx_word' id='word_1_454' title='bbox 3059 902 3201 969; x_wconf 88' lang='lat' dir='ltr'><strong>patri</strong></span> 
     </span>
    </p>
   </div>
   <div class='ocr_carea' id='block_1_74' title="bbox 2066 981 3158 1054">
    <p class='ocr_par' dir='ltr' id='par_1_74' title="bbox 2066 981 3158 1054">
     <span class='ocr_line' id='line_1_75' title="bbox 2066 981 3158 1054; baseline 0.009 -20"><span class='ocrx_word' id='word_1_455' title='bbox 2066 981 2305 1052; x_wconf 84' lang='lat' dir='ltr'><strong>Augusto</strong></span> <span class='ocrx_word' id='word_1_456' title='bbox 2334 982 2524 1037; x_wconf 88' lang='lat' dir='ltr'><strong>Carolo</strong></span> <span class='ocrx_word' id='word_1_457' title='bbox 2546 999 2636 1038; x_wconf 79' lang='lat' dir='ltr'><strong>rex</strong></span> <span class='ocrx_word' id='word_1_458' title='bbox 2667 985 2970 1043; x_wconf 87' lang='lat' dir='ltr'><strong>Ludovicus</strong></span> <span class='ocrx_word' id='word_1_459' title='bbox 2994 990 3158 1054; x_wconf 89' lang='lat' dir='ltr'><strong>enim,</strong></span> 
     </span>
    </p>
   </div>
   <div class='ocr_carea' id='block_1_75' title="bbox 1998 1071 3395 1151">
    <p class='ocr_par' dir='ltr' id='par_1_75' title="bbox 1998 1071 3395 1151">
     <span class='ocr_line' id='line_1_76' title="bbox 1998 1071 3395 1151; baseline 0.01 -26"><span class='ocrx_word' id='word_1_460' title='bbox 1998 1071 2240 1137; x_wconf 88' lang='lat' dir='ltr'><strong>Munera,</strong></span> <span class='ocrx_word' id='word_1_461' title='bbox 2270 1087 2390 1142; x_wconf 71' lang='lat' dir='ltr'><strong>quce</strong></span> <span class='ocrx_word' id='word_1_462' title='bbox 2415 1074 2611 1145; x_wconf 85' lang='lat' dir='ltr'><strong>gladio,</strong></span> <span class='ocrx_word' id='word_1_463' title='bbox 2638 1085 2809 1143; x_wconf 90' lang='lat' dir='ltr'><strong>scuto,</strong></span> <span class='ocrx_word' id='word_1_464' title='bbox 2838 1081 3165 1151; x_wconf 86' lang='lat' dir='ltr'><strong>proprioque</strong></span> <span class='ocrx_word' id='word_1_465' title='bbox 3192 1083 3276 1138; x_wconf 89' lang='lat' dir='ltr'><strong>lac</strong></span> <span class='ocrx_word' id='word_1_466' title='bbox 3312 1092 3395 1139; x_wconf 84' lang='lat' dir='ltr'><strong>rto</strong></span> 
     </span>
    </p>
   </div>
   <div class='ocr_carea' id='block_1_76' title="bbox 2069 1163 3170 1228">
    <p class='ocr_par' dir='ltr' id='par_1_76' title="bbox 2069 1163 3170 1228">
     <span class='ocr_line' id='line_1_77' title="bbox 2069 1163 3170 1228; baseline 0.01 -11"><span class='ocrx_word' id='word_1_467' title='bbox 2069 1163 2274 1218; x_wconf 77' lang='lat' dir='ltr'><strong>Extulit</strong></span> <span class='ocrx_word' id='word_1_468' title='bbox 2292 1180 2326 1219; x_wconf 89' lang='lat' dir='ltr'><strong>a</strong></span> <span class='ocrx_word' id='word_1_469' title='bbox 2352 1165 2553 1220; x_wconf 82' lang='lat' dir='ltr'><strong>Mauris</strong></span> <span class='ocrx_word' id='word_1_470' title='bbox 2580 1167 2756 1223; x_wconf 79' lang='lat' dir='ltr'><strong>victor</strong></span> <span class='ocrx_word' id='word_1_471' title='bbox 2777 1170 3023 1227; x_wconf 89' lang='lat' dir='ltr'><strong>habenda</strong></span> <span class='ocrx_word' id='word_1_472' title='bbox 3049 1174 3170 1228; x_wconf 89' lang='lat' dir='ltr'><strong>sibi.</strong></span> 
     </span>
    </p>
   </div>
   <div class='ocr_carea' id='block_1_77' title="bbox 1998 1255 3416 1333">
    <p class='ocr_par' dir='ltr' id='par_1_77' title="bbox 1998 1255 3416 1333">
     <span class='ocr_line' id='line_1_78' title="bbox 1998 1255 3416 1333; baseline 0.009 -25"><span class='ocrx_word' id='word_1_473' title='bbox 1998 1255 2199 1325; x_wconf 83' lang='lat' dir='ltr'><strong>Regem</strong></span> <span class='ocrx_word' id='word_1_474' title='bbox 2232 1256 2394 1310; x_wconf 85' lang='lat' dir='ltr'><strong>etiam</strong></span> <span class='ocrx_word' id='word_1_475' title='bbox 2420 1257 2572 1311; x_wconf 87' lang='lat' dir='ltr'><strong>vobis</strong></span> <span class='ocrx_word' id='word_1_476' title='bbox 2595 1259 2767 1324; x_wconf 88' lang='lat' dir='ltr'><strong>urbis,</strong></span> <span class='ocrx_word' id='word_1_477' title='bbox 2790 1274 2951 1329; x_wconf 89' lang='lat' dir='ltr'><strong>quam</strong></span> <span class='ocrx_word' id='word_1_478' title='bbox 2972 1264 3115 1333; x_wconf 88' lang='lat' dir='ltr'><strong>cepit</strong></span> <span class='ocrx_word' id='word_1_479' title='bbox 3143 1265 3198 1319; x_wconf 91' lang='lat' dir='ltr'><strong>in</strong></span> <span class='ocrx_word' id='word_1_480' title='bbox 3228 1268 3416 1329; x_wconf 81' lang='lat' dir='ltr'><strong>armis.</strong></span> 
     </span>
    </p>
   </div>
   <div class='ocr_carea' id='block_1_78' title="bbox 2071 1348 3268 1415">
    <p class='ocr_par' dir='ltr' id='par_1_78' title="bbox 2071 1348 3268 1415">
     <span class='ocr_line' id='line_1_79' title="bbox 2071 1348 3268 1415; baseline 0.008 -13"><span class='ocrx_word' id='word_1_481' title='bbox 2071 1348 2236 1415; x_wconf 86' lang='lat' dir='ltr'><strong>Misit,</strong></span> <span class='ocrx_word' id='word_1_482' title='bbox 2271 1349 2425 1404; x_wconf 89' lang='lat' dir='ltr'><strong>adest</strong></span> <span class='ocrx_word' id='word_1_483' title='bbox 2452 1349 2636 1405; x_wconf 84' lang='lat' dir='ltr'><strong>Zadun</strong></span> <span class='ocrx_word' id='word_1_484' title='bbox 2663 1351 2892 1409; x_wconf 82' lang='lat' dir='ltr'><strong>Caesaris</strong></span> <span class='ocrx_word' id='word_1_485' title='bbox 2916 1363 3041 1409; x_wconf 90' lang='lat' dir='ltr'><strong>ante</strong></span> <span class='ocrx_word' id='word_1_486' title='bbox 3065 1356 3268 1412; x_wconf 92' lang='lat' dir='ltr'><strong>oculos.</strong></span> 
     </span>
    </p>
   </div>
   <div class='ocr_carea' id='block_1_79' title="bbox 2003 1436 3455 1515">
    <p class='ocr_par' dir='ltr' id='par_1_79' title="bbox 2003 1436 3455 1515">
     <span class='ocr_line' id='line_1_80' title="bbox 2003 1436 3455 1515; baseline 0.008 -23"><span class='ocrx_word' id='word_1_487' title='bbox 2003 1437 2168 1503; x_wconf 87' lang='lat' dir='ltr'><strong>Urbs,</strong></span> <span class='ocrx_word' id='word_1_488' title='bbox 2194 1455 2317 1509; x_wconf 80' lang='lat' dir='ltr'><strong>quae</strong></span> <span class='ocrx_word' id='word_1_489' title='bbox 2344 1436 2679 1507; x_wconf 84' lang='lat' dir='ltr'><strong>Francorum</strong></span> <span class='ocrx_word' id='word_1_490' title='bbox 2704 1443 2905 1499; x_wconf 92' lang='lat' dir='ltr'><strong>multos</strong></span> <span class='ocrx_word' id='word_1_491' title='bbox 2931 1445 3282 1515; x_wconf 88' lang='lat' dir='ltr'><strong>populaverat</strong></span> <span class='ocrx_word' id='word_1_492' title='bbox 3305 1449 3455 1515; x_wconf 89' lang='lat' dir='ltr'><strong>olim,</strong></span> 
     </span>
    </p>
   </div>
   <div class='ocr_carea' id='block_1_80' title="bbox 2072 1526 3151 1607">
    <p class='ocr_par' dir='ltr' id='par_1_80' title="bbox 2072 1526 3151 1607">
     <span class='ocr_line' id='line_1_81' title="bbox 2072 1526 3151 1607; baseline 0.009 -25"><span class='ocrx_word' id='word_1_493' title='bbox 2072 1526 2226 1583; x_wconf 79' lang='lat' dir='ltr'><strong>Victa</strong></span> <span class='ocrx_word' id='word_1_494' title='bbox 2252 1530 2398 1599; x_wconf 87' lang='lat' dir='ltr'><strong>jacet</strong></span> <span class='ocrx_word' id='word_1_495' title='bbox 2421 1531 2580 1597; x_wconf 92' lang='lat' dir='ltr'><strong>bello,</strong></span> <span class='ocrx_word' id='word_1_496' title='bbox 2608 1533 2755 1603; x_wconf 89' lang='lat' dir='ltr'><strong>regia</strong></span> <span class='ocrx_word' id='word_1_497' title='bbox 2775 1534 2922 1602; x_wconf 85' lang='lat' dir='ltr'><strong>justa</strong></span> <span class='ocrx_word' id='word_1_498' title='bbox 2942 1544 3151 1607; x_wconf 88' lang='lat' dir='ltr'><strong>petens.</strong></span> 
     </span>
    </p>
   </div>
   <div class='ocr_carea' id='block_1_81' title="bbox 2003 1618 3307 1696">
    <p class='ocr_par' dir='ltr' id='par_1_81' title="bbox 2003 1618 3307 1696">
     <span class='ocr_line' id='line_1_82' title="bbox 2003 1618 3307 1696; baseline 0.009 -23"><span class='ocrx_word' id='word_1_499' title='bbox 2003 1618 2140 1673; x_wconf 85' lang='lat' dir='ltr'><strong>Tum</strong></span> <span class='ocrx_word' id='word_1_500' title='bbox 2162 1618 2387 1675; x_wconf 86' lang='lat' dir='ltr'><strong>Carolus</strong></span> <span class='ocrx_word' id='word_1_501' title='bbox 2409 1620 2590 1677; x_wconf 76' lang='lat' dir='ltr'><strong>Caesar</strong></span> <span class='ocrx_word' id='word_1_502' title='bbox 2614 1623 2827 1693; x_wconf 90' lang='lat' dir='ltr'><strong>placido</strong></span> <span class='ocrx_word' id='word_1_503' title='bbox 2854 1626 2970 1681; x_wconf 66' lang='lat' dir='ltr'><strong>haec</strong></span> <span class='ocrx_word' id='word_1_504' title='bbox 2996 1628 3165 1683; x_wconf 89' lang='lat' dir='ltr'><strong>edidit</strong></span> <span class='ocrx_word' id='word_1_505' title='bbox 3191 1644 3307 1696; x_wconf 90' lang='lat' dir='ltr'><strong>ore,</strong></span> 
     </span>
    </p>
   </div>
   <div class='ocr_carea' id='block_1_82' title="bbox 1929 1696 3346 1775">
    <p class='ocr_par' dir='ltr' id='par_1_82' title="bbox 1929 1696 3346 1775">
     <span class='ocr_line' id='line_1_83' title="bbox 1929 1696 3346 1775; baseline 0.011 -15"><span class='ocrx_word' id='word_1_506' title='bbox 1929 1696 1976 1753; x_wconf 91' lang='grc' dir='ltr'><strong>Β</strong></span> <span class='ocrx_word' id='word_1_507' title='bbox 2071 1707 2154 1762; x_wconf 80' lang='lat' dir='ltr'><strong>Ad</strong></span> <span class='ocrx_word' id='word_1_508' title='bbox 2189 1708 2383 1764; x_wconf 85' lang='lat' dir='ltr'><strong>coelum</strong></span> <span class='ocrx_word' id='word_1_509' title='bbox 2417 1712 2643 1767; x_wconf 88' lang='lat' dir='ltr'><strong>tendens</strong></span> <span class='ocrx_word' id='word_1_510' title='bbox 2670 1713 2873 1770; x_wconf 91' lang='lat' dir='ltr'><strong>lumina</strong></span> <span class='ocrx_word' id='word_1_511' title='bbox 2904 1731 3027 1772; x_wconf 90' lang='lat' dir='ltr'><strong>cum</strong></span> <span class='ocrx_word' id='word_1_512' title='bbox 3055 1720 3346 1775; x_wconf 88' lang='lat' dir='ltr'><strong>manibus:</strong></span> 
     </span>
    </p>
   </div>
   <div class='ocr_carea' id='block_1_83' title="bbox 2001 1799 3355 1879">
    <p class='ocr_par' dir='ltr' id='par_1_83' title="bbox 2001 1799 3355 1879">
     <span class='ocr_line' id='line_1_84' title="bbox 2001 1799 3355 1879; baseline 0.008 -24"><span class='ocrx_word' id='word_1_513' title='bbox 2001 1799 2190 1855; x_wconf 87' lang='lat' dir='ltr'><strong>Gratia</strong></span> <span class='ocrx_word' id='word_1_514' title='bbox 2219 1800 2543 1857; x_wconf 88' lang='lat' dir='ltr'><strong>Celsitbroni</strong></span> <span class='ocrx_word' id='word_1_515' title='bbox 2575 1805 2863 1861; x_wconf 86' lang='lat' dir='ltr'><strong>comitetur</strong></span> <span class='ocrx_word' id='word_1_516' title='bbox 2889 1809 3126 1865; x_wconf 81' lang='lat' dir='ltr'><strong>maxime</strong></span> <span class='ocrx_word' id='word_1_517' title='bbox 3149 1811 3355 1879; x_wconf 89' lang='lat' dir='ltr'><strong>prolem</strong></span> 
     </span>
    </p>
   </div>
   <div class='ocr_carea' id='block_1_84' title="bbox 2073 1889 3156 1967">
    <p class='ocr_par' dir='ltr' id='par_1_84' title="bbox 2073 1889 3156 1967">
     <span class='ocr_line' id='line_1_85' title="bbox 2073 1889 3156 1967; baseline 0.012 -24"><span class='ocrx_word' id='word_1_518' title='bbox 2073 1889 2352 1958; x_wconf 85' lang='lat' dir='ltr'><strong>Dilectam,</strong></span> <span class='ocrx_word' id='word_1_519' title='bbox 2379 1902 2595 1949; x_wconf 88' lang='lat' dir='ltr'><strong>maneat</strong></span> <span class='ocrx_word' id='word_1_520' title='bbox 2619 1897 2793 1967; x_wconf 86' lang='lat' dir='ltr'><strong>gratia</strong></span> <span class='ocrx_word' id='word_1_521' title='bbox 2821 1906 3003 1953; x_wconf 89' lang='lat' dir='ltr'><strong>nostra</strong></span> <span class='ocrx_word' id='word_1_522' title='bbox 3031 1900 3156 1956; x_wconf 89' lang='lat' dir='ltr'><strong>sibi.</strong></span> 
     </span>
    </p>
   </div>
   <div class='ocr_carea' id='block_1_85' title="bbox 2004 1980 3334 2064">
    <p class='ocr_par' dir='ltr' id='par_1_85' title="bbox 2004 1980 3334 2064">
     <span class='ocr_line' id='line_1_86' title="bbox 2004 1980 3334 2064; baseline 0.011 -30"><span class='ocrx_word' id='word_1_523' title='bbox 2004 1980 2223 2037; x_wconf 76' lang='lat' dir='ltr'><strong>Munere</strong></span> <span class='ocrx_word' id='word_1_524' title='bbox 2247 1996 2346 2053; x_wconf 92' lang='lat' dir='ltr'><strong>pro</strong></span> <span class='ocrx_word' id='word_1_525' title='bbox 2371 1984 2462 2038; x_wconf 89' lang='lat' dir='ltr'><strong>tali</strong></span> <span class='ocrx_word' id='word_1_526' title='bbox 2491 2000 2628 2054; x_wconf 86' lang='lat' dir='ltr'><strong>quas</strong></span> <span class='ocrx_word' id='word_1_527' title='bbox 2654 2003 2873 2057; x_wconf 89' lang='lat' dir='ltr'><strong>possum</strong></span> <span class='ocrx_word' id='word_1_528' title='bbox 2900 1990 3112 2047; x_wconf 88' lang='lat' dir='ltr'><strong>solvere</strong></span> <span class='ocrx_word' id='word_1_529' title='bbox 3130 2002 3334 2064; x_wconf 82' lang='lat' dir='ltr'><strong>grates,</strong></span> 
     </span>
    </p>
   </div>
   <div class='ocr_carea' id='block_1_86' title="bbox 2076 2069 3278 2151">
    <p class='ocr_par' dir='ltr' id='par_1_86' title="bbox 2076 2069 3278 2151">
     <span class='ocr_line' id='line_1_87' title="bbox 2076 2069 3278 2151; baseline 0.012 -28"><span class='ocrx_word' id='word_1_530' title='bbox 2076 2069 2263 2126; x_wconf 84' lang='lat' dir='ltr'><strong>Proles</strong></span> <span class='ocrx_word' id='word_1_531' title='bbox 2290 2072 2472 2143; x_wconf 80' lang='lat' dir='ltr'><strong>digna,</strong></span> <span class='ocrx_word' id='word_1_532' title='bbox 2502 2075 2609 2129; x_wconf 90' lang='lat' dir='ltr'><strong>Deo</strong></span> <span class='ocrx_word' id='word_1_533' title='bbox 2638 2093 2738 2147; x_wconf 88' lang='lat' dir='ltr'><strong>pro</strong></span> <span class='ocrx_word' id='word_1_534' title='bbox 2766 2079 2973 2135; x_wconf 91' lang='lat' dir='ltr'><strong>meritis</strong></span> <span class='ocrx_word' id='word_1_535' title='bbox 3002 2082 3278 2151; x_wconf 86' lang='lat' dir='ltr'><strong>propriis?</strong></span> 
     </span>
    </p>
   </div>
   <div class='ocr_carea' id='block_1_87' title="bbox 2005 2158 3436 2241">
    <p class='ocr_par' dir='ltr' id='par_1_87' title="bbox 2005 2158 3436 2241">
     <span class='ocr_line' id='line_1_88' title="bbox 2005 2158 3436 2241; baseline 0.012 -29"><span class='ocrx_word' id='word_1_536' title='bbox 2005 2159 2049 2213; x_wconf 93' lang='grc'>0</span> <span class='ocrx_word' id='word_1_537' title='bbox 2072 2158 2282 2215; x_wconf 90' lang='lat' dir='ltr'><strong>soboles</strong></span> <span class='ocrx_word' id='word_1_538' title='bbox 2310 2163 2570 2232; x_wconf 73' lang='lat' dir='ltr'><strong>praeclara</strong></span> <span class='ocrx_word' id='word_1_539' title='bbox 2603 2166 2789 2233; x_wconf 88' lang='lat' dir='ltr'><strong>nimis,</strong></span> <span class='ocrx_word' id='word_1_540' title='bbox 2816 2184 2977 2239; x_wconf 89' lang='lat' dir='ltr'><strong>quam</strong></span> <span class='ocrx_word' id='word_1_541' title='bbox 3003 2186 3218 2241; x_wconf 87' lang='lat' dir='ltr'><strong>semper</strong></span> <span class='ocrx_word' id='word_1_542' title='bbox 3241 2190 3436 2237; x_wconf 76' lang='lat' dir='ltr'><strong>amavi,</strong></span> 
     </span>
    </p>
   </div>
   <div class='ocr_carea' id='block_1_88' title="bbox 2077 2251 3370 2331">
    <p class='ocr_par' dir='ltr' id='par_1_88' title="bbox 2077 2251 3370 2331">
     <span class='ocr_line' id='line_1_89' title="bbox 2077 2251 3370 2331; baseline 0.012 -27"><span class='ocrx_word' id='word_1_543' title='bbox 2077 2251 2252 2308; x_wconf 90' lang='lat' dir='ltr'><strong>Corde</strong></span> <span class='ocrx_word' id='word_1_544' title='bbox 2282 2262 2494 2321; x_wconf 89' lang='lat' dir='ltr'><strong>tenens,</strong></span> <span class='ocrx_word' id='word_1_545' title='bbox 2521 2258 2705 2312; x_wconf 89' lang='lat' dir='ltr'><strong>retulit</strong></span> <span class='ocrx_word' id='word_1_546' title='bbox 2730 2261 2872 2329; x_wconf 91' lang='lat' dir='ltr'><strong>quod</strong></span> <span class='ocrx_word' id='word_1_547' title='bbox 2898 2263 3207 2331; x_wconf 88' lang='lat' dir='ltr'><strong>patriarcha</strong></span> <span class='ocrx_word' id='word_1_548' title='bbox 3239 2266 3370 2320; x_wconf 89' lang='lat' dir='ltr'><strong>mihi</strong></span> 
     </span>
    </p>
   </div>
   <div class='ocr_carea' id='block_1_89' title="bbox 2009 2341 3583 2428">
    <p class='ocr_par' dir='ltr' id='par_1_89' title="bbox 2009 2341 3583 2428">
     <span class='ocr_line' id='line_1_90' title="bbox 2009 2341 3583 2428; baseline 0.013 -33"><span class='ocrx_word' id='word_1_549' title='bbox 2009 2341 2263 2400; x_wconf 87' lang='lat' dir='ltr'><strong>Paulinus</strong></span> <span class='ocrx_word' id='word_1_550' title='bbox 2288 2356 2310 2383; x_wconf 78' lang='grc' dir='ltr'><strong>ο</strong></span> <span class='ocrx_word' id='word_1_551' title='bbox 2345 2347 2634 2414; x_wconf 88' lang='lat' dir='ltr'><strong>quondam.</strong></span> <span class='ocrx_word' id='word_1_552' title='bbox 2668 2348 2832 2404; x_wconf 85' lang='lat' dir='ltr'><strong>Fama</strong></span> <span class='ocrx_word' id='word_1_553' title='bbox 2856 2360 2960 2417; x_wconf 89' lang='lat' dir='ltr'><strong>est,</strong></span> <span class='ocrx_word' id='word_1_554' title='bbox 2986 2355 3294 2423; x_wconf 74' lang='lat' dir='ltr'><strong>patriarcha</strong></span> <span class='ocrx_word' id='word_1_555' title='bbox 3323 2357 3583 2428; x_wconf 76' lang='lat' dir='ltr'><strong>benignus</strong></span> 
     </span>
    </p>
   </div>
   <div class='ocr_carea' id='block_1_90' title="bbox 2082 2432 3145 2512">
    <p class='ocr_par' dir='ltr' id='par_1_90' title="bbox 2082 2432 3145 2512">
     <span class='ocr_line' id='line_1_91' title="bbox 2082 2432 3145 2512; baseline 0.013 -27"><span class='ocrx_word' id='word_1_556' title='bbox 2082 2432 2315 2489; x_wconf 80' lang='lat' dir='ltr'><strong>Venerat</strong></span> <span class='ocrx_word' id='word_1_557' title='bbox 2342 2436 2409 2490; x_wconf 87' lang='lat' dir='ltr'><strong>ad</strong></span> <span class='ocrx_word' id='word_1_558' title='bbox 2433 2437 2589 2491; x_wconf 75' lang='lat' dir='ltr'><strong>sedes</strong></span> <span class='ocrx_word' id='word_1_559' title='bbox 2620 2440 2984 2510; x_wconf 82' lang='lat' dir='ltr'><strong>regejuhcnte</strong></span> <span class='ocrx_word' id='word_1_560' title='bbox 3008 2444 3145 2512; x_wconf 87' lang='lat' dir='ltr'><strong>pias.</strong></span> 
     </span>
    </p>
   </div>
   <div class='ocr_carea' id='block_1_91' title="bbox 2008 2524 3441 2604">
    <p class='ocr_par' dir='ltr' id='par_1_91' title="bbox 2008 2524 3441 2604">
     <span class='ocr_line' id='line_1_92' title="bbox 2008 2524 3441 2604; baseline 0.009 -24"><span class='ocrx_word' id='word_1_561' title='bbox 2008 2524 2251 2597; x_wconf 87' lang='lat' dir='ltr'><strong>Cumque</strong></span> <span class='ocrx_word' id='word_1_562' title='bbox 2274 2528 2361 2583; x_wconf 89' lang='lat' dir='ltr'><strong>die</strong></span> <span class='ocrx_word' id='word_1_563' title='bbox 2384 2530 2614 2598; x_wconf 87' lang='lat' dir='ltr'><strong>quadam</strong></span> <span class='ocrx_word' id='word_1_564' title='bbox 2637 2531 2866 2587; x_wconf 86' lang='lat' dir='ltr'><strong>ecclesia</strong></span> <span class='ocrx_word' id='word_1_565' title='bbox 2905 2535 3171 2592; x_wconf 89' lang='lat' dir='ltr'><strong>resideret</strong></span> <span class='ocrx_word' id='word_1_566' title='bbox 3196 2538 3247 2592; x_wconf 93' lang='lat' dir='ltr'><strong>in</strong></span> <span class='ocrx_word' id='word_1_567' title='bbox 3277 2540 3441 2604; x_wconf 84' lang='lat' dir='ltr'><strong>alma,</strong></span> 
     </span>
    </p>
   </div>
   <div class='ocr_carea' id='block_1_92' title="bbox 2081 2618 3227 2692">
    <p class='ocr_par' dir='ltr' id='par_1_92' title="bbox 2081 2618 3227 2692">
     <span class='ocr_line' id='line_1_93' title="bbox 2081 2618 3227 2692; baseline 0.01 -22"><span class='ocrx_word' id='word_1_568' title='bbox 2081 2618 2360 2674; x_wconf 83' lang='lat' dir='ltr'><strong>Attonitus</strong></span> <span class='ocrx_word' id='word_1_569' title='bbox 2391 2619 2609 2675; x_wconf 88' lang='lat' dir='ltr'><strong>Christo</strong></span> <span class='ocrx_word' id='word_1_570' title='bbox 2640 2622 2895 2691; x_wconf 87' lang='lat' dir='ltr'><strong>psalleret</strong></span> <span class='ocrx_word' id='word_1_571' title='bbox 2924 2625 3013 2680; x_wconf 89' lang='lat' dir='ltr'><strong>ille</strong></span> <span class='ocrx_word' id='word_1_572' title='bbox 3039 2627 3227 2692; x_wconf 87' lang='lat' dir='ltr'><strong>melos,</strong></span> 
     </span>
    </p>
   </div>
   <div class='ocr_carea' id='block_1_93' title="bbox 2008 2702 3409 2787">
    <p class='ocr_par' dir='ltr' id='par_1_93' title="bbox 2008 2702 3409 2787">
     <span class='ocr_line' id='line_1_94' title="bbox 2008 2702 3409 2787; baseline 0.01 -27"><span class='ocrx_word' id='word_1_573' title='bbox 2008 2702 2265 2779; x_wconf 84' lang='lat' dir='ltr'><strong>Contigit,</strong></span> <span class='ocrx_word' id='word_1_574' title='bbox 2295 2717 2354 2763; x_wconf 93' lang='lat' dir='ltr'><strong>ut</strong></span> <span class='ocrx_word' id='word_1_575' title='bbox 2386 2708 2610 2766; x_wconf 88' lang='lat' dir='ltr'><strong>Carolus</strong></span> <span class='ocrx_word' id='word_1_576' title='bbox 2633 2710 2658 2749; x_wconf 72' lang='grc' dir='ltr'>ἀ</span> <span class='ocrx_word' id='word_1_577' title='bbox 2685 2712 2896 2769; x_wconf 87' lang='lat' dir='ltr'><strong>soboles</strong></span> <span class='ocrx_word' id='word_1_578' title='bbox 2919 2714 3176 2784; x_wconf 83' lang='lat' dir='ltr'><strong>praeclara</strong></span> <span class='ocrx_word' id='word_1_579' title='bbox 3200 2718 3409 2787; x_wconf 86' lang='lat' dir='ltr'><strong>parenti</strong></span> 
     </span>
    </p>
   </div>
   <div class='ocr_carea' id='block_1_94' title="bbox 2080 2796 3215 2877">
    <p class='ocr_par' dir='ltr' id='par_1_94' title="bbox 2080 2796 3215 2877">
     <span class='ocr_line' id='line_1_95' title="bbox 2080 2796 3215 2877; baseline 0.008 -24"><span class='ocrx_word' id='word_1_580' title='bbox 2080 2796 2249 2853; x_wconf 88' lang='lat' dir='ltr'><strong>Oratu</strong></span> <span class='ocrx_word' id='word_1_581' title='bbox 2276 2814 2565 2869; x_wconf 84' lang='lat' dir='ltr'><strong>procerum</strong></span> <span class='ocrx_word' id='word_1_582' title='bbox 2601 2812 2851 2873; x_wconf 87' lang='lat' dir='ltr'><strong>pergeret</strong></span> <span class='ocrx_word' id='word_1_583' title='bbox 2878 2813 3068 2861; x_wconf 87' lang='lat' dir='ltr'><strong>auctus</strong></span> <span class='ocrx_word' id='word_1_584' title='bbox 3094 2822 3215 2877; x_wconf 89' lang='lat' dir='ltr'><strong>ope.</strong></span> 
     </span>
    </p>
   </div>
   <div class='ocr_carea' id='block_1_95' title="bbox 2008 2886 3479 2965">
    <p class='ocr_par' dir='ltr' id='par_1_95' title="bbox 2008 2886 3479 2965">
     <span class='ocr_line' id='line_1_96' title="bbox 2008 2886 3479 2965; baseline 0.007 -22"><span class='ocrx_word' id='word_1_585' title='bbox 2008 2886 2165 2959; x_wconf 78' lang='lat' dir='ltr'><strong>Isque</strong></span> <span class='ocrx_word' id='word_1_586' title='bbox 2192 2905 2341 2944; x_wconf 86' lang='lat' dir='ltr'><strong>aram</strong></span> <span class='ocrx_word' id='word_1_587' title='bbox 2367 2904 2663 2961; x_wconf 80' lang='lat' dir='ltr'><strong>preperans</strong></span> <span class='ocrx_word' id='word_1_588' title='bbox 2685 2908 2807 2947; x_wconf 90' lang='lat' dir='ltr'><strong>cum</strong></span> <span class='ocrx_word' id='word_1_589' title='bbox 2839 2896 3187 2964; x_wconf 90' lang='lat' dir='ltr'><strong>processisset</strong></span> <span class='ocrx_word' id='word_1_590' title='bbox 3209 2902 3276 2952; x_wconf 84' lang='lat' dir='ltr'><strong>ad</strong></span> <span class='ocrx_word' id='word_1_591' title='bbox 3309 2899 3479 2965; x_wconf 85' lang='lat' dir='ltr'><strong>illam,</strong></span> 
     </span>
    </p>
   </div>
   <div class='ocr_carea' id='block_1_96' title="bbox 2081 2979 3241 3058">
    <p class='ocr_par' dir='ltr' id='par_1_96' title="bbox 2081 2979 3241 3058">
     <span class='ocr_line' id='line_1_97' title="bbox 2081 2979 3241 3058; baseline 0.008 -24"><span class='ocrx_word' id='word_1_592' title='bbox 2081 2979 2200 3047; x_wconf 84' lang='lat' dir='ltr'><strong>Quo</strong></span> <span class='ocrx_word' id='word_1_593' title='bbox 2233 2995 2389 3036; x_wconf 88' lang='lat' dir='ltr'><strong>sacer</strong></span> <span class='ocrx_word' id='word_1_594' title='bbox 2411 2982 2640 3039; x_wconf 88' lang='lat' dir='ltr'><strong>antistes</strong></span> <span class='ocrx_word' id='word_1_595' title='bbox 2664 2984 2847 3039; x_wconf 91' lang='lat' dir='ltr'><strong>munia</strong></span> <span class='ocrx_word' id='word_1_596' title='bbox 2870 2986 3031 3058; x_wconf 86' lang='lat' dir='ltr'><strong>digna</strong></span> <span class='ocrx_word' id='word_1_597' title='bbox 3058 2987 3241 3054; x_wconf 86' lang='lat' dir='ltr'><strong>dabat,</strong></span> 
     </span>
    </p>
   </div>
   <div class='ocr_carea' id='block_1_97' title="bbox 1934 3060 3404 3151">
    <p class='ocr_par' dir='ltr' id='par_1_97' title="bbox 1934 3060 3404 3151">
     <span class='ocr_line' id='line_1_98' title="bbox 1934 3060 3404 3151; baseline 0.01 -28"><span class='ocrx_word' id='word_1_598' title='bbox 1934 3060 1979 3122; x_wconf 92' lang='lat' dir='ltr'><strong>C</strong></span> <span class='ocrx_word' id='word_1_599' title='bbox 2008 3069 2288 3138; x_wconf 84' lang='lat' dir='ltr'><strong>Paulinus,</strong></span> <span class='ocrx_word' id='word_1_600' title='bbox 2311 3072 2432 3142; x_wconf 91' lang='lat' dir='ltr'><strong>quis</strong></span> <span class='ocrx_word' id='word_1_601' title='bbox 2460 3082 2516 3128; x_wconf 89' lang='lat' dir='ltr'><strong>at</strong></span> <span class='ocrx_word' id='word_1_602' title='bbox 2541 3074 2628 3128; x_wconf 88' lang='lat' dir='ltr'><strong>ille</strong></span> <span class='ocrx_word' id='word_1_603' title='bbox 2656 3073 2817 3142; x_wconf 89' lang='lat' dir='ltr'><strong>foret,</strong></span> <span class='ocrx_word' id='word_1_604' title='bbox 2849 3092 2972 3132; x_wconf 83' lang='lat' dir='ltr'><strong>mox</strong></span> <span class='ocrx_word' id='word_1_605' title='bbox 3001 3076 3209 3151; x_wconf 83' lang='lat' dir='ltr'><strong>ﬂagitat</strong></span> <span class='ocrx_word' id='word_1_606' title='bbox 3242 3082 3404 3138; x_wconf 77' lang='lat' dir='ltr'><strong>ultro.</strong></span> 
     </span>
    </p>
   </div>
   <div class='ocr_carea' id='block_1_98' title="bbox 2080 3163 3256 3229">
    <p class='ocr_par' dir='ltr' id='par_1_98' title="bbox 2080 3163 3256 3229">
     <span class='ocr_line' id='line_1_99' title="bbox 2080 3163 3256 3229; baseline 0.008 -12"><span class='ocrx_word' id='word_1_607' title='bbox 2080 3163 2371 3220; x_wconf 88' lang='lat' dir='ltr'><strong>Intendens</strong></span> <span class='ocrx_word' id='word_1_608' title='bbox 2405 3164 2638 3222; x_wconf 88' lang='lat' dir='ltr'><strong>famulus</strong></span> <span class='ocrx_word' id='word_1_609' title='bbox 2667 3168 2904 3224; x_wconf 89' lang='lat' dir='ltr'><strong>reddidit</strong></span> <span class='ocrx_word' id='word_1_610' title='bbox 2932 3186 3058 3226; x_wconf 89' lang='lat' dir='ltr'><strong>orsa</strong></span> <span class='ocrx_word' id='word_1_611' title='bbox 3085 3183 3110 3212; x_wconf 78' lang='grc' dir='ltr'><strong>ο</strong></span> <span class='ocrx_word' id='word_1_612' title='bbox 3132 3173 3256 3229; x_wconf 91' lang='lat' dir='ltr'><strong>sibi.</strong></span> 
     </span>
    </p>
   </div>
   <div class='ocr_carea' id='block_1_99' title="bbox 2008 3251 3457 3338">
    <p class='ocr_par' dir='ltr' id='par_1_99' title="bbox 2008 3251 3457 3338">
     <span class='ocr_line' id='line_1_100' title="bbox 2008 3251 3457 3338; baseline 0.012 -33"><span class='ocrx_word' id='word_1_613' title='bbox 2008 3251 2101 3309; x_wconf 90' lang='lat' dir='ltr'><strong>Ille</strong></span> <span class='ocrx_word' id='word_1_614' title='bbox 2119 3262 2178 3308; x_wconf 91' lang='lat' dir='ltr'><strong>ut</strong></span> <span class='ocrx_word' id='word_1_615' title='bbox 2199 3256 2454 3326; x_wconf 89' lang='lat' dir='ltr'><strong>cognovit</strong></span> <span class='ocrx_word' id='word_1_616' title='bbox 2474 3258 2701 3326; x_wconf 87' lang='lat' dir='ltr'><strong>primam</strong></span> <span class='ocrx_word' id='word_1_617' title='bbox 2727 3260 2965 3316; x_wconf 90' lang='lat' dir='ltr'><strong>sobolem</strong></span> <span class='ocrx_word' id='word_1_618' title='bbox 2991 3261 3134 3318; x_wconf 88' lang='lat' dir='ltr'><strong>hunc</strong></span> <span class='ocrx_word' id='word_1_619' title='bbox 3154 3263 3270 3319; x_wconf 85' lang='lat' dir='ltr'><strong>fore</strong></span> <span class='ocrx_word' id='word_1_620' title='bbox 3292 3267 3457 3338; x_wconf 87' lang='lat' dir='ltr'><strong>regis,</strong></span> 
     </span>
    </p>
   </div>
   <div class='ocr_carea' id='block_1_100' title="bbox 2078 3345 3197 3422">
    <p class='ocr_par' dir='ltr' id='par_1_100' title="bbox 2078 3345 3197 3422">
     <span class='ocr_line' id='line_1_101' title="bbox 2078 3345 3197 3422; baseline 0.008 -23"><span class='ocrx_word' id='word_1_621' title='bbox 2078 3345 2383 3413; x_wconf 88' lang='lat' dir='ltr'><strong>Conticuit;</strong></span> <span class='ocrx_word' id='word_1_622' title='bbox 2414 3358 2654 3418; x_wconf 73' lang='lat' dir='ltr'><strong>emptum</strong></span> <span class='ocrx_word' id='word_1_623' title='bbox 2684 3350 2774 3405; x_wconf 88' lang='lat' dir='ltr'><strong>ille</strong></span> <span class='ocrx_word' id='word_1_624' title='bbox 2798 3362 3051 3422; x_wconf 83' lang='lat' dir='ltr'><strong>peragrat</strong></span> <span class='ocrx_word' id='word_1_625' title='bbox 3077 3354 3197 3408; x_wconf 89' lang='lat' dir='ltr'><strong>iter.</strong></span> 
     </span>
    </p>
   </div>
   <div class='ocr_carea' id='block_1_101' title="bbox 2010 3436 3450 3510">
    <p class='ocr_par' dir='ltr' id='par_1_101' title="bbox 2010 3436 3450 3510">
     <span class='ocr_line' id='line_1_102' title="bbox 2010 3436 3450 3510; baseline 0.009 -22"><span class='ocrx_word' id='word_1_626' title='bbox 2010 3436 2253 3506; x_wconf 89' lang='lat' dir='ltr'><strong>Denique</strong></span> <span class='ocrx_word' id='word_1_627' title='bbox 2282 3446 2402 3506; x_wconf 92' lang='lat' dir='ltr'><strong>post</strong></span> <span class='ocrx_word' id='word_1_628' title='bbox 2429 3439 2665 3507; x_wconf 88' lang='lat' dir='ltr'><strong>spatium</strong></span> <span class='ocrx_word' id='word_1_629' title='bbox 2691 3438 2953 3510; x_wconf 89' lang='lat' dir='ltr'><strong>Pippinus</strong></span> <span class='ocrx_word' id='word_1_630' title='bbox 2984 3441 3002 3480; x_wconf 71' lang='grc' dir='ltr'><em>ι</em></span> <span class='ocrx_word' id='word_1_631' title='bbox 3037 3457 3262 3499; x_wconf 83' lang='lat' dir='ltr'><strong>venerat</strong></span> <span class='ocrx_word' id='word_1_632' title='bbox 3288 3448 3450 3503; x_wconf 86' lang='lat' dir='ltr'><strong>heros</strong></span> 
     </span>
    </p>
   </div>
   <div class='ocr_carea' id='block_1_102' title="bbox 2081 3529 3425 3604">
    <p class='ocr_par' dir='ltr' id='par_1_102' title="bbox 2081 3529 3425 3604">
     <span class='ocr_line' id='line_1_103' title="bbox 2081 3529 3425 3604; baseline 0.007 -21"><span class='ocrx_word' id='word_1_633' title='bbox 2081 3529 2480 3600; x_wconf 84' lang='lat' dir='ltr'><strong>Magnanimum</strong></span> <span class='ocrx_word' id='word_1_634' title='bbox 2494 3532 2756 3602; x_wconf 81' lang='lat' dir='ltr'><strong>juvenum</strong></span> <span class='ocrx_word' id='word_1_635' title='bbox 2776 3547 2898 3586; x_wconf 90' lang='lat' dir='ltr'><strong>cum</strong></span> <span class='ocrx_word' id='word_1_636' title='bbox 2921 3534 3215 3591; x_wconf 86' lang='lat' dir='ltr'><strong>comitante</strong></span> <span class='ocrx_word' id='word_1_637' title='bbox 3239 3539 3425 3604; x_wconf 87' lang='lat' dir='ltr'><strong>choro,</strong></span> 
     </span>
    </p>
   </div>
   <div class='ocr_carea' id='block_1_103' title="bbox 2008 3621 3445 3695">
    <p class='ocr_par' dir='ltr' id='par_1_103' title="bbox 2008 3621 3445 3695">
     <span class='ocr_line' id='line_1_104' title="bbox 2008 3621 3445 3695; baseline 0.006 -19"><span class='ocrx_word' id='word_1_638' title='bbox 2008 3622 2264 3678; x_wconf 90' lang='lat' dir='ltr'><strong>Paulinus</strong></span> <span class='ocrx_word' id='word_1_639' title='bbox 2284 3621 2528 3678; x_wconf 85' lang='lat' dir='ltr'><strong>celerans</strong></span> <span class='ocrx_word' id='word_1_640' title='bbox 2562 3622 2822 3678; x_wconf 83' lang='lat' dir='ltr'><strong>famulum</strong></span> <span class='ocrx_word' id='word_1_641' title='bbox 2852 3626 3135 3695; x_wconf 91' lang='lat' dir='ltr'><strong>compellat</strong></span> <span class='ocrx_word' id='word_1_642' title='bbox 3176 3630 3445 3694; x_wconf 84' lang='lat' dir='ltr'><strong>eumdem,</strong></span> 
     </span>
    </p>
   </div>
   <div class='ocr_carea' id='block_1_104' title="bbox 2076 3715 3337 3790">
    <p class='ocr_par' dir='ltr' id='par_1_104' title="bbox 2076 3715 3337 3790">
     <span class='ocr_line' id='line_1_105' title="bbox 2076 3715 3337 3790; baseline 0.006 -21"><span class='ocrx_word' id='word_1_643' title='bbox 2076 3715 2144 3769; x_wconf 90' lang='lat' dir='ltr'><strong>Et</strong></span> <span class='ocrx_word' id='word_1_644' title='bbox 2178 3725 2329 3786; x_wconf 83' lang='lat' dir='ltr'><strong>rogat</strong></span> <span class='ocrx_word' id='word_1_645' title='bbox 2361 3733 2374 3768; x_wconf 91' lang='lat'><strong>:</strong></span> <span class='ocrx_word' id='word_1_646' title='bbox 2415 3715 2504 3771; x_wconf 90' lang='lat' dir='ltr'><strong>ille</strong></span> <span class='ocrx_word' id='word_1_647' title='bbox 2537 3716 2735 3771; x_wconf 88' lang='lat' dir='ltr'><strong>iterum</strong></span> <span class='ocrx_word' id='word_1_648' title='bbox 2766 3732 2892 3772; x_wconf 90' lang='lat' dir='ltr'><strong>vera</strong></span> <span class='ocrx_word' id='word_1_649' title='bbox 2922 3717 3129 3774; x_wconf 85' lang='lat' dir='ltr'><strong>referre</strong></span> <span class='ocrx_word' id='word_1_650' title='bbox 3163 3732 3337 3790; x_wconf 90' lang='lat' dir='ltr'><strong>parat.</strong></span> 
     </span>
    </p>
   </div>
   <div class='ocr_carea' id='block_1_105' title="bbox 2009 3808 3426 3881">
    <p class='ocr_par' dir='ltr' id='par_1_105' title="bbox 2009 3808 3426 3881">
     <span class='ocr_line' id='line_1_106' title="bbox 2009 3808 3426 3881; baseline 0.006 -20"><span class='ocrx_word' id='word_1_651' title='bbox 2009 3808 2212 3864; x_wconf 70' lang='lat' dir='ltr'><strong>Prmsul</strong></span> <span class='ocrx_word' id='word_1_652' title='bbox 2251 3817 2309 3863; x_wconf 92' lang='lat' dir='ltr'><strong>ut</strong></span> <span class='ocrx_word' id='word_1_653' title='bbox 2334 3810 2554 3879; x_wconf 84' lang='lat' dir='ltr'><strong>agnovit</strong></span> <span class='ocrx_word' id='word_1_654' title='bbox 2575 3824 2790 3875; x_wconf 89' lang='lat' dir='ltr'><strong>nomen,</strong></span> <span class='ocrx_word' id='word_1_655' title='bbox 2818 3811 3040 3881; x_wconf 84' lang='lat' dir='ltr'><strong>regique</strong></span> <span class='ocrx_word' id='word_1_656' title='bbox 3065 3814 3090 3852; x_wconf 75' lang='grc' dir='ltr'><strong><em>ε</em></strong></span> <span class='ocrx_word' id='word_1_657' title='bbox 3114 3814 3426 3881; x_wconf 87' lang='lat' dir='ltr'><strong>recordans,</strong></span> 
     </span>
    </p>
   </div>
   <div class='ocr_carea' id='block_1_106' title="bbox 2070 3900 3307 3975">
    <p class='ocr_par' dir='ltr' id='par_1_106' title="bbox 2070 3900 3307 3975">
     <span class='ocr_line' id='line_1_107' title="bbox 2070 3900 3307 3975; baseline 0.005 -21"><span class='ocrx_word' id='word_1_658' title='bbox 2070 3901 2190 3955; x_wconf 80' lang='lat' dir='ltr'><strong>Mox</strong></span> <span class='ocrx_word' id='word_1_659' title='bbox 2213 3909 2374 3971; x_wconf 86' lang='lat' dir='ltr'><strong>caput</strong></span> <span class='ocrx_word' id='word_1_660' title='bbox 2402 3900 2672 3956; x_wconf 90' lang='lat' dir='ltr'><strong>inclinans</strong></span> <span class='ocrx_word' id='word_1_661' title='bbox 2701 3919 2714 3955; x_wconf 90' lang='lat'>:</span> <span class='ocrx_word' id='word_1_662' title='bbox 2740 3903 2911 3975; x_wconf 89' lang='lat' dir='ltr'><strong>pergit</strong></span> <span class='ocrx_word' id='word_1_663' title='bbox 2941 3912 2995 3957; x_wconf 88' lang='lat' dir='ltr'><strong>at</strong></span> <span class='ocrx_word' id='word_1_664' title='bbox 3026 3903 3117 3958; x_wconf 87' lang='lat' dir='ltr'><strong>ille</strong></span> <span class='ocrx_word' id='word_1_665' title='bbox 3142 3904 3307 3961; x_wconf 84' lang='lat' dir='ltr'><strong>celer.</strong></span> 
     </span>
    </p>
   </div>
   <div class='ocr_carea' id='block_1_107' title="bbox 2011 3989 3361 4069">
    <p class='ocr_par' dir='ltr' id='par_1_107' title="bbox 2011 3989 3361 4069">
     <span class='ocr_line' id='line_1_108' title="bbox 2011 3989 3361 4069; baseline 0.004 -24"><span class='ocrx_word' id='word_1_666' title='bbox 2011 3989 2245 4047; x_wconf 86' lang='lat' dir='ltr'><strong>Ultimus</strong></span> <span class='ocrx_word' id='word_1_667' title='bbox 2266 4006 2394 4048; x_wconf 85' lang='lat' dir='ltr'><strong>ecce</strong></span> <span class='ocrx_word' id='word_1_668' title='bbox 2416 3992 2564 4046; x_wconf 88' lang='lat' dir='ltr'><strong>venit</strong></span> <span class='ocrx_word' id='word_1_669' title='bbox 2596 3991 3004 4069; x_wconf 12' lang='lat' dir='ltr'><strong>Ludovicus,iet</strong></span> <span class='ocrx_word' id='word_1_670' title='bbox 3026 3994 3178 4049; x_wconf 89' lang='lat' dir='ltr'><strong>ocius</strong></span> <span class='ocrx_word' id='word_1_671' title='bbox 3209 4011 3361 4050; x_wconf 88' lang='lat' dir='ltr'><strong>aram</strong></span> 
     </span>
    </p>
   </div>
   <div class='ocr_carea' id='block_1_108' title="bbox 2079 4068 3323 4154">
    <p class='ocr_par' dir='ltr' id='par_1_108' title="bbox 2079 4068 3323 4154">
     <span class='ocr_line' id='line_1_109' title="bbox 2079 4068 3323 4154; baseline 0.005 -18"><span class='ocrx_word' id='word_1_672' title='bbox 2079 4082 2421 4154; x_wconf 81' lang='lat' dir='ltr'><strong>Amplectcns</strong></span> <span class='ocrx_word' id='word_1_673' title='bbox 2453 4084 2674 4154; x_wconf 83' lang='lat' dir='ltr'><strong>supplex</strong></span> <span class='ocrx_word' id='word_1_674' title='bbox 2710 4068 2973 4139; x_wconf 78' lang='lat' dir='ltr'><strong>sternitur</strong></span> <span class='ocrx_word' id='word_1_675' title='bbox 3001 4094 3163 4154; x_wconf 84' lang='lat' dir='ltr'><strong>atque</strong></span> <span class='ocrx_word' id='word_1_676' title='bbox 3185 4088 3323 4142; x_wconf 87' lang='lat' dir='ltr'><strong>solo.</strong></span> 
     </span>
    </p>
   </div>
   <div class='ocr_carea' id='block_1_109' title="bbox 2007 4174 3385 4246">
    <p class='ocr_par' dir='ltr' id='par_1_109' title="bbox 2007 4174 3385 4246">
     <span class='ocr_line' id='line_1_110' title="bbox 2007 4174 3385 4246; baseline -0.001 -16"><span class='ocrx_word' id='word_1_677' title='bbox 2007 4175 2465 4245; x_wconf 85' lang='lat' dir='ltr'><strong>Illacrymansque</strong></span> <span class='ocrx_word' id='word_1_678' title='bbox 2494 4176 2585 4229; x_wconf 90' lang='lat' dir='ltr'><strong>diu</strong></span> <span class='ocrx_word' id='word_1_679' title='bbox 2612 4174 2864 4243; x_wconf 90' lang='lat' dir='ltr'><strong>precibus</strong></span> <span class='ocrx_word' id='word_1_680' title='bbox 2886 4178 3147 4244; x_wconf 79' lang='lat' dir='ltr'><strong>poscebat</strong></span> <span class='ocrx_word' id='word_1_681' title='bbox 3171 4176 3385 4246; x_wconf 81' lang='lat' dir='ltr'><strong>Olympi</strong></span> 
     </span>
    </p>
   </div>
   <div class='ocr_carea' id='block_1_110' title="bbox 2084 4265 3428 4337">
    <p class='ocr_par' dir='ltr' id='par_1_110' title="bbox 2084 4265 3428 4337">
     <span class='ocr_line' id='line_1_111' title="bbox 2084 4265 3428 4337; baseline 0 -17"><span class='ocrx_word' id='word_1_682' title='bbox 2084 4267 2419 4337; x_wconf 80' lang='lat' dir='ltr'><strong>Regnantem</strong></span> <span class='ocrx_word' id='word_1_683' title='bbox 2448 4265 2748 4329; x_wconf 89' lang='lat' dir='ltr'><strong>Christum,</strong></span> <span class='ocrx_word' id='word_1_684' title='bbox 2776 4280 2887 4334; x_wconf 91' lang='lat' dir='ltr'><strong>quo</strong></span> <span class='ocrx_word' id='word_1_685' title='bbox 2918 4265 3018 4318; x_wconf 90' lang='lat' dir='ltr'><strong>sibi</strong></span> <span class='ocrx_word' id='word_1_686' title='bbox 3056 4265 3223 4319; x_wconf 88' lang='lat' dir='ltr'><strong>ferret</strong></span> <span class='ocrx_word' id='word_1_687' title='bbox 3251 4281 3428 4335; x_wconf 77' lang='lat' dir='ltr'><strong>opem.</strong></span> 
     </span>
    </p>
   </div>
   <div class='ocr_carea' id='block_1_111' title="bbox 2015 4357 3368 4426">
    <p class='ocr_par' dir='ltr' id='par_1_111' title="bbox 2015 4357 3368 4426">
     <span class='ocr_line' id='line_1_112' title="bbox 2015 4357 3368 4426; baseline 0 -14"><span class='ocrx_word' id='word_1_688' title='bbox 2015 4359 2127 4414; x_wconf 90' lang='lat' dir='ltr'><strong>Iloc</strong></span> <span class='ocrx_word' id='word_1_689' title='bbox 2152 4374 2303 4414; x_wconf 88' lang='lat' dir='ltr'><strong>sacer</strong></span> <span class='ocrx_word' id='word_1_690' title='bbox 2326 4359 2354 4398; x_wconf 77' lang='grc' dir='ltr'><strong>ιι</strong></span> <span class='ocrx_word' id='word_1_691' title='bbox 2378 4357 2667 4426; x_wconf 87' lang='lat' dir='ltr'><strong>aspiciens,</strong></span> <span class='ocrx_word' id='word_1_692' title='bbox 2691 4357 2821 4411; x_wconf 89' lang='lat' dir='ltr'><strong>sella</strong></span> <span class='ocrx_word' id='word_1_693' title='bbox 2847 4371 2905 4411; x_wconf 89' lang='lat' dir='ltr'><strong>se</strong></span> <span class='ocrx_word' id='word_1_694' title='bbox 2930 4357 3147 4409; x_wconf 87' lang='lat' dir='ltr'><strong>sustulit</strong></span> <span class='ocrx_word' id='word_1_695' title='bbox 3172 4358 3368 4412; x_wconf 89' lang='lat' dir='ltr'><strong>ardens</strong></span> 
     </span>
    </p>
   </div>
   <div class='ocr_carea' id='block_1_112' title="bbox 2083 4446 3237 4518">
    <p class='ocr_par' dir='ltr' id='par_1_112' title="bbox 2083 4446 3237 4518">
     <span class='ocr_line' id='line_1_113' title="bbox 2083 4446 3237 4518; baseline -0.004 -13"><span class='ocrx_word' id='word_1_696' title='bbox 2083 4448 2417 4518; x_wconf 87' lang='lat' dir='ltr'><strong>Compellare</strong></span> <span class='ocrx_word' id='word_1_697' title='bbox 2440 4462 2654 4502; x_wconf 90' lang='lat' dir='ltr'><strong>sacrum</strong></span> <span class='ocrx_word' id='word_1_698' title='bbox 2677 4460 2798 4500; x_wconf 93' lang='lat' dir='ltr'><strong>cum</strong></span> <span class='ocrx_word' id='word_1_699' title='bbox 2822 4448 3022 4516; x_wconf 89' lang='lat' dir='ltr'><strong>pietate</strong></span> <span class='ocrx_word' id='word_1_700' title='bbox 3040 4446 3237 4500; x_wconf 86' lang='lat' dir='ltr'><strong>virum.</strong></span> 
     </span>
    </p>
   </div>
   <div class='ocr_carea' id='block_1_113' title="bbox 2015 4538 3361 4622">
    <p class='ocr_par' dir='ltr' id='par_1_113' title="bbox 2015 4538 3361 4622">
     <span class='ocr_line' id='line_1_114' title="bbox 2015 4538 3361 4622; baseline -0.001 -25"><span class='ocrx_word' id='word_1_701' title='bbox 2015 4543 2189 4597; x_wconf 84' lang='lat' dir='ltr'><strong>Antea</strong></span> <span class='ocrx_word' id='word_1_702' title='bbox 2215 4556 2339 4595; x_wconf 91' lang='lat' dir='ltr'><strong>nam</strong></span> <span class='ocrx_word' id='word_1_703' title='bbox 2362 4539 2576 4611; x_wconf 89' lang='lat' dir='ltr'><strong>Pippin,</strong></span> <span class='ocrx_word' id='word_1_704' title='bbox 2602 4538 2902 4609; x_wconf 88' lang='lat' dir='ltr'><strong>Caroloque</strong></span> <span class='ocrx_word' id='word_1_705' title='bbox 2932 4539 3182 4605; x_wconf 89' lang='lat' dir='ltr'><strong>abeunte,</strong></span> <span class='ocrx_word' id='word_1_706' title='bbox 3210 4540 3361 4622; x_wconf 81' lang='lat' dir='ltr'><strong>sedili</strong></span> 
     </span>
    </p>
   </div>
   <div class='ocr_carea' id='block_1_114' title="bbox 2009 4671 3595 4751">
    <p class='ocr_par' dir='ltr' id='par_1_114' title="bbox 2009 4671 3595 4751">
     <span class='ocr_line' id='line_1_115' title="bbox 2009 4671 3595 4751; baseline -0.002 -19"><span class='ocrx_word' id='word_1_707' title='bbox 2009 4675 2226 4751; x_wconf 81' lang='lat' dir='ltr'><strong>juribus</strong></span> <span class='ocrx_word' id='word_1_708' title='bbox 2258 4672 2519 4751; x_wconf 56' lang='lat' dir='ltr'><strong>Ecclesiae</strong></span> <span class='ocrx_word' id='word_1_709' title='bbox 2547 4671 2867 4751; x_wconf 73' lang='lat' dir='ltr'><strong>ampliandis</strong></span> <span class='ocrx_word' id='word_1_710' title='bbox 2915 4673 3349 4751; x_wconf 45' lang='lat' dir='ltr'><strong>profectus-est._</strong></span> <span class='ocrx_word' id='word_1_711' title='bbox 3392 4676 3461 4732; x_wconf 88' lang='lat' dir='ltr'><strong>Et</strong></span> <span class='ocrx_word' id='word_1_712' title='bbox 3507 4681 3595 4751; x_wconf 76' lang='lat' dir='ltr'><strong>vir</strong></span> 
     </span>
    </p>
   </div>
   <div class='ocr_carea' id='block_1_115' title="bbox 2015 4743 3591 4813">
    <p class='ocr_par' dir='ltr' id='par_1_115' title="bbox 2015 4743 3591 4813">
     <span class='ocr_line' id='line_1_116' title="bbox 2015 4743 3591 4813; baseline -0.002 -7"><span class='ocrx_word' id='word_1_713' title='bbox 2015 4743 2118 4806; x_wconf 79' lang='lat' dir='ltr'><strong>iste</strong></span> <span class='ocrx_word' id='word_1_714' title='bbox 2158 4747 2307 4801; x_wconf 71' lang='lat' dir='ltr'><strong>mine</strong></span> <span class='ocrx_word' id='word_1_715' title='bbox 2350 4743 2653 4799; x_wconf 75' lang='lat' dir='ltr'><strong>sanctitatis</strong></span> <span class='ocrx_word' id='word_1_716' title='bbox 2699 4743 2768 4796; x_wconf 88' lang='lat' dir='ltr'><strong>ab</strong></span> <span class='ocrx_word' id='word_1_717' title='bbox 2816 4744 3144 4813; x_wconf 88' lang='lat' dir='ltr'><strong>imperatore</strong></span> <span class='ocrx_word' id='word_1_718' title='bbox 3192 4743 3386 4800; x_wconf 89' lang='lat' dir='ltr'><strong>Carolo</strong></span> <span class='ocrx_word' id='word_1_719' title='bbox 3423 4750 3591 4803; x_wconf 83' lang='lat' dir='ltr'><strong>multa</strong></span> 
     </span>
    </p>
   </div>
   <div class='ocr_carea' id='block_1_116' title="bbox 2054 4813 3595 4887">
    <p class='ocr_par' dir='ltr' id='par_1_116' title="bbox 2054 4813 3595 4887">
     <span class='ocr_line' id='line_1_117' title="bbox 2054 4813 3595 4887; baseline 0 -13"><span class='ocrx_word' id='word_1_720' title='bbox 2054 4817 2290 4887; x_wconf 85' lang='lat' dir='ltr'><strong>rivilegia</strong></span> <span class='ocrx_word' id='word_1_721' title='bbox 2318 4814 2569 4887; x_wconf 77' lang='lat' dir='ltr'><strong>obtinu_it_.</strong></span> <span class='ocrx_word' id='word_1_722' title='bbox 2607 4833 2638 4887; x_wconf 66' lang='lat'><strong>»_</strong></span> <span class='ocrx_word' id='word_1_723' title='bbox 2661 4813 2739 4887; x_wconf 73' lang='lat' dir='ltr'><strong>De</strong></span> <span class='ocrx_word' id='word_1_724' title='bbox 2766 4828 2832 4869; x_wconf 87' lang='lat' dir='ltr'><strong>eo</strong></span> <span class='ocrx_word' id='word_1_725' title='bbox 2857 4813 3080 4884; x_wconf 87' lang='lat' dir='ltr'><strong>legenda</strong></span> <span class='ocrx_word' id='word_1_726' title='bbox 3103 4815 3266 4870; x_wconf 85' lang='lat' dir='ltr'><strong>etiam</strong></span> <span class='ocrx_word' id='word_1_727' title='bbox 3288 4830 3408 4887; x_wconf 71' lang='lat' dir='ltr'><strong>qua:</strong></span> <span class='ocrx_word' id='word_1_728' title='bbox 3433 4818 3595 4873; x_wconf 88' lang='lat' dir='ltr'><strong>habet</strong></span> 
     </span>
    </p>
   </div>
   <div class='ocr_carea' id='block_1_117' title="bbox 2013 4837 2847 4961">
    <p class='ocr_par' dir='ltr' id='par_1_117' title="bbox 2013 4837 2847 4961">
     <span class='ocr_line' id='line_1_118' title="bbox 2054 4837 2832 4887; baseline -0.013 -13"><span class='ocrx_word' id='word_1_729' title='bbox 2054 4837 2290 4887; x_wconf 77' lang='lat' dir='ltr'><strong>rIthegu</strong></span> <span class='ocrx_word' id='word_1_730' title='bbox 2318 4837 2569 4871; x_wconf 83' lang='grc' dir='ltr'><strong>υυιιιιιιιι.</strong></span> <span class='ocrx_word' id='word_1_731' title='bbox 2607 4837 2625 4865; x_wconf 73' lang='grc' dir='ltr'><strong><em>ι</em></strong></span> <span class='ocrx_word' id='word_1_732' title='bbox 2661 4837 2739 4867; x_wconf 74' lang='lat' dir='ltr'><strong>ne</strong></span> <span class='ocrx_word' id='word_1_733' title='bbox 2766 4837 2832 4869; x_wconf 73' lang='lat' dir='ltr'><strong>eo</strong></span> 
     </span>
     <span class='ocr_line' id='line_1_119' title="bbox 2013 4837 2847 4961; baseline -0.011 -14"><span class='ocrx_word' id='word_1_734' title='bbox 2013 4837 2275 4961; x_wconf 54' lang='lat' dir='ltr'><strong>thellus</strong></span> <span class='ocrx_word' id='word_1_735' title='bbox 2288 4883 2512 4961; x_wconf 27' lang='lat' dir='ltr'><strong>Atom._V</strong></span> <span class='ocrx_word' id='word_1_736' title='bbox 2542 4883 2680 4961; x_wconf 74' lang='lat' dir='ltr'><strong>Ital._</strong></span> <span class='ocrx_word' id='word_1_737' title='bbox 2691 4883 2847 4961; x_wconf 85' lang='lat' dir='ltr'><strong>_Sacr_.</strong></span> 
     </span>
    </p>
   </div>
   <div class='ocr_carea' id='block_1_118' title="bbox 2084 4953 3593 5032">
    <p class='ocr_par' dir='ltr' id='par_1_118' title="bbox 2084 4953 3593 5032">
     <span class='ocr_line' id='line_1_120' title="bbox 2084 4953 3593 5032; baseline 0.003 -22"><span class='ocrx_word' id='word_1_738' title='bbox 2084 4953 2111 4999; x_wconf 66' lang='grc' dir='ltr'><strong>ὃ</strong></span> <span class='ocrx_word' id='word_1_739' title='bbox 2151 4957 2412 5032; x_wconf 76' lang='lat' dir='ltr'><strong>Videlicet</strong></span> <span class='ocrx_word' id='word_1_740' title='bbox 2436 4955 2614 5010; x_wconf 89' lang='lat' dir='ltr'><strong>Caroli</strong></span> <span class='ocrx_word' id='word_1_741' title='bbox 2661 4954 2837 5032; x_wconf 80' lang='lat' dir='ltr'><strong>Magni</strong></span> <span class='ocrx_word' id='word_1_742' title='bbox 2864 4953 3015 5032; x_wconf 84' lang='lat' dir='ltr'><strong>_ﬁiius</strong></span> <span class='ocrx_word' id='word_1_743' title='bbox 3042 4955 3460 5029; x_wconf 84' lang='lat' dir='ltr'><strong>primogenitus,</strong></span> <span class='ocrx_word' id='word_1_744' title='bbox 3499 4961 3593 5032; x_wconf 88' lang='lat' dir='ltr'><strong>qui</strong></span> 
     </span>
    </p>
   </div>
   <div class='ocr_carea' id='block_1_119' title="bbox 2015 5025 3288 5097">
    <p class='ocr_par' dir='ltr' id='par_1_119' title="bbox 2015 5025 3288 5097">
     <span class='ocr_line' id='line_1_121' title="bbox 2015 5025 3288 5097; baseline -0.004 -11"><span class='ocrx_word' id='word_1_745' title='bbox 2015 5045 2157 5086; x_wconf 84' lang='lat' dir='ltr'><strong>anno</strong></span> <span class='ocrx_word' id='word_1_746' title='bbox 2181 5027 2281 5083; x_wconf 79' lang='lat' dir='ltr'><strong>8H</strong></span> <span class='ocrx_word' id='word_1_747' title='bbox 2317 5037 2441 5082; x_wconf 89' lang='lat' dir='ltr'><strong>ante</strong></span> <span class='ocrx_word' id='word_1_748' title='bbox 2470 5034 2739 5097; x_wconf 85' lang='lat' dir='ltr'><strong>patreme</strong></span> <span class='ocrx_word' id='word_1_749' title='bbox 2773 5025 2909 5080; x_wconf 88' lang='lat' dir='ltr'><strong>vivis</strong></span> <span class='ocrx_word' id='word_1_750' title='bbox 2937 5025 3154 5097; x_wconf 85' lang='lat' dir='ltr'><strong>ereptus</strong></span> <span class='ocrx_word' id='word_1_751' title='bbox 3185 5025 3288 5083; x_wconf 77' lang='lat' dir='ltr'><strong>est.</strong></span> 
     </span>
    </p>
   </div>
   <div class='ocr_carea' id='block_1_120' title="bbox 2090 5095 3592 5169">
    <p class='ocr_par' dir='ltr' id='par_1_120' title="bbox 2090 5095 3592 5169">
     <span class='ocr_line' id='line_1_122' title="bbox 2090 5095 3592 5169; baseline -0.003 -15"><span class='ocrx_word' id='word_1_752' title='bbox 2090 5113 2114 5140; x_wconf 74' lang='grc' dir='ltr'>θ</span> <span class='ocrx_word' id='word_1_753' title='bbox 2175 5100 2251 5154; x_wconf 89' lang='lat' dir='ltr'><strong>Ita</strong></span> <span class='ocrx_word' id='word_1_754' title='bbox 2303 5095 2518 5169; x_wconf 77' lang='lat' dir='ltr'><strong>quoque</strong></span> <span class='ocrx_word' id='word_1_755' title='bbox 2577 5095 2725 5151; x_wconf 86' lang='lat' dir='ltr'><strong>alibi.</strong></span> <span class='ocrx_word' id='word_1_756' title='bbox 2788 5096 2943 5169; x_wconf 55' lang='lat' dir='ltr'><strong>Apud</strong></span> <span class='ocrx_word' id='word_1_757' title='bbox 2998 5095 3326 5169; x_wconf 76' lang='lat' dir='ltr'><strong>Virgilium,</strong></span> <span class='ocrx_word' id='word_1_758' title='bbox 3382 5097 3475 5153; x_wconf 81' lang='lat' dir='ltr'><strong>lib.</strong></span> <span class='ocrx_word' id='word_1_759' title='bbox 3538 5113 3592 5150; x_wconf 70' lang='grc' dir='ltr'><strong>πε</strong></span> 
     </span>
    </p>
   </div>
   <div class='ocr_carea' id='block_1_121' title="bbox 2017 5165 3597 5237">
    <p class='ocr_par' dir='ltr' id='par_1_121' title="bbox 2017 5165 3597 5237">
     <span class='ocr_line' id='line_1_123' title="bbox 2017 5165 3597 5237; baseline -0.003 -11"><span class='ocrx_word' id='word_1_760' title='bbox 2017 5168 2258 5229; x_wconf 74' lang='grc' dir='ltr'><strong>Ᾰῐηείό..</strong></span> <span class='ocrx_word' id='word_1_761' title='bbox 2293 5165 2534 5237; x_wconf 78' lang='lat' dir='ltr'><strong>occurrit</strong></span> <span class='ocrx_word' id='word_1_762' title='bbox 2569 5182 2690 5221; x_wconf 81' lang='lat' dir='ltr'><strong>orsa</strong></span> <span class='ocrx_word' id='word_1_763' title='bbox 2728 5165 2945 5237; x_wconf 74' lang='lat' dir='ltr'><strong>referre,</strong></span> <span class='ocrx_word' id='word_1_764' title='bbox 2974 5182 3074 5236; x_wconf 87' lang='lat' dir='ltr'><strong>pro</strong></span> <span class='ocrx_word' id='word_1_765' title='bbox 3101 5165 3274 5222; x_wconf 37' lang='lat' dir='ltr'><strong>Vverba</strong></span> <span class='ocrx_word' id='word_1_766' title='bbox 3301 5174 3475 5236; x_wconf 60' lang='lat' dir='ltr'><strong>capta</strong></span> <span class='ocrx_word' id='word_1_767' title='bbox 3512 5183 3597 5222; x_wconf 82' lang='lat' dir='ltr'><strong>re-</strong></span> 
     </span>
    </p>
   </div>
   <div class='ocr_carea' id='block_1_122' title="bbox 2017 5236 3519 5307">
    <p class='ocr_par' dir='ltr' id='par_1_122' title="bbox 2017 5236 3519 5307">
     <span class='ocr_line' id='line_1_124' title="bbox 2017 5236 3519 5307; baseline -0.005 -11"><span class='ocrx_word' id='word_1_768' title='bbox 2017 5241 2178 5303; x_wconf 87' lang='lat' dir='ltr'><strong>ferre,</strong></span> <span class='ocrx_word' id='word_1_769' title='bbox 2211 5247 2273 5291; x_wconf 90' lang='lat' dir='ltr'><strong>ut</strong></span> <span class='ocrx_word' id='word_1_770' title='bbox 2302 5236 2525 5307; x_wconf 83' lang='lat' dir='ltr'><strong>Servius</strong></span> <span class='ocrx_word' id='word_1_771' title='bbox 2550 5237 2801 5307; x_wconf 80' lang='lat' dir='ltr'><strong>explicat.</strong></span> <span class='ocrx_word' id='word_1_772' title='bbox 2837 5236 2964 5307; x_wconf 82' lang='lat' dir='ltr'><strong>Inde</strong></span> <span class='ocrx_word' id='word_1_773' title='bbox 2991 5247 3178 5292; x_wconf 87' lang='lat' dir='ltr'><strong>noster</strong></span> <span class='ocrx_word' id='word_1_774' title='bbox 3201 5236 3519 5306; x_wconf 84' lang='lat' dir='ltr'><strong>desumpsit.</strong></span> 
     </span>
    </p>
   </div>
   <div class='ocr_carea' id='block_1_123' title="bbox 2093 5306 3594 5377">
    <p class='ocr_par' dir='ltr' id='par_1_123' title="bbox 2093 5306 3594 5377">
     <span class='ocr_line' id='line_1_125' title="bbox 2093 5306 3594 5377; baseline -0.002 -13"><span class='ocrx_word' id='word_1_775' title='bbox 2093 5309 2113 5348; x_wconf 69' lang='grc' dir='ltr'><em>τ</em></span> <span class='ocrx_word' id='word_1_776' title='bbox 2157 5308 2440 5364; x_wconf 89' lang='lat' dir='ltr'><strong>Secundus</strong></span> <span class='ocrx_word' id='word_1_777' title='bbox 2463 5306 2640 5363; x_wconf 90' lang='lat' dir='ltr'><strong>Caroli</strong></span> <span class='ocrx_word' id='word_1_778' title='bbox 2683 5306 2859 5377; x_wconf 84' lang='lat' dir='ltr'><strong>Magni</strong></span> <span class='ocrx_word' id='word_1_779' title='bbox 2888 5306 3050 5372; x_wconf 83' lang='lat' dir='ltr'><strong>filius,</strong></span> <span class='ocrx_word' id='word_1_780' title='bbox 3089 5307 3255 5361; x_wconf 76' lang='lat' dir='ltr'><strong>Italia:</strong></span> <span class='ocrx_word' id='word_1_781' title='bbox 3286 5321 3403 5371; x_wconf 79' lang='lat' dir='ltr'><strong>rex,</strong></span> <span class='ocrx_word' id='word_1_782' title='bbox 3433 5318 3594 5376; x_wconf 86' lang='lat' dir='ltr'><strong>quem</strong></span> 
     </span>
    </p>
   </div>
   <div class='ocr_carea' id='block_1_124' title="bbox 2018 5378 3048 5437">
    <p class='ocr_par' dir='ltr' id='par_1_124' title="bbox 2018 5378 3048 5437">
     <span class='ocr_line' id='line_1_126' title="bbox 2018 5378 3048 5437; baseline -0.006 0"><span class='ocrx_word' id='word_1_783' title='bbox 2018 5394 2160 5437; x_wconf 87' lang='lat' dir='ltr'><strong>anno</strong></span> <span class='ocrx_word' id='word_1_784' title='bbox 2188 5378 2293 5436; x_wconf 78' lang='grc'><strong>810</strong></span> <span class='ocrx_word' id='word_1_785' title='bbox 2321 5378 2608 5433; x_wconf 88' lang='lat' dir='ltr'><strong>immatura</strong></span> <span class='ocrx_word' id='word_1_786' title='bbox 2639 5390 2786 5431; x_wconf 90' lang='lat' dir='ltr'><strong>mors</strong></span> <span class='ocrx_word' id='word_1_787' title='bbox 2811 5378 3048 5432; x_wconf 89' lang='lat' dir='ltr'><strong>sustulit.</strong></span> 
     </span>
    </p>
   </div>
   <div class='ocr_carea' id='block_1_125' title="bbox 2091 5446 3590 5519">
    <p class='ocr_par' dir='ltr' id='par_1_125' title="bbox 2091 5446 3590 5519">
     <span class='ocr_line' id='line_1_127' title="bbox 2091 5446 3590 5519; baseline -0.005 -15"><span class='ocrx_word' id='word_1_788' title='bbox 2091 5455 2117 5492; x_wconf 73' lang='grc' dir='ltr'><em>ε</em></span> <span class='ocrx_word' id='word_1_789' title='bbox 2157 5449 2338 5504; x_wconf 87' lang='lat' dir='ltr'><strong>Potius</strong></span> <span class='ocrx_word' id='word_1_790' title='bbox 2367 5463 2652 5519; x_wconf 74' lang='lat' dir='ltr'><strong>regemque.</strong></span> <span class='ocrx_word' id='word_1_791' title='bbox 2686 5446 2907 5502; x_wconf 89' lang='lat' dir='ltr'><strong>Scilicet</strong></span> <span class='ocrx_word' id='word_1_792' title='bbox 2942 5456 3252 5519; x_wconf 76' lang='lat' dir='ltr'><strong>reseruatus</strong></span> <span class='ocrx_word' id='word_1_793' title='bbox 3292 5457 3416 5497; x_wconf 86' lang='lat' dir='ltr'><strong>eum</strong></span> <span class='ocrx_word' id='word_1_794' title='bbox 3468 5456 3590 5498; x_wconf 86' lang='lat' dir='ltr'><strong>esse</strong></span> 
     </span>
    </p>
   </div>
   <div class='ocr_carea' id='block_1_126' title="bbox 2016 5518 3093 5605">
    <p class='ocr_par' dir='ltr' id='par_1_126' title="bbox 2016 5518 3093 5605">
     <span class='ocr_line' id='line_1_128' title="bbox 2016 5518 3093 5605; baseline -0.007 -27"><span class='ocrx_word' id='word_1_795' title='bbox 2016 5523 2182 5605; x_wconf 52' lang='lat' dir='ltr'><strong>Italia;</strong></span> <span class='ocrx_word' id='word_1_796' title='bbox 2211 5518 2567 5605; x_wconf 37' lang='lat' dir='ltr'><strong>regem,’n‘iox</strong></span> <span class='ocrx_word' id='word_1_797' title='bbox 2598 5518 2646 5605; x_wconf 72' lang='lat' dir='ltr'><strong>ei</strong></span> <span class='ocrx_word' id='word_1_798' title='bbox 2677 5525 2837 5605; x_wconf 69' lang='lat' dir='ltr'><strong>caput</strong></span> <span class='ocrx_word' id='word_1_799' title='bbox 2867 5518 3093 5585; x_wconf 87' lang='lat' dir='ltr'><strong>aperuit.</strong></span> 
     </span>
    </p>
   </div>
   <div class='ocr_carea' id='block_1_127' title="bbox 2089 5578 3594 5647">
    <p class='ocr_par' dir='ltr' id='par_1_127' title="bbox 2089 5578 3594 5647">
     <span class='ocr_line' id='line_1_129' title="bbox 2089 5578 3594 5647; baseline -0.007 1"><span class='ocrx_word' id='word_1_800' title='bbox 2089 5596 2115 5635; x_wconf 64' lang='grc' dir='ltr'>δ</span> <span class='ocrx_word' id='word_1_801' title='bbox 2153 5593 2258 5647; x_wconf 83' lang='lat' dir='ltr'><strong>Pro</strong></span> <span class='ocrx_word' id='word_1_802' title='bbox 2271 5578 2568 5645; x_wconf 48' lang='lat' dir='ltr'><strong>&quot;sacerdos.</strong></span> <span class='ocrx_word' id='word_1_803' title='bbox 2607 5578 2805 5643; x_wconf 71' lang='lat' dir='ltr'><strong>Eadem</strong></span> <span class='ocrx_word' id='word_1_804' title='bbox 2852 5578 2982 5640; x_wconf 77' lang='lat' dir='ltr'><strong>voce</strong></span> <span class='ocrx_word' id='word_1_805' title='bbox 3013 5585 3195 5639; x_wconf 89' lang='lat' dir='ltr'><strong>multis</strong></span> <span class='ocrx_word' id='word_1_806' title='bbox 3226 5581 3347 5638; x_wconf 85' lang='lat' dir='ltr'><strong>aliis</strong></span> <span class='ocrx_word' id='word_1_807' title='bbox 3375 5581 3431 5638; x_wconf 90' lang='lat' dir='ltr'><strong>in</strong></span> <span class='ocrx_word' id='word_1_808' title='bbox 3461 5578 3594 5637; x_wconf 80' lang='lat' dir='ltr'><strong>locis</strong></span> 
     </span>
    </p>
   </div>
   <div class='ocr_carea' id='block_1_128' title="bbox 2018 5665 2597 5736">
    <p class='ocr_par' dir='ltr' id='par_1_128' title="bbox 2018 5665 2597 5736">
     <span class='ocr_line' id='line_1_130' title="bbox 2018 5665 2597 5736; baseline -0.016 -15"><span class='ocrx_word' id='word_1_809' title='bbox 2018 5665 2189 5721; x_wconf 84' lang='lat' dir='ltr'><strong>utitur</strong></span> <span class='ocrx_word' id='word_1_810' title='bbox 2214 5669 2369 5736; x_wconf 77' lang='lat' dir='ltr'><strong>poeta</strong></span> <span class='ocrx_word' id='word_1_811' title='bbox 2397 5669 2597 5714; x_wconf 82' lang='lat' dir='ltr'><strong>noster.</strong></span> 
     </span>
    </p>
   </div>
   <div class='ocr_carea' id='block_1_129' title="bbox 3011 5745 3079 5807">
    <p class='ocr_par' dir='ltr' id='par_1_129' title="bbox 3011 5745 3079 5807">
     <span class='ocr_line' id='line_1_131' title="bbox 3011 5745 3079 5807; baseline 0 -2"><span class='ocrx_word' id='word_1_812' title='bbox 3011 5745 3079 5807; x_wconf 81' lang='lat'><strong>19</strong></span> 
     </span>
    </p>
   </div>
  </div>
