3856 6190
231 246 330 300 .587

297 360 566 422 Ηίθεοι-ιιι,
594 363 647 411 et
675 355 834 411 nullis
861 353 1087 410 vocibus
1109 367 1234 408 orsa
1257 351 1444 406 dabat.

231 450 475 521 Denique
501 464 592 504 rex
625 461 650 489 ει
679 456 860 502 vatem
881 453 1152 517 prostrato
1172 457 1401 514 corpore
1423 443 1635 509 adorat,

304 541 565 599 Paulinus
586 556 764 612 regem
789 538 1015 608 suscipit
1039 552 1168 593 ecce
1187 537 1356 607 pium.

232 635 496 707 llymnica
526 634 668 688 dicta
690 633 839 687 dedit
862 631 1011 686 vario
1034 645 1283 686 sermone
1305 627 1506 684 referta
1533 647 1546 684 :

303 730 493 800 Perge,
521 729 615 794 ait,
647 728 716 784 ad
742 727 995 783 Carolum
1026 741 1125 796 pro
1150 726 1367 796 pietate.
1393 723 1544 779 Vale.

232 821 464 879 Cresaris
490 829 550 876 ut
572 821 752 892 primo
775 828 927 876 vates
948 820 1196 890 pervenit
1227 820 1292 873 ad
1325 834 1535 884 aurem,

300 913 504 971 Ordine
532 920 725 967 cuncta
751 927 850 967 suo
875 912 990 966 haec
1017 911 1269 966 recitavit
1300 910 1350 963 ei
1380 928 1391 962 :

236 1005 294 1061 Si
324 1003 466 1060 Deus
487 1004 516 1044 δ
541 1017 572 1058 e
600 1011 783 1058 vestro
809 1002 1146 1057 Francorum
1184 1000 1392 1055 semine
1421 1015 1604 1071 regem

308 1095 558 1161 Ordinat,
585 1095 687 1149 iste
718 1093 825 1148 tuis
851 1093 1070 1148 sedibus
1095 1099 1252 1162 aptus
1278 1091 1402 1145 erit.

235 1187 359 1243 Rrec
387 1185 576 1259 paucis
597 1185 812 1254 sapiens
842 1182 1065 1238 Carolus
1094 1182 1364 1253 pandebat
1386 1180 1634 1245 alumnis,

303 1278 543 1348 Quorum
569 1291 730 1333 causa
764 1286 786 1314 ο
817 1275 921 1329 sibi
959 1273 1196 1336 credula,
1228 1273 1340 1328 sive
1364 1273 1604 1342 placens,

235 1371 461 1429 Missum
503 1371 699 1426 iterum
738 1376 990 1432 revocat,
1035 1365 1230 1436 quzerit
1268 1380 1482 1435 quoque
1532 1365 1584 1418 in
1627 1365 1814 1420 ordino

1457 1455 1710 1528 lennem,

304 1551 549 1621 Qualiter
576 1548 807 1621 insignis
827 1547 957 1604 urbs
988 1547 1266 1603 dominata
1295 1547 1455 1602 feret.

303 1699 330 1772 ξ
456 1690 545 1772 est
567 1681 890 1772 Ludovicus;
919 1677 1119 1772 ξαιεζη,
1142 1681 1257 1772 Ρος
1286 1679 1808 1772 est‘patriarclr‘am.“
1841 1713 1890 1772 Β

303 1755 334 1796 ι)
372 1753 703 1811 Ῡεηῑοίηἰιιῐη
751 1751 892 1806 istud
939 1747 1006 1805 de
1053 1750 1312 1807 Ludovici
1348 1747 1428 1804 Pii
1468 1758 1591 1819 post
1631 1748 1811 1803 Caroli

235 1824 412 1897 Magni
445 1821 853 1897 _parentis_sui_
880 1828 1109 1897 mortem
1136 1821 1494 1897 successione
1539 1819 1603 1872 ad
1643 1820 1810 1897 impe-

233 1889 398 1960 rium,
427 1889 652 1948 A'lcuino
677 1891 856 1946 abbati
887 1890 1244 1945 celeberrimo
1263 1890 1456 1946 tribuit
1476 1897 1667 1944 auctor
1694 1889 1810 1958 ejus

231 1963 369 2020 Vita:
411 1962 528 2019 fere
562 1961 971 2031 tequalisteap.
1025 1961 1110 2024 10,
1151 1968 1291 2031 part.
1331 1977 1373 2026 ι,
1402 1976 1525 2031 pag.
1556 1960 1680 2031 156,
1711 1975 1812 2014 sa:-

231 2034 353 2090 culo
381 2049 435 2088 IV
457 2032 788 2089 Benedictin.
821 2030 1190 2100 Interrogatus
1216 2032 1360 2085 enim
1393 2030 1612 2085 sanctus
1639 2030 1808 2085 abbas

231 2120 263 2158 a
307 2103 521 2169 Carolo,
552 2117 713 2172 quem
751 2114 1122 2172 successorem
1158 2101 1280 2172 ipse
1321 2101 1377 2172 in
1407 2101 1644 2172 imperio,
1665 2109 1810 2172 esset

229 2173 536 2237 habiturus,
574 2169 860 2241 respondit
888 2187 902 2241 ξ
941 2187 975 2241 «ξ
1004 2169 1241 2226 Habebis
1268 2169 1597 2226 Ludovieum
1633 2170 1811 2224 humi-

231 2244 357 2308 lem,
401 2239 769 2299 successorem
817 2239 1098 2294 eximium.
1137 2261 1159 2294 ›
1207 2241 1342 2296 Tum
1382 2242 1448 2296 ad
1491 2241 1812 2295 assistentcs

233 2329 530 2368 conversus
557 2315 634 2366 ait
663 2328 678 2365 :
721 2329 745 2362 ο
777 2309 1012 2366 Cernitis
1039 2310 1376 2366 Ludovieum
1413 2310 1673 2365 fratribus
1695 2311 1810 2364 suis

234 2383 616 2438 humiliorem?
660 2391 806 2438 certe
831 2378 1086 2451 videbitis
1114 2382 1256 2436 hunc
1281 2381 1423 2451 patri
1450 2380 1817 2436 celsissimum

234 2467 623 2510 successorem.
646 2474 665 2506 ι
692 2451 809 2508 Utri
828 2465 894 2522 ex
918 2448 1067 2505 hisce
1089 2448 1443 2522 scriptoribus
1462 2451 1640 2522 potius
1661 2451 1813 2522 adhi-

237 2524 414 2580 benda
454 2525 525 2580 sit
565 2523 715 2588 fides,
773 2521 1002 2578 aliorum
1049 2529 1168 2576 esto
1205 2520 1489 2591 judicium.
1543 2521 1820 2575 Fortassis

1565 2687 1831 2699 m—

1551 237 1854 295 EBMOLDI
1892 235 2166 293 NIGELLI

1844 352 1896 410 Α
1921 345 2038 414 Quo
2065 361 2161 400 rex
2193 344 2410 415 ingenio
2438 342 2628 398 Zadun
2657 356 3014 412 comprensus
3051 340 3286 406 adesset,

1991 437 2244 506 Quosque
2270 437 2433 491 duces
2460 435 2601 492 bello
2629 441 2895 490 straverat
2924 435 3039 504 ipse
3061 432 3195 490 fere.

1920 529 2050 600 Bigo
2075 531 2249 585 bonus
2275 529 2531 593 recitans,
2567 536 2862 597 narratque
2895 543 2994 596 per
3020 528 3204 581 omnia
3234 543 3383 594 vera,

1990 619 2156 689 Cujus
2177 621 2342 675 verba
2369 620 2491 691 pius
2516 618 2696 675 Caesar
2721 619 2927 674 honore
2954 617 3101 673 colit.

1918 711 2100 767 Caesar
2125 711 2279 766 lzetus
2299 713 2349 767 ei
2377 721 2622 782 pateram
2656 709 2705 777 ἀ,
2735 726 2840 780 qua
2870 709 3010 765 forte
3037 710 3254 764 bibebat

1989 801 2250 874 Porrigit,
2285 801 2374 857 ille
2400 801 2537 857 bibit
2561 801 2790 871 impiger
2810 801 3003 855 hausta
3035 799 3192 864 meri,

1919 895 2040 951 Mox
2067 895 2330 950 famulum
2360 894 2516 950 donis
2552 894 2827 962 variisque
2855 892 3152 947 honoribus
3171 906 3406 958 ornans,

1988 983 2134 1039 Misit
2159 992 2214 1039 et
2239 983 2307 1038 ad
2337 983 2576 1039 sobolem
2603 997 2827 1037 munera
2857 997 3052 1054 magna
3075 997 3249 1036 suam.

1920 1073 2197 1128 Laudibus
2221 1082 2278 1128 et
2298 1074 2455 1128 donis
2478 1075 2655 1144 pergit
2680 1073 2985 1129 celeranter
3005 1081 3258 1138 onustus,

1987 1167 2166 1222 Lagtus
2189 1177 2242 1222 et
2268 1168 2335 1222 ad
2360 1182 2537 1239 regem
2568 1151 2815 1238 pervenit
2842 1182 2970 1222 ecce
3001 1183 3178 1221 suum.

1916 1261 2100 1315 Laetus
2126 1269 2185 1314 ut
2211 1257 2364 1314 exsul
2392 1269 2414 1297 ε
2443 1266 2531 1313 eat
2551 1257 2764 1328 Pippini
2795 1259 2849 1312 in
2883 1273 3045 1328 regna
3073 1256 3334 1326 potentis,

1988 1347 2244 1404 Conferat
2263 1347 2588 1414 Altitonans,
2615 1347 2797 1402 Caesar
2820 1356 2874 1402 et
2904 1347 3020 1416 ipse
3038 1357 3249 1417 potens.

1917 1440 2140 1495 Laetitia:
2161 1455 2308 1510 ergo,
2339 1438 2536 1504 libelle,
2563 1438 2765 1492 habeas
2797 1438 2898 1493 sub
2931 1438 3154 1494 nomine
3173 1437 3368 1502 ﬁnem,

1986 1530 2279 1586 Fratribus
2301 1537 2362 1585 ut
2383 1529 2552 1586 ternis
2573 1529 2916 1586 consociatus
2941 1543 3053 1584 eas.

1916 1673 2155 1742 utrique.

1992 1755 2014 1782 ο
2049 1743 2245 1800 Nescio
2286 1760 2355 1816 an
2382 1744 2470 1799 hic
2491 1743 2816 1816 adhibeatur
2841 1763 3003 1801 causa
3027 1759 3255 1816 proras.
3299 1746 3502 1808 Obstat-

1919 1830 2022 1870 rus
2067 1830 2258 1870 sensus
2302 1815 2375 1869 ita
2419 1814 2770 1884 explicandus
2810 1814 3066 1872 videtur}
3105 1814 3339 1876 Carolus
3382 1821 3502 1875 haec

1917 1886 2187 1958 pandebat
2204 1884 2569 1958 familiaribus
2591 1887 2725 1952 suis,
2750 1887 2944 1956 quibus
2972 1887 3230 1958 majorem
3264 1889 3506 1946 habebat

1918 1955 2324 2029 ﬁdem,_quique
2344 1955 2579 2024 sibiprze
2607 1955 2817 2029 caeteris
2842 1955 3145 2029 placebant.

1986 2024 2013 2064 ἀ
2054 2024 2188 2096 Vide
2214 2024 2563 2096 Anonymum
2608 2024 3029 2096 Salernitanum,
3055 2041 3398 2088 enarrantem
3422 2031 3503 2084 vi-

1913 2111 2048 2150 num
2069 2095 2389 2171 aptdovico
2408 2095 2457 2171 _ll
2475 2099 2718 2171 Augusto
2743 2099 3084 2170 propinatum
3105 2100 3371 2159 Landulfo
3395 2101 3508 2171 epi-

1914 2166 2711 2307 sc‘ipidcé‘l’.“a§}§t'i§333'ﬂl§§
2739 2166 2992 2312 ἷίἷέἓὲῗιιξξ
3015 2173 3367 2314 ἓέὲ¹ιξ¹¹ἐξςηι
3407 2166 3506 2298 (ἐς.

1915 2315 2256 2384 ρηεεεξιιμν-ιῃι
2290 2309 2391 2384 sibi
2421 2309 2672 2384 libertate
2692 2309 2831 2384 data
2848 2309 3234 2384 liceat'reverti
3256 2313 3310 2384 in
3338 2330 3501 2384 regna

1919 2377 2149 2454 Pippini.
2174 2378 2430 2454 Pippinus
2452 2379 2949 2454 hiceratLudoviei
2973 2384 3051 2440 Pii
3078 2385 3238 2440 filius.
3262 2377 3506 2454 Ejus're-

1917 2448 2420 2588 1ςξῖιιιῐιὲιᾶέὶίιιιίιίιηἰςι.
2489 2449 2623 2505 Vide
2650 2450 3032 2510 Praefationem
3081 2470 3260 2510 meam
3301 2448 3369 2509 ad
3396 2455 3502 2509 hoc

1971 2534 2016 2572 »ις
2119 2558 2130 2573 .

1971 2534 2130 2573 )ema.

1853 2685 3498 2716 ._______._______________________

1398 2810 1697 2886 LIBER
1773 2807 2333 2889 SECUNDUS.

1713 2971 1836 2981 ...-

2476 2903 2512 2930 ἢ

1837 2970 2027 2980 ..υ-...-

235 3057 484 3124 Jamque,
507 3053 719 3110 favente
738 3053 869 3120 Deo,
892 3053 1130 3108 Francos
1157 3067 1260 3121 pax
1283 3052 1522 3119 undique
1556 3052 1808 3114 habebat,
1839 3054 1882 3116 (ζ
1989 3051 2111 3110 Visa
2140 3055 2266 3122 fuit,
2290 3073 2506 3130 semper
2527 3069 2611 3115 est
2640 3062 2771 3116 mihi
2805 3076 2956 3118 cessa
2984 3063 3010 3102 δ
3036 3069 3202 3118 modo

312 3146 590 3202 Straverat
611 3144 865 3202 adversos
892 3144 1140 3214 Marsque
1162 3144 1414 3211 Deosque
1435 3142 1599 3195 viros.

236 3237 478 3308 Namque
504 3249 668 3291 senex
693 3233 918 3291 Carolus
945 3235 1128 3291 Caesar
1153 3233 1481 3289 venerabilis
1509 3232 1625 3286 orbi

307 3325 608 3383 Concilium
643 3337 668 3365 ο
693 3333 915 3380 revocat
936 3326 1003 3379 ad
1026 3339 1122 3379 sua
1147 3331 1288 3378 tecta
1325 3337 1540 3377 novum.

233 3423 439 3474 Aurato
467 3415 710 3470 residens
731 3415 868 3470 solio
891 3415 971 3469 sic
993 3414 1161 3483 coapit
1187 3414 1255 3467 ab
1287 3414 1424 3477 alto,

305 3505 475 3562 Electi
495 3504 698 3560 circum
722 3518 884 3573 quem
922 3504 1160 3559 resident
1184 3503 1413 3560 comites
1439 3522 1457 3556 ;

237 3597 452 3662 Audite,
479 3611 512 3650 o
533 3610 808 3666 proceres,
834 3603 1022 3651 nostro
1049 3595 1344 3650 nutrimine
1376 3594 1528 3659 freti,

354 3688 501 3758 gnita
521 3701 686 3741 narro
706 3686 943 3755 quidem,
967 3701 1204 3755 veraque
1229 3685 1565 3755 credoisatis.

238 3778 378 3832 Dum
403 3777 533 3830 mihi
557 3790 790 3844 namque
816 3775 956 3829 foret
974 3774 1215 3842 juvcnali
1248 3776 1275 3816 ιλ
1299 3777 1351 3829 in
1373 3791 1603 3845 corpore
1626 3787 1811 3843 Virtus,

309 3865 527 3922 Viribus
552 3873 712 3933 atque
733 3865 900 3918 armis
929 3863 1112 3919 ludere
1131 3881 1260 3919 cura
1291 3865 1409 3920 fuit.

240 3955 354 4009 Non
379 3963 597 4024 torpore
620 3969 764 4018 meo,
801 3954 1052 4023 turpique
1089 3970 1312 4024 pavore,
1351 3955 1588 4024 fatebor,

309 4044 644 4099 Francorum
665 4042 802 4098 fines
826 4041 956 4113 gen‘s
985 4044 1200 4099 inimica
1229 4046 1368 4100 tulit.

238 4135 356 4192 3am
381 4150 600 4208 quoque
625 4135 844 4206 sanguis
868 4135 1052 4201 hebet,
1085 4139 1344 4205 torpescit
1371 4138 1486 4194 dira
1511 4151 1780 4199 senectute.

309 4226 526 4282 Florida
547 4227 778 4283 canities
807 4225 980 4281 lactea
1009 4226 1146 4282 colla
1170 4227 1392 4296 premit.

238 4319 467 4374 Dextera
497 4315 745 4372 bellatrix
771 4316 1042 4385 quondam
1071 4317 1276 4372 famosa
1305 4333 1402 4387 per
1430 4317 1648 4384 orbem,

311 4409 583 4481 Sanguine
604 4406 852 4478 frigente,
879 4406 992 4478 jam
1030 4409 1381 4463 tremebunda
1413 4410 1582 4464 cadit.

239 4501 425 4558 Proles
457 4513 478 4541 ε
508 4509 634 4556 nata
671 4500 801 4554 mihi
830 4501 1041 4570 superis
1062 4501 1323 4557 abscessit
1349 4501 1418 4556 ab
1437 4503 1569 4567 oris,

308 4592 506 4649 Ordine
526 4591 709 4647 functa
733 4606 850 4657 suo,
877 4592 982 4646 heu
1007 4599 1019 4645 t
1053 4591 1312 4646 tumulata
1330 4590 1508 4659 jacet,

241 4685 346 4741 Sed
383 4701 596 4756 quoque
618 4699 739 4755 quae
769 4685 946 4754 potior
985 4683 1322 4754 Dominoque
1360 4684 1658 4754 placentior
1686 4684 1822 4738 olim

310 4855 336 4884 ι
364 4841 705 4913 Eginhardus
745 4843 799 4896 in
826 4842 1125 4898 Annalibus
1160 4843 1228 4896 ad
1250 4858 1448 4898 annum
1481 4843 1619 4898 815:
1659 4862 1676 4895 ι
1710 4843 1816 4900 lla-

240 4913 357 4984 bito
399 4911 652 4984 generali
673 4920 958 4984 conventu,
999 4922 1281 4984 evocatum
1303 4913 1369 4967 ad
1397 4928 1455 4967 se
1481 4913 1820 4984 ‘Aquisgrani

242 4979 426 5037 ﬁliuni
439 4979 963 5055 suurnlfudovicum
998 4981 1518 5055 Aquitanige‘regem
1545 4979 1819 5055 excipiens

241 5064 499 5107 coronam
546 5049 625 5120 illi
656 5050 934 5120 imposuit,
985 5059 1041 5106 et
1066 5049 1381 5120 Vimperialis
1401 5049 1684 5109 'nominis'
1715 5056 1818 5110 sibi

242 5128 553 5176 consortem
586 5115 750 5174 tbcitf
779 5141 799 5174 ›
849 5119 976 5175 Haec
1006 5115 1180 5175 latius'
1210 5123 1276 5175 ad
1316 5123 1563 5177 eumdem
1614 5139 1818 5180 annum

241 5185 349 5263 815
373 5196 676 5263 narrantur
696 5189 765 5244 ab
793 5199 1032 5263 auctore,
1053 5189 1188 5246 Viue
1214 5190 1469 5248 Ludovici
1496 5193 1682 5263 ipsius.

314 5261 344 5300 1»
372 5260 450 5331 ita
476 5259 530 5314 in
559 5274 662 5314 ms.
697 5275 794 5330 pro
813 5260 1055 5331 juvenili.

316 5341 340 5370 ο
371 5329 638 5384 Nimirum
687 5329 736 5385 ei
773 5329 1282 5407 morSAprmmatura
1319 5347 1473 5407 anno
1485 5333 1592 5407 810
1635 5335 1817 5407 Pippi-

241 5413 404 5473 num,
429 5415 570 5473 anno
582 5409 771 5473 autem
796 5400 892 5456 811
911 5399 1196 5473 Carolum,
1228 5402 1420 5458 ambos
1451 5399 1818 5473 ejusdem'Ca-

244 5469 344 5541 τι)ῐῇ
367 5470 541 5541 Magni
572 5470 726 5533 filios,
756 5470 1067 5527 sustulerat.

269 5597 272 5602 _
315 5535 343 5572 ¹¹
376 5540 435 5594 ld
456 5535 568 5604 est,
591 5542 789 5595 relicta.

320 5622 343 5649 ο
376 5609 524 5667 L'ltra
555 5626 862 5668 mensuram
896 5612 1153 5681 excurrit,
1188 5613 1312 5684 quia
1353 5622 1556 5686 septem
1591 5615 1816 5687 pedibus

1922 3144 2030 3201 Nec
2050 3162 2146 3202 vos
2171 3147 2411 3204 deseruit
2441 3151 2688 3207 Christus
2705 3195 2718 3219 ,
2747 3155 2837 3224 qui
2865 3157 3108 3225 germine
3131 3164 3326 3212 nostro

1994 3234 2269 3302 Servaret,
2305 3239 2524 3306 Franci,
2559 3259 2702 3298 nunc
2731 3245 2970 3299 sobolem
2995 3245 3268 3314 placitam.

1919 3331 2013 3385 llla
2040 3332 2178 3386 meis
2202 3347 2416 3402 semper
2455 3335 2728 3392 delectans
2776 3337 2974 3408 inclyta
2998 3337 3166 3407 jussis

1991 3424 2199 3490 Paruit,
2228 3433 2391 3494 atque
2421 3442 2599 3481 meum
2624 3428 2792 3482 edidit
2820 3429 3130 3500 imperiunm.

1924 3513 2152 3584 Semper
2181 3530 2367 3571 amore
2410 3515 2506 3571 Dei
2542 3517 2908 3574 Ecclesiarum
2953 3521 3079 3590 jura
3102 3521 3343 3582 novavit.

1993 3603 2210 3659 Credita
2241 3621 2409 3676 regna
2432 3609 2534 3662 sibi
2556 3610 2782 3664 contulit
2807 3611 2861 3664 in
2887 3612 3100 3667 melius.

1923 3695 2147 3752 Vidistis
2174 3712 2295 3766 quae
2320 3699 2459 3754 dona
2492 3711 2514 3740 ε
2541 3700 2670 3755 olim
2697 3701 3006 3759 Maurorum
3040 3703 3227 3760 funere
3251 3707 3410 3761 misit

1993 3785 2215 3858 Regem,
2241 3802 2412 3850 arma,
2439 3797 2494 3843 et
2512 3789 2743 3857 vinctos,
2765 3806 2959 3864 magna
2988 3801 3187 3864 tropaea
3213 3795 3394 3849 simul.

1933 3877 2030 3934 Vos
2052 3877 2182 3931 mihi
2208 3877 2489 3932 consilium
2514 3876 2620 3933 fido
2642 3881 2708 3935 de
2729 3890 2969 3950 pectore,
2996 3883 3213 3946 Franci,

1992 3969 2166 4024 Dicite
2197 3985 2211 4033 ;
2241 3984 2340 4024 nos
2370 3980 2624 4041 prompte
2643 3988 2768 4027 mox
2797 3988 3119 4045 peragamus
3154 3978 3316 4033 idem.

1925 4061 2078 4115 Tunc
2102 4059 2406 4118 lleinardus
2435 4061 2453 4100 ί
2483 4071 2604 4117 erat
2625 4062 2803 4119 Caroli
2826 4065 3062 4122 dilectus
3078 4083 3283 4132 amore,

1992 4151 2316 4221 lngenioque
2341 4167 2528 4222 sagax,
2551 4161 2606 4208 et
2630 4153 2872 4211 bonitate
2892 4158 3100 4229 vigens.

1921 4240 2022 4295 the
2045 4242 2190 4296 cadit
2218 4250 2344 4297 ante
2368 4244 2551 4312 pedes,
2583 4247 2810 4318 vestigia
2840 4248 3015 4305 basiat
3049 4250 3214 4316 alma,

1993 4332 2192 4387 Doctus
2216 4333 2458 4389 consiliis
2479 4334 2664 4405 incipit
2693 4337 2796 4393 ista
2816 4341 2964 4408 prior
2989 4355 3005 4394 :

1843 4414 1903 4474 Β
1924 4419 1972 4475 0
1998 4420 2178 4476 Caesar
2204 4421 2409 4478 famose
2432 4425 2578 4493 polo,
2603 4434 2878 4498 terraque,
2919 4433 3188 4503 marique,

1995 4511 2299 4568 Cmsareum
2323 4515 2414 4584 qui
2445 4517 2542 4572 das
2562 4533 2757 4574 nomen
2785 4521 2986 4578 habere
3012 4525 3144 4579 tuis.

1923 4601 2136 4657 Addere
2162 4605 2404 4661 consiliis
2434 4607 2508 4661 nil
2529 4616 2772 4670 nostrum
2796 4620 2878 4666 est
2908 4628 3089 4683 posse,
3122 4629 3224 4671 nec
3258 4615 3350 4670 ulli

1995 4692 2203 4749 Hortali
2227 4696 2406 4766 potius
2427 4695 2675 4756 Christus
2695 4698 2896 4757 habere
2914 4703 3080 4758 dedit.

1922 4857 2134 4926 constat
2168 4849 2496 4908 hieversus.
2531 4851 2828 4926 Delendum
2857 4855 2994 4912 illud
3018 4857 3184 4926 dona,
3214 4859 3380 4916 veluti
3409 4877 3507 4918 su—

1920 4917 2204 5002 perfluum,
2222 4929 2325 5002 “et.
2344 4937 2374 4976 a
2403 4923 2658 5002 quopiam
2685 4926 2853 4983 sciolo
2885 4917 3185 4997 adjecme
3213 4917 3504 5002 legendum

1922 5001 2048 5060 vero
2065 5008 2090 5060 4:
2134 4989 2352 5060 Vidistis
2378 4989 2495 5060 qua:
2512 4989 2667 5051 olim.

1996 5058 2021 5140 ξ
2049 5057 2150 5141 Qui
2174 5059 2264 5141 hic
2289 5057 2678 5141 poevlzepcstro
2707 5067 3040 5141 nominatur,
3065 5069 3210 5126 idem
3225 5079 3309 5126 est
3335 5077 3510 5141 atque

1923 5127 2387 5212 Eqinl'rgrdus,:\'ir
2407 5132 2815 5212 celeberrimus,
2839 5139 2908 5194 ab
2934 5127 3072 5212 _a__liis
3100 5127 3506 5212 quoqueianti-

1923 5156 2279 5200 ugmuuruua,
2308 5156 2387 5185 VII'
2407 5156 2815 5202 celeuerrlmus,
2839 5156 2908 5194 an
2949 5156 3072 5195 atus
3140 5157 3172 5194 Il
3249 5156 3316 5196 ue
3356 5156 3506 5195 anu-

1919 5199 2039 5280 quis
2059 5197 2696 5280 Heinardttsappcllatus,
2719 5215 2909 5280 auctor
2933 5208 3070 5265 Vitae
3091 5156 3269 5265 ἔτιῇί
3297 5211 3508 5280 Magni,

1919 5277 2098 5337 atque,
2133 5279 2192 5324 ut
2227 5271 2379 5326 multi
2416 5271 2771 5341 arbitrantur,
2809 5279 2974 5334 etiam
3013 5279 3301 5335 Annalium
3321 5271 3505 5334 FﬁanL

1921 5353 2134 5423 corum,
2179 5341 2423 5423 notarius
2453 5353 2509 5398 et
2533 5344 2815 5423 familiaris
2837 5349 3025 5423 _i_psiu_s
3047 5350 3293 5423 Augusti,
3339 5351 3510 5423 eique

1925 5412 2069 5463 inter
2104 5425 2305 5480 paucos
2335 5412 2641 5490 charus,_ut
2670 5412 2957 5490 Ermoldus
2989 5421 3104 5490 ipse
3129 5412 3372 5490 t’estatur.
3403 5412 3507 5475 l'm-

1923 5494 2068 5552 mam
2105 5495 2320 5550 quoque
2354 5483 2522 5552 ipsius
2554 5484 2732 5542 Caroli
2769 5488 2934 5545 tiliam
2975 5483 3195 5548 duxisse
3225 5489 3457 5546 traditur
3481 5510 3498 5542 ;

1925 5550 2068 5620 quod
2101 5559 2277 5606 tamen
2299 5550 2406 5608 non
2435 5570 2588 5625 reque
2625 5567 2852 5616 certum.
