3856 6190
312 355 418 412 589

308 471 442 538 Qum
464 469 559 523 tibi
591 469 753 524 corde
773 469 915 523 Deus
947 469 1233 524 miseratus
1257 472 1502 535 contulit,
1532 473 1720 528 hortor

380 559 719 626 Quantocius
745 573 942 627 parens
971 561 1148 613 omnia
1172 561 1440 630 perﬁcias.

307 654 500 716 Filius,
532 653 690 711 alme,
727 653 821 705 tibi
851 653 1136 722 prtedulcis
1171 655 1410 708 moribus
1438 664 1634 717 exstat,

375 743 485 797 Pro
515 742 725 796 meritis
747 743 838 810 qui
871 743 988 811 quit
1012 757 1172 813 regna
1205 752 1390 798 tenere
1413 753 1522 798 tua.

302 831 461 885 nunc
493 831 729 900 petimus
761 831 966 894 cuncti,
988 831 1269 900 majorque
1310 834 1596 902 minorque
1620 834 1886 903 popellus,

376 924 535 977 Ilunc
560 924 698 993 petit
723 923 989 987 Ecclesia,
1013 923 1262 978 Christus
1286 934 1341 978 ct
1365 925 1477 995 ipse
1504 925 1667 978 favet.

302 1017 403 1072 llic
435 1016 575 1070 valet
601 1015 812 1086 imperii
833 1024 957 1083 post
986 1016 1158 1069 tristia
1187 1014 1375 1070 funera
1407 1017 1568 1071 vestri

373 1109 507 1164 Jura
532 1118 716 1164 tenere
754 1109 944 1173 armis,
999 1110 1342 1179 ingenioque,
1381 1109 1502 1165 ﬁde.

300 1203 510 1256 Annuit
532 1210 588 1255 at
613 1201 794 1257 Czcsar
826 1201 999 1262 Iratus,
1038 1201 1418 1270 Christumque
1439 1211 1708 1272 precatur.

375 1292 539 1347 Mittit
561 1301 616 1347 et
635 1291 702 1346 ad
726 1291 965 1347 sobolem
992 1307 1117 1346 mox
1146 1293 1434 1347 celeranda
1458 1308 1634 1347 suam.

299 1387 569 1456 Tempore
596 1401 830 1454 namque
865 1384 958 1439 illo
996 1384 1232 1438 Ludovic
1273 1385 1443 1438 honus
1465 1383 1860 1454 Aquitanorum

379 1478 447 1533 Ut
477 1492 638 1546 supra
665 1475 856 1538 cecini,
887 1490 1050 1544 regna
1080 1476 1296 1530 tenebat
1316 1489 1505 1528 ovans.

294 1571 441 1637 Quid
464 1568 688 1623 moror?
721 1567 988 1635 extemplo
1019 1567 1193 1636 patris
1217 1566 1466 1635 pervenit
1493 1565 1558 1620 ad
1590 1565 1765 1620 aulam
1797 1585 1810 1619 :

368 1660 582 1714 Gaudet
610 1658 778 1726 Aquis
798 1670 822 1696 α
847 1657 1045 1720 clerus,
1074 1656 1246 1726 plebs,
1291 1671 1674 1726 proceresque,
1707 1665 1877 1726 pater.

296 1753 496 1821 Incipit
526 1752 640 1805 haec
679 1751 870 1804 iterum
893 1748 1141 1812 Carolus,
1171 1763 1268 1818 per
1286 1748 1494 1818 singula
1519 1748 1704 1811 verba,

369 1843 588 1898 Dilecta:
617 1840 751 1912 proli
789 1848 972 1894 narrat
995 1848 1049 1894 et
1071 1841 1318 1910 exposuit
1342 1859 1354 1893 :

295 1935 433 1989 Nate
458 1935 568 1989 Deo
587 1935 770 1997 chare,
794 1941 849 1987 et
870 1933 1030 2001 patri,
1059 1933 1361 2003 populoque
1389 1932 1629 1996 subacto,

362 2028 538 2094 Quem
569 2025 699 2079 mihi
728 2024 968 2080 solamen
990 2025 1158 2080 cessit
1181 2025 1383 2079 habere
1406 2025 1570 2088 Deus,

289 2119 486 2174 Cernis
533 2128 588 2172 at
619 2118 734 2187 ipse
771 2131 947 2170 meam
979 2116 1127 2170 senio
1152 2125 1482 2185 properante
1522 2121 1791 2169 senectam

365 2209 627 2273 Deﬁcere,
651 2218 704 2262 et
728 2216 940 2277 tempus
968 2208 1158 2262 mortis
1185 2206 1210 2242 ι»
1238 2207 1416 2261 inesse
1439 2206 1589 2260 mihi.

288 2300 474 2356 Prima
503 2301 606 2354 mei
628 2317 756 2354 cura
787 2283 934 2370 regni
953 2298 1322 2353 moderamina
1361 2305 1635 2359 constant,

364 2392 496 2459 Quae
524 2392 796 2446 immerito
820 2391 1062 2444 mihimet
1087 2389 1316 2444 contulit
1337 2388 1451 2458 ipse
1478 2389 1640 2442 Deus.

289 2481 411 2537 Non
434 2482 613 2544 favor,
633 2491 727 2536 aut
753 2481 940 2535 levitas
959 2479 1208 2534 humana:
1233 2479 1431 2533 mentis
1452 2479 1713 2549 adurguet
1737 2491 1759 2515 ε

363 2575 493 2642 Qua:
518 2574 612 2628 tibi
638 2574 800 2628 crede
828 2573 1038 2642 loquor,
1071 2570 1165 2626 sed
1187 2571 1400 2642 pietatis
1429 2587 1598 2625 amor.

290 2664 520 2720 Francia
540 2680 626 2719 me
651 2664 858 2734 genuit,
894 2663 1140 2718 Christus
1161 2663 1428 2717 concessit
1457 2662 1736 2727 honorem,

365 2755 547 2825 Regna
572 2763 796 2824 paterna
825 2753 956 2806 mihi
986 2752 1233 2808 Christus
1267 2752 1466 2806 habere
1490 2751 1655 2806 dedit.

290 2844 417 2898 [Itec
444 2845 632 2899 eadem
662 2844 827 2907 tenui,
856 2858 954 2897 nec
989 2859 1092 2896 non
1119 2843 1326 2912 potiora
1356 2843 1558 2912 recepi,

360 2935 789 3005 Christicoloque
814 2933 913 2987 fuit
938 2943 1139 3005 pastor,
1165 2942 1220 2988 et
1245 2949 1394 2987 arma
1415 2933 1584 3004 gregi.

286 3027 596 3083 Caesareum
614 3027 824 3097 primus
850 3026 1184 3080 Francorum
1224 3040 1418 3080 nomen
1441 3026 1686 3095 adeptus,

360 3117 582 3173 Francis
615 3118 934 3173 Romuleum
977 3132 1168 3172 nomen
1195 3116 1405 3172 habere
1433 3116 1598 3171 dedit.

289 3210 420 3269 {tce
441 3213 534 3276 ait,
565 3221 619 3266 et
640 3210 802 3281 capiti
831 3211 1058 3282 gemmis
1085 3223 1324 3279 auroque
1349 3223 1627 3272 coronam,
1651 3203 1679 3244 ιι

361 3302 620 3374 Imposuit
644 3303 838 3373 pignus
862 3300 1074 3371 imperii
1105 3299 1327 3354 sobolis.

282 3395 511 3464 Accipe,
545 3403 693 3459 nate,
717 3407 912 3455 meam,
943 3391 1161 3446 Christo
1189 3392 1482 3453 tribuente,
1507 3406 1796 3454 coronam,

356 3487 686 3558 Imperiique
720 3487 884 3540 decus
907 3485 1140 3554 suscipe,
1166 3492 1315 3548 nate,
1349 3483 1526 3538 simul.

284 3577 390 3649 Qui
415 3579 511 3634 tibi
533 3578 798 3633 concessit
830 3577 1041 3648 culmen
1069 3577 1358 3631 miseratus
1383 3574 1630 3636 honoris,

359 3746 386 3774 ι
437 3732 659 3787 Scilicet
703 3731 1056 3802 Aquisgrani.
1108 3746 1269 3800 quam
1314 3731 1494 3786 sedem
1529 3729 1628 3784 sibi
1670 3730 1864 3800 praeci—

285 3819 451 3876 puam
475 3803 745 3874 delegerat
764 3803 990 3857 Carolus
1017 3802 1258 3876 Magnus.

285 3870 397 4001 '8‘;
416 3873 546 3941 Quae
568 3870 753 3928 revera
793 3887 918 3928 eum
939 3870 1155 3927 sustulit
1177 3886 1318 3926 anno
1346 3870 1590 3941 proxime
1619 3871 1866 3940 sequenti

362 4026 386 4053 ο
418 4013 524 4068 Pro
563 4014 798 4082 adurget.
839 4012 898 4066 In
939 4011 1226 4066 Pandectis
1269 4009 1863 4082 quoquepFloreatinis,

287 4085 342 4140 in
390 4080 774 4138 vetustissimis
821 4083 1030 4152 Virgilii
1068 4081 1362 4144 codicibus,
1403 4089 1458 4152 et
1493 4080 1546 4152 in
1579 4081 1856 4152 nonnullis

286 4155 557 4225 lapidibus
605 4153 707 4225 legi
748 4149 992 4223 urguere,
1039 4152 1346 4221 Dausquius
1400 4150 1454 4205 in
1500 4149 1864 4221 Orthograph.

285 4223 690 4280 animadvertit.

353 4295 384 4335 ιι
417 4293 774 4349 Consentium
816 4292 1042 4348 annales
1079 4307 1290 4357 omnes,
1335 4307 1442 4346 non
1493 4299 1701 4345 tantum
1739 4308 1868 4344 run-

283 4375 487 4418 ctorum
508 4363 724 4418 consilio
749 4365 906 4419 totius
930 4364 1094 4434 regni,
1125 4373 1172 4416 et
1193 4361 1478 4434 imperiali;
1501 4362 1734 4434 nominis
1749 4377 1868 4414 con-

284 4379 487 4418 aorum
508 4379 724 4418 consuto
749 4379 906 4419 tonus
930 4379 1094 4434 regni,
1125 4379 1172 4416 et
1193 4381 1261 4416 rm
1332 4379 1478 4417 naua
1501 4379 1723 4416 nominis
1749 4379 1863 4414 con-

284 4443 478 4488 sortem
531 4434 882 4489 constitutum
941 4449 972 4488 a
1013 4433 1208 4488 Carolo
1245 4379 1489 4503 ﬁgusto
1533 4430 1863 4485 Ludovicum

282 4505 491 4569 ﬁlium,
530 4505 624 4559 sed
667 4506 829 4559 etiam
871 4504 1129 4575 imperiali
1177 4505 1472 4575 diademate
1505 4510 1858 4575 coronatum:

282 4591 452 4645 quam
504 4584 692 4653 tamen
732 4571 1137 4653 coronationem
1169 4581 1371 4653 postea
1414 4571 1866 4653 Stephanusllo-

283 4640 480 4770 Eubius
514 4644 753 4716 pontifex
805 4644 1074 4716 repetivit,
1127 4640 1576 4704 et'conlirmavit,
1628 4651 1687 4694 ut
1725 4640 1862 4695 infra

323 4732 354 4770 a
429 4725 536 4770 tur.

323 4725 536 4770 abetur.

361 4797 385 4825 ο
422 4784 479 4839 Id
502 4794 608 4849 est,
641 4798 803 4853 supra
838 4793 1064 4839 exteras
1089 4783 1254 4837 urbes
1289 4779 1752 4853 pnestantissima.
1785 4780 1861 4853 Ita

282 4870 415 4910 vero
458 4855 648 4909 titulus
679 4849 766 4909 hic
797 4854 1207 4924 insequentibus
1247 4849 1859 4924 temporibusinvaluit,

280 4926 345 4981 l't
366 4927 419 4997 in
451 4925 659 4997 _sigillis
687 4919 1052 4997 Augustorum
1088 4919 1457 4997 adhiberetur.
1491 4919 1736 4997 Diploma
1763 4919 1856 4974 Ot-

283 4995 470 5051 tonisI
515 4989 656 5052 anno
685 4989 801 5049 972"
823 4995 1104 5063 scriptum,
1152 4992 1370 5063 prtefert
1407 4989 1635 5061 sigillum
1685 4989 1857 5059 plum-

282 5067 444 5121 beum
489 5067 759 5135 pendens,
786 5067 838 5119 in
887 5062 1040 5134 cujus
1086 5062 1264 5119 antica
1305 5062 1500 5116 visitur
1531 5071 1693 5131 caput
1735 5076 1858 5115 eum

281 5134 575 5206 epigraphe
600 5154 772 5192 auum
810 5151 986 5197 nom;
1029 5136 1080 5188 in
1129 5134 1332 5204 postica
1368 5147 1498 5206 vero
1538 5142 1691 5206 parte
1715 5146 1861 5206 erro

282 5202 552 5261 ἱῐεῐυτόκ
612 5223 880 5260 nonnon.
947 5202 1143 5259 Eadem
1195 5213 1291 5257 aut
1339 5203 1534 5257 similia
1595 5202 1739 5270 legas
1807 5203 1858 5254 in

280 5277 558 5331 nonnullis
589 5278 708 5331 aliis
735 5277 1007 5330 Czesarum
1043 5274 1254 5345 sigillis.

363 5345 381 5384 τ
423 5346 535 5402 Hoc
561 5357 662 5410 est,
696 5345 788 5401 dat
817 5344 1235 5399 licentiam’sive
1271 5344 1498 5404 veniam,
1539 5349 1700 5411 atque
1734 5356 1859 5394 eum

280 5416 438 5489 sinit
458 5419 524 5472 ad
564 5433 724 5489 regna
753 5417 992 5486 propria,
1017 5418 1127 5489 sive
1152 5417 1213 5489 in
1229 5414 1593 5489 Aquitaniam,
1627 5411 1857 5489 regredi.

359 5489 384 5526 ε
414 5487 571 5541 Anno
601 5480 724 5550 8'14,
753 5480 822 5541 'ut
854 5480 1020 5556 supra
1071 5487 1241 5550 innui,
1295 5480 1458 5539 tinem
1492 5482 1702 5535 vivendi
1735 5480 1863 5534 fecit

269 5557 704 5627 gloriosissimus
741 5557 1051 5625 imperator.

359 5629 385 5667 δ
415 5627 470 5682 1η
508 5627 626 5682 Vita
654 5619 905 5681 Ludovici
935 5627 1011 5680 Pii
1043 5625 1230 5679 eadem
1255 5624 1502 5695 leguntur
1529 5621 1612 5674 his
1643 5619 1824 5695 verbis
1849 5637 1860 5670 :

293 5695 615 5768 {Defuncto
643 5705 791 5768 patre
813 5713 844 5764 p
867 5714 910 5768 ῳ
933 5689 1340 5768 recordationis,
1377 5693 1572 5747 missus
1600 5699 1681 5745 est
1709 5689 1868 5742 Ram-

283 5765 396 5837 piio
425 5767 491 5820 ab
518 5767 594 5820 eis
623 5765 711 5837 qui
752 5765 1079 5834 sl'pulzuram
1109 5766 1222 5836 ejus
1250 5771 1523 5827 curarunt,
1561 5769 1615 5814 ut
1644 5767 1696 5813 et
1727 5775 1867 5814 mor-

1184 358 1269 412 DE
1311 360 1541 415 REBITS
1582 361 1826 415 GESTIS
1870 359 2194 415 LUDOVICI
2234 360 2339 414 PII.
2377 391 2447 401 -—
2483 361 2610 416 LIB.
2652 363 2714 416 Il.

3477 371 3580 424 5m

1917 477 1964 534 Α
2061 470 2316 528 Conferat
2356 473 2470 543 ipse
2499 472 2591 528 tibi
2623 488 2783 545 posse
2821 472 3034 545 placere
3066 478 3191 535 sibi.

1999 562 2132 616 Tum
2168 573 2320 634 pater
2359 575 2412 620 ct
2438 567 2650 623 soboles
2686 570 2976 638 przestandi
3006 587 3232 628 munere
3258 572 3388 638 laeti,

2065 655 2293 712 Praudia
2326 674 2517 729 magna
2547 660 2728 715 colunt
2767 678 2888 716 cum
2919 662 3120 733 pietate
3144 665 3258 718 Dei.

1994 747 2037 801 Ο
2066 746 2257 804 festiva
2288 751 2404 806 dies
2429 751 2625 807 multos
2649 753 2997 808 memoranda
3018 767 3116 823 per
3145 769 3315 809 annos
3345 757 3358 808 ε

2063 840 2332 910 Angustos
2365 843 2628 914 geminos,
2667 843 2931 899 Francica
2960 853 3128 908 terra,
3156 853 3329 900 tenes.

1991 928 2238 994 Francia,
2268 931 2458 1000 plaude
2487 931 2680 988 libens:
2711 932 2928 1002 plaudat
2959 933 3118 988 simul
3139 949 3304 989 aurea
3329 944 3352 974 ε
3380 934 3569 988 Roma.

2060 1019 2346 1090 Imperium
2375 1031 2620 1090 spectant
2647 1034 2838 1078 cetera
2860 1039 3022 1094 regna
3039 1032 3208 1078 tuum.

1990 1109 2124 1163 Tum
2149 1109 2372 1164 Carolus
2393 1112 2606 1182 sapiens
2629 1112 2814 1168 multis
2837 1115 3097 1168 suadebat
3125 1115 3424 1178 alumnum,

2059 1200 2254 1270 Ddigat
2277 1211 2335 1256 ut
2365 1202 2659 1268 Christum,
2699 1203 3100 1274 Ecclesiamque
3119 1206 3283 1261 colat.

1996 1295 2314 1364 Amplexans
2338 1297 2563 1352 nimium
2583 1297 2785 1354 libabat
2808 1308 2862 1354 et
2889 1299 3073 1355 oscula
3099 1301 3345 1371 pulchra;

2060 1389 2162 1442 Dat
2199 1387 2406 1443 licitum
2435 1388 2453 1427 τ
2479 1391 2547 1444 ad
2566 1391 2801 1460 pr0pria,
2829 1392 2993 1444 verba
3014 1405 3263 1461 suprema
3285 1401 3458 1447 sonat.

1987 1478 2253 1548 Tempore
2279 1495 2383 1534 non
2424 1480 2595 1535 multo
2621 1482 2773 1536 senio
2803 1490 3048 1536 maturus
3076 1491 3131 1536 et
3161 1483 3319 1537 annis

2057 1570 2254 1624 Yisitat
2282 1571 2532 1640 antiquos
2558 1570 2745 1626 funere
2769 1570 2954 1627 Czesar
2980 1588 3110 1627 avos
3140 1574 3184 1626 ε.

1987 1661 2200 1717 Funera
2233 1664 2394 1734 digna
2422 1671 2636 1733 parant,
2683 1664 3009 1718 mandantur
3047 1666 3289 1720 membra
3321 1665 3566 1736 sepulcro

2054 1752 2281 1809 Basilica
2308 1754 2362 1807 in
2393 1753 2627 1823 propria,
2657 1769 2820 1824 quam
2850 1753 2951 1808 sibi
2983 1752 3111 1808 fecit
3138 1752 3325 1822 Aquis.

1913 1833 1959 1890 Β
1989 1843 2219 1899 Mittitur
2246 1846 2451 1899 interea
2481 1853 2664 1899 narret
2690 1845 2778 1914 qui
2806 1844 2996 1899 funera
3020 1851 3148 1899 nato

2053 1938 2230 1993 Patris
2256 1954 2270 2002 ;
2299 1937 2450 1991 adest
2470 1936 2715 2006 Rampho
2743 1936 2772 1976 ιι
2805 1935 2896 2006 qui
2925 1935 3070 1990 celer
3107 1936 3188 1991 ire
3213 1945 3386 2007 parat.

1983 2029 2150 2084 Nocte
2182 2028 2377 2096 dieque
2403 2027 2570 2092 volat,
2601 2033 2775 2081 terras
2805 2025 3103 2096 perlabitur
3133 2025 3356 2095 amplas,

2050 2119 2304 2174 Pervenit
2334 2115 2572 2180 tandem,
2599 2131 2705 2187 quo
2735 2115 3037 2170 Ludovicus
3064 2125 3200 2170 erat.

1980 2209 2155 2266 Trans
2207 2209 2428 2264 ﬂuvium
2479 2207 2688 2279 Ligeris
2743 2206 2893 2262 locus
2949 2215 3033 2262 est
3083 2207 3280 2278 quippe
3329 2209 3462 2262 uber
3511 2219 3564 2260 et

3272 2298 3451 2370 [aptus
3477 2317 3491 2360 ;

2043 2395 2297 2465 Cingitur
2324 2394 2450 2448 hinc
2479 2391 2644 2456 silvis,
2683 2391 2812 2446 hinc
2848 2404 3063 2460 quoque
3089 2388 3342 2459 planitie;

1974 2483 2046 2539 At
2076 2484 2288 2538 medius
2317 2482 2530 2553 placido
2560 2480 2846 2536 ﬂuviorum
2870 2479 3078 2550 gurgite
3102 2488 3311 2543 vernat,

2056 2573 2302 2629 Piscibus
2330 2582 2414 2629 est
2441 2572 2658 2638 habilis,
2687 2579 2771 2626 est
2791 2569 3144 2640 Iocuplexque
3183 2567 3328 2624 feris.

1974 2667 2092 2732 Quo
2115 2666 2216 2720 Illu
2227 2665 2463 2720 dowicus
2483 2679 2652 2718 ovans
2685 2661 2941 2732 praecelsa
2965 2659 3166 2730 palatia
3199 2661 3415 2714 struxit.

2042 2758 2294 2826 Quaeris?
2324 2757 2464 2812 inest
2486 2755 2749 2810 Thedvvat
2784 2755 2800 2794 ί
2838 2767 3056 2817 nomen,
3086 2752 3277 2816 amice,
3309 2753 3410 2807 sibi

1973 2847 2091 2904 lluc
2126 2849 2214 2918 pia
2245 2848 2497 2918 subjectae
2521 2845 2783 2901 censebat
2813 2844 2995 2898 munia
3016 2842 3182 2912 plebi,

2043 2939 2258 2996 Clerum
2285 2954 2380 2994 seu
2409 2937 2667 3008 populum
2701 2951 2826 2992 cum
2857 2934 3059 3004 pietate
3099 2947 3309 3004 regens.

1971 3033 2108 3089 Cum
2135 3031 2313 3088 subito
2333 3038 2627 3101 penetrans
2655 3034 2822 3083 totam
2856 3023 3199 3081 commiscuit
3220 3022 3396 3077 aulam

2047 3126 2310 3197 Rampho,
2356 3123 2541 3180 ferens
2568 3121 2746 3180 Caroli
2785 3121 2978 3178 funera
3007 3129 3201 3176 incesta
3229 3120 3324 3192 pii.

1897 3174 1942 3234 Ο
1973 3218 2098 3273 Ilaec
2137 3174 2215 3272 utr
2234 3216 2375 3271 fama
2406 3217 2531 3270 boni
2557 3215 2803 3286 pervenit
2832 3213 2975 3286 regis
2997 3213 3064 3268 ad
3093 3174 3275 3278 aures,

2041 3311 2188 3365 Illico
2211 3310 2480 3373 tristatur,
2513 3308 2626 3374 ﬂet,
2650 3308 3021 3378 lacrymatque
3049 3313 3279 3373 patrem.

1969 3399 2114 3454 Inter
2138 3406 2456 3452 cunctantes
2483 3397 2762 3451 concurrit
2789 3395 2922 3463 Bigo
2951 3393 3233 3446 ministros
3259 3406 3273 3444 :

2040 3487 2241 3543 Suetus
2267 3494 2386 3541 erat
2413 3485 2692 3540 dominum
2719 3484 2894 3538 visere
2926 3495 3082 3536 mane.
3112 3495 3289 3534 suum.

1969 3579 2230 3633 Ilortatur
2254 3575 2460 3630 siccare
2485 3587 2671 3644 genas,
2699 3572 2970 3642 deponere
2997 3567 3191 3623 ﬂetus:

1964 3750 2078 3796 tem
2107 3737 2225 3806 ejus
2268 3731 2581 3806 Ludovicus
2624 3732 3247 3806 mature__cogn_osceret.
3285 3745 3319 3806 τι
3361 3727 3563 3806 Βεζηψο

1969 3795 2154 3862 autem
2174 3815 2229 3859 et
2257 3801 2496 3872 Rampho
2533 3801 2731 3856 dicitur
2749 3814 2813 3854 ea
2838 3795 3078 3872 licentia,
3107 3811 3213 3866 qua
3253 3795 3381 3872 olim
3403 3795 3561 3872 βαίη-ς

2003 3881 2054 3932 io
2081 3886 2138 3932 et
2163 3865 2416 3944 Camphio
2440 3872 2854 3944 scribebantur.
2901 3867 2958 3922 In
2981 3865 3260 3944 praecepto
3301 3865 3564 3944 Ludovici

2014 3949 2049 4002 ii
2075 3947 2141 4002 ad
2169 3936 2368 4000 annum
2396 3942 2502 3997 825
2529 3946 2832 4012 spectante,
2855 3936 3002 4012 apud
3025 3937 3303 4012 Baluzium
3335 3945 3465 4012 tom.
3494 3936 3563 4012 II,

1968 4034 2092 4090 pag.
2125 4014 2284 4078 1425,
2314 4005 2614 4083 Capitula}.
2667 4005 2905 4090 legiturf
2951 4005 3198 4090 Qualiter
3225 4009 3306 4089 vir
3340 4007 3564 4090 iflustris

1971 4077 2121 4159 'Ra‘po
2167 4100 2336 4140 comes
2371 4077 2604 4137 nostram
2645 4077 2777 4159 odii!
2807 4079 3171 4159 serenitatem,
3221 4077 3561 4159 privilegium

1969 4146 2221 4229 poscens
2241 4168 2340 4226 pro
2374 4151 2705 4229 monasterio
2735 4146 3070 4229 Balneolensi
3119 4147 3174 4200 in
3206 4146 3440 4229 dimcesi
3459 4146 3563 4202 Ge—

1973 4215 2259 4290 i-undensi,’
2301 4221 2445 4292 quod
2484 4223 2631 4292 ideal
2655 4235 2837 4274 comes
2884 4216 3065 4292 multis
3100 4215 3320 4292 praediis
3358 4217 3564 4292 ditave-

1970 4307 2072 4352 rat.
2119 4284 2247 4351 Sed'
2274 4284 2557 4362 legendum
2590 4288 2834 4358 Rampo;
2884 4287 3046 4362 idque
3077 4284 3145 4338 ex
3185 4284 3370 4362 altero
3392 4285 3561 4362 diplo-

1971 4376 2114 4422 male
2153 4353 2355 4419 Caroliv
2379 4360 2528 4415 Calvi
2578 4353 2830 4423 constat,
2874 4355 2964 4409 ubi
3001 4355 3047 4408 is
3069 4369 3228 4425 anno
3271 4353 3377 4425 844
3405 4353 3561 4425 plura

1969 4435 2258 4491 conﬁrmat
2277 4431 2452 4486 eidem
2489 4426 2840 4492 monasterio,
2893 4425 3043 4494 quod,
3066 4423 3363 4478 Domnulus
3391 4423 3558 4479 abbas

1971 4523 2076 4560 una
2110 4520 2201 4575 per
2227 4502 2493 4575 licentium
2539 4496 2796 4575 ιξᾳπιρρηὶ
2844 4493 3164 4575 munitionis
3191 4495 3424 4575 propriis
3444 4511 3559 4575 ma;

1971 4563 2123 4630 nibus
2173 4571 2486 4628 construxit.
2549 4563 2828 4637 Siquidem
2891 4579 3033 4637 unus
3095 4572 3152 4637 et
3196 4563 3346 4619 idem
3396 4563 3560 4637 fuerit

1967 4645 2177 4716 Rampo
2221 4656 2425 4704 eomes,
2475 4647 2532 4694 et
2571 4632 2776 4716 Bampo
2810 4634 3068 4716 .marchio
3115 4632 3298 4716 (pate;
3333 4634 3475 4716 enim
3505 4647 3558 4689 et

1967 4701 2253 4770 ﬁlius’esse
2278 4701 2589 4783 potuerunt)
2621 4701 2764 4762 nunc
2793 4704 3077 4783 discimus,
3108 4701 3232 4783 eum
3255 4701 3563 4783 Gerunden.

1965 4802 2074 4840 sem
2104 4774 2342 4839 comitem
2393 4774 2601 4845 fuisse}
2646 4791 2712 4845 ac
2747 4775 2978 4832 subinde
3024 4774 3353 4845 marchionis
3403 4775 3561 4845 titulo

1965 4864 2207 4918 auctum,
2254 4854 2396 4924 quod
2441 4841 2638 4906 marem
2666 4843 2972 4917 Hispanicae
3019 4843 3158 4901 ﬂues
3181 4852 3372 4901 contra
3395 4841 3560 4902 Sara-

1967 4941 2131 4983 CCIIOS
2158 4933 2421 4980 tueretur.

2048 5000 2062 5038 ί
2096 4997 2151 5051 In
2184 4988 2819 5066 praelaudatauLudovici
2995 4986 3118 5042 Vita
3156 4986 3411 5066 traditum,
3451 5000 3560 5066 quo

1969 5057 2212 5136 tempore
2264 5063 2486 5136 Carolus
2518 5060 2742 5132 Magnus
2789 5057 2990 5136 e_vivis
3017 5058 3274 5136 excessit,
3321 5073 3351 5136 a
3382 5057 3559 5112 Ludo—

1971 5127 2099 5192 vico‘
2118 5137 2375 5190 indictum
2402 5133 2566 5188 fuisse
2602 5127 2629 5182 ἱ
2651 5129 2939 5185 concilium
2965 5128 3216 5199 generale
3241 5129 3294 5182 in
3326 5127 3445 5182 loco
3466 5143 3560 5199 cu-

1959 5206 2050 5274 jus
2079 5205 2396 5260 vocabulum
2420 5211 2504 5280 est
2535 5200 2901 5280 Tehotvadus.
2939 5197 3170 5280 {Situm
3210 5199 3440 5280 erat‘(et
3465 5198 3560 5280 ad-

1969 5266 2074 5333 huc
2102 5289 2382 5345 superesse
2404 5274 2661 5345 dicuntur
2690 5267 2807 5339 ejus
2840 5268 3088 5345 vestigia)
3117 5266 3378 5345 ejusmodi
3411 5266 3558 5337 pala-

1967 5349 2102 5402 tium
2150 5335 2204 5399 iii
2258 5345 2474 5400 dimeesi
2520 5335 2944 5413 Andegavensi.__
2972 5335 3425 5394 Nttnc'Doadum'
3461 5349 3553 5413 seu

1973 5418 2113 5472 Dore
2142 5415 2456 5486 appellatur,
2509 5404 3032 5486 variiinominibus
3085 5413 3440 5486 memoratum
3490 5404 3558 5456 ab

1977 5472 2301 5558 Eginha'r'dp,
2351 5472 2624 5558 Thegano,
2660 5481 2952 5558 Ilincmaro
2973 5475 3298 5558 ,_annalistg
3324 5472 3557 5558 Iiliauo,

1977 5541 2052 5613 etc
2070 5541 2208 5612 aliis.
2241 5541 2316 5627 De
2362 5571 2425 5627 eo
2465 5541 2623 5627 plura
2639 5553 2833 5627 _habes
2883 5551 2937 5627 in
2976 5541 3206 5627 'l‘lotitia.
3255 5541 3552 5627 Calliaruui

1975 5627 2198 5682 Adriani
2223 5613 2522 5691 Valesii,-'ot
2549 5614 2602 5680 in
2638 5619 2988 5694 Diplomatica
3034 5613 3321 5672 Mabillonil
3353 5613 3449 5669 lib.
3479 5627 3553 5669 tv.

1972 5713 2090 5766 cap.
2122 5696 2242 5751 142.
