3856 6190
265 320 362 375 δθι

332 427 535 492 Altera,
564 427 657 490 ait,
691 440 854 481 causa
881 434 965 479 est
994 440 1135 481 nunc
1170 419 1470 494 peragenda
1497 418 1613 471 tibi.

266 519 391 573 "11“:
417 524 474 571 ut
506 527 629 572 nota
659 525 878 571 manent
911 526 1086 571 vestro
1115 515 1214 570 sub
1242 519 1480 583 pectore,
1511 510 1779 577 princeps,

338 612 564 667 llumani
601 612 815 680 generis
844 626 962 665 sors
992 617 1139 663 tenet
1168 608 1266 661 ista
1295 605 1458 658 viros.

270 702 375 757 Nos
412 717 619 764 omnes,
661 701 851 764 fateor,
883 715 1047 771 porro
1074 694 1483 768 properabimus
1512 691 1636 744 illuc.
1664 706 1678 752 ;

342 789 451 843 Non
478 798 657 843 tamen
688 803 753 842 ex
780 787 884 840 illis
912 787 1033 856 quis
1062 785 1320 855 repedare
1343 781 1503 835 valet.

266 879 513 947 Surgite,
528 886 583 931 et
610 877 894 931 ecclesiam
924 875 1102 929 cuncti
1127 884 1479 943 properemus
1516 868 1569 921 in
1610 866 1840 918 almam:

341 968 603 1037 llymnica
632 976 757 1020 vota
795 967 905 1020 Deo
934 964 1160 1035 psallere
1189 971 1400 1029 tempus
1424 956 1593 1011 adest.

272 1055 591 1111 Auscultans
630 1042 924 1116 famulum:
953 1052 1168 1105 tandem
1206 1046 1460 1110 surrexit,
1491 1054 1546 1098 ct
1575 1057 1763 1097 omnes

341 1145 601 1200 Hortatur
624 1159 806 1199 secum
838 1142 1047 1197 solvere
1071 1148 1195 1195 vota
1224 1140 1353 1192 Deo.

269 1238 385 1293 Nox
411 1238 513 1291 fuit
539 1237 628 1290 illa
659 1235 875 1305 quidem
910 1230 1133 1300 psalmis
1169 1229 1491 1301 hymnisque
1518 1223 1739 1288 referta,

342 1330 624 1384 Missurum
655 1323 884 1380 modulis
911 1331 1071 1391 atque
1098 1326 1316 1390 peracta
1344 1318 1474 1371 dics.

273 1422 456 1474 Tertia
487 1420 706 1488 jamque
737 1415 852 1469 dies
872 1413 1020 1468 claro
1046 1411 1300 1481 surgebat
1328 1408 1573 1478 Olympo,

347 1507 775 1577 Resplendetque
804 1504 915 1557 suis
934 1501 1169 1555 thbus
1202 1499 1255 1553 in
1281 1498 1412 1552 orbe
1438 1494 1627 1550 comis.

276 1600 409 1654 Cum
442 1596 677 1664 undique
700 1594 855 1647 turba
888 1591 995 1645 ruit
1022 1589 1352 1643 Francorum
1384 1584 1592 1640 concita
1626 1582 1821 1653 regnis,

349 1692 512 1760 Regis
542 1689 596 1743 in
620 1702 904 1743 occursum
928 1684 1079 1754 plebs
1106 1680 1240 1754 petit
1268 1680 1446 1734 omnis
1471 1692 1659 1732 ovans.

279 1784 342 1837 Et
374 1781 549 1837 Caroli
574 1794 825 1849 proceres
845 1790 1087 1847 prorsus,
1128 1773 1393 1843 regnique
1425 1770 1662 1840 priores,

348 1875 524 1943 Atque
552 1870 889 1926 sacerdotum
921 1866 1094 1922 currit
1118 1865 1289 1918 amica
1321 1862 1536 1917 cohors.

279 1962 689 2029 Densanturque
725 1959 845 2022 vim,
876 1956 1148 2027 replentur
1172 1953 1409 2009 claustra
1437 1952 1715 2007 domorum
1742 1966 1756 2015 ;

351 2051 464 2105 Non
495 2050 706 2119 capitur
738 2054 899 2113 tecto,
937 2045 1150 2101 scandit
1180 2044 1234 2099 in
1264 2043 1373 2098 alta
1396 2044 1604 2098 domus.

281 2141 376 2194 Fla
402 2141 524 2194 tina
561 2154 666 2194 non
695 2138 931 2192 retinent
963 2134 1220 2205 trepidos,
1253 2148 1352 2188 nec
1380 2131 1597 2188 horrida
1628 2130 1783 2193 silva,

364 2233 468 2284 Nec
491 2229 730 2299 glacialis
760 2227 954 2291 hiems,
974 2242 1072 2280 nec
1099 2224 1337 2294 pluviosa
1368 2223 1504 2277 dies.

282 2324 383 2389 Qui
416 2330 528 2375 rate
557 2336 663 2374 non
690 2319 878 2383 valuit,
908 2326 1157 2388 satagens
1178 2316 1268 2370 hic
1289 2314 1428 2369 forte
1453 2320 1641 2367 natatu

355 2413 529 2466 Trans
558 2409 776 2464 ﬂuvium
798 2408 1006 2478 Ligeris
1038 2414 1214 2462 certat
1241 2406 1390 2461 abire
1420 2403 1589 2475 prior.

284 2506 328 2559 Ο
354 2512 585 2573 quantos
616 2502 841 2573 populos
870 2501 1014 2557 celsa
1043 2501 1108 2555 de
1138 2517 1269 2570 rupe
1297 2501 1508 2555 videres

354 2596 572 2664 Absque
603 2601 719 2649 rate
748 2594 801 2647 in
833 2592 1050 2647 ﬂuvium
1074 2608 1133 2647 se
1158 2592 1286 2646 dare
1308 2593 1611 2664 prmcipites
1637 2595 1649 2647 !

291 2687 705 2742 Aurelianenses
727 2697 751 2724 α
782 2685 903 2739 illos
930 2685 1101 2739 risere
1125 2692 1407 2739 natantes:

356 2776 526 2831 Turre
555 2783 752 2831 vocant
778 2789 1022 2829 summa:
1054 2775 1205 2830 littus
1226 2784 1421 2841 amate,
1453 2776 1572 2830 viri.

285 2867 442 2921 Unus
470 2880 622 2920 amor
646 2866 856 2921 cunctis
876 2874 1015 2931 erat,
1050 2866 1299 2921 omnibus
1328 2882 1435 2920 una
1465 2866 1729 2927 voluntas,

359 2956 595 3013 Cernere
623 2940 731 3026 quo
755 2954 946 3011 faciem
977 2956 1118 3027 regis
1140 2955 1207 3009 ad
1236 2971 1406 3025 usque
1434 2964 1652 3025 queant.

290 3048 626 3102 Conveniunt
655 3049 867 3101 tandem
887 3087 900 3110 ,
932 3046 1123 3117 recipit
1151 3061 1286 3115 quos
1316 3062 1408 3100 rex
1437 3046 1556 3117 pius
1580 3062 1768 3101 omnes

361 3136 562 3192 Ordine
590 3151 859 3206 quemque
881 3152 977 3190 suo
1005 3152 1124 3191 cum
1150 3137 1365 3206 pietatis
1389 3153 1508 3208 ope.

289 3227 592 3282 Aurelianis
621 3243 788 3282 ovans
815 3227 995 3282 Cmsar
1020 3244 1141 3282 mox
1168 3229 1349 3283 visitat
1374 3230 1587 3293 urbem,

359 3318 476 3386 Quo
504 3317 696 3371 vexilla
717 3318 896 3372 crucis
927 3317 977 3381 ι’,
1005 3317 1117 3371 sive
1139 3317 1345 3371 Aniane
1374 3333 1578 3373 manes.

263 3406 513 3461 ‘lleburti
546 3407 696 3472 l'eiix,
723 3408 812 3476 qui
842 3407 1017 3477 primo
1047 3407 1185 3461 hanc
1208 3406 1424 3477 perticis
1452 3424 1656 3475 arcem,

363 3503 469 3557 Seu
501 3501 812 3566 Maximine,
842 3510 1095 3556 sancteve
1115 3499 1291 3566 Avite,
1324 3501 1511 3555 micas.

293 3598 419 3651 lude
443 3596 743 3651 Parisiacas
764 3604 1053 3667 properant
1073 3597 1180 3651 cito
1204 3598 1382 3653 visere
1411 3599 1585 3663 sedes,

367 3689 484 3753 Quo
523 3687 827 3756 Stephanus
859 3699 882 3726 ο
913 3696 1120 3757 martyr
1146 3689 1379 3743 eulmina
1410 3702 1616 3743 summa
1652 3696 1821 3756 tenet,

299 3780 438 3845 Quo,
466 3776 755 3839 Germane,
783 3785 930 3830 tuum
959 3777 1155 3831 colitur
1189 3779 1531 3833 sanctissime
1552 3796 1768 3851 corpus,

368 3867 484 3932 Quo
514 3863 804 3919 Genuveﬂ'a
832 3865 995 3918 micat
1019 3865 1169 3935 virgo
1195 3866 1371 3920 dicata
1402 3867 1530 3921 Deo.

296 3957 497 4011 lrmino
524 3954 547 3995 ἀ
582 3954 775 4024 plaudc
807 3954 998 4021 libens,
1036 3955 1180 4025 quod
1209 3958 1405 4027 saepius
1438 3973 1565 4015 ecce
1596 3962 1837 4032 rogasti:

367 4102 392 4129 α
409 4087 674 4158 Praeclara
685 4085 1088 4158 Aurelianensis
1100 4087 1250 4153 urbs,
1269 4085 1510 4158 Orle'ans,
1530 4086 1682 4144 sedet
1693 4097 1749 4144 et
1761 4089 1877 4158 ipsa

296 4160 364 4215 ad
388 4158 621 4229 Ligerim
652 4155 726 4229 (tu
755 4156 950 4229 Loire),
981 4156 1075 4213 sed
1096 4173 1256 4229 supra
1279 4157 1738 4229 Andegavensem,
1765 4155 1879 4215 sive

300 4226 519 4300 Angefs,
552 4226 1105 4300 quo'Aquisgranensi
1134 4226 1190 4282 e't
1213 4226 1504 4300 Parisieusi
1529 4243 1600 4300 ex
1626 4229 1760 4284 urbe
1784 4244 1879 4298 po-

298 4296 776 4368 tissimum’populi
808 4296 1150 4368 conﬂuebant
1189 4298 1255 4352 ad
1299 4297 1636 4368 iuviscndum
1679 4296 1879 4354 novum

295 4366 615 4440 Augustum}
666 4366 762 4423 “Uti
810 4366 1121 4422 adnotatum
1173 4369 1229 4422 in
1270 4367 1392 4422 Vita
1435 4367 1725 4440 Ludovici,
1765 4368 1880 4440 ipse

297 4438 530 4530 qu‘oque‘.
560 4438 767 4508 Rampo
792 4478 807 4502 ,
840 4446 1164 4530 ‘antequain
1224 4438 1536 4530 perveniret
1576 4438 1870 4506 -'l‘hedvvat,
1900 4471 1954 4530 D

305 4507 328 4560 ά
353 4507 792 4563 Aurelianensem
824 4507 1037 4563 devenit
1061 4507 1128 4561 ad
1157 4508 1363 4562 urbem.
1404 4526 1423 4559 ι

370 4578 397 4618 ι)
426 4574 504 4633 Ibi
538 4578 713 4632 adhuc
741 4577 934 4633 visitur
979 4577 1219 4632 omnium
1259 4577 1670 4646 amplissimum,
1713 4579 1874 4635 illud-

338 4662 404 4703 uc
437 4646 745 4703 cathedrale
787 4647 1042 4717 templum
1072 4648 1180 4717 sub
1219 4647 1402 4717 titulo_
1423 4648 1636 4703 Sancta:
1687 4646 1878 4705 Crucis

338 4664 404 4703 uc
437 4664 745 4703 catueurate
787 4664 1042 4717 templum
1081 4664 1180 4702 sun
1219 4664 1373 4702 ututo
1423 4664 1636 4703 Sancta:
1687 4664 1878 4705 uructs

298 4664 411 4773 ﬁco
436 4718 557 4787 Opt.
586 4717 725 4787 Max.
755 4717 1012 4772 dicatum.
1043 4716 1303 4787 Am'anus,
1353 4715 1660 4782 Heburtius,
1682 4717 1879 4772 Μακί-

301 4785 547 4841 minuset
569 4785 783 4851 Avitus,
817 4786 988 4842 sancti
1013 4786 1135 4850 viri,
1164 4788 1262 4840 sub
1284 4800 1513 4855 quorum
1546 4787 1761 4842 nomine
1790 4789 1875 4842 in-

302 4857 564 4925 signiores
592 4854 709 4909 alia:
736 4855 974 4911 basilicae
1003 4857 1058 4912 in
1105 4854 1479 4911 Aurelianensi
1520 4857 1739 4912 civitate
1762 4873 1877 4913 ma-

301 4925 417 4977 iore
443 4924 586 4977 cultu
618 4924 1118 4977 freuuentabantur.
1302 4960 1307 4961 κ
1456 4932 1461 4937 ’

296 4928 417 4994 jore
443 4928 586 4979 cultu
618 4928 1118 4994 frequentabantur.
1302 4960 1307 4961 κ
1456 4932 1461 4937 ’

339 5064 351 5075 .
380 5006 401 5034 ο
434 4995 501 5049 Et
526 4993 1029 5075 hicenuinerantur
1067 4996 1338 5075 praecipua
1383 4996 1711 5075 Parisiorum
1738 5006 1877 5075 tem:

300 5064 412 5134 pla,
446 5078 568 5134 qua:
592 5064 710 5131 pius
736 5064 1006 5134 Augustus
1043 5064 1171 5121 tunc
1195 5064 1450 5121 visitavit.
1501 5066 1608 5121 Res
1636 5078 1764 5122 nota
1801 5067 1878 5123 nil

302 5135 448 5206 aliud
474 5134 734 5206 exposcit,
752 5136 879 5206 _nisi
907 5137 1049 5204 quod
1072 5136 1200 5190 hinc
1229 5136 1436 5206 discere
1456 5152 1759 5206 possumus,
1783 5140 1879 5193 ba-

303 5151 448 5189 anuu
474 5151 537 5189 ex
578 5151 734 5199 oscu,
779 5151 879 5189 msr
907 5151 1049 5204 quoa
1073 5151 1200 5190 tunc
1229 5151 1436 5191 discere
1456 5152 1759 5206 possumus,
1783 5151 1878 5193 na-

303 5205 510 5279 silicam
531 5151 713 5279 Sancti
747 5202 1003 5275 Stephani
1029 5206 1356 5279 paucispost
1375 5205 1625 5279 Cloaiovei
1656 5223 1878 5279 regnum

302 5276 461 5348 annis
483 5273 777 5348 conditam,
828 5273 989 5348 atque
1021 5273 1163 5330 anno
1214 5275 1352 5348 ltilO
1399 5273 1746 5348 aitargarita
1796 5292 1880 5332 re-

303 5347 425 5416 gina
452 5345 775 5416 restitutam,
800 5345 926 5399 olim
957 5345 1097 5400 inter
1120 5346 1420 5414 praecipuas
1447 5345 1615 5401 fuisse
1634 5346 1877 5412 Parisiis,

304 5415 591 5486 ne_dicam_
595 5415 944 5486 praecipuam.

373 5484 402 5524 ιι
429 5485 534 5539 Seu
563 5483 825 5539 Hirminb.
857 5485 994 5539 Erat”
1016 5485 1063 5539 is
1105 5483 1272 5539 abbas
1315 5483 1655 5538 celeberrimi
1692 5498 1882 5538 mona-

307 5555 457 5608 sterii
489 5554 671 5609 Sancti
707 5552 963 5609 Germani
992 5553 1059 5608 de
1096 5552 1296 5618 Pratis,
1342 5552 1494 5619 cujus
1526 5552 1746 5622 gloriam
1782 5554 1882 5607 tui-

308 5637 429 5676 rum
457 5631 741 5687 auxerunt,
787 5632 843 5678 et
871 5623 1045 5677 adhuc
1082 5636 1278 5693 augere
1318 5622 1878 5693 pergunticlarissimi

308 5693 559 5747 monachi
584 5706 615 5748 e
648 5692 1070 5764 Congregatioue
1102 5691 1286 5748 Sancti
1316 5691 1501 5747 Mauri.
1535 5692 1691 5748 Teste
1726 5694 1880 5765 δεῖξι-

1895 3123 1942 3181 C

1580 308 1666 361 Eli
1676 305 1882 361 MOLIH
1924 304 2198 359 NIGELLI
3430 300 3531 352 5‘32

1861 416 1910 475 Α
2010 412 2239 467 (ἷςιεειιι-ἱε
2263 413 2579 475 adventum,
2624 413 2784 465 dante
2812 410 3074 473 Tonante,
3106 409 3278 462 vides.

1947 501 2055 558 Nec
2082 511 2169 556 tua
2193 502 2471 572 praeteriit,
2499 501 2738 572 Dionysi,
2781 500 3017 555 culmina
3040 508 3264 568 martyr,

2017 592 2154 661 Quin
2182 593 2367 648 adiens
2394 593 2607 647 tibimet
2634 600 2880 662 posceret
2913 590 3194 644 auxilium.

1948 692 2082 748 llinc
2108 691 2209 747 iter
2235 690 2521 760 arripiunt,
2556 689 2889 743 Francorum
2916 701 3084 753 regna
3121 692 3437 754 peragrant,

2020 783 2261 838 Tramite
2284 781 2509 851 pacilico
2539 794 2633 834 rex
2657 778 2824 848 Aquis
2851 775 3175 845 ingreditur.

1946 874 2065 940 Eia,
2095 873 2371 935 Camoeua,
2400 871 2566 925 Deum
2601 869 2851 939 precibus
2873 867 3087 936 pulsare
3113 864 3322 932 supinis

2019 966 2231 1027 Restat,
2271 979 2379 1033 quo
2402 962 2559 1016 nobis
2588 960 2833 1015 conferat
2863 958 3156 1028 eloquium.

1949 1056 2084 1122 Quid
2113 1056 2264 1126 prius
2293 1052 2586 1122 incipiam?
2614 1067 2736 1107 cum
2762 1065 2882 1120 qua:
2919 1048 3058 1119 gerit
3086 1046 3265 1102 omnia
3295 1046 3494 1114 prima,

2026 1143 2307 1205 Constent,
2337 1150 2498 1210 atque
2529 1140 2728 1194 micent
2756 1147 2905 1209 gesta
2932 1135 3161 1206 benigna
3199 1133 3317 1187 viri.

1952 1232 2189 1301 Denique
2217 1231 2474 1285 limitibus
2497 1230 2725 1283 firmatis
2750 1228 2944 1283 ordine
2980 1227 3156 1297 regni,

2022 1323 2247 1376 Finibus
2281 1321 2490 1391 imperii
2519 1319 2902 1388 dispositisque
2932 1317 3116 1381 simul,

1954 1413 2210 1467 Protinus
2237 1411 2494 1481 expendit
2524 1410 2806 1464 thesauros
2828 1409 3009 1477 largus
3046 1409 3219 1461 avitos

2025 1502 2130 1556 Pro
2154 1502 2400 1556 mercede
2428 1498 2619 1569 patris,
2650 1506 2810 1568 atque
2846 1499 3037 1553 animm
3062 1499 3266 1569 requie.

1955 1592 2190 1662 Qureque
2212 1599 2424 1661 patrum
2452 1590 2621 1644 virtus
2646 1589 2870 1643 Carolus
2898 1597 3263 1659 congesserat,
3297 1589 3416 1660 ipse

1947 1725 1955 1732 .
2029 1682 2366 1753 Pauperibus
2390 1679 2599 1746 tribuit,
2627 1678 2980 1749 ccclesiisque
3003 1679 3195 1734 sacris.
3233 1729 3235 1732 .

1881 1759 1930 1820 Β
1957 1774 2135 1828 Aurea
2165 1786 2293 1826 vasa
2321 1769 2487 1833 dedit,
2524 1776 2724 1834 vestes,
2753 1783 2849 1823 seu
2874 1767 3033 1838 pallia
3060 1768 3227 1822 multa
3258 1810 3270 1822 .

2026 1861 2250 1933 Argenti
2285 1860 2524 1915 cumulat
2550 1858 2724 1930 ampla
2763 1859 2961 1913 talenta
2988 1860 3146 1913 meri.

1966 1953 2182 2026 Spargit
2203 1968 2335 2024 opes
2364 1953 2563 2018 varias,
2593 1967 2742 2005 arma
2770 1951 3262 2019 innumerandaque
3290 1948 3440 2003 val-Ic
3466 1966 3482 2001 :

2032 2038 2252 2101 Munera
2290 2045 2565 2100 distribuit
2590 2058 2794 2115 pauper
2817 2042 3061 2098 habenda
3084 2043 3198 2097 tibi.

1961 2139 2005 2195 0
2037 2138 2160 2192 felix
2193 2137 2435 2201 Carolus,
2465 2135 2704 2192 sobolem
2734 2135 2824 2205 qui
2849 2134 3002 2203 liquit
3040 2134 3093 2188 in
3118 2135 3273 2199 orbe,

2032 2229 2132 2295 Qui
2163 2228 2361 2299 satagit
2384 2227 2529 2293 cceli,
2560 2241 2668 2296 quo
2692 2237 2866 2296 pater,
2897 2226 3064 2280 intret
3083 2226 3221 2279 .itcr.

1878 2336 1895 2349 ί
1962 2320 2210 2375 Carceris
2235 2331 2391 2373 antra
2415 2318 2626 2389 aperire
2648 2317 2822 2388 jubet,
2852 2325 3139 2386 trusosque
3168 2317 3395 2379 relaxat,

2036 2409 2238 2463 Exsilio
2269 2407 2470 2463 relevat
2498 2422 2598 2477 pro
2626 2407 2826 2476 pietate
2855 2406 3023 2461 viros.

1965 2502 2097 2555 Mira
2124 2501 2268 2565 facit,
2297 2514 2521 2570 prorsus
2550 2500 2773 2554 memori
2807 2500 3077 2554 narranda
3109 2500 3299 2561 relatu,

2040 2592 2191 2647 Unde
2223 2589 2304 2646 sui
2343 2589 2486 2643 fama
2516 2604 2659 2643 nunc
2687 2604 2850 2660 super
2876 2598 3022 2644 astra
3052 2601 3251 2645 manet.

1969 2686 2129 2755 Eligit
2157 2683 2429 2752 extemplo
2459 2683 2652 2737 missos
2687 2693 2731 2748 θ,
2764 2698 2898 2752 quos
2926 2684 3102 2736 tnittat
3124 2683 3178 2737 in
3209 2685 3419 2746 orbem,

2037 2778 2276 2841 Quorum
2309 2774 2419 2827 vita
2449 2774 2617 2844 proba
2651 2774 2736 2835 sit,
2773 2787 3032 2843 generosa
3066 2773 3219 2827 ﬁdes.

1971 2868 2187 2921 Munera
2219 2881 2353 2935 quos
2383 2874 2653 2934 nequeant
2676 2863 2839 2930 ﬂecti,
2870 2881 2970 2921 nec
2997 2882 3133 2920 smva
3164 2876 3444 2936 potentum

2041 2958 2356 3022 Blandities,
2387 2956 2560 3020 favor,
2591 2966 2684 3011 aut
2709 2958 2983 3028 ingeniosa
3008 2958 3141 3013 lues.

1972 3048 2072 3117 Qui
2102 3055 2392 3118 peragrent
2412 3047 2616 3102 celeres
2637 3046 2968 3102 Francorum
3000 3064 3165 3119 regna
3195 3053 3494 3121 perampla,

2040 3137 2311 3193 Justitiam
2340 3134 2542 3190 faciant
2565 3134 2936 3206 judiciumque
2964 3138 3141 3192 simul.

1970 3231 2116 3296 Quos
2163 3235 2463 3299 pater,aut
2489 3227 2659 3297 patris
2704 3226 2804 3282 sub
2853 3237 3092 3299 tempore
3142 3242 3411 3301 presserat
3460 3250 3543 3287 ur-

3288 3324 3476 3397 [gusns

2045 3410 2361 3475 Serviium,
2395 3410 2650 3477 relevent,
2677 3426 2901 3467 munere
2932 3413 2949 3452 ί
2980 3415 3094 3470 sive
3124 3415 3264 3471 dolo.

1973 3501 2018 3557 Ο
2046 3511 2276 3571 quantos
2300 3503 2590 3572 qualesque
2614 3503 2778 3569 viros,
2812 3519 2947 3574 quos
2974 3521 3166 3575 aspera
3197 3507 3319 3577 jura

2047 3594 2264 3664 chque
2294 3605 2483 3649 aurata
2507 3595 2722 3665 premit,
2755 3604 2917 3666 atque
2950 3604 3143 3666 potens
3170 3599 3357 3667 pretio.

1974 3686 2197 3742 Liberet
2224 3686 2338 3754 ipse
2357 3693 2568 3755 potens,
2590 3696 2643 3740 et
2670 3685 2934 3742 libertatis
2960 3690 3216 3743 honorem

2050 3777 2277 3832 Praestat
2303 3776 2505 3831 habere
2525 3777 2608 3830 sui
2637 3776 2819 3831 Czesar
2843 3792 3026 3831 amore
3049 3781 3255 3848 patris!

1976 3867 2153 3938 Atque
2176 3867 2287 3922 suis
2310 3866 2559 3921 manibus
2585 3867 2882 3935 praetirmat
2909 3884 3129 3923 munere
3158 3872 3375 3926 chartas
3408 3875 3453 3935 ε,

2047 3958 2252 4028 Degere
2277 3957 2399 4028 quis
2420 3967 2616 4013 cuncto
2644 3966 2885 4028 tempore
2899 3957 3024 4026 jure
3057 3971 3276 4030 queant.

1977 4091 2154 4163 ha_rd_o_
2181 4099 2237 4145 ct
2256 4090 2558 4163 isteabbas
2567 4090 2903 4163 subscripsit
2930 4093 3220 4163 postremis
3240 4094 3434 4151 tabulis
3451 4095 3545 4150 (Lt-

1978 4160 2079 4217 roli
2106 4160 2300 4230 Magni.
2350 4158 2615 4215 Nonnulla
2640 4161 2756 4228 ejus
2784 4158 2904 4216 aeta
2930 4158 3194 4219 memorat
3218 4164 3547 4222 Mabillonius

1979 4232 2036 4288 in
2061 4230 2257 4285 Annal.
2283 4230 2620 4285 Benedictio.
2651 4232 2721 4286 ad
2744 4246 2942 4286 annum
2967 4234 3093 4288 825.

2057 4313 2081 4340 θ
2108 4300 2393 4372 Egregium
2417 4300 2559 4355 hunc
2586 4316 2787 4372 morem
2835 4313 3077 4357 veterum
3108 4304 3435 4362 Francorum
3469 4324 3545 4359 rc-

2056 4387 2110 4426 m
2149 4369 2281 4425 Satis
2329 4379 2527 4425 norunt
2563 4369 2777 4433 eruditi,
2827 4372 2920 4426 sed
2976 4388 3085 4427 non
3135 4377 3267 4431 satis
3318 4376 3545 4431 laudant.

2056 4389 2110 4426 m
2149 4389 2281 4425 satis
2329 4389 2527 4425 norunt
2563 4389 2777 4433 eruum,
2827 4389 2920 4426 seu
2976 4389 3085 4427 non
3135 4389 3267 4431 satis
3318 4389 3545 4431 laudant.

1982 4389 2184 4511 ﬁempe
2214 4440 2588 4510 deligebantur
2616 4441 2800 4517 exinni
2844 4443 2984 4517 viri,
3034 4444 3125 4517 qui
3151 4446 3267 4500 vice
3299 4449 3440 4517 regis
3470 4449 3548 4501 iu-

1979 4518 2246 4585 gentique
2296 4526 2445 4585 cum
2475 4512 2800 4585 auctoritate
2834 4512 3140 4585 provincias
3192 4512 3549 4585 peragrabaat

1978 4579 2047 4637 6d
2075 4579 2400 4651 singulorum
2425 4581 2691 4634 hominum
2732 4579 2919 4636 causas
2947 4579 3239 4638 audiendus
3261 4579 3548 4641 ac'delitsc-

1980 4651 2197 4714 randas,
2227 4663 2285 4704 ut
2304 4650 2518 4723 ipsimet
2540 4651 2945 4723 profitebantur.
2977 4652 3179 4723 Eorum
3202 4657 3428 4723 proinde
3453 4659 3555 4708 vir-

1979 4731 2092 4777 tute
2117 4730 2173 4775 et
2200 4735 2328 4774 cura
2361 4720 2560 4774 abusus
2587 4720 2924 4786 tollebantur,
2978 4721 3103 4778 lites
3140 4720 3552 4786 dirimebantur,

1978 4790 2403 4863 praepotentibus
2447 4796 2681 4845 terrores
2708 4805 2772 4845 ac
2801 4805 2972 4863 pmnre
2998 4793 3394 4863 incutebantur.
3435 4796 3558 4851 Piu-

1980 4860 2117 4936 i'ima
2147 4860 2349 4936 mentio
2345 4860 2593 4936 “istorum
2618 4864 2853 4936 occurrit
2884 4862 3043 4936 inter_
3056 4861 3226 4931 Leges
3250 4865 3560 4936 Langobar~

1983 4932 2129 5005 dicas
2163 4932 2296 5005 etin
2338 4928 2738 4999 Capitularibus
2777 4946 2959 5005 regum
3002 4928 3559 5005 Fran'coruntfatqu;
3650 4948 3653 4949 '

1982 5002 2122 5070 apud
2149 4999 2290 5070 alios
2319 5007 2561 5054 vetustos
2588 5009 2853 5054 auctores.
2888 5001 3125 5055 Plurima
3152 5005 3316 5057 etiam
3344 4999 3557 5059 illorum

1981 5068 2176 5144 placita
2211 5068 2477 5144 habentur
2513 5085 2636 5144 eum
2674 5070 2836 5132 edita,
2868 5077 2979 5144 tum
3024 5072 3282 5144 inedita;
3309 5083 3472 5144 atque
3508 5094 3555 5127 ill

1984 5138 2050 5214 iis
2084 5138 2372 5214 seligendis
2418 5140 2753 5207 potissimum
2781 5140 3005 5195 emicuit
3031 5141 3289 5198 Ludovici
3320 5138 3403 5197 Pii
3432 5161 3516 5214 pr:
3537 5172 3558 5184 ο

1985 5211 2168 5264 dentia
2199 5217 2254 5262 et
2277 5209 2535 5262 Charitas.

2064 5279 2082 5318 τ
2117 5277 2371 5332 Refertur
2398 5278 2513 5332 hmc
2564 5294 2686 5342 vox,
2737 5279 2813 5333 uti
2845 5289 2900 5333 et
2943 5278 3086 5345 dolo,
3133 5281 3203 5334 ad
3257 5282 3554 5336 servitium.

1984 5347 2188 5420 Nempe
2214 5346 2407 5420 inultos
2430 5348 2719 5402 liberorum
2746 5349 3022 5403 hominum
3052 5359 3299 5420 potentes
3327 5352 3430 5405 viri
3456 5352 3555 5403 im—

1982 5432 2089 5538 que
2123 5415 2225 5471 szbi
2268 5415 2559 5470 eﬂ‘eeerant
2600 5433 2813 5482 servos,
2864 5428 2957 5472 aut
2997 5415 3225 5489 pecunia
3270 5420 3415 5484 data,
3464 5428 3555 5471 aut

2020 5487 2126 5538 olo.
2155 5487 2269 5538 sive
2308 5488 2584 5538 .‘uacniose.
2641 5496 2700 5538 ttt
2734 5487 2901 5538 Leues
2947 5489 3254 5538 lomiuntnr.
3308 5490 3381 5538 De
3409 5490 3554 5538 hisce

2020 5487 2126 5549 olo,
2155 5487 2269 5540 sive
2308 5488 2584 5558 ingeniose,
2641 5496 2700 5541 ut
2734 5487 2901 5558 Leges
2947 5487 3254 5558 loquuntur.
3308 5490 3381 5543 De
3409 5490 3554 5542 hisce

1982 5571 2225 5628 nouuna
2264 5564 2348 5628 est
2399 5557 2480 5609 lex
2531 5557 2670 5628 inter
2702 5557 3154 5626 Langobardicas,
3213 5571 3371 5628 atque
3418 5559 3554 5612 inter

1982 5624 2312 5693 Capitularia
2344 5641 2527 5693 regum
2563 5624 2912 5681 Francorum.

2057 5692 2589 5750 ‘Manumissionum
2645 5706 2892 5752 veterum
2947 5698 3149 5755 charta:
3208 5699 3391 5771 plures
3438 5697 3547 5751 crti-
