3856 6190
339 174 445 233 593

341 292 576 363 Belliger
599 288 718 359 ipse
745 294 902 358 pater
928 300 1051 341 cum
1094 301 1255 357 regna
1287 287 1595 355 acquireret
1632 284 1817 348 armis,

412 385 662 439 Intentus
692 377 851 435 bellis
884 379 1238 449 assiduusque
1270 376 1431 443 foret,

345 479 484 531 Tum
510 472 707 528 vitium
740 482 766 511 ι
797 470 902 525 hoc
927 469 1132 540 passim
1162 469 1350 539 spissis
1387 469 1656 524 succrevit
1693 468 1898 534 aristis,

417 568 527 625 Sed
558 575 741 622 tamen
763 562 1055 618 adveniens
1073 576 1220 625 mox,
1246 561 1536 625 Ludoviee,
1566 575 1738 616 secas.

344 662 538 730 Qualia
571 675 671 731 per
689 656 949 712 mundum
975 655 1242 725 confregit
1273 664 1423 725 gesta
1447 653 1635 708 cclidri
1660 653 1688 692 δ
1718 654 1731 704 l

418 751 759 810 Christicolis
794 751 959 805 cessit
979 764 1203 804 munera
1229 755 1430 818 quanta
1457 746 1719 816 quidem?

324 845 481 905 .llrc
505 843 654 899 canit
680 841 830 895 orbis
855 855 1027 894 ovans
1055 839 1181 901 late,
1210 838 1477 907 vulgoque
1514 835 1816 898 resultant;

423 934 552 989 Plus
576 932 776 1003 populo
804 936 1085 995 resonant,
1113 943 1279 998 quam
1304 934 1468 981 canat
1493 934 1611 980 arte
1638 923 1829 979 melos.

350 1026 454 1080 (lui
491 1036 513 1065 ε
548 1024 854 1079 clarescens
876 1020 1075 1076 crescit
1103 1018 1347 1073 doctrina
1376 1032 1477 1087 per
1501 1016 1688 1072 orbem
1714 1030 1728 1068 :

428 1116 790 1172 Commissum
818 1113 1101 1183 imperium
1129 1110 1363 1174 ordinat,
1394 1117 1590 1172 armat,
1630 1108 1747 1161 alit.

358 1209 498 1262 Tum
520 1206 678 1275 jubet
706 1204 873 1261 acciri
900 1203 1145 1259 Romana
1175 1204 1243 1258 ab
1269 1203 1395 1257 sede
1416 1209 1728 1272 patronum,

430 1298 529 1352 Cui
559 1296 868 1366 Stephanus
890 1295 917 1334 ά
951 1310 1145 1349 nomen
1179 1293 1373 1349 saecula
1399 1293 1518 1347 laeta
1544 1291 1764 1346 dabant.

359 1392 525 1445 Paret
553 1402 738 1442 amore
756 1387 922 1441 Sacer
949 1396 997 1452 θ,
1019 1386 1291 1457 jussisque
1311 1385 1650 1452 obtemperat
1674 1381 1851 1445 almis,

435 1477 768 1531 Francorum
796 1484 1054 1544 properat
1074 1474 1253 1527 visere
1287 1487 1451 1543 regna
1482 1471 1673 1526 libens.

361 1566 672 1618 Caesareum
708 1559 727 1597 τ
755 1558 980 1614 Rbemis
1012 1558 1166 1613 laztus
1201 1565 1510 1627 prospectat
1538 1558 1604 1611 ab
1635 1557 1793 1620 urbe,

436 1652 586 1719 Quos
612 1650 687 1705 ibi
718 1652 743 1691 ε
770 1649 1057 1705 concilium
1075 1647 1313 1717 jusserat
1348 1657 1475 1703 ante
1507 1647 1643 1703 fore.

362 1746 713 1797 Concurrunt
736 1742 894 1805 varii,
941 1740 1276 1810 redeuntque
1310 1741 1411 1794 sub
1439 1740 1629 1795 ordine
1656 1741 1809 1795 missi

439 1839 693 1904 Caesaris,
725 1847 887 1907 atque
907 1836 1062 1892 Sacri
1089 1844 1211 1891 vota
1239 1836 1471 1903 benigna
1502 1834 1700 1890 ferunt.

372 1932 605 1985 Sentius
642 1937 766 1983 ante
792 1928 956 1993 volat,
989 1934 1173 1981 narret
1201 1926 1294 1996 qui
1323 1926 1569 1995 praesulis
1595 1927 1793 1981 ardens

446 2023 676 2078 Romani
705 2022 1012 2083 adventum,
1042 2018 1420 2073 concelerante
1445 2018 1638 2085 gradu.

371 2114 513 2168 Tum
566 2111 867 2167 Ludovicus
919 2121 1084 2181 agens
1150 2106 1356 2161 clerum
1392 2146 1407 2171 ,
1459 2105 1825 2178 populumque
1874 2123 1959 2161 se-

1647 2198 1881 2274 [natum,

446 2294 697 2358 Ordinat,
726 2292 978 2357 instituit,
1004 2298 1301 2362 praeparat,
1333 2298 1495 2360 atque
1523 2289 1683 2345 locat.

374 2387 633 2441 Dextram
663 2384 755 2453 qui
784 2390 1002 2438 teneant
1031 2390 1261 2453 partem,
1293 2388 1620 2450 teneantque
1662 2380 1959 2440 sinistram,

451 2478 554 2545 Qui
584 2476 735 2548 prior
763 2474 1006 2540 accedat,
1042 2473 1243 2544 quique
1269 2480 1529 2541 sequatur
1555 2470 1681 2526 iter.

376 2573 561 2625 'l‘urba
594 2570 936 2624 sacerdotum
964 2565 1210 2621 dextram
1241 2572 1388 2619 tenet
1414 2563 1629 2634 agmine
1653 2563 1812 2633 longo
1836 2605 1849 2627 ,

354 2644 357 2647 5
450 2662 750 2718 Psallentes
775 2666 1022 2730 spectant
1051 2656 1331 2729 relligione
1360 2664 1592 2726 patrem.

280 2794 293 2806 ο
380 2758 544 2813 l‘arte
570 2757 674 2811 alia
702 2768 956 2827 proceres
988 2753 1133 2819 lecti,
1171 2751 1439 2823 primique
1463 2755 1713 2819 potentes

454 2847 770 2904 Consistunt
792 2862 806 2911 ;
831 2844 1058 2915 populus
1084 2843 1385 2913 posteriora
1416 2849 1581 2896 tenet.

381 2942 454 2997 At
485 2936 695 2993 medius
718 2936 899 2992 Caesar
920 2934 1147 3005 gemmis
1176 2947 1414 3003 auroque
1439 2931 1730 3002 refulgens,

456 3030 623 3085 Veste
649 3027 774 3082 licet
798 3025 992 3091 radiet,
1020 3024 1140 3093 plus
1169 3024 1370 3092 pietate
1394 3022 1579 3077 micat.

381 3118 731 3174 Conveniunt
755 3114 972 3170 tandem
998 3113 1225 3168 diversis
1248 3110 1494 3183 partibus
1523 3111 1682 3164 ambo
1709 3128 1722 3174 ;

464 3209 559 3263 Ille
593 3206 761 3278 gradu
785 3207 814 3246 ιι
848 3204 1074 3277 pollens,
1103 3204 1193 3259 hic
1220 3204 1460 3259 bonitate
1484 3202 1690 3271 vigens.

386 3301 545 3355 Alter
567 3299 619 3351 in
657 3296 880 3351 alterius
906 3301 1255 3364 conspectum
1285 3300 1343 3345 ut
1368 3291 1570 3346 lumina
1599 3289 1737 3355 ﬁxit,

464 3390 648 3455 Currit
672 3390 725 3444 in
761 3386 1040 3456 amplexus
1064 3399 1191 3439 mox
1216 3382 1505 3438 celeranda
1531 3382 1669 3451 pios.

389 3512 586 3567 stunt;
630 3513 831 3568 easque
869 3497 1089 3568 singuli,
1143 3495 1272 3568 dum
1321 3494 1572 3568 libertate
1623 3493 1974 3568 donarentur,

390 3576 501 3632 sibi
525 3565 814 3627 a‘dominis
851 3565 1349 3621 manumittentibus
1376 3565 1788 3633 conquirebaut,
1823 3576 1898 3629 ut,
1931 3568 1977 3622 si

389 3661 537 3716 opus
579 3639 991 3716 foretuexinde
1038 3637 1341 3716 libertatem
1379 3636 1623 3716 eamdem
1671 3634 1724 3687 in
1746 3635 1981 3716 “judicio

394 3704 705 3770 tuerentur.
756 3707 979 3763 Chartas
1031 3706 1369 3777 ingenuitatis
1423 3714 1575 3777 tunc
1609 3704 1878 3777 appellare
1925 3707 1978 3759 in

396 3803 501 3841 usu
531 3783 651 3837 fuit.
697 3778 847 3847 Quod
876 3793 988 3848 pra:
1025 3774 1243 3848 reteteris
1289 3790 1498 3829 summe
1527 3774 1647 3848 pius
1689 3774 1983 3848 imperator

393 3843 993 3921 l.:idovicus])rtesfitit,
1021 3847 1137 3917 ipse
1162 3860 1431 3921 manusua
1452 3843 1672 3913 propria
1691 3843 1985 3900 manumis-

393 3940 589 3983 sorum
617 3916 834 3976 chartas
860 3916 1076 3989 signare
1104 3916 1400 3989 consuevit.

478 4007 505 4035 ι
536 3993 745 4060 Ubique
793 3982 1096 4043 invaluerat
1145 4002 1262 4041 mos
1302 3987 1411 4060 sub
1449 3983 1642 4040 Carolo
1674 3982 1894 4060 Magno,
1934 3993 1983 4037 et

395 4066 587 4136 spissis
616 4054 812 4125 aristis,
853 4060 959 4136 hoc
982 4067 1063 4136 est
1090 4072 1185 4136 per
1211 4055 1406 4136 multos
1432 4069 1631 4116 annos,
1664 4054 1853 4134 vitium
1884 4056 1985 4109 hoc

397 4123 767 4194 s'uccreverat,
801 4123 879 4183 'ut
904 4127 1056 4181 liberi
1091 4123 1343 4181 homines
1363 4167 1378 4191 ,
1409 4139 1702 4193 eorumque
1729 4123 1985 4195 conjuch

393 4202 460 4263 (ι
490 4203 644 4259 liberi
682 4202 736 4255 in
784 4199 1097 4253 servitutem
1148 4197 1530 4259 traherentur,
1571 4209 1747 4263 neque
1777 4203 1984 4248 tantum

398 4295 472 4333 ex
502 4274 748 4333 hostibus
775 4268 1001 4324 devictis
1020 4307 1034 4331 ,
1067 4268 1162 4321 sed
1188 4266 1352 4320 etiam
1380 4280 1446 4319 ex
1472 4264 1600 4333 ipsis
1623 4279 1787 4334 regno
1815 4263 1984 4317 Fran-

399 4360 597 4401 corum
635 4338 910 4408 subjectis.
961 4337 1232 4408 Ejusmodi
1270 4336 1458 4408 morbo
1505 4334 1987 4408 prgescutissimum

404 4413 708 4471 remedium
730 4402 980 4463 adhibuit
1002 4402 1323 4460 'Ludovicus
1353 4402 1519 4459 Pius.’
1543 4403 1673 4458 Vide
1716 4405 1858 4457 inter
1888 4402 1986 4456 Le-

402 4502 506 4555 ges
528 4478 962 4552 Langobardicas
986 4475 1227 4544 ejusdem
1252 4474 1481 4544 Augusti
1510 4473 1710 4543 legem,
1747 4472 1989 4526 Primum

403 4570 642 4611 nmmum
651 4591 665 4605 .

485 4646 513 4685 ιι
539 4644 664 4698 Sive
701 4640 953 4711 chelydri,
994 4637 1203 4694 scilicet
1232 4634 1465 4691 Satanae.

486 4747 509 4775 ο
533 4735 616 4788 An
644 4732 822 4803 potius
849 4731 1001 4800 cujus
1030 4729 1056 4782 ?

483 4828 510 4867 ἀ
537 4824 963 4894 Hujusnominis
985 4830 1233 4898 quartus,
1254 4833 1413 4898 quem
1443 4816 1790 4898 aliiquintn‘m
1812 4815 1995 4896 appel-

412 4902 528 4953 lare
550 4885 964 4951 consueverunt.
993 4885 1128 4946 Eum
1155 4907 1186 4945 a
1211 4885 1482 4944 Ludovico
1502 4885 1597 4941 Pio
1628 4887 1683 4940 in
1711 4885 1996 4939 Franciam

413 4969 653 5023 :ccitum
705 4972 1020 5037 auctor_est
1067 4971 1227 5037 poeta
1258 4968 1470 5037 _noste_r.
1522 4956 1834 5037 Theganus_
1865 4971 1996 5011 vero

412 5052 576 5094 secus
611 5036 813 5091 sentire
839 5027 1086 5098 videtur,
1108 5032 1223 5106 haec
1242 5030 1308 5085 de
1337 5031 1525 5085 eodem
1548 5041 1685 5106 papa
1707 5027 1988 5106 scribens:

421 5134 437 5158 ι
477 5108 676 5162 Statim
703 5113 987 5176 postquam
1010 5096 1381 5176 pentificatum
1419 5096 1676 5165 suscepit,
1694 5096 1860 5176 jussit
1881 5111 1998 5150 om-

418 5194 547 5233 nem
574 5171 826 5247 populum
845 5171 1156 5247 Romanum
1185 5171 1493 5247 fidelitatem
1545 5181 1667 5247 cum
1688 5171 1999 5247 juramento

418 5236 736 5320 promittere
761 5244 1068 5320 Ludovico;
1097 5249 1151 5296 et
1176 5241 1412 5320 dirigens
1441 5238 1793 5320 legato‘ssuos
1815 5236 1883 5289 ad
1904 5252 1997 5291 su-

420 5305 727 5390 pradictum
756 5305 1073 5390 principem,
1127 5305 1393 5390 nuntiavit
1428 5305 1842 5390 ei,'t.t‘t_liblenter
1876 5321 1999 5390 eum

423 5375 610 5442 i-idere
639 5375 893 5440 voluisset
930 5375 985 5437 in
1022 5375 1140 5435 luco
1163 5380 1468 5446 ubicunque
1508 5376 1609 5429 sibi
1633 5375 1942 5446 placuisset.
1973 5396 1992 5428 ι

422 5460 611 5525 Neque
647 5456 832 5525 dispar
873 5467 993 5508 esse
1044 5450 1256 5525 videtur
1297 5445 1594 5525 Eginhardi
1639 5445 1999 5525 sententiain

423 5515 622 5584 Annal.
673 5515 1025 5581 Francorum.
1088 5515 1405 5574 Anastasius
1453 5517 1507 5571 in
1549 5515 1665 5581 ejus
1700 5515 1822 5569 Vita
1867 5516 1999 5572 nihil

428 5598 573 5663 aliud
600 5596 776 5661 habet,
812 5593 914 5649 nisi
940 5606 1063 5649 eum
1109 5588 1399 5660 arripuisse
1449 5587 1557 5642 iter»
1587 5587 1640 5640 iu
1688 5584 1994 5654 Franciam,

1242 170 1329 225 ne
1370 135 1600 225 annos
1638 165 1886 225 casus
1923 163 2250 221 LUDOVlCl
2292 166 2399 220 ru.
2446 197 2514 206 —
2557 166 2685 221 ue.
2728 167 2792 222 ιι.

3502 171 3609 227 594

1957 285 2011 343 Α
2036 278 2150 334 Rex
2180 287 2355 335 tamen
2384 289 2510 336 ante
2540 297 2706 353 sagax
2733 281 2931 337 flexato
2968 285 2981 323 ί
3013 285 3215 355 poplite
3246 285 3455 352 adorat,

2108 373 2318 443 Terque
2339 384 2658 446 quaterque,
2690 378 2804 442 Dei,
2833 377 2946 434 sive
2972 378 3025 432 in
3057 378 3262 435 honore
3287 378 3453 435 Petri.

2039 464 2278 538 Suscipit
2308 469 2447 524 hunc
2490 470 2717 540 supplex
2759 468 3102 541 Stephanus,
3147 472 3507 543 manibusque
3538 490 3620 527 sa-

3383 563 3551 618 cratis

2110 647 2367 705 Sublevat
2391 668 2421 706 a
2451 660 2618 719 terra,
2649 654 2824 708 basiat
2848 668 2944 710 ore
2969 653 3161 709 libens.
3360 562 3380 636 [

2039 737 2194 794 Nunc
2220 741 2427 807 oculos,
2454 759 2596 798 nunc
2624 760 2742 806 ora,
2773 755 2954 815 caput,
2982 761 3127 801 nunc
3154 755 3397 816 pectora,
3422 747 3559 803 colla

2112 831 2294 886 Basiat
2320 833 2568 889 alterutri
2600 852 2824 905 rexque,
2858 836 3132 908 Sacerque
3156 839 3296 908 pius.

2044 921 2180 975 Tum
2207 924 2454 980 manibus
2480 925 2686 995 palmas
2720 927 2913 997 digitos
2942 928 3231 999 digitisque
3263 939 3527 993 tenentes,

2113 1011 2296 1067 Caesar
2325 1030 2447 1068 cum
2477 1014 2550 1070 St.
2572 1017 2751 1085 phano
2774 1018 2999 1074 candida
3026 1028 3169 1074 tecta
3196 1020 3350 1089 petit.

2046 1104 2345 1159 Ecelesiam
2374 1116 2665 1176 peragrant
2703 1109 2909 1177 primo,
2940 1111 3298 1179 precibusque
3323 1110 3625 1165 Tonantem

2117 1196 2472 1267 Compellant,
2498 1206 2678 1269 grates
2706 1209 2936 1269 votaque
2957 1200 3134 1255 danda
3164 1211 3384 1256 canunt.

2051 1287 2169 1342 Mox
2204 1288 2384 1342 aulam
2413 1297 2682 1357 repetunt,
2710 1290 2778 1343 azl
2806 1290 3031 1360 prandia
3063 1306 3254 1360 magna
3283 1293 3546 1346 volando:

2121 1380 2438 1444 Considunt,
2469 1382 2719 1435 manibus
2746 1382 2876 1436 dant
2906 1382 3091 1437 famuli
3122 1382 3328 1438 latices.

2055 1473 2285 1527 Praudia
2315 1473 2473 1544 digna
2504 1473 2705 1537 colunt,
2728 1483 3058 1545 pnegustant
3085 1491 3308 1531 munera
3338 1476 3552 1539 Bacchi,

2126 1564 2196 1618 Et
2224 1577 2474 1618 sermone
2506 1562 2724 1633 piojam
2753 1579 2917 1634 super
2940 1581 3035 1619 ora
3062 1575 3298 1621 movent.

1982 1631 2029 1689 Β
2058 1653 2100 1709 0
2125 1670 2280 1710 sacer
2301 1654 2515 1708 antistis
2534 1653 2546 1703 i
2565 1695 2578 1718 ,
2607 1654 2831 1708 Romani
2860 1662 3045 1724 pastor
3066 1657 3244 1719 ovilis,

2125 1744 2226 1810 Qui
2257 1745 2376 1799 vice
2399 1744 2693 1815 apostolica
2721 1747 2902 1813 pascis
2924 1745 3065 1799 ovile
3087 1744 3230 1799 Petri

2060 1839 2082 1877 ιε
2117 1836 2245 1903 Qua:
2286 1844 2336 1889 te
2361 1851 2524 1890 causa
2548 1835 2670 1889 tulit
2694 1834 2896 1907 (Caesar
2926 1835 3007 1890 sic
3028 1837 3205 1907 orsus)
3232 1837 3298 1890 ad
3322 1838 3482 1891 istam

2133 1927 2466 1981 Francorum
2496 1925 2769 1996 patriam?
2794 1926 2958 1981 redde
2983 1942 3241 1997 respousa
3273 1927 3425 1980 mihi.

2060 2018 2151 2073 Ille
2180 2027 2241 2071 ut
2268 2026 2388 2072 erat
2414 2017 2673 2087 placidus,
2707 2026 2902 2088 pacato
2936 2027 3158 2088 pectore
3191 2017 3363 2082 fatur,

2133 2110 2475 2165 Perlustrans
2496 2124 2679 2180 regem
2711 2110 2950 2165 vultibus
2974 2111 3206 2166 assiduis
3240 2131 3251 2165 :

2060 2201 2193 2267 Qua:
2222 2201 2469 2271 reginam
2501 2199 2683 2255 Austri
2710 2202 2982 2271 quondam
3011 2203 3274 2272 sapientis
3296 2218 3480 2258 amore

2126 2291 2230 2345 Per
2259 2292 2438 2346 varias
2464 2291 2673 2361 plebes,
2694 2307 2793 2361 per
2814 2291 2972 2357 freta,
2997 2308 3201 2363 perque
3228 2294 3413 2357 nives,

2065 2384 2190 2440 llzec
2217 2394 2305 2440 me
2326 2400 2489 2440 causa
2517 2393 2657 2449 tuas,
2696 2384 2898 2449 Caesar,
2934 2385 3188 2455 perduxit
3208 2387 3275 2440 ad
3311 2401 3501 2451 arces,

2134 2478 2236 2545 Qui
2266 2476 2673 2534 Salomoniacas
2701 2478 2810 2533 fers
2838 2479 2969 2532 mihi
3002 2479 3103 2533 rite
3138 2480 3323 2547 dapes.
3364 2484 3369 2488 '

2068 2570 2233 2625 Fama
2255 2585 2405 2625 meas
2441 2569 2667 2635 dudum,
2697 2571 2972 2640 princeps,
3015 2572 3262 2639 pervenit
3284 2570 3351 2626 ad
3380 2586 3541 2626 aures
3562 2612 3575 2635 ,
3660 2558 3671 2565 ’

2138 2661 2349 2729 Quanta
2372 2661 2463 2715 Dei
2489 2661 2684 2731 populo
2708 2662 2816 2716 fers
2837 2671 2987 2731 pater
3008 2662 3203 2715 auxilia
3224 2702 3239 2725 ,

2069 2753 2388 2824 Quantaque
2411 2769 2508 2823 per
2526 2753 2783 2807 mundum
2805 2752 3151 2822 resplendent
3170 2754 3422 2822 dogmata
3446 2762 3649 2817 vestra,

2137 2846 2407 2902 Przecellis
2435 2846 2449 2885 ¹
2486 2856 2605 2901 tuos
2638 2857 2753 2901 arte
2783 2847 2993 2915 fideque
3019 2856 3218 2918 patres.

2073 2937 2188 2993 Non
2211 2945 2391 2993 tamen
2421 2939 2694 2993 obsistens
2720 2939 2893 3008 potuit
2922 2953 3009 2994 res
3038 2938 3144 2993 ulla
3172 2938 3439 2994 volentem

2145 3027 2441 3098 Frangere,
2469 3027 2599 3097 quin
2627 3027 2829 3096 possim
2860 3042 3084 3082 cernere
3110 3036 3258 3098 gesta
3280 3036 3390 3081 tua.

2076 3115 2268 3171 Sermo
2292 3117 2510 3185 quidem
2537 3116 2716 3171 nullus
2735 3115 2904 3169 valuit
2933 3115 3064 3169 mihi
3094 3123 3240 3169 tanta
3270 3115 3476 3170 referre
3496 3156 3511 3179 ,

2147 3206 2357 3272 Quanta
2380 3206 2515 3259 meis
2539 3206 2756 3260 confers
2783 3213 2934 3276 gesta
2963 3205 3195 3276 benigna
3218 3206 3410 3260 oculis.

2076 3296 2296 3365 Reginae
2326 3310 2456 3363 ergo
2480 3295 2575 3349 tibi
2608 3294 2751 3348 illius
2778 3309 2923 3348 nunc
2948 3295 3114 3348 verba
3154 3309 3383 3348 renarro
3402 3336 3417 3359 ,

2149 3385 2278 3451 Quae
2301 3382 2694 3438 Salomoniacis
2719 3382 2943 3437 auribus
2969 3383 3083 3452 ipsa
3120 3381 3263 3436 tulit.

2085 3517 2102 3548 ι
2132 3514 2230 3568 pro
2251 3496 2616 3568 confirmanda
2656 3510 2837 3568 pace_,_
2856 3503 2912 3550 et
2938 3494 3160 3568 unitate
3190 3504 3392 3550 sanctae
3417 3495 3508 3550 Dei
3551 3497 3652 3551 Ec-

2078 3565 2275 3623 clesite.
2315 3587 2332 3618 ι
2365 3565 2591 3636 Reliqua
2611 3581 2741 3620 vero
2769 3565 2877 3621 illic
2902 3567 2969 3619 ab
2989 3580 3054 3620 eo
3080 3573 3229 3637 gesta
3257 3568 3517 3636 praeterit,
3541 3584 3660 3637 qua:

2079 3654 2108 3693 a
2143 3638 2475 3692 Francorum
2502 3636 2843 3706 chronologis
2881 3636 3283 3706 suntpetenda.

2155 3720 2177 3748 θ
2219 3708 2321 3762 Pro
2376 3706 2641 3762 sacerdos.
2685 3704 2898 3761 Pluries
2946 3704 3088 3762 infra
3150 3704 3341 3761 eadem
3399 3721 3505 3762 vox
3556 3723 3654 3764 oc-

2079 3779 2272 3834 currit.

2156 3852 2176 3888 f
2211 3847 2356 3920 Lego
2380 3846 2560 3902 Cwsar
2587 3864 2723 3920 enni.
2754 3847 2828 3920 Et
2845 3860 3032 3920 reapse
3058 3845 3361 3920 Ludovicus
3384 3846 3664 3920 Augustus

2082 3917 2360 3988 Stephano
2382 3933 2555 3987 papae,
2579 3918 2656 3988 uti
2681 3917 3019 3988 Egiuhardus
3044 3917 3253 3979 scribit,
3284 3918 3557 3988 (Rhemis
3578 3934 3663 3973 oc-

2082 3986 2301 4044 currere
2321 3986 2525 4043 statuit.
2566 4008 2584 4039 »
2617 3986 2762 4053 Sive,
2801 3999 2859 4057 ut
2888 3988 3050 4057 habet
3090 3995 3277 4057 auctor
3307 3987 3444 4057 Vitae
3491 3988 3664 4057 ipsius

2083 4058 2359 4125 Ludovici,
2415 4076 2432 4109 ι
2464 4058 2752 4112 adventum
2803 4056 2920 4126 ejus
2970 4055 3193 4110 Rhemis
3232 4055 3662 4112 sustinere—sta-

2086 4129 2207 4183 lttit.
2239 4147 2257 4179 ι

2157 4200 2182 4237 3
2218 4196 2468 4251 Restituo
2499 4212 2601 4265 quo
2648 4195 2768 4248 sibi.
2805 4195 2860 4248 id
2884 4202 2991 4258 est,
3021 4208 3128 4265 quo
3158 4194 3212 4247 in
3241 4193 3360 4265 loco
3387 4195 3462 4265 _ad
3490 4196 3666 4264 ponti-

2089 4267 2239 4320 ficem
2269 4263 2643 4334 excipiendum
2668 4265 2843 4318 coacti
2871 4272 3003 4335 ante,
3025 4263 3258 4329 fuerant,
3291 4263 3558 4320 Ludovico
3578 4266 3667 4335 ju-

2010 4325 2063 4383 D
2087 4337 2263 4405 bente,
2303 4325 2493 4405 clerus,
2511 4343 2564 4388 et
2586 4348 2837 4405 proceres
2861 4334 3032 4405 regni.

2156 4406 2189 4527 ll;
2219 4403 2437 4459 Scilicet
2464 4402 2767 4475 Stephanus
2795 4402 3030 4473 pontifex
3052 4443 3068 4470 ,
3102 4403 3360 4475 dignitate
3387 4405 3500 4477 regi
3530 4420 3668 4477 prte-

2194 4491 2310 4527 ens.

2089 4489 2310 4531 οθιιεηε.

2169 4547 2185 4583 i
2218 4543 2334 4598 Non
2363 4543 2533 4599 solum
2561 4541 2698 4597 flexo
2734 4558 2870 4614 genu
2900 4541 3205 4598 Ludovicus
3247 4544 3521 4614 Augustus
3549 4543 3669 4600 Ste-

2094 4615 2269 4695 phano
2313 4613 2982 4695 obsequiutlexhibuit,‘
3004 4613 3099 4695 sed
3124 4614 3287 4695 etiam
3315 4613 3435 4695 plus
3475 4615 3669 4695 fecisse

2095 4681 2308 4754 videtur
2335 4699 2401 4738 ex
2430 4681 2579 4738 hisce
2603 4681 2841 4754 Thegani
2866 4683 3103 4738 auctoris
3137 4681 3428 4754 synchroni
3452 4687 3664 4741 verbis:

2100 4772 2119 4804 ‹
2155 4753 2439 4808 Descendit
2473 4762 2700 4825 uterque
2744 4753 2810 4806 de
2859 4767 2999 4825 equo
3045 4753 3174 4817 suo,
3214 4761 3270 4808 et
3314 4756 3566 4825 princeps
3610 4772 3669 4810 se

2094 4832 2448 4893 prosternens
2472 4824 2619 4878 omni
2667 4837 2891 4893 corpore
2927 4824 2980 4877 in
3017 4831 3217 4879 terram
3247 4826 3421 4879 tribus
3462 4824 3669 4879 vicibus

2095 4902 2221 4948 ante
2242 4895 2405 4963 pedes
2431 4894 2566 4948 tanti
2591 4893 2880 4962 pontificis,
2910 4902 2963 4948 et
2990 4894 3146 4949 tertia
3176 4895 3293 4951 vice
3337 4903 3551 4951 erectus
3585 4909 3669 4949 sa-

2095 4963 2287 5033 lutavit
2312 4963 2643 5033 pontificem,
2681 4983 2699 5015 ι
2733 4972 2838 5018 etc.

2172 5032 2185 5083 i
2222 5032 2327 5087 Pro
2352 5033 2598 5088 Antistes.
2633 5034 2710 5087 lta
2735 5032 2789 5086 in
2820 5049 2920 5088 ms.

2167 5103 2193 5141 ιι
2220 5103 2392 5157 Antea
2437 5119 2535 5158 nos
2557 5104 2766 5173 monuit
2801 5107 2979 5173 poeta,
3003 5110 3165 5173 atque
3192 5104 3390 5159 iterum
3420 5102 3557 5173 inf_ra
3588 5117 3669 5155 re-

2098 5181 2268 5298 petet,
2306 5173 2539 5227 accitum
2568 5171 2737 5227 fuisse
2779 5170 3093 5243 pontificem
3121 5189 3152 5227 a
3180 5173 3453 5228 Lud0vico
3488 5170 3584 5224 Pio
3618 5173 3669 5224 iu

2148 5243 2406 5297 ranciam.
2452 5242 2605 5297 Nunc
2666 5242 2996 5298 Ludovicum
3045 5243 3251 5297 inducit
3298 5240 3669 5295 sciscitantem

2148 5243 2406 5297 ranciam.
2452 5242 2605 5297 Nunc
2666 5240 2996 5298 Ludbvicum
3045 5243 3251 5297 inducit
3298 5240 3670 5295 sciscitantem

2102 5327 2321 5366 causam
2363 5327 2460 5366 cur
2487 5312 2574 5366 ille
2599 5326 2656 5366 se
2700 5313 2753 5366 in
2785 5312 2987 5367 Gallias
3024 5311 3331 5365 contulerit.
3378 5309 3495 5363 Non
3536 5310 3673 5364 bene

2102 5383 2206 5437 ista
2253 5382 2544 5437 cohmrent.
2581 5382 2646 5435 Et
2690 5382 2904 5451 quidem
2935 5389 3204 5451 postrema
3258 5380 3372 5433 haec
3399 5393 3522 5434 cum
3548 5380 3676 5434 reli-

2140 5452 2223 5507 uis
2242 5467 2427 5521 eorum
2460 5449 2758 5521 temporum
2785 5449 3128 5521 chronologis
3152 5451 3508 5521 concordant,
3537 5464 3662 5520 prec

2140 5468 2223 5507 uis
2242 5468 2427 5506 eorum
2460 5468 2758 5521 temporum
2785 5468 3128 5516 cnronmogls
3152 5468 3508 5515 concordant,

2102 5468 2351 5579 dentibus
2371 5520 2702 5591 Stephanum
2731 5520 3018 5591 qusponte
3042 5518 3166 5573 illuc
3197 5518 3519 5591 profectum.

2182 5590 2203 5631 ι
2231 5586 2520 5663 Scripserit
2548 5589 2779 5646 fortasse
2802 5586 3037 5663 Nigellus
3067 5586 3422 5667 prwécllisque
3451 5601 3591 5647 tuos.
