3856 6190
269 245 374 299 595

268 358 531 419 C'erncret
559 373 618 419 ut
647 380 857 438 regem,
885 365 1137 432 famulos,
1164 367 1279 422 sive
1304 367 1495 424 ordine
1524 377 1718 432 vestes,

339 453 738 526 Pinccrnasque
757 471 903 521 suos,
928 456 1042 512 sive
1060 456 1251 513 domos
1270 459 1452 513 varias
1475 476 1491 513 :

271 542 479 599 Felices
504 544 710 613 famuli,
742 545 928 602 felices
949 547 1185 618 denique
1207 549 1347 604 servi
1371 590 1390 615 ,

342 632 442 701 Qui
468 644 614 690 stant
641 644 696 690 ct
723 647 952 692 cernunt
998 638 1201 711 inclyta
1233 650 1385 712 gesta
1411 648 1525 696 tua.

272 723 461 780 llaurit
482 735 535 782 et
564 743 695 783 aure
722 729 810 798 pia
839 730 930 800 qui
956 733 1206 804 dogmata
1238 743 1418 789 vestra
1444 734 1671 802 beatus,

340 816 405 873 Et
434 820 662 889 populus
687 820 839 889 felix,
863 837 1030 896 regna
1052 826 1213 881 beata
1239 826 1424 881 simul.

273 904 354 961 Sit
375 906 516 964 Deus
541 908 790 967 excelsus
812 920 927 968 toto
953 912 1273 970 recolendas
1291 930 1477 971 amore
1493 956 1513 982 ,

340 998 440 1066 Qui
468 999 561 1054 tibi
584 1001 859 1058 concessit
877 1003 1130 1074 dogmata
1162 1013 1309 1061 tanta
1334 1014 1528 1076 pater;

269 1089 366 1146 Cui
416 1090 620 1164 placet,
666 1102 830 1165 atque
871 1094 1124 1151 thronum
1183 1098 1278 1167 qui
1326 1098 1421 1152 dat
1473 1096 1707 1153 retinere
1758 1113 1852 1167 pa-

1501 1188 1743 1264 [ternum
1760 1231 1773 1254 ,

341 1275 648 1349 Dilexitque
678 1294 806 1359 suo;
834 1287 885 1333 te
906 1293 1070 1348 super
1086 1278 1398 1336 instituens.

269 1367 367 1424 llis
410 1370 597 1441 regina
647 1368 788 1424 Saba
818 1378 902 1425 est
927 1368 1273 1426 Salomonem
1319 1370 1481 1427 allata
1527 1379 1804 1442 potentem
1834 1388 1851 1423 :

343 1460 440 1516 llis
467 1476 570 1532 ego
592 1468 648 1516 te
670 1460 896 1532 supplex
917 1477 1079 1517 ausus
1105 1462 1257 1518 adire
1280 1462 1380 1517 fui.

272 1552 350 1605 'l‘u
382 1561 563 1606 tamen
588 1565 646 1606 es
670 1553 868 1624 potior,
894 1561 950 1608 tu
989 1553 1091 1608 rite
1110 1554 1386 1623 potentior
1407 1562 1591 1610 exstas
1619 1573 1636 1608 :

336 1643 427 1698 Ille
453 1645 699 1700 umbram
721 1645 979 1711 retinens,
1010 1653 1067 1699 tu
1086 1646 1213 1715 quia
1233 1661 1362 1702 vera
1391 1647 1542 1703 colis.

270 1734 362 1789 Ille
384 1733 486 1789 fuit
515 1735 731 1806 sapiens
754 1734 1004 1800 nimium,
1030 1737 1125 1793 scd
1147 1738 1309 1793 cessit
1332 1738 1540 1804 amori;

339 1825 416 1880 Tu
458 1826 671 1895 sapiens
695 1833 845 1882 caste
881 1827 1022 1882 vivis
1057 1842 1244 1883 amore
1268 1828 1385 1884 Dei.

268 1915 430 1972 lsrael
455 1916 541 1971 ille
565 1915 666 1971 fuit
689 1924 943 1988 regnator
970 1917 1139 1973 solius
1160 1918 1302 1974 arcis
1326 1936 1338 1971 :

338 2008 417 2063 Tu
447 2008 570 2080 pius
599 2009 829 2080 Europa:
855 2024 1023 2081 regna
1053 2019 1304 2081 potenter
1329 2011 1517 2068 habes.

270 2099 410 2172 Ergo
431 2100 601 2156 Deum
629 2101 810 2157 cuncti
832 2101 1086 2172 precibus
1113 2101 1393 2172 pulsemus
1418 2103 1636 2174 opimis.

336 2193 407 2249 Ut
428 2201 481 2249 te
501 2202 788 2249 conservet
827 2193 983 2250 saecla
1006 2210 1104 2264 per
1124 2195 1301 2265 ampla
1322 2196 1454 2252 suis.

270 2283 364 2340 llis
405 2284 637 2356 aliisque
680 2284 850 2341 Sacer
885 2300 1049 2356 quam
1076 2285 1322 2356 pluribus
1368 2287 1590 2356 insuper
1644 2285 1848 2342 almum

336 2374 634 2445 Compellat
657 2390 863 2446 regem,
890 2374 1074 2431 Caesar
1108 2383 1162 2430 et
1190 2375 1305 2446 ipse
1329 2374 1578 2430 Sacrum.

270 2464 469 2521 Pocula
502 2466 669 2522 densa
700 2465 908 2533 volant,
940 2466 1220 2538 tangitque
1246 2465 1479 2521 volentia
1500 2465 1744 2522 Bacchus

339 2557 535 2624 Corda,
558 2556 742 2614 fremit
765 2557 995 2630 populus
1015 2557 1200 2614 lattitia
1228 2558 1493 2612 unanimi.

269 2646 583 2705 Transactis
608 2648 781 2719 epulis
819 2655 1067 2717 surgunt,
1096 2649 1407 2718 mensisque
1432 2647 1637 2703 relictis

338 2742 522 2798 Ctesar
544 2757 669 2798 cum
688 2740 965 2812 Stephano
997 2749 1135 2797 tecta
1162 2750 1372 2797 secreta
1409 2741 1563 2811 petit.

269 2829 493 2887 Noctem
515 2830 660 2886 illam
686 2831 853 2897 curis,
884 2830 1161 2901 variisque
1184 2831 1285 2887 sub
1309 2832 1499 2886 ordine
1526 2831 1688 2886 rebus

339 2924 629 2978 Dimittunt
660 2941 675 2976 :
700 2922 872 2978 oculis
904 2938 1131 2980 somnus
1154 2932 1209 2978 at
1239 2924 1354 2994 ipse
1382 2923 1538 2996 fugit.

272 3013 425 3070 Mane
457 3028 596 3071 novo
620 3011 802 3069 Cresar
835 3012 1170 3084 Stephanum
1210 3028 1571 3086 proceresque
1599 3025 1848 3071 senatum

338 3105 652 3163 Convocat:
679 3113 767 3161 ast
795 3105 871 3161 illi
899 3105 1047 3178 regia
1070 3104 1222 3174 jussa
1253 3105 1458 3161 colunt.

267 3196 450 3252 C:csar
471 3195 525 3251 in
553 3194 767 3251 excelsa
794 3195 1043 3251 consedit
1066 3195 1195 3251 sede
1224 3203 1437 3266 togatus
1454 3236 1472 3261 ,

338 3286 501 3341 Multa
527 3295 717 3343 tenens
739 3288 943 3351 animo,
969 3303 1088 3357 qum
1114 3296 1272 3358 parat
1302 3288 1565 3356 incipere.

268 3376 448 3431 Aurea
470 3374 601 3431 sella
631 3373 858 3430 Sacrum
888 3375 1047 3431 lateri
1069 3376 1296 3432 sociavit
1316 3378 1525 3442 amico,

335 3467 404 3520 At
427 3480 686 3537 proceres
711 3467 952 3523 resident
972 3468 1166 3523 ordine
1187 3468 1418 3539 quisque
1447 3483 1564 3523 suo.

266 3560 405 3613 Tum
430 3558 551 3628 pius
575 3559 691 3614 lucc
716 3557 917 3625 Cmsar,
955 3557 1146 3627 Sacro,
1189 3559 1513 3632 famulisque
1539 3562 1780 3617 subactis

335 3648 516 3704 Edidit
539 3663 632 3703 ore
662 3648 815 3717 prior
833 3664 1001 3703 aurea
1030 3651 1192 3704 verba
1222 3665 1424 3706 sonans
1457 3668 1469 3704 :

267 3743 460 3797 Audite
486 3740 627 3807 lucc,
650 3756 929 3811 proceres,
951 3750 1007 3796 et
1033 3750 1110 3808 tu,
1151 3744 1494 3798 sanctissime
1520 3743 1741 3812 prtesnl,

337 3831 451 3888 lloc
477 3847 766 3887 commune
785 3833 986 3887 bonum
1017 3834 1277 3903 suscipite
1303 3835 1609 3890 unanimes.

268 3924 345 3978 En
376 3922 507 3977 mihi
535 3921 911 3991 cunctipotens
935 3922 1224 3979 miseratus
1251 3939 1416 3995 regna
1442 3934 1668 3995 paterna

336 4017 517 4075 Cessit
536 4016 738 4073 habere
768 4016 934 4084 Deus,
958 4027 1013 4073 et
1032 4019 1199 4074 decus
1232 4034 1394 4074 omne
1417 4019 1597 4075 simul.

265 4107 383 4164 Non
407 4109 633 4173 meritis,
665 4116 727 4163 ut
758 4107 945 4173 credo,
983 4108 1136 4170 meis,
1164 4108 1257 4164 sed
1284 4108 1455 4178 patris
1477 4109 1738 4164 honorem

329 4200 484 4257 lluuc
524 4200 790 4256 miserans
828 4198 1079 4255 Christus
1104 4199 1267 4255 cessit
1290 4200 1497 4256 habere
1515 4200 1669 4254 mihi.

266 4291 407 4363 Ergo
426 4306 620 4362 precor
639 4289 812 4355 .fidos,
844 4299 899 4346 et
921 4300 995 4358 te,
1025 4291 1287 4362 praeclare
1310 4290 1563 4348 sacerdos
1583 4333 1598 4357 ,

337 4384 406 4441 Ut
429 4385 560 4441 mihi
586 4383 800 4442 consilii
828 4383 930 4439 rite
957 4384 1148 4441 feratis
1173 4400 1355 4457 opem.

266 4476 331 4530 Et
355 4474 492 4533 ferte
512 4475 774 4532 auxilium
799 4476 889 4545 qui
923 4491 1136 4532 mecum
1164 4477 1407 4546 regmina
1433 4486 1615 4533 nostra

335 4564 601 4633 Servatis,
631 4565 837 4631 famuli,
864 4574 1027 4636 tuque
1049 4567 1205 4622 beate
1234 4564 1432 4631 Sacer,

265 4658 383 4723 Quo
404 4657 605 4723 clerus,
628 4656 966 4727 populusque
990 4671 1161 4721 meus,
1186 4670 1518 4726 pauperque,
1543 4664 1848 4726 potensque

299 4746 464 4802 .Jura
488 4756 715 4817 paterna
738 4748 892 4817 sequi
916 4764 1003 4803 me
1026 4746 1263 4803 faciente
1286 4756 1507 4817 queant.

267 4835 474 4909 Regula
538 4850 566 4878 ι
621 4846 809 4893 sancta
862 4837 1084 4893 Patrum
1139 4839 1475 4910 constringat
1534 4840 1590 4893 in
1659 4840 1850 4897 ordine

1518 4928 1744 5001 [clerum
1762 4973 1775 4993 ,

351 5038 576 5095 Olnnuit
602 5047 762 5110 poeta
800 5038 997 5095 librum
1029 5039 1093 5094 de
1140 5039 1258 5094 Vita
1284 5037 1615 5103 clericorum,
1644 5040 1757 5110 sive
1784 5041 1849 5095 de

270 5109 615 5167 Institutione
632 5110 1025 5173 canonicorum,
1063 5124 1225 5178 quam
1247 5115 1375 5163 tunc
1396 5110 1516 5178 pius
1544 5111 1643 5164 iste
1664 5109 1849 5166 Ctesar

268 5180 658 5251 meditabatur,
694 5187 751 5251 et
778 5180 895 5251 ipso
916 5188 1145 5251 curante
1179 5178 1405 5234 subinde
1430 5180 1547 5250 ipso
1576 5196 1718 5236 anno
1743 5182 1847 5237 816

271 5255 322 5308 in
348 5251 583 5322 concilio
602 5249 1026 5322 Aquisgranensi
1052 5258 1361 5305 statuerunt
1406 5249 1663 5322 episcopi.
1692 5251 1846 5320 Quod

270 5324 417 5391 pium
463 5321 808 5385 institutum,
856 5321 909 5375 in
949 5334 1152 5391 paucas
1200 5330 1361 5375 antea
1400 5321 1660 5378 ceclesias
1698 5323 1848 5379 inve-

273 5402 442 5457 ctum,
475 5393 667 5448 deinde
694 5406 799 5463 per
825 5391 1080 5463 universa
1114 5391 1654 5463 regnaFrancorum,
1682 5402 1847 5463 atque

273 5464 407 5535 adeo
447 5478 545 5533 per
576 5460 757 5535 ipsam
782 5461 992 5535 italiam
1013 5460 1294 5535 propagari
1328 5471 1563 5535 emptum
1593 5460 1848 5535 cst.H.'cc

273 5530 338 5583 de
386 5529 654 5589 Ludovico
705 5534 868 5588 habet
915 5529 1217 5586 Adema’rus
1271 5531 1323 5585 in
1379 5529 1477 5586 suo
1524 5531 1843 5587 Chronico:

283 5615 301 5648 σ
336 5598 506 5675 iussit
541 5602 655 5658 fieri
706 5602 968 5675 Regulam
992 5600 1289 5675 canonicis,
1329 5612 1642 5675 exemptam
1678 5600 1745 5657 de
1768 5603 1847 5657 di-

284 5670 450 5725 tersis
470 5669 689 5728 Patrum
716 5669 1026 5745 scripturis,
1048 5671 1390 5746 decrevitque
1416 5669 1535 5728 eam
1563 5674 1849 5728 observan-

1579 250 1719 307 ER“
1730 250 1885 306 υιυι
1926 250 2198 310 NIGELLI

3423 251 3532 310 .596

1874 372 1924 428 Α
2017 370 2083 426 Et
2111 370 2369 441 populum
2395 369 2564 426 societ
2586 368 2672 424 lex
2702 368 3009 424 veneranda
3033 366 3273 424 Patrum.

1954 461 2018 515 Et
2040 462 2428 516 monachorum
2454 459 2588 516 ordo
2607 458 2882 514 Benedicti
2915 458 3164 528 dogmate
3185 470 3423 523 crescat.

2022 551 2263 608 Moribus
2278 558 2333 608 et
2356 551 2464 606 vita
2485 565 2685 621 pascua
2705 556 2892 604 sancta
2912 556 3082 612 petat.

1951 644 2110 699 Dives
2132 652 2257 716 agat
2276 645 2471 715 legem,
2495 655 2700 713 pauper
2725 648 2975 698 teneatur
2998 651 3187 697 eadem
3208 683 3225 708 ,

2021 734 2130 789 Nec
2152 748 2505 805 personarum
2527 733 2600 788 sit
2622 731 2771 787 locus
2795 739 2959 800 atque
2990 732 3203 786 modus.

1954 824 2173 880 Munera
2205 840 2346 880 smva
2366 824 2544 880 locum
2569 822 2733 879 nullis
2768 822 3019 878 redimita
3045 824 3276 879 metallis

2024 915 2179 970 Haud
2205 922 2447 981 teneant,
2472 915 2667 970 cedant
2686 914 2827 969 dona
2852 913 3087 986 maligna
3107 916 3312 985 procul.

1954 1006 2008 1062 Si
2038 1022 2254 1078 quoque
2266 1007 2389 1078 jure
2410 1021 2627 1077 gregem
2652 1004 2869 1062 Domini
2890 1022 2995 1063 nos
3006 1008 3278 1078 pascimus
3301 1009 3529 1073 almum,

2017 1099 2189 1166 Quem
2212 1098 2366 1165 mihi,
2391 1098 2507 1153 sive
2541 1096 2659 1164 tibi,
2679 1105 2866 1168 pastor
2885 1107 3087 1163 amate,
3108 1100 3255 1155 dedit
3277 1118 3291 1154 :

1951 1189 2285 1260 Corrigimus
2303 1204 2520 1260 pravos,
2545 1188 2809 1244 donamus
2831 1204 3055 1245 munere
3075 1189 3279 1258 justas,

2022 1282 2089 1336 Et
2118 1282 2344 1337 facimus
2376 1279 2630 1351 populum
2649 1281 2774 1351 jura
2796 1289 3021 1351 paterna
3048 1282 3200 1351 sequi
3228 1300 3244 1338 :

1954 1374 2086 1427 Tum
2110 1373 2252 1427 Deus
2283 1372 2531 1427 excelsus
2552 1372 2731 1438 nobis,
2768 1372 3073 1443 populoque
3097 1375 3312 1443 sequaci

2019 1465 2307 1519 Praestabit
2330 1464 2598 1518 miserans
2624 1479 2787 1534 regna
2809 1465 2966 1518 beata
2990 1463 3120 1533 poli,

1952 1555 2127 1625 Atque
2159 1555 2214 1610 in
2235 1555 2491 1626 prmsenti
2529 1562 2775 1610 nostrum
2804 1554 3044 1610 servabit
3065 1555 3349 1617 honorem,

2023 1643 2253 1701 Infestos
2273 1646 2459 1701 hostes
2492 1645 2582 1701 hic
2617 1644 2806 1715 procul
2828 1645 2855 1684 ιι
2879 1645 2960 1700 ire
2988 1644 3133 1700 facit.

1876 1713 1925 1772 Β
1953 1735 2062 1792 Nos
2092 1736 2263 1792 simus
2288 1734 2434 1791 clero
2454 1713 2785 1805 exemplum,
2808 1748 2902 1791 seu
2924 1750 3114 1789 norma
3145 1735 3335 1804 popelli
3362 1753 3383 1788 :

2022 1828 2297 1886 Justitiam
2321 1828 2512 1884 doceat
2536 1827 2733 1897 praesul
2759 1837 2985 1897 uterque
3010 1841 3160 1881 suos.

1949 1924 2115 1981 Israel
2136 1923 2224 1979 ille
2248 1922 2344 1978 Dei
2363 1921 2590 1993 p0pulus
2613 1921 2840 1976 dilectus
2862 1935 3069 1984 amore,

2023 2014 2125 2083 Qui
2148 2014 2377 2086 pedibus
2397 2012 2555 2068 siccis
2579 2028 2678 2083 per
2705 2011 2873 2067 maris
2892 2010 2990 2066 ivit
3014 2011 3135 2074 iter,

1950 2106 2047 2162 Cui
2082 2107 2222 2161 Deus
2247 2105 2302 2159 in
2323 2119 2509 2160 eremo
2532 2103 2697 2158 tantis
2717 2102 3022 2158 labentibus
3041 2100 3197 2156 annis

2024 2197 2216 2251 Manna
2235 2197 2414 2251 cibum
2440 2194 2646 2260 tribuit,
2668 2207 2803 2263 rupe
2824 2192 3045 2247 volucre
3067 2192 3258 2260 dapes;

1951 2287 2049 2342 Cui
2072 2287 2172 2342 fuit
2198 2301 2352 2341 arma
2379 2285 2538 2348 Deus,
2565 2284 2796 2353 gladius,
2821 2291 3142 2353 scutumque
3175 2287 3383 2348 viator,

2023 2378 2103 2432 Ad
2129 2377 2515 2449 repromissum
2546 2376 2693 2431 vexit
2720 2375 2927 2431 honore
2952 2374 3160 2439 locum;

1952 2470 2069 2537 Quo
2095 2474 2362 2539 praecepta
2384 2466 2479 2522 Dei
2508 2467 2744 2522 servavit
2769 2467 3012 2535 adusque
3034 2464 3308 2525 docentis,

2023 2560 2297 2616 Justitiam
2319 2559 2506 2624 coluit,
2529 2560 2904 2631 iudiciumque
2925 2557 3103 2622 dedit;

1952 2653 2198 2725 Dumque
2225 2654 2280 2708 in
2320 2668 2505 2709 amore
2524 2652 2615 2723 pio
2640 2651 2926 2707 Dominum
2951 2649 3139 2707 dilexit
3170 2647 3452 2710 eumdem,

2022 2743 2138 2799 Non
2160 2744 2333 2799 aliena
2358 2758 2610 2813 sequens,
2644 2742 2737 2797 sed
2755 2741 2843 2811 pia
2869 2740 3014 2797 dicta
3045 2739 3140 2794 Dei
3174 2757 3188 2792 :

1952 2834 2221 2890 Adversas
2242 2832 2318 2887 illi
2339 2831 2635 2902 prostravit
2655 2830 2878 2886 numine
2899 2837 3106 2901 gentes,

2022 2925 2291 2995 Prospera
2318 2931 2513 2978 cuncta
2543 2921 2712 2987 dedit,
2741 2930 2905 2990 atque
2928 2919 3147 2976 inimica
3174 2917 3316 2974 tulit.

1953 3018 2002 3075 0
2026 3018 2156 3074 felix
2185 3030 2398 3085 semper
2420 3013 2636 3070 Domini
2666 3014 2710 3069 si
2741 3011 2896 3081 jussa
2922 3020 3139 3068 secutus

2022 3107 2267 3171 Adforet,
2297 3114 2562 3161 atteruum
2586 3119 2755 3176 regna
2781 3110 2991 3159 teneret
3010 3116 3205 3158 ovans.

1953 3198 2169 3255 Divitiis
2193 3198 2409 3252 incaute
2430 3203 2490 3249 ut
2511 3195 2688 3266 primo
2710 3194 2932 3249 indulsit
2954 3193 3174 3262 opimis.

2022 3290 2296 3346 Justitiam
2331 3287 2508 3359 liquit,
2532 3295 2588 3343 et
2607 3285 2768 3342 simul
2797 3300 2958 3341 omne
2978 3285 3179 3340 bonum
3195 3324 3211 3349 ,

1953 3380 2311 3450 Deseruitque
2324 3377 2516 3443 Deum,
2542 3376 2710 3431 coluit
2742 3390 2869 3430 mox
2898 3373 3039 3430 idola
3061 3388 3198 3429 vana
3230 3391 3244 3428 :

2025 3477 2231 3533 Idcirco
2253 3490 2447 3545 passus
2475 3482 2555 3530 tot
2577 3472 2717 3529 mala
2747 3471 2851 3527 rite
2884 3471 3005 3527 fuit.

1955 3568 2063 3626 Sed
2083 3568 2247 3623 Pater
2267 3566 2613 3622 architenens
2637 3563 2807 3635 plagis
2834 3562 3111 3632 variisque
3131 3559 3354 3632 ﬂagellis

2022 3658 2292 3714 Correxit.
2317 3656 2521 3718 docuit,
2558 3653 2788 3725 pristina
2817 3652 2946 3723 jura
2966 3653 3114 3709 dedit

1956 3749 2026 3806 Ut
2057 3749 2222 3804 miser
2239 3746 2467 3802 amictus
2490 3744 2705 3800 Domini
2728 3743 3041 3799 meminisse
3063 3741 3279 3798 volebat
3303 3782 3320 3806 ,

2025 3837 2146 3894 Mox
2173 3838 2295 3909 pius
2317 3836 2459 3891 altor
2481 3836 2625 3891 enim
2649 3834 2981 3906 suscipiebat
3003 3848 3148 3888 eum.

1954 3931 2081 3987 llaec
2100 3945 2232 4001 gens
2260 3928 2373 3985 sola
2397 3927 2567 3983 Deum
2602 3934 2782 3990 norat,
2804 3925 3110 3996 partimque
3142 3922 3402 3980 Tonantis

2018 4022 2258 4077 Parebat
2290 4019 2453 4075 dictis
2471 4060 2486 4085 ,
2514 4025 2680 4089 atque
2716 4016 2931 4074 colebat
2953 4032 3097 4072 eum.

1952 4112 2161 4168 Caetera
2182 4108 2344 4165 turba
2371 4108 2592 4179 quidem
2611 4106 2867 4163 servabat
2883 4104 3035 4175 jussa
3071 4103 3264 4161 celidri
3281 4147 3296 4170 ,

2020 4202 2307 4258 Factorem
2329 4200 2609 4273 ignorans,
2635 4195 2894 4252 daemonis
2925 4210 3053 4251 orsa
3079 4208 3331 4265 sequens.

1952 4293 2053 4349 llic
2072 4308 2173 4363 per
2195 4290 2570 4361 trinquadrum
2598 4299 2621 4328 α
2648 4287 2932 4359 regnabat,
2957 4285 3093 4358 proh
3116 4284 3298 4341 dolor!
3322 4283 3522 4347 orbem.

2026 4383 2092 4438 Et
2112 4395 2282 4454 genus
2302 4381 2597 4436 humanum
2622 4377 2675 4431 in
2700 4391 2798 4432 sua
2820 4390 2985 4445 regna
3007 4374 3189 4430 dabat.

1949 4474 2177 4546 Jamque
2196 4472 2528 4537 sacerdotes,
2548 4484 2725 4541 reges,
2763 4467 3063 4524 solemuica
3086 4465 3215 4536 jura

2023 4565 2324 4622 Cessabant
2345 4577 2589 4634 prorsus,
2620 4561 2798 4617 hostia
2824 4560 2941 4616 sive
2966 4573 3145 4615 sacra.

1952 4659 2088 4712 Tum
2109 4658 2232 4728 pius
2251 4655 2478 4711 indoluit
2497 4653 2730 4725 genitor,
2754 4651 3100 4719 Verbumque
3128 4648 3323 4705 salutis

2021 4745 2349 4802 Transmisit
2384 4744 2602 4807 mundo,
2634 4751 2697 4797 ut
2719 4756 2822 4797 nos
2844 4741 2967 4812 pius
2987 4748 3225 4796 erueret.

1951 4836 2043 4892 ille
2068 4836 2199 4890 lavit
2228 4834 2450 4907 proprio
2481 4833 2750 4889 miserans
2781 4831 2849 4887 de
2876 4832 3143 4903 sanguine
3172 4833 3465 4898 mundum,

2022 4928 2282 4998 Dogmata
2313 4926 2463 4981 clara
2487 4925 2654 4990 dedit,
2676 4923 2942 4993 justitiam
2972 4922 3176 4978 docuit.

1955 5043 2080 5098 dam
2125 5058 2156 5096 a
2201 5041 2504 5108 canonicis,
2552 5050 2613 5097 ut
2651 5042 2795 5097 sicut
2832 5040 3082 5096 monachi
3119 5037 3418 5110 respiciunt
3466 5038 3529 5093 ad

1953 5113 2150 5169 librum
2175 5112 2391 5182 Regulae
2415 5113 2589 5168 sancti
2624 5110 2929 5182 Benedicti,
2968 5110 3048 5166 sic
3071 5110 3353 5182 perlegam
3374 5124 3533 5182 eano-

1954 5184 2065 5239 nici
2109 5179 2562 5238 inter'selihrum
2589 5183 2726 5239 Vita:
2762 5179 3110 5237 clericorum.
3147 5200 3166 5233 ι
3202 5179 3349 5234 Nihil
3373 5180 3532 5234 habet

1952 5254 2043 5331 hic
2069 5264 2231 5325 poeta
2259 5253 2326 5309 de
2369 5252 2899 5331 sanctimonialibus,
2918 5251 3134 5331 _qu_ibus
3162 5259 3530 5331 tamenjregu-

1950 5324 2056 5378 lam
2072 5321 2307 5394 'quoque
2333 5323 2789 5394 prtescribendam
2817 5321 3124 5378 Ludovicus
3156 5321 3392 5375 curavit.

2020 5394 2049 5434 δ
2070 5392 2368 5466 Fortassis,
2392 5393 2514 5449 hinc
2533 5392 2738 5466 procul.

2026 5475 2048 5504 ο
2066 5465 2174 5521 Pro
2188 5458 2652 5535 triquetrumfhoc
2672 5472 2757 5520 est
2777 5476 2875 5534 per
2903 5471 3015 5518 tres
3032 5469 3220 5535 partes
3232 5458 3400 5521 orbis.
3425 5460 3530 5514 sive

1950 5549 2049 5605 per
2083 5532 2570 5605 totum'terrarum
2619 5532 2830 5605 orbem,
2881 5548 3043 5605 quem
3096 5532 3152 5587 in
3196 5539 3311 5587 tres
3353 5540 3534 5605 partes

1953 5600 2082 5729 illunc
2130 5604 2459 5729 dividlebant,
2520 5604 2772 5661 America
2826 5600 3021 5675 neinpe
3087 5610 3217 5657 tunc
3277 5600 3533 5670 temporis

1953 5692 1984 5729 υ
2009 5692 2109 5729 ene
2139 5691 2262 5729 ivno
2290 5691 2359 5729 a.»

1951 5677 2109 5731 plane
2139 5677 2359 5732 imula.»
