3856 6190
318 373 420 430 597

309 481 619 551 [infernique
639 492 830 554 potens
851 485 1115 557 confregit
1143 491 1364 546 numine
1387 492 1570 550 valvas
1589 534 1606 560 ,

379 574 536 630 Eruit
558 575 783 641 electos,
806 574 1066 634 daemonis
1093 594 1243 635 arma
1268 583 1406 638 tulit.

307 663 433 719 Inde
457 680 692 734 superna
716 675 909 736 petens
933 671 1248 725 conscendit
1276 672 1329 726 in
1351 675 1555 730 aethera
1581 679 1782 745 victor,

378 754 766 810 Christicolum
789 758 948 812 nobis
973 774 1168 815 nomen
1189 761 1392 818 habere
1421 766 1586 823 dedit.

302 847 549 917 Quisque
590 849 740 918 cupit
779 848 985 905 Christi
1011 867 1155 908 nunc
1186 868 1383 910 nomen
1417 856 1640 926 habere,
1669 878 1891 920 necesse
1990 869 2036 928 Ο
2067 873 2176 928 Dee
2197 875 2548 944 celsitonans,
2575 883 2668 952 qui

1737 965 1820 1012 est

375 1028 495 1096 Quo
519 1037 685 1100 caput
708 1029 993 1096 abscessit,
1016 1035 1288 1104 prendere
1316 1047 1489 1094 certet
1512 1042 1636 1098 iter.
1714 955 1732 1027 [

297 1120 566 1188 Quamvis
592 1122 754 1176 dante
782 1122 895 1178 Deo
930 1132 1076 1180 totus
1100 1143 1249 1183 nunc
1268 1133 1502 1188 mundus
1525 1135 1763 1192 abundet

368 1209 755 1265 Christicolum
787 1213 985 1280 turbis,
1006 1214 1366 1289 Ecclesiarque
1391 1222 1496 1278 ﬁde
1515 1265 1528 1288 ,

302 1298 408 1355 Nec
433 1301 504 1354 sit
523 1316 660 1370 opus
686 1300 900 1356 Domini
934 1304 1167 1362 famulos
1186 1323 1285 1376 pro
1315 1313 1531 1368 nomine
1553 1316 1685 1370 caedi
1705 1357 1720 1380 ,

369 1388 504 1444 Cum
533 1391 736 1459 passim
771 1390 973 1447 Christi
1004 1411 1202 1452 nomen
1233 1401 1286 1452 in
1314 1403 1446 1456 orbe
1471 1403 1632 1470 boet;

298 1479 362 1533 Et
399 1479 540 1533 male
568 1479 673 1535 fida
704 1483 924 1549 cohors,
949 1485 1163 1542 Domini
1189 1506 1309 1560 quae
1330 1493 1520 1564 dogma
1545 1497 1774 1563 refutat,

367 1571 603 1641 Cuspide
632 1573 956 1631 Christicolo
977 1575 1092 1645 jam
1123 1583 1313 1650 procul
1338 1594 1458 1640 acta
1487 1585 1626 1658 fugit
1651 1607 1664 1653 ;

291 1664 553 1730 Quamvis
576 1665 830 1722 Ecclesiae
854 1667 1064 1736 Patres,
1103 1682 1425 1746 nostrosque
1449 1681 1662 1749 priores

364 1756 510 1813 Mors
537 1758 658 1814 tulit
684 1769 804 1815 atra
828 1762 1065 1832 quidem,
1098 1782 1240 1823 nunc
1274 1776 1422 1825 tenet
1449 1773 1569 1826 aula
1592 1774 1687 1829 Dei
1719 1795 1731 1828 :

294 1845 466 1900 Morte
495 1847 621 1902 licet
651 1865 1001 1920 nequeamus,
1031 1868 1126 1909 eos
1146 1866 1416 1915 certemus
1440 1873 1665 1920 ovantes

357 1935 534 1992 Corde
560 1940 714 2008 sequi
735 1957 892 2011 puro,
925 1941 1270 2018 justitiaque,
1297 1951 1420 2006 tide.

291 2023 488 2096 Diligat
508 2029 685 2083 omnis
712 2030 872 2088 homo
901 2033 1149 2103 fratrem,
1185 2041 1482 2099 monitante
1504 2043 1732 2112 Joanne,

357 2117 531 2183 Quem
560 2120 723 2187 videt,
751 2131 810 2178 ut
830 2123 1107 2182 Christum
1132 2145 1357 2188 cernere
1385 2147 1566 2192 mente
1586 2151 1767 2210 queat.

288 2208 386 2262 llic
409 2211 487 2264 ait
507 2212 574 2264 ad
596 2212 817 2270 Petrum
849 2234 863 2267 :
899 2217 1108 2288 Simon,
1139 2240 1226 2280 me
1260 2226 1463 2299 diligis,
1493 2245 1562 2286 an
1591 2208 1736 2287 non?

353 2301 460 2354 Ter
481 2303 566 2356 cui
598 2304 793 2364 Petrus
828 2309 905 2365 ait
930 2329 942 2363 :
975 2310 1095 2369 Scis
1115 2317 1240 2384 quia
1259 2326 1425 2373 temet
1445 2338 1589 2378 amo.

290 2393 342 2449 Si
369 2412 474 2459 me,
507 2397 758 2456 Christus
784 2402 878 2468 ait,
905 2405 1114 2471 hortor,
1145 2417 1200 2463 tu
1228 2410 1426 2481 diligis,
1461 2430 1631 2486 agnos

352 2489 523 2544 Pasce
553 2508 724 2560 meos,
749 2494 932 2563 Petre,
959 2514 1080 2554 cum
1123 2502 1341 2571 pietatis
1363 2522 1483 2575 ope.

285 2581 446 2652 Ergo,
480 2582 668 2650 Sacer,
697 2585 910 2656 plebem
954 2591 1124 2646 nostri
1153 2603 1238 2648 est
1265 2611 1460 2653 curare
1487 2600 1804 2669 subactam,

350 2673 516 2729 Nobis
543 2692 708 2746 quam
744 2679 1003 2736 Dominus
1027 2698 1252 2753 pascere
1280 2690 1584 2745 constituit.

284 2761 358 2814 Tu
386 2779 546 2819 sacer
580 2767 820 2833 antistis,
863 2785 963 2842 ego
988 2789 1083 2827 rex
1120 2791 1238 2829 sum
1272 2777 1757 2838 Christicolarum.-

351 2853 643 2913 Serv-emus
677 2862 934 2931 populum
960 2867 1232 2937 dogmate,
1265 2870 1400 2943 lege,
1431 2873 1556 2929 fide.

281 2946 502 3001 AJdidit
530 2958 587 3002 at
620 2950 803 3007 Czcsar
827 2958 1014 3026 paucis
1043 2959 1158 3016 hinc
1188 2963 1408 3034 insuper
1439 2983 1532 3023 ore
1551 3009 1565 3034 ,

353 3039 482 3106 Qua":
511 3056 669 3098 sacer
693 3048 908 3104 antistis
938 3054 1167 3123 suscipit
1196 3072 1326 3112 aure
1350 3061 1458 3130 pia.

282 3128 338 3182 Si
368 3140 456 3186 tua
482 3134 607 3204 jura
639 3149 663 3176 ει
692 3149 931 3206 manent,
966 3143 1110 3200 Petri
1148 3148 1240 3217 qui
1271 3154 1514 3223 regmina
1539 3172 1720 3221 curas,

348 3220 416 3274 Et
437 3223 556 3279 vice
575 3227 775 3294 partita
802 3233 982 3300 pascis
1007 3235 1148 3291 ovile
1171 3220 1349 3294 suum.

282 3305 373 3361 Sin
401 3310 568 3376 aliud,
615 3317 832 3383 penitus
859 3336 1074 3390 moneo,
1109 3333 1168 3379 ut
1213 3329 1345 3384 mihi
1373 3343 1570 3388 cuncta
1608 3339 1866 3394 sacerdos

348 3400 545 3458 Edicas
570 3423 582 3459 :
605 3405 802 3463 faciam
835 3429 957 3468 mox
992 3424 1082 3472 tua
1113 3422 1279 3475 verba
1310 3423 1505 3483 libens.

279 3488 347 3545 Ut
371 3510 487 3548 mea
517 3501 804 3570 progenies
826 3504 971 3562 Petri
1001 3515 1240 3568 servavit
1266 3516 1552 3585 honorem,

346 3588 437 3643 Sic
473 3607 574 3662 ego
611 3598 862 3664 servabo,
894 3605 1112 3671 prazsul,
1142 3622 1328 3664 amore
1355 3611 1452 3668 Dei

277 3675 394 3733 Mox
425 3696 556 3738 vero
584 3683 845 3742 famulum
876 3704 1092 3749 revocat
1121 3697 1436 3758 llelisachar
1457 3705 1484 3744 ι’
1514 3715 1786 3773 amatum,

341 3769 488 3824 Aure
519 3788 720 3830 sonans
752 3777 905 3847 cujus
931 3783 1046 3838 hmc
1076 3787 1163 3855 pia
1191 3789 1333 3844 dicta
1359 3792 1522 3848 dabat
1555 3812 1570 3848 :

276 3857 497 3930 Excipe,
530 3865 666 3921 vade
695 3868 826 3933 cito,
857 3881 912 3926 et
950 3873 1121 3931 firmis
1151 3879 1268 3936 hmc
1296 3881 1472 3940 insere
1497 3887 1706 3944 chartis
1735 3901 1784 3956 ο,

339 3950 472 4019 Quze
497 3955 619 4010 volo
651 3969 910 4030 perpetuo
935 3964 1040 4020 fixa
1063 3983 1284 4027 manere
1309 3975 1550 4043 quidem.

269 4039 478 4099 Censeo
499 4061 598 4114 per
620 4063 847 4118 regnum
874 4063 1061 4111 nostro
1097 4061 1469 4121 moderamine
1496 4077 1729 4137 septum,

341 4133 518 4205 Atque
556 4155 654 4208 per
678 4143 990 4215 imperium,
1021 4149 1184 4206 dante
1212 4154 1475 4222 Tonante,
1508 4176 1709 4216 meum.

271 4223 339 4279 Ut
361 4242 451 4282 res
473 4229 730 4288 Ecclesiae
770 4236 938 4302 Petri,
964 4241 1218 4312 sedisque
1241 4249 1498 4316 perennis
1517 4291 1532 4316 ,

336 4320 524 4378 "laesa:
553 4325 769 4397 vigeant
791 4345 1007 4401 semper
1033 4336 1237 4393 honore
1266 4341 1384 4396 Dei.

270 4413 336 4470 Ut
364 4419 518 4486 prius
545 4421 784 4479 Ecclesia
811 4426 925 4482 hinc
953 4440 1233 4498 pastorum
1260 4451 1484 4494 munere
1515 4439 1649 4496 fulta

334 4505 619 4564 Summum
649 4514 856 4584 apicem
877 4515 903 4555 ἀ
935 4520 1131 4587 tenuit,
1154 4530 1208 4575 et
1232 4530 1414 4580 teneat
1434 4528 1703 4586 volumus.

262 4599 489 4658 Crescat
517 4605 692 4660 honor
718 4607 863 4664 Petri
896 4620 1084 4666 nostro
1126 4616 1225 4668 sub
1253 4622 1494 4687 tempore
1528 4639 1541 4675 :
1573 4624 1746 4677 crevit

330 4696 690 4767 Temporibus
718 4699 896 4758 Caroli
919 4705 1092 4774 patris
1116 4716 1170 4760 et
1199 4715 1364 4778 utque
1389 4712 1516 4766 mei.

261 4791 526 4846 Addimus
570 4801 644 4858 at,
675 4796 893 4864 przesul,
933 4806 1144 4853 tantum
1181 4809 1266 4855 est
1301 4812 1358 4856 ut
1385 4820 1547 4874 supra
1586 4806 1848 4876 locutum,

324 4881 605 4936 Justitiam
643 4885 846 4940 recolat
875 4888 967 4957 qui
997 4889 1146 4944 sedet
1171 4906 1296 4947 arce
1325 4892 1492 4950 Petri.

332 5046 357 5073 ι
389 5033 615 5120 Scilicet
667 5057 678 5094 :
719 5040 815 5095 Dic
843 5042 1377 5120 mihi,_sanctissiime
1420 5052 1686 5120 pontifex,
1721 5071 1847 5109 uuln

256 5102 380 5172 jura
414 5105 649 5190 (scilicet
684 5102 1026 5191 temporalia)
1065 5102 1256 5191 sancti
1279 5102 1686 5178 Petririn'lac'ta,

261 5191 488 5260 an‘ve‘ro
511 5179 1304 5260 quisqiiam'_ea_minuerit_aut
1333 5195 1631 5260 usurparit.

333 5245 360 5285 b
386 5246 515 5348 pun
544 5245 875 5348 ishbudpvici
900 5254 980 5348 nn
1012 5245 1697 5348 pancellarius,“ni'ultaq‘ue
1723 5281 1833 5348 prq-

258 5323 412 5400 stant
452 5318 694 5400 ejusdem
725 5323 953 5400 Augusti
999 5327 1314 5400 diplomata,
1349 5318 1505 5400 queis
1553 5318 1849 5390 subscribit

259 5385 552 5473 Durandus
567 5385 840 5473 giqconus
869 5394 938 5447 ad
965 5385 1126 5473 uicem
1161 5385 1495 5473 Helicae/tur.

258 5467 443 5553 :lt‘utem
475 5459 543 5512 ab
564 5461 954 5553 E'ginhardolet
977 5466 1264 5553 Agobardo
1287 5459 1630 5553 presbyterii
1660 5459 1842 5553 abitus.

257 5525 326 5608 th
349 5543 482 5582 sane
503 5525 686 5610 multis
709 5535 976 5610 cmnobiis
998 5525 1060 5591 ea
1085 5546 1247 5594 actate
1269 5525 1486 5610 praefuit
1508 5525 1846 5600 amicitiai

260 5597 427 5679 licunt
450 5602 636 5682 mirari
655 5603 968 5682 desinamus
991 5597 1299 5664 nostrorum
1317 5620 1620 5681 temporum
1643 5630 1843 5682 mores,

260 5670 330 5721 ab
353 5669 666 5766 iirs‘miniJm'e
690 5674 990 5766 absimiles.
1251 5750 1286 5766 ’Δ
1428 5669 1444 5681 ’
1503 5752 1514 5766 1
1699 5755 1730 5766 ⁸.

335 5748 357 5823 ξ
382 5739 531 5823 ρρερε
559 5743 845 5799 dolendum
876 5757 983 5823 est
1005 5759 1132 5804 ante
1157 5750 1322 5823 multa
1357 5752 1550 5807 saecula
1597 5755 1842 5823 periisse.

333 5809 358 5848 ἀ
410 5810 710 5870 Primatum
743 5815 1016 5888 pontificis
1068 5821 1289 5876 maximi
1337 5823 1388 5878 in
1443 5809 1685 5881 Ecclesia
1726 5809 1843 5895 Dei,

1179 379 1267 434 DE
1303 381 1530 440 REBUS
1568 383 1814 444 GESTIS
1848 388 2175 451 LUDOVICI
2213 396 2320 452 PII.
2361 430 2432 441 --
2469 403 2596 460 LIB.
2635 405 2698 461 Il.

3475 418 3579 478 598

1918 513 1970 574 Α
1995 501 2121 561 Ηωο
2142 515 2226 562 est
2251 523 2435 576 causa,
2471 511 2655 580 Sacer,
2687 534 2794 587 qua
2825 529 2874 575 te
2897 528 3164 584 accersire
3190 532 3396 602 rogavi.

2067 595 2300 665 Adjutor
2322 600 2479 658 fortis
2503 615 2620 660 esto
2648 606 2807 664 beate
2837 613 2990 668 mihi.

1993 684 2132 742 Tum
2160 689 2328 746 Sacer
2361 695 2426 748 ad
2467 697 2665 752 cmlum
2707 701 2900 770 palmis
2939 721 3062 761 cum
3106 708 3311 768 lumina
3347 716 3580 776 tendens

2060 778 2284 847 Orabat,
2312 787 2562 844 recinens
2589 791 2704 846 haec
2723 810 2940 865 quoque
2965 801 3126 856 verba
3155 802 3266 859 Deo
3294 823 3308 858 :

2695 889 2934 958 regmina
2957 901 3155 947 cuncta
3175 898 3382 952 creasti

2058 961 2194 1018 Nate
2218 966 2380 1021 simul
2415 968 2652 1038 Christe,
2683 974 2916 1046 Spiritus
2945 990 3109 1054 atque
3136 1000 3325 1054 sacer;

1989 1051 2070 1108 Tu
2096 1054 2277 1121 Petre,
2313 1059 2405 1126 qui
2429 1061 2548 1116 caeli
2583 1067 2874 1132 praeclarus
2902 1051 3141 1145 claviger
3164 1051 3348 1136 exstas
3366 1121 3383 1146 ,

2061 1145 2196 1202 Rete
2222 1151 2394 1206 trahis
2419 1155 2676 1223 populum
2706 1161 2773 1214 ad
2804 1163 2994 1218 coelica
3021 1181 3185 1237 regna
3217 1179 3340 1236 tuo;

1985 1233 2054 1289 Et
2079 1250 2173 1291 vos
2186 1239 2472 1308 ctelicolze,
2497 1259 2726 1313 quorum
2758 1265 2901 1306 nunc
2931 1233 3157 1325 corpora
3187 1259 3357 1316 Roma

2055 1325 2270 1392 Servat,
2294 1337 2350 1384 et
2380 1331 2555 1388 ollicia
2591 1337 2777 1393 sedula
2809 1341 2970 1411 digna
2994 1355 3148 1414 parat
3174 1367 3185 1401 :

1985 1416 2066 1471 Ad
2103 1421 2285 1490 papuli
2314 1425 2581 1494 regimen,
2612 1431 2766 1501 regni
2797 1432 3159 1506 Ecclesiazque
3185 1440 3448 1499 decorem-

2048 1506 2271 1566 Servate
2297 1513 2440 1568 hunc
2465 1531 2645 1588 regem
2677 1521 2837 1577 saecla
2869 1541 2966 1594 per
2993 1529 3170 1599 ampla
3197 1545 3410 1601 precor.

1984 1602 2265 1674 Dogmate,
2297 1617 2494 1675 marte,
2528 1613 2633 1669 fide
2672 1632 2852 1675 mores
2882 1625 3140 1691 praecellit
3168 1630 3362 1698 avitos,

2050 1691 2216 1749 Curat
2245 1704 2300 1751 et
2330 1699 2651 1770 Ecclesiam,
2686 1705 3086 1783 imperiumque
3110 1717 3271 1789 regit.

1983 1779 2050 1834 Et
2077 1783 2260 1839 sedem
2283 1786 2428 1843 Petri
2451 1805 2664 1849 summo
2696 1798 2946 1866 prteditat
2976 1779 3216 1872 bonorev,

1906 1860 1953 1920 B
2054 1869 2120 1925 Et
2149 1873 2332 1940 Pater,
2364 1887 2419 1932 et
2458 1879 2628 1937 Sacer
2655 1860 2758 1951 est,
2790 1887 2950 1956 altor,
2989 1900 3046 1946 et
3073 1909 3226 1951 arma
3254 1899 3390 1956 suis.

1981 1960 2096 2017 Hoc
2117 1964 2262 2020 dicto
2283 1968 2528 2026 celerans
2549 1976 2888 2046 amplexibus
2917 1983 3076 2039 haesit
3101 1989 3312 2055 amicis,

2049 2053 2229 2112 Lzetus
2250 2059 2456 2115 honore
2491 2079 2607 2131 suo,
2641 2083 2867 2126 munere
2898 2073 3013 2129 sive
3037 2075 3207 2133 Petri.

1980 2145 2224 2213 Inchoat,
2251 2159 2307 2204 et
2343 2155 2556 2211 cunctis
2583 2161 2857 2218 monitans
2883 2165 2976 2220 dat
2987 2165 3139 2235 jussa
3161 2171 3388 2242 silendi;

2049 2237 2157 2294 Ore
2183 2240 2416 2313 benigna
2445 2245 2612 2304 refert
2639 2250 2756 2308 hare
2789 2255 2911 2323 pius
2933 2273 3056 2314 orsa
3087 2262 3215 2332 pio:

1979 2324 2180 2393 Roma.
2202 2330 2314 2397 tibi,
2345 2333 2544 2402 Caesar,
2583 2345 2902 2400 transmittit
2924 2324 3152 2407 munera
3172 2353 3346 2422 Petri,

2048 2419 2218 2492 Digna
2249 2427 2382 2482 satis
2405 2429 2585 2499 digno,
2616 2439 3051 2510 conveniensque
3079 2446 3262 2503 decus.

1980 2508 2117 2564 Tum
2134 2511 2290 2581 jubet
2319 2517 2499 2575 afferri
2545 2528 2776 2594 gemmis
2803 2545 3044 2603 auroque
3072 2552 3353 2606 coronam,

2048 2601 2179 2668 Quae
2202 2604 2549 2666 Constantini
2582 2625 2604 2652 ο
2631 2614 2860 2675 Caesaris
2895 2601 3019 2678 ante
3047 2625 3167 2681 fuit.

1974 2687 2188 2763 Accipit
2219 2695 2334 2765 ipse
2365 2715 2552 2767 manu,
2587 2707 2770 2763 verbis
2795 2712 3092 2783 benedicit,
3121 2728 3176 2774 ct
3201 2729 3345 2786 orat,

2047 2779 2350 2842 Stemmata
2385 2787 2404 2826 ί
2435 2791 2584 2847 clara
2610 2804 2821 2865 tenens,
2845 2801 3046 2860 lumina
3071 2779 3241 2878 pansa
3269 2813 3412 2883 polo.

1976 2871 2078 2940 Qui
2112 2877 2255 2947 regis
2299 2879 2587 2951 imperium
2619 2891 2828 2959 mundi,
2878 2897 3206 2972 Sicciumque
3253 2905 3568 2975 gubernas,

2045 2964 2147 3032 Qui
2174 2967 2360 3027 Romae
2384 2975 2410 3013 ε
2439 2991 2628 3035 censes
2656 2982 2804 3039 orbis
2826 2986 3029 3045 habere
3053 3002 3246 3062 caput,

1973 3057 2198 3126 Exaudi,
2241 3068 2603 3141 precibusque
2630 3077 2784 3143 meis,
2810 3088 2956 3151 peto,
2979 3057 3136 3143 ﬂecte
3160 3057 3452 3164 benignam
3470 3134 3488 3161 ,

2038 3152 2278 3222 Christe,
2315 3175 2534 3230 aurem;
2564 3169 2704 3225 votis
2731 3187 2826 3226 rex
2852 3175 2940 3243 pie
2962 3192 3144 3247 qumso
3168 3179 3309 3237 fave.

2265 3219 2273 3222 _
2522 3219 2534 3230 ,
2606 3219 2701 3225 ἡ---
2732 3219 2826 3226 _-._
2852 3219 2940 3243 τη,
2963 3219 3143 3247 quam,
3168 3219 3309 3237 ...ιω

1894 3219 1938 3278 C
1969 3243 2202 3315 Adjuvet
2233 3249 2504 3321 Andreas,
2534 3257 2749 3328 Petrus,
2773 3263 3100 3339 Paulusque,
3129 3269 3390 3342 Joannes,

2042 3341 2218 3412 Atque
2246 3345 2417 3403 Maria
2450 3350 2546 3405 Dei
2578 3364 2751 3410 mater
2770 3360 2948 3427 opima
2971 3364 3067 3432 pii.

1966 3431 2404 3502 lnduperatorem
2433 3443 2578 3498 hunc
2606 3445 2939 3506 Ludovicum
2963 3462 3204 3526 tempora
3235 3459 3393 3531 longa

2040 3521 2266 3580 Servate
2299 3543 2312 3581 :
2341 3530 2638 3589 abscedant
2671 3538 2844 3593 tristia
2871 3521 3308 3614 cuncta-procul.

1964 3611 2232 3683 Prospera
2261 3629 2456 3675 cuncta
2479 3623 2626 3692 date,
2660 3643 2761 3683 nec
2787 3644 2894 3685 non
2923 3641 3048 3702 peto
3075 3611 3237 3692 noxia
3268 3637 3430 3716 longe

2033 3700 2222 3758 Pellite
2248 3723 2260 3758 :
2289 3707 2360 3761 sit
2385 3707 2530 3775 felix,
2558 3713 2739 3786 sitque
2762 3700 3064 3792 potensque
3086 3725 3199 3780 diu.

1963 3791 2089 3848 Hice
2116 3795 2211 3863 ait,
2233 3808 2290 3854 et
2312 3801 2556 3860 celerans
2581 3821 2701 3862 sese
2722 3815 2989 3869 convertit
3012 3817 3079 3870 ad
3110 3817 3309 3888 ipsum,

2033 3888 2210 3958 Atque
2240 3909 2405 3949 manu
2432 3900 2606 3970 tangit
2630 3903 2852 3959 verticis
2875 3905 2982 3961 alta
3010 3923 3184 3966 sacra.

1958 3977 2219 4035 Conferat
2249 3983 2627 4057 Omnipotens,
2671 3994 2824 4049 auxit
2857 3998 2947 4066 qui
2979 4013 3164 4056 semen
3193 4001 3462 4072 Abrahai,

2034 4068 2100 4124 Ut
2120 4072 2304 4130 videas
2329 4086 2508 4146 natos,
2531 4083 2675 4139 unde
2699 4088 2912 4142 voceris
2933 4104 3090 4145 avus.

1959 4158 2132 4216 Dedat
2161 4169 2496 4238 progeniem,
2536 4173 2772 4243 duplicet
2805 4178 3150 4250 triplicetque
3181 4193 3435 4253 nepotes,

2031 4249 2248 4311 Semine
2279 4267 2335 4312 ut
2365 4275 2396 4314 e
2419 4271 2599 4317 vestro
2626 4275 2840 4320 crescat
2865 4269 3046 4338 opima
3072 4285 3248 4342 seges,

1958 4339 2172 4413 Quique
2213 4358 2405 4419 regant
2445 4350 2710 4420 Francos,
2760 4371 2860 4411 nec
2909 4372 3017 4413 non
3064 4339 3402 4433 Romamque
3445 4379 3546 4437 po—

3221 4456 3485 4530 [tcntem,.

2030 4537 2213 4592 Donec
2236 4536 2620 4596 Christicolum
2649 4559 2843 4598 nomen
2874 4545 2927 4600 in
2950 4547 3083 4602 orbe
3111 4558 3288 4603 sonat.

1960 4627 2208 4698 Unguine
2235 4629 2460 4695 suffuso,
2483 4631 2805 4704 hymnisque
2829 4651 2896 4690 ex
2926 4639 3115 4693 crdine
3142 4641 3302 4696 dictis
3322 4683 3338 4708 ,

2029 4719 2278 4774 Cmsareo
2307 4722 2473 4792 capiti
2501 4739 2626 4778 mox
2648 4725 2814 4780 decus
2835 4727 3114 4797 imposuit.

1957 4807 2072 4861 Hoc
2097 4807 2191 4862 tibi
2222 4807 2414 4864 Petrus
2435 4825 2604 4866 ovans
2639 4814 2804 4868 cessit
2833 4816 3120 4874 mitissime
3145 4819 3345 4875 donum
3365 4862 3382 4886 ,

2027 4899 2106 4954 'I‘u
2135 4901 2258 4970 quia
2275 4899 2544 4970 justitiam
2567 4904 2591 4943 ιι
2619 4906 2768 4961 cedis
2788 4908 2989 4964 habere
3018 4913 3143 4967 sibi.

1953 5069 2117 5127 atque
2168 5059 2314 5114 illius
2341 5062 2726 5154 Jarchieratica
2760 5063 2888 5154 jura
2919 5083 2972 5154 Aa
3025 5070 3436 5154 sancto-Petro
3484 5073 3539 5126 in

1952 5144 2300 5210 successores
2337 5132 2600 5201 derivata,
2652 5132 2940 5193 confirmat
3005 5141 3177 5208 etiam
3232 5141 3543 5197 Ludovicus

1950 5199 2415 5351 Ριὲεὐᾳεςςίιιίιυιθ
2446 5274 2536 5330 hic
2563 5277 2843 5351 coronatio
2867 5278 3126 5338 Ludovici
3152 5280 3255 5346 Pii,
3288 5294 3455 5351 quam
3485 5287 3541 5333 et

1951 5339 2145 5435 1'61ng
2193 5340 2526 5399 Francorum
2574 5346 2800 5403 annales
2850 5360 3158 5407 memorant
3216 5339 3285 5404 δἐι
3304 5339 3541 5435 :aunum

1951 5410 2008 5435 οε
2041 5430 2050 5435 .
2131 5407 2267 5435 ἰι-..Α
2297 5423 2471 5435 .-_-.-____
2527 5431 2572 5435 __,
2600 5426 2686 5435 η.-
2763 5434 2766 5435 ,
2855 5428 2867 5435 .
3095 5433 3100 5435 .
3291 5433 3300 5435 -

1949 5407 2085 5464 816.7
2102 5407 2271 5488 Nemo
2295 5423 2496 5488 autem,
2527 5426 2726 5486 praeter
2745 5428 2964 5488 poetam
2986 5433 3252 5484 nostrum,
3277 5421 3543 5474 cbronam

1950 5488 2079 5604 illinc
2108 5497 2137 5535 a
2170 5481 2450 5552 Stephano
2470 5481 2612 5559 papa
2639 5481 2942 5546 adhibitam
2961 5491 3158 5545 tribuit
3177 5481 3540 5545 Constantino

2005 5567 2163 5604 92110.

2005 5567 2163 5622 agno.

2023 5623 2048 5716 ξι
2072 5622 2126 5716 1rd
2158 5634 2260 5716 eth,
2285 5641 2725 5716 Coron-tramam
2752 5637 2973 5716 tenens.
2992 5707 3082 5716 id
3148 5715 3153 5716 γ
3265 5702 3299 5716 ῃ

2025 5693 2740 5788 ῗῼιξὶ.ί¹εειῖει.³ειί.ἓρηξ³ω
2770 5707 3088 5788 essent
3114 5702 3325 5788 ιιξξιρςιίο
3401 5774 3414 5788 .

2018 5762 2044 5801 ιι
2069 5762 2311 5844 Scilicet,
2342 5765 2454 5823 Hoc
2480 5767 2580 5846 _t_ibi
2621 5767 2851 5846 donum“
2871 5762 3066 5825 Petrus
3097 5773 3288 5846 mittit,
3323 5774 3461 5846 quia
3488 5784 3545 5830 et

1950 5839 2006 5887 tu
2038 5833 2153 5902 ejus
2193 5837 2599 5894 successoribus
2628 5839 2882 5899 concedis
2920 5856 3180 5900 exercere
3212 5833 3428 5918 jura'ae
3443 5845 3540 5916 ju-
