3856 6190
204 328 311 385 £99
1521 326 1827 382 ERMOLDI
1867 320 2146 382 NIGELLK

207 441 343 493 Tum
378 437 522 493 videt
553 438 1009 510 induperatriccm
1033 440 1350 509 sociamque
1370 439 1609 512 jugalem

278 529 539 601 lrmingat
565 543 591 571 ιι
637 546 864 601 prorsus
890 532 1138 603 suscipit,
1164 542 1327 603 atque
1350 542 1518 589 tenet.

207 619 655 691 l’erspiciensque
685 621 797 688 diu,
825 624 854 663 ι)
876 623 1041 694 capiti
1067 624 1161 679 dat
1189 640 1317 681 mox
1344 625 1509 681 decus
1538 625 1705 689 almo,

279 712 346 765 Et
378 712 656 769 benedixit
680 730 693 767 :
718 712 858 779 Ave,
886 713 1090 769 femina
1118 724 1301 770 amata
1327 717 1457 772 Deo.

207 804 289 857 Sit
322 803 420 857 tibi
450 804 584 870 vita,
618 804 768 861 salus
798 805 989 877 longos
1017 808 1271 864 distincta
1298 823 1398 879 per
1421 825 1614 874 annos,

274 895 532 967 Conjugis
560 898 820 955 observes
845 914 1063 971 semper
1090 910 1269 956 amata
1300 903 1538 957 thorum.

206 987 477 1059 Multique
504 999 768 1058 praeterea
804 993 1102 1048 cumulavit
1133 1009 1357 1049 munera
1384 995 1614 1065 prmsul,

274 1080 503 1147 Aurum,
534 1097 630 1137 seu
660 1091 859 1148 vestes,
889 1100 1010 1154 qum
1038 1085 1141 1139 sibi
1174 1084 1347 1140 Roma
1378 1085 1544 1140 dedit.

204 1171 355 1225 Dona
381 1174 474 1227 dat
495 1174 766 1242 Augusto.
791 1179 1081 1247 Augusta},
1110 1177 1399 1248 sobolique
1422 1187 1682 1239 venusta.

277 1264 343 1318 Et
368 1264 587 1321 famulis
612 1266 803 1322 tribuit
828 1268 1020 1323 ordine
1043 1268 1183 1324 dona
1209 1285 1330 1325 suo.

203 1353 387 1408 Cresar
413 1356 466 1411 ei
497 1364 679 1425 grates
709 1356 929 1426 sapiens
955 1360 1219 1428 persolvit
1245 1361 1485 1429 opimas;

276 1443 590 1501 Muneribus
613 1445 950 1517 Stephanum
978 1463 1100 1503 mox
1133 1465 1366 1505 onerare
1380 1449 1557 1520 jubet.

206 1534 408 1589 Pocula
436 1536 563 1591 bina
597 1537 745 1592 dedit
783 1539 1015 1605 gemmis
1040 1554 1281 1610 auroque
1309 1541 1495 1611 polita,

275 1624 412 1679 Cum
448 1626 649 1696 quibus
676 1628 723 1683 is
749 1626 948 1683 Bacchi
980 1630 1198 1685 hauriat
1226 1631 1420 1686 hausta
1448 1631 1637 1687 Sacer.

207 1715 572 1787 Cornipedum
600 1718 867 1789 glomerat
897 1723 1213 1790 praestantia
1242 1736 1479 1793 corpora
1505 1738 1743 1786 necnon,

277 1808 469 1875 Qualia
504 1809 838 1866 Francorum
861 1814 1082 1885 gignere
1113 1823 1258 1870 terra
1282 1816 1439 1871 solet.

3371 328 3482 386 600

1814 445 1865 503 Α
1890 440 1993 507 ραι
2024 448 2316 512 peragrent
2354 441 2519 498 urbes
2556 444 2725 514 regni,
2751 444 3022 510 caanobia,
3045 453 3251 508 castra,

1964 532 2171 587 Cuncta
2195 534 2279 587 sui
2310 532 2602 603 implentes
2618 535 2771 605 jussa
2798 535 3039 606 benigna
3064 536 3193 592 viri.

1889 621 2009 687 Eia,
2035 622 2132 687 ait,
2159 636 2193 676 o
2224 620 2407 677 famuli
2437 631 2624 678 nostro
2648 623 2943 678 nutrimine
2968 623 3118 691 freti,

1956 710 2084 766 Sive
2108 711 2278 781 patris
2301 709 2480 767 Caroli
2506 727 2642 783 quos
2669 713 2807 769 bene
2828 714 3024 784 dogma
3056 715 3231 780 docet,

1890 802 2089 856 Intenti
2120 803 2323 857 nostris
2358 803 2581 857 omnino
2615 802 2855 859 insistite
2876 805 3069 875 jussis,

1961 892 2032 946 Et
2058 906 2180 947 mea
2206 893 2370 948 verba
2394 892 2487 963 pio
2510 900 2732 963 pectore
2758 895 3038 966 suscipite.

1892 983 2002 1039 lles
2030 983 2281 1054 equidem
2310 983 2612 1055 peragenda
2643 994 2829 1041 manet
2858 987 2992 1042 satis
3012 987 3181 1042 ardua
3202 988 3381 1054 vobis,

1963 1075 2069 1129 Sed
2096 1076 2235 1130 bona
2263 1076 2427 1131 credo
2454 1077 2692 1147 quidem,
2717 1086 2953 1149 aptaque
2972 1079 3333 1135 Christicolis.

1891 1163 2033 1220 Ecce
2059 1173 2318 1235 operante
2344 1166 2477 1233 Deo,
2502 1176 2827 1238 patrumque
2845 1168 3031 1224 labore
3061 1169 3225 1234 ﬁdeli,

1962 1257 2172 1312 Limina
2205 1274 2491 1330 regnorum
2524 1260 2784 1315 inviolata
2818 1256 3070 1327 manent;

1891 1347 2167 1419 Famaque
2196 1348 2530 1406 Francorum
2562 1351 2748 1406 hostes
2775 1353 2974 1423 procul
2997 1352 3203 1422 expulit
3225 1362 3408 1419 atros;

1964 1440 2211 1497 Vivimus
2239 1457 2305 1497 en
2335 1442 2463 1505 laeti,
2490 1443 2843 1515 paciflccque,
2871 1446 2977 1515 pi‘e.
3112 1455 3121 1459 '

1895 1530 2003 1585 Sed
2030 1532 2160 1600 quia
2194 1547 2301 1586 non
2330 1533 2485 1589 bellis
2514 1535 2833 1589 certandum
2856 1545 2958 1596 est,
2989 1537 3237 1592 ducimus
3269 1547 3476 1609 aptum,

1964 1622 2035 1677 Ut
2058 1637 2158 1677 nos
2182 1622 2440 1691 subjectis
2468 1640 2707 1697 congrua
2729 1625 2854 1697 jura
2882 1627 3093 1683 demus.

1894 1710 2028 1766 Nam
2051 1713 2203 1782 prius
2234 1714 2492 1771 Ecclesia:
2523 1716 2846 1787 culmenque
2869 1717 3143 1789 decusque
3177 1719 3477 1788 requiram.

1822 1810 1868 1868 Β
1969 1805 2127 1862 Unde
2152 1807 2258 1862 mei
2285 1817 2469 1878 patres
2496 1824 2693 1865 nomen
2724 1811 2777 1865 in
2811 1819 2961 1866 astra
2991 1810 3193 1866 ferunt.

206 1904 384 1959 Aurea
414 1904 554 1960 dona
586 1904 793 1972 ferunt,
816 1915 1073 1979 argentea
1100 1923 1228 1964 vasa
1255 1918 1578 1979 sequuntur,
1896 1896 2031 1952 Nam
2054 1899 2185 1953 mihi
2206 1909 2385 1955 mente
2400 1901 2571 1967 sedet,
2589 1901 2832 1958 dederim
2853 1903 2998 1973 quod
3016 1918 3189 1973 nuper
3205 1902 3257 1957 in
3281 1903 3473 1965 orbem

280 1997 445 2054 Pallia
481 1999 666 2066 rubra,
699 1999 865 2054 simul
894 2001 1124 2056 candida
1154 2001 1398 2057 linteola.
1965 1987 2219 2060 Legatos,
2250 1990 2475 2062 populos
2503 1992 2594 2062 qui
2622 1993 2829 2062 pietate
2855 2002 3071 2065 regant.

208 2094 369 2149 Plura
391 2094 519 2165 quid
541 2095 668 2150 hinc
696 2097 1028 2151 memorem?
1055 2112 1179 2150 nam
1206 2095 1567 2167 centuplicata
1592 2102 1797 2167 recepit
1896 2079 2052 2137 Νυηο
2078 2097 2242 2147 nunc.
2272 2097 2306 2137 0
2336 2083 2509 2148 miSSi.
2540 2083 2709 2139 cel‘li’s
2739 2083 2978 2139 ίῐιείειίῑθ
3005 2085 3183 2150 remis.

282 2182 504 2238 Munera
530 2183 812 2239 Romanus
836 2196 856 2223 ο
884 2202 1005 2256 quae
1029 2186 1248 2242 arcibus
1275 2186 1547 2242 extulerat
1576 2205 1588 2240 :
1967 2174 2151 2243 Αῐφιθ
2169 2188 2270 2244 Per
2299 2174 2588 2245 imperium
2616 2176 2823 2230 ουπῖῑθ
2852 2174 2959 2231 me
2983 2190 3179 2240 meum.

211 2271 338 2328 llaec
360 2271 562 2339 Sacro;
592 2282 649 2328 at
680 2273 901 2330 famulis
925 2274 1109 2331 Caesar
1137 2277 1379 2332 bonitate
1410 2276 1647 2348 repletus
1898 2265 2344 2337 Canonicumque
2376 2282 2615 2339 gregem.
2641 2282 2938 2338 sexumque
2978 2269 3202 2338 probate
3238 2267 3473 2331 virilem.

282 2364 535 2436 Congrna
556 2365 698 2421 dona
735 2367 884 2421 dedit
909 2383 1009 2438 pro
1037 2368 1238 2439 pietate
1259 2385 1375 2423 sua,
1968 2357 2284 2413 Femineum
2305 2358 2334 2397 ιι
2357 2373 2457 2414 nec
2491 2374 2620 2424 non,
2648 2374 2769 2428 qua:
2787 2360 2876 2428 pia
2897 2368 3081 2415 castra
3107 2359 3307 2414 colunt.

212 2455 379 2509 Pallia
410 2457 579 2512 tincta
607 2458 848 2527 quidem,
880 2475 981 2514 nec
1012 2475 1117 2513 non
1153 2468 1209 2515 et
1235 2462 1482 2531 corporis
1510 2471 1635 2533 apta

1921 2451 2089 2519 lualis
2118 2451 2251 2516 vita,
2279 2451 2466 2515 decor,
2492 2450 2669 2521 qualis
2696 2450 2967 2514 doctrina,
2993 2451 3309 2520 modusque,

285 2546 567 2617 Tegmina,
598 2546 935 2602 Francorum
964 2564 1114 2603 more
1141 2559 1359 2619 peracta
1385 2550 1549 2605 bono.
1970 2544 2291 2614 Quantaque
2317 2544 2549 2615 relligio,
2576 2545 2720 2614 quod
2741 2545 2962 2616 pietatis
2989 2560 3143 2614 opus.

213 2641 391 2696 Donat
418 2655 589 2710 equos
615 2640 799 2695 varios
828 2641 1144 2710 prmstantia
1175 2641 1312 2695 colla
1340 2641 1597 2705 ferentes,
1902 2637 2219 2707 Pastorique
2243 2652 2459 2707 gregem
2488 2652 2607 2707 quae
2635 2636 3013 2692 convenientia
3039 2636 3250 2705 jungat,
3292 2650 3301 2655 '

290 2731 534 2799 Quorum
560 2730 650 2785 vix
678 2739 930 2801 poterant
950 2731 1213 2786 seandere
1243 2732 1403 2786 dorsa
1434 2732 1537 2785 sui.
1977 2729 2047 2785 Ut
2070 2746 2199 2801 grex
2232 2738 2505 2799 pastorem
2536 2729 2746 2799 diligat,
2779 2729 2894 2800 ipse
2922 2736 2983 2783 ut
3007 2743 3156 2783 oves.

216 2823 333 2878 lloc
361 2821 554 2887 Sacer,
584 2830 640 2877 et
671 2821 861 2877 famuli
888 2822 1137 2878 lmtantes
1166 2838 1390 2877 mtmere
1416 2822 1548 2876 doni’
1906 2820 1963 2874 Si
1988 2820 2090 2876 sibi
2112 2820 2373 2885 claustra,
2401 2819 2609 2886 domos,
2636 2828 2842 2890 potum,
2871 2820 3232 2891 tegimenque,
3266 2819 3469 2873 cibum-

293 2913 427 2968 Cum
464 2913 621 2968 libitu
653 2913 880 2967 Romam
910 2928 1032 2968 mox
1063 2912 1323 2983 repedare
1353 2921 1566 2982 parant.

219 3005 366 3060 Missi
395 3004 526 3074 quin
558 3004 724 3060 etiam
756 3004 881 3059 lecti
910 3004 1201 3058 mittuntur
1221 3005 1450 3064 honore,

294 3095 396 3164 Qui
428 3095 690 3150 rovehant
724 3094 1058 3164 Stephanum
1087 3094 1141 3148 in
1167 3108 1263 3148 sua
1290 3107 1455 3162 regna
1484 3108 1720 3148 sacrum.

222 3187 405 3243 Caesar
439 3196 496 3243 at
534 3187 650 3258 ipse
682 3187 805 3256 pius
835 3186 1164 3257 Compendia
1187 3184 1219 3227 ἀ
1244 3194 1383 3240 tecta
1418 3185 1607 3239 revisit

292 3276 475 3332 Laetus
503 3291 627 3331 cum
663 3276 880 3346 propria
911 3276 1156 3346 conjuge,
1186 3290 1278 3330 seu
1312 3276 1515 3330 sobole.

222 3367 353 3437 Bigo
384 3378 407 3407 ο
441 3366 615 3423 ﬁdelis
644 3368 792 3432 obit;
823 3375 1118 3422 narrantur
1143 3367 1334 3422 funera
1364 3368 1498 3438 regi,

298 3459 607 3528 lnvitusque
633 3473 790 3513 suum
821 3458 1044 3521 deserit,
1076 3458 1210 3513 heu!
1244 3458 1541 3513 dominum.

226 3550 527 3621 Divisitque
556 3552 725 3621 dapes
759 3550 806 3617 τ,
834 3567 935 3607 nec
965 3567 1072 3607 non
1107 3552 1345 3622 partitur
1369 3552 1635 3607 honorem

299 3644 353 3697 lu
387 3643 625 3699 sobolem
654 3643 931 3713 propriam
961 3642 1146 3697 Caesar
1167 3658 1354 3697 amore
1378 3644 1569 3711 patris.

229 3731 474 3801 Denique
507 3731 650 3786 fama
674 3741 832 3787 sonat
855 3732 1024 3786 latum
1056 3732 1272 3803 vulgata
1294 3746 1392 3802 per
1418 3733 1627 3798 orbem,

300 3823 455 3889 Quod
485 3823 608 3892 pius
631 3822 961 3891 induperans
991 3837 1158 3894 regna
1190 3839 1391 3879 novare
1424 3826 1566 3894 cepit
1592 3827 1638 3881 ³.

230 3913 460 3969 Ordinat
488 3913 690 3968 electos
713 3913 868 3978 cleri,
895 3921 1159 3984 notosque
1193 3913 1398 3977 ﬁdeles.

304 4005 544 4075 Quorum
575 4005 686 4062 vita
707 4006 809 4062 sibi
836 4006 1071 4080 cognita,
1096 4008 1212 4063 sive
1240 4007 1484 4080 placens,

234 4141 440 4196 stitiam
459 4141 513 4197 in
537 4138 796 4212 populum
816 4134 1121 4212 Romanum
1151 4158 1163 4212 :
1194 4155 1304 4210 quo
1329 4140 1547 4196 nomine
1570 4139 1814 4212 designa-

238 4213 279 4267 ri
311 4211 551 4267 arbitror
571 4211 927 4281 temporalem
954 4211 1354 4275 auctoritatem,
1383 4226 1547 4281 quam
1579 4211 1813 4281 impera-

239 4293 382 4353 tores
419 4282 615 4339 Franci
639 4281 985 4353 pontiﬁeibns
1014 4296 1333 4353 concessere
1357 4282 1410 4336 in
1430 4281 1668 4353 _Urbem.

308 4366 333 4394 α
366 4351 674 4410 Scriberem
699 4351 991 4422 Irmingart
1010 4371 1023 4408 :
1041 4353 1230 4422 utique
1250 4352 1395 4409 enim
1420 4351 1815 4421 Irmingardam

237 4424 395 4548 Bideo
429 4423 769 4508 appellatam.
819 4422 1039 4480 Scilicet
1070 4423 1188 4479 haec
1209 4424 1388 4495 prima
1415 4422 1520 4479 fuit
1558 4422 1816 4479 Ludovici

282 4511 317 4548 ιι
359 4510 575 4548 comux.

282 4511 317 4548 ll
359 4510 575 4549 coniux.

310 4511 851 4649 ὶῖιᾟῖῗξιίιιθεθηυεμ
886 4565 1040 4649 paria
1073 4565 1440 4649 scribentem:
1476 4564 1819 4649 aiming”-

240 4634 363 4688 dam
387 4635 631 4706 reginam
652 4634 937 4707 appellavit
947 4635 1269 4707 Augustam,
1291 4643 1346 4691 et
1358 4634 1546 4707 posuit
1556 4634 1812 4707 coronam

242 4703 473 4777 auream
488 4719 652 4775 super
674 4703 839 4776 caput
858 4706 993 4777 ejus.
1028 4703 1060 4758 ῐ
1082 4706 1158 4761 De
1181 4706 1290 4777 hoc
1313 4703 1456 4777 nihil
1476 4703 1813 4777 apud_Egin-

242 4772 502 4846 hardym,
519 4772 694 4846 neque
715 4772 856 4846 apud
882 4772 1159 4846 auctorem
1181 4773 1319 4846 V_it:e
1345 4772 1601 4846 Ludovici
1622 4772 1724 4827 Pii.

316 4852 339 4880 ο
369 4841 817 4914 Scribendum,'si
844 4845 974 4914 quid
997 4844 1175 4914 video,
1203 4843 1488 4914 Romanis,
1507 4850 1568 4896 ut
1598 4842 1814 4913 copule-

244 4919 332 4965 tur
359 4912 731 4984 cum_ar¢_:ibus.
766 4912 986 4969 Munera
1011 4929 1133 4984 qua:
1164 4913 1309 4967 inter
1342 4912 1677 4981 Stephanum
1709 4928 1811 4983 pa-

243 4997 368 5049 pam
393 4991 449 5037 et
476 4982 806 5039 Ludovieum
829 4984 985 5039 Pium
1020 4982 1405 5045 intercessere,
1446 4982 1815 5039 memorarunt

244 5051 436 5122 reliqui
473 5051 863 5122 etiamnrerum
906 5052 1292 5108 Francicarum
1337 5052 1661 5121 scriptores,
1715 5053 1811 5108 sed

243 5120 402 5178 nemo
449 5131 561 5192 tam
600 5120 879 5179 afﬂuenter
917 5138 981 5178 ac
1022 5132 1178 5192 poeta
1216 5130 1419 5177 noster.
1452 5120 1529 5177 De
1557 5123 1813 5192 pontifice

243 5193 353 5266 ista
372 5191 707 5266 Agnellusin
735 5193 857 5249 Vita
879 5191 1508 5266 lfartiniarcbiepiscopi
1530 5191 1813 5266 Ravenna-

240 5265 311 5319 tis
342 5262 458 5322 hzec
481 5262 708 5320 scribit:
744 5283 762 5315 ι
793 5265 860 5318 Et
879 5263 970 5333 hic
996 5264 1048 5317 in
1074 5262 1356 5318 Franciam
1378 5279 1515 5333 papa
1545 5263 1611 5317 ad
1640 5264 1813 5317 Ludo-

242 5279 311 5319 us
342 5279 458 5322 haec
481 5279 708 5320 scribit:
744 5283 762 5315 ι
793 5279 860 5318 nt
880 5279 970 5319 mc
996 5280 1048 5317 m
1075 5279 1356 5318 r‘ranctam
1378 5279 1443 5333 pa
1484 5279 1515 5317 a
1545 5279 1611 5317 an
1640 5279 1811 5317 otioo-

242 5334 418 5418 vicum
467 5336 880 5418 imperatorem.
903 5332 1110 5418 [supple
1167 5279 1500 5405 profectusf,
1552 5334 1811 5403 quidquid

237 5406 530 5473 postulavit
558 5405 628 5460 ab
655 5419 739 5467 eo,
771 5405 1026 5461 obtinuit.
1060 5423 1079 5456 ι

249 5550 256 5553 _
309 5474 809 5553 d_ll_isce_peractis,
837 5475 881 5530 si
905 5473 1217 5553 Tbeganum
1246 5471 1810 5553 audiamus,.impcra-

244 5540 571 5623 _tpr_Rhemis
599 5547 878 5623 recedens,
913 5540 1457 5623 ¢__vehitAquisgrani
1480 5540 1760 5623 palatium.
1786 5562 1803 5592 ι

244 5559 329 5597 ιοι·
350 5559 571 5600 ultemts
599 5559 878 5608 recedens,
913 5563 931 5595 ι
964 5559 1115 5600 venit
1134 5559 1457 5667 agnisgram
1480 5559 1760 5623 palatium.
1786 5562 1803 5592 ι

244 5611 349 5666 Sed
379 5617 684 5675 accuratius
706 5624 896 5672 auctor
924 5614 1062 5685 Vitae
1100 5612 1178 5667 Lu
1206 5613 1354 5685 pvici
1384 5612 1616 5685 scribit:
1649 5629 1668 5661 ‹
1705 5611 1808 5685 lin-

243 5691 464 5755 pc-tatqr
498 5685 565 5739 ad
588 5685 975 5753 Compendium
1000 5684 1169 5755 (nunc
1192 5682 1521 5755 Compiégnr)
1548 5682 1806 5755 secessit.

246 5762 350 5808 etc.
388 5751 622 5811 lloratus
660 5751 838 5813 autem
885 5751 1084 5813 ibidem
1124 5754 1310 5826 viginti
1350 5754 1432 5811 vel
1470 5768 1535 5809 eo
1579 5752 1810 5826 amplius

3304 2921 3402 2979 que

1976 3004 2189 3060 Prtelati
2220 3005 2463 3060 tribuant
2491 3012 2754 3073 tempore,
2784 3002 2899 3057 sive
2930 3001 3067 3055 loco.
3281 2906 3300 2981 [

1911 3096 2063 3150 llaud
2086 3095 2245 3150 aliter
2272 3095 2541 3166 complere
2567 3103 2773 3164 queunt
2799 3107 2865 3147 ex
2893 3091 3084 3148 ordine
3111 3090 3317 3146 cultum

1832 3167 1877 3228 ε
1982 3186 2251 3250 Divinum,
2280 3186 2383 3241 nisi
2410 3185 2526 3240 haec
2556 3184 2648 3239 det
2677 3185 2762 3254 pia
2790 3197 2919 3237 cura
2942 3190 3179 3252 patrum.

1910 3277 2015 3332 Sel
2050 3285 2229 3332 tamen
2254 3276 2497 3333 ecclesia:
2522 3276 2665 3331 vires
2688 3282 3004 3345 pensentur,
3040 3280 3095 3327 et
3121 3288 3249 3327 arva

1979 3367 2249 3437 Congrua,
2277 3367 2389 3421 sive
2408 3366 2525 3420 loca
2558 3364 2817 3420 fertiliora
2844 3364 3043 3419 minus.

1909 3458 2130 3513 Iuventa
2156 3473 2380 3528 prorsus
2407 3457 2596 3512 rotulis
2625 3456 2950 3511 committite
2973 3456 3174 3522 cordis,

1980 3552 2049 3605 Et
2075 3552 2207 3607 mihi
2234 3551 2463 3607 sollicite
2485 3559 2679 3607 cuncta
2703 3549 2908 3606 referre
2933 3550 3128 3620 placet,

1911 3644 2012 3712 Qui
2048 3644 2217 3708 bene,
2261 3645 2421 3714 quive
2451 3644 2661 3710 minus,
2696 3644 3007 3714 medieque,
3042 3643 3281 3713 nihilque
3323 3642 3473 3713 (quod

3232 3733 3403 3807 [absit]

1985 3827 2200 3892 Vivaut,
2227 3841 2320 3881 seu
2349 3834 2570 3882 teneant
2596 3827 2848 3899 dogmata
2878 3827 3056 3896 prisca
3088 3835 3318 3897 patrum.

1915 3917 2041 3972 llaec
2058 3931 2160 3986 ego
2181 3918 2466 3988 perpaucis
2492 3918 2688 3974 vestris
2712 3935 2854 3974 nunc
2888 3918 3069 3973 insero
3091 3916 3267 3973 verbis

1984 4008 2252 4076 Auribus;
2283 4016 2369 4064 ast
2390 4018 2600 4065 vosmet
2624 4024 2869 4080 qurerere
2889 4010 3043 4080 plura
3067 4009 3238 4065 decet.

1917 4144 2124 4215 diebus.
2157 4144 2477 4215 Aquisgrani
2508 4142 3047 4215 hiematuruspetiit.
3081 4161 3102 4196 ι

1994 4226 2027 4285 εξ
2053 4214 2121 4270 Ut
2144 4213 2304 4285 supra
2329 4213 2560 4269 vidimus
2578 4256 2601 4285 ,ν
2630 4229 2822 4285 comes
2840 4213 3192 4285 AParisiensis.
3222 4220 3389 4285 atque
3410 4213 3480 4285 ita

1918 4283 2188 4356 Ludovico
2210 4282 2452 4356 Augusto
2473 4284 2693 4356 charos,
2711 4291 2771 4337 ut
2789 4283 2954 4356 ﬁliam
2974 4282 3311 4356 imperatoris
3325 4284 3486 4356 ipsius

1918 4354 2132 4409 duxerit
2156 4353 2370 4409 uxorem
2390 4396 2404 4421 ,
2434 4355 2594 4411 sicuti
2625 4355 2784 4409 ﬁdem
2811 4353 3016 4407 faciunt
3048 4353 3285 4408 Annales
3324 4353 3483 4407 Lam-

1918 4424 2151 4489 beciani,
2174 4425 2775 4482 etHildensheimenses
2800 4424 2866 4478 ad
2896 4424 3042 4478 hunc
3078 4424 3267 4493 ipsum,
3290 4437 3488 4477 annum

1919 4495 2043 4566 816,
2069 4496 2160 4550 ubi
2187 4495 2230 4549 is
2256 4493 2644 4566 Riccopt'nusiet
2673 4493 2833 4566 Biego
2855 4492 3156 4566 appellatur
3180 4512 3193 4547 :
3219 4492 3492 4566 ﬁliagvcro

1921 4564 2264 4635 imperatoris
2285 4564 2527 4635 Elplici'd.
2555 4565 2705 4619 Hanc
2727 4564 2999 4631 Alpaidem
3026 4564 3183 4619 nobis
3207 4564 3491 4635 nominare

1918 4633 2102 4700 liceat,
2129 4645 2187 4690 ut
2212 4636 2335 4690 aliis
2354 4633 2531 4691 licuit.
2564 4636 2726 4690 Teste
2751 4641 2904 4704 poeta
2926 4642 3116 4689 nostro
3146 4633 3331 4688 comiti
3362 4633 3492 4687 huic

1918 4704 2051 4775 Bigo
2093 4721 2289 4761 nomen
2329 4704 2448 4760 fuit.
2474 4705 2532 4761 Si
2560 4702 2804 4775 pressius
2842 4702 3303 4775 Theutonicorum
3341 4717 3491 4756 more

1915 4774 2021 4830 vox
2062 4776 2165 4830 ista
2246 4774 2616 4839 ronuntietur,
2655 4775 2777 4829 inde
2822 4774 3066 4844 exsurgit
3114 4774 3293 4835 Pirco,
3331 4781 3492 4842 atque

1916 4846 2053 4899 adeo
2077 4792 2364 4899 intelfiaas.
2389 4845 2640 4899 Biaonem
2663 4855 2709 4899 et
2736 4841 3074 4899 Pictoninum
3113 4858 3281 4897 unum
3316 4841 3489 4896 idem-

1916 4846 2053 4900 adeo
2077 4841 2364 4917 intelligas,
2389 4845 2640 4915 Bigonem
2663 4855 2709 4899 et
2736 4841 3074 4915 Pictopinnm
3113 4858 3281 4897 unum
3316 4841 3489 4896 idem-

1916 4929 2021 4983 que
2048 4915 2467 4971 nomen'fuisse.

1993 4985 2014 5023 ί
2042 4984 2150 5040 Pro
2180 4985 2520 5053 substantias,
2551 4991 2736 5039 etnon
2765 4982 2930 5038 semel
2952 4982 3093 5053 apud
3112 4982 3256 5053 hunc
3275 4989 3489 5053 poetam

1917 5054 2173 5110 occurrit.
2200 5052 2447 5110 Partitur
2476 5055 2743 5117 honorem,
2773 5062 2831 5106 ut
2856 5050 3085 5107 subinde
3111 5052 3327 5121 legitur.
3357 5050 3493 5121 satis

1916 5124 2171 5188 ostendit,
2203 5124 2493 5192 dignitates
2520 5124 2739 5193 Bigonis
2775 5120 3175 5193 divisasgfuisse
3205 5122 3347 5175 inter
3373 5120 3491 5193 e_jus

1917 5194 2077 5276 filios.
2100 5194 2242 5276 Ergo
2263 5188 2329 5249 cx
2359 5195 2427 5249 iis
2455 5188 2945 5249 unus'constitutus
2979 5190 3146 5246 fuerit
3171 5206 3343 5245 comes
3381 5188 3486 5243 Pa-

1917 5280 2171 5317 τιδιεηειε.

1990 5335 2017 5376 ⁸
2042 5336 2129 5404 An
2158 5334 2339 5404 potius
2370 5334 2512 5400 cupit
2526 5334 2561 5387 .9-

1986 5405 2014 5443 ιι
2042 5401 2265 5459 Hoc—cst
2293 5401 2718 5459 sanctimoniam
2739 5443 2753 5466 ,
2790 5416 3018 5472 quarum
3040 5401 3205 5472 etiam
3230 5407 3491 5472 morcsget

1915 5473 2152 5528 claustra
2180 5488 2505 5546 cognoscere
2526 5489 2589 5528 ac
2610 5468 2908 5546 emendare
2926 5470 3160 5525 Caesarei
3187 5471 3338 5525 missi
3358 5468 3487 5546 olim

1915 5540 2273 5606 consuevere:
2296 5559 2403 5598 non
2428 5558 2589 5598 secus
2609 5557 2674 5597 ac
2701 5541 3086 5597 monachorum
3115 5549 3171 5595 ΘΙ.
3197 5540 3487 5595 canonico-

1916 5629 2055 5666 rum.
2088 5613 2221 5668 Vide
2244 5613 2572 5682 Capitularia
2607 5628 2791 5680 regum
2822 5611 3184 5674 Francorum,
3204 5610 3287 5682 uti
3307 5618 3360 5663 et
3388 5607 3490 5682 Le?

1914 5698 2009 5751 ges
2032 5678 2489 5753 Langobardicas,
2512 5684 2604 5739 ubi
2627 5678 2746 5739 aliae
2767 5682 2971 5752 similes
2999 5680 3398 5745 admonitiones
3418 5678 3484 5735 ad

1914 5753 2111 5815 missos
2129 5762 2441 5811 occurrunt.
