3856 6190
248 372 338 427 601
1097 375 1185 429 DE
1225 374 1451 431 ΗΕΒυὸ
1485 374 1731 430 GESTIS
1767 376 2090 434 LUDOVICI
2124 377 2231 436 PII.
2265 412 2335 423 —
2374 381 2504 437 LIB.
2546 384 2608 438 ll.

248 490 468 552 Legatos
495 485 659 541 etiam
686 487 1074 541 monachorum
1103 500 1127 527 δ
1157 504 1223 542 ex
1258 488 1445 543 ordine
1475 488 1644 543 lectos

310 580 489 634 Caesar
512 578 700 632 adesse
723 577 896 647 jubet,
928 578 1018 647 qui
1045 594 1141 632 sua
1164 578 1315 647 jussu
1341 578 1542 640 colant,

245 671 384 737 Quos
409 668 607 722 iterum
633 667 813 721 mittat
835 681 934 737 per
960 682 1115 721 sacra
1143 670 1444 721 monastica
1470 677 1671 731 casira,

311 758 377 812 Et
406 765 559 827 rogat
583 756 880 825 inquirant,
913 765 970 811 ut
997 757 1085 826 pia
1108 758 1219 812 vita
1244 766 1403 812 meet.

246 852 335 903 Vir
355 849 675 905 Benedictus
705 848 732 888 δ
758 857 876 903 erat
901 848 1218 920 cognomine
1245 848 1437 919 dignus
1461 848 1671 909 eodem,

314 939 406 995 Vir
430 939 780 1010 quamplures
804 950 825 977 ο
849 940 996 994 vexit
1024 940 1091 993 ad
1119 946 1265 994 astra
1297 940 1462 994 viros.

246 1032 340 1084 llic
368 1038 490 1084 erat
517 1031 570 1083 in
596 1029 800 1084 Geticis
819 1028 846 1067 ά
882 1029 995 1100 regi
1027 1030 1180 1099 prius
1207 1030 1423 1101 agnitus
1450 1029 1617 1093 arvis,

311 1121 384 1174 De
412 1118 567 1191 cujus
594 1118 706 1172 vita
737 1132 908 1187 pauca
935 1116 1139 1172 referre
1167 1117 1317 1171 libet.

242 1212 336 1268 llic
366 1211 467 1265 fuit
491 1210 714 1264 Anianze
736 1221 760 1249 ε
789 1210 987 1264 merito
1015 1209 1272 1279 prazlatus
1301 1208 1452 1271 ovili,

307 1303 519 1366 Pastor,
542 1310 597 1356 et
621 1301 781 1367 abba,
809 1301 956 1371 gregi
986 1300 1169 1370 regula
1200 1300 1396 1353 blanda
1420 1313 1536 1353 suo.

238 1391 398 1463 Regis
425 1397 486 1445 ut
512 1391 687 1446 almus
710 1405 866 1445 amor
892 1390 1192 1459 complerat
1218 1398 1438 1459 pectora
1470 1388 1633 1452 sacri,

304 1485 423 1551 Quo
453 1484 845 1538 monachorum
881 1482 1016 1537 ordo
1042 1482 1260 1551 vitaque
1292 1480 1599 1551 proliceret.

239 1574 332 1630 Hic
365 1574 470 1628 fuit
496 1573 728 1643 adjutor,
756 1589 968 1635 norma,
1001 1573 1414 1643 exemplumque
1445 1572 1722 1642 magister,

304 1665 423 1732 Quo
453 1665 690 1721 faciente
710 1665 926 1734 placent
953 1682 1097 1719 nunc
1123 1666 1213 1734 pia
1244 1674 1421 1719 castra
1442 1665 1574 1718 Deo.

237 1756 474 1813 Moribus
502 1757 556 1810 in
588 1756 761 1811 sacris
796 1757 1055 1827 regnabat
1085 1756 1308 1825 pulchra
1341 1755 1630 1808 voluntas:

3386 385 3492 440 602

1842 494 1891 551 Α
1988 490 2218 558 Accidit,
2249 510 2279 549 c
2305 497 2427 564 quis
2458 512 2599 551 nunc
2631 498 2731 551 ista
2762 498 2967 554 referre
2992 499 3133 555 volo.

1917 582 2107 638 Cernis
2137 594 2194 638 ut
2224 586 2435 655 imperii
2463 589 2697 657 gravitas
2724 606 2840 643 mea
2872 598 3086 659 pectora
3116 602 3321 662 pressat

1990 672 2126 728 Mole
2148 690 2267 739 sua,
2306 692 2484 730 rerum
2513 679 2731 746 grandia
2761 679 2886 748 jura
2917 682 3094 735 nimis.

1920 762 2045 818 illuc
2074 780 2197 818 nam
2228 774 2468 833 poteram
2496 768 2521 806 ε
2548 782 2887 835 requiescere
2918 768 3055 823 forte
3089 787 3399 840 partunpsr,

1988 856 2231 924 Votaque
2256 858 2565 925 praeplacita
2598 858 2741 914 ferre
2771 870 2978 915 secreta
3006 861 3135 915 Deo.

1917 945 2099 1000 Altera
2125 963 2285 1002 causa
2314 957 2513 1014 monet,
2538 951 2791 1017 quoniam
2818 960 2870 1005 tu
2898 969 3022 1006 nam
3056 954 3167 1023 ipse
3197 954 3404 1017 fateris,

1988 1034 2256 1105 Ingratum
2283 1044 2408 1091 voto
2439 1038 2541 1091 hoc
2563 1055 2696 1108 opus
2723 1056 2843 1095 esse
2880 1051 2997 1103 tuo;

1920 1126 2027 1181 Nec
2056 1126 2244 1181 deceat
2272 1129 2565 1182 monachos
2586 1129 2613 1168 ιι
2641 1130 2889 1185 civilibus
2916 1133 3088 1187 inf'ore
3118 1136 3308 1193 rebus.

1989 1219 2201 1289 Resque
2230 1221 2497 1290 palatinas
2529 1222 2669 1276 ferre
2697 1223 2928 1277 libenter
2953 1240 3067 1279 eos.

1914 1309 2045 1363 Illuc
2071 1310 2163 1364 sed
2188 1319 2405 1380 poteras
2436 1313 2451 1350 ί
2481 1310 2711 1365 fratrum
2740 1328 2936 1367 curare
2967 1315 3200 1377 labores,

1986 1401 2252 1470 Obsequia
2275 1404 2577 1472 hospitibus
2608 1420 2736 1459 cura
2764 1407 3096 1475 pararecpia.

1914 1491 2089 1561 Atque
2115 1493 2308 1546 iterum
2338 1502 2552 1548 nostras
2584 1504 2874 1550 renovatus
2900 1498 3080 1552 visere
3102 1498 3259 1551 sedes

1986 1583 2266 1638 Fratribus
2286 1594 2342 1638 et
2365 1585 2525 1639 solito
2552 1585 2694 1641 ferre
2722 1589 3042 1655 patrocinia.

1916 1673 2098 1728 Tertia
2124 1671 2137 1723 i
2173 1689 2405 1742 namque
2427 1683 2591 1743 patet,
2622 1675 2780 1730 nobis
2802 1678 3110 1746 nostrisque
3140 1678 3381 1733 subactis

1986 1762 2172 1828 Qualia
2201 1763 2348 1818 lucra
2375 1764 2552 1819 forent
2581 1765 2695 1819 haec
2720 1766 2835 1820 loca
2861 1776 3082 1835 propter
3110 1769 3279 1837 Aquis
3302 1784 3317 1823 :

304 1849 575 1916 Quantum
601 1849 806 1903 homini
832 1847 1038 1903 licitum
1059 1856 1141 1903 est
1164 1861 1408 1910 cernere,
1430 1853 1649 1900 sanctus
1669 1851 1806 1898 erat.
1837 1821 1885 1879 Β
1917 1851 1974 1905 Si
2001 1854 2179 1908 subito
2208 1853 2330 1908 ﬁnis
2356 1855 2575 1909 humani
2603 1858 2847 1926 corporis
2862 1821 3034 1920 1:55:31,

240 1941 436 2004 Dulcis,
453 1951 666 1994 amatus
683 1949 820 2005 erat,
841 1938 1088 2004 blandus,
1117 1938 1488 2009 placidusque,
1515 1936 1809 2000 modestus,

305 2033 510 2103 Regula
541 2032 693 2100 cujus
719 2040 838 2088 erat
864 2041 1086 2102 pectore
1122 2032 1227 2085 lixa
1253 2045 1431 2085 sacro.

238 2127 349 2182 Non
378 2127 557 2181 solum
585 2126 887 2189 monachis,
917 2124 1009 2179 sed
1041 2124 1250 2178 cunctis
1274 2122 1615 2193 proficiebat,

304 2219 497 2274 Omnia
530 2217 704 2272 factus
726 2225 844 2272 erat
870 2217 1124 2271 omnibus
1152 2216 1266 2286 ipse
1294 2226 1468 2286 pater.

239 2310 315 2367 0b
337 2312 443 2366 hoc
471 2324 603 2380 ergo
629 2309 752 2379 pius
776 2306 958 2363 Caesar
982 2307 1248 2361 dilexerat
1276 2307 1466 2376 ipsum,

309 2404 544 2459 Vexerat
569 2410 625 2456 et
653 2417 835 2457 secum
859 2400 926 2455 ad
953 2401 1211 2457 Francica
1245 2416 1408 2472 regna
1437 2401 1615 2455 simul.

240 2492 405 2561 llrjus
434 2492 853 2564 discipulosrex
881 2506 978 2561 per
1008 2491 1255 2545 coanobia
1284 2490 1473 2555 mittit,

306 2583 592 2639 Fratribus
612 2582 918 2652 exemplum
952 2597 1248 2651 normaque
1277 2582 1390 2635 sive
1426 2580 1619 2636 forent.

242 2674 304 2729 Et
324 2675 479 2744 jubet
495 2674 782 2728 emendem
806 2673 1067 2743 quidquid
1087 2673 1226 2743 potis
1245 2681 1356 2738 est;
1376 2681 1649 2743 nequeunt
1671 2689 1809 2744 qua),

304 2764 386 2818 Ad
415 2780 477 2819 se
504 2780 563 2819 se
599 2764 835 2819 referant
861 2773 1057 2819 cuncta
1088 2772 1268 2819 notata
1304 2764 1442 2834 stylo
1474 2763 1516 2816 τ.

242 2854 350 2911 Rex
377 2856 500 2924 pius
526 2855 754 2919 interea,
783 2855 1104 2910 Benedictus
1132 2864 1186 2908 et
1212 2855 1325 2923 ipse
1349 2855 1603 2908 sacculos

306 2948 534 3009 Pectore
559 2947 848 3003 versabant
878 2948 1060 3002 munia
1096 2956 1273 3002 amata
1299 2949 1426 3001 Deo.

240 3038 354 3093 Mox
381 3039 535 3109 prior
562 3038 889 3108 induperans
915 3038 1126 3093 blandis
1152 3038 1435 3109 compellat
1462 3038 1709 3093 eumdem
1727 3078 1742 3103 ,

310 3129 380 3183 lit
405 3128 619 3193 solitus,
646 3128 827 3183 verbis
855 3143 1086 3198 semper,
1117 3143 1303 3183 amore
1324 3129 1415 3197 pio
1439 3146 1451 3181 :

242 3221 374 3287 Scis,
404 3221 714 3286 Benedicte,
746 3236 886 3284 reor,
918 3220 1093 3289 qualis
1130 3220 1260 3273 mihi
1288 3234 1419 3273 cura
1446 3220 1516 3274 sit
1541 3216 1701 3287 hujus

305 3311 524 3367 Ordinis
553 3328 582 3365 a
616 3311 812 3381 primo,
841 3326 950 3381 quo
984 3311 1116 3366 mihi
1153 3319 1313 3365 notus
1341 3317 1489 3376 erat;

239 3401 527 3472 Propterea
554 3416 803 3471 cuperem
829 3400 1213 3471 propriumque
1240 3400 1421 3455 dicare
1442 3398 1701 3453 sacellum

307 3492 458 3546 Haud
483 3492 672 3562 procul
699 3507 729 3545 a
757 3500 939 3546 nostra
966 3490 1095 3546 sede
1124 3491 1178 3543 in
1204 3505 1388 3544 amore
1415 3489 1530 3543 Dei.

242 3581 371 3639 Tres
407 3598 537 3654 ergo
572 3583 642 3638 ob
676 3597 899 3648 causas,
944 3581 1078 3636 mihi
1122 3581 1311 3644 crede,
1355 3579 1470 3635 haec
1498 3581 1662 3635 corde
1710 3596 1807 3636 vo.

604 3702 629 3715 -
1535 3669 1739 3743 [lautas

312 3841 340 3870 ι
364 3827 514 3883 Duos
539 3827 736 3883 missos
762 3826 920 3880 simul
946 3841 1044 3895 per
1076 3826 1383 3896 provincias
1427 3828 1645 3883 mittere
1689 3844 1808 3884 mos

238 3897 356 3962 fuit,
387 3914 619 3968 quorum
650 3912 787 3969 unus
806 3897 1178 3969 laicus,_alter
1203 3897 1350 3951 clero
1375 3899 1641 3969 addictus.
1676 3898 1808 3969 Epi-

236 3970 385 4039 scopi
408 3967 544 4039 iergo
566 4009 580 4031 ,
612 3976 706 4022 aut
733 3968 956 4021 abbates
981 3967 1050 4021 ad
1074 3968 1145 4039 _id
1164 3969 1417 4039 muneris
1445 3967 1805 4036 eligebantur,

234 4036 463 4107 quorum
484 4036 659 4093 etiam
694 4039 909 4092 nomina
952 4039 1005 4091 in
1036 4036 1250 4096 Dlacitis
1278 4051 1467 4108 eorum
1502 4048 1807 4108 temporum

234 4106 504 4178 leguntur.
531 4108 825 4177 Episcopos
855 4115 1061 4161 tantum
1089 4115 1144 4161 et
1168 4106 1394 4162 comites
1416 4106 1635 4162 exhibet
1656 4112 1810 4166 nobis

233 4177 540 4248 Capitulare
589 4177 828 4245 ejusdem
871 4178 1127 4248 Ludovici
1183 4189 1435 4248 spectans
1484 4179 1550 4232 ad
1605 4196 1805 4235 annum

232 4247 356 4313 8‘23,
387 4257 517 4319 tom.
549 4248 589 4313 l,
611 4265 733 4319 pag.
760 4248 885 4313 640,
918 4247 1139 4319 Baluzii.
1172 4247 1277 4302 sed
1314 4250 1428 4303 htec
1461 4259 1710 4318 spectant
1741 4252 1808 4305 ad

234 4335 433 4373 annum
472 4318 577 4373 816
615 4328 671 4372 et
694 4318 836 4381 7817,
876 4326 1038 4388 atque
1072 4318 1140 4372 ad
1173 4327 1414 4389 tempora
1454 4320 1806 4375 conciliorum

232 4390 775 4458 Aquisgranensium.

299 4457 327 4500 Β
356 4459 640 4513 Piissimus
663 4474 725 4513 ac
752 4457 1137 4513 celeberrimus
1164 4459 1332 4513 abbas
1369 4458 1717 4521 Anianensis,
1743 4478 1805 4516 ac

1986 1944 2096 1999 lloc
2126 1946 2514 2000 mandarentur
2546 1947 2787 2001 membra
2812 1948 3019 2018 sepulta
3042 1949 3179 2004 loco.

1913 2034 2042 2090 illuc
2067 2037 2312 2091 conversi
2340 2037 2367 2076 ιί
2395 2047 2654 2108 caperent
2678 2054 2802 2094 mox
2828 2041 3010 2094 munia
3031 2040 3253 2108 Christi,

1981 2126 2159 2195 Atque
2184 2127 2372 2183 volens
2398 2129 2653 2198 placitum
2689 2131 2972 2185 consilium
3001 2133 3289 2202 acciperet.

1913 2216 2009 2273 llis
2036 2216 2203 2273 Sacer
2228 2219 2447 2285 auditis,
2478 2221 2706 2290 pedibus
2727 2223 3002 2277 revolutus
3026 2224 3236 2290 amicis,

1982 2308 2195 2364 Laudat
2226 2311 2433 2365 honore
2457 2312 2645 2378 Deum,
2677 2312 2907 2368 Czesaris
2939 2324 3102 2384 atque
3129 2314 3306 2370 fidem.

1913 2401 2040 2457 [huc
2086 2403 2217 2458 mihi
2245 2418 2480 2475 semper,
2523 2406 2617 2470 ait,
2644 2416 2769 2461 nota
2809 2415 2891 2461 est
2933 2407 3278 2479 tua,Magn9,
3303 2409 3488 2465 volun-

3287 2498 3418 2571 μηδ,

1984 2583 2154 2650 Quam
2183 2584 2325 2639 Deus
2350 2584 2595 2649 afﬁrmet,
2623 2589 2716 2658 qui
2744 2588 2890 2644 dedit
2914 2603 3074 2643 omne
3101 2589 3321 2643 bonum.

1913 2674 2121 2729 Dicitur
2148 2674 2286 2729 Inda
2314 2674 2331 2714 1
2364 2676 2532 2740 locus,
2562 2678 2759 2732 dudum
2784 2687 3132 2734 constructus
3160 2680 3229 2733 ab
3260 2679 3411 2748 ipsis,

1987 2764 2186 2821 Nomen
2211 2783 2363 2837 aqua:
2393 2770 2653 2833 retinens,
2678 2786 2797 2839 qua:
2828 2768 2941 2823 fluit
2968 2777 3089 2823 ante
3109 2767 3274 2824 fores.

1913 2857 2146 2915 Millibus
2173 2861 2263 2916 hic
2294 2862 2462 2916 ternis
2492 2863 2659 2932 regali
2690 2863 2850 2917 distat
2879 2862 2946 2915 ab
2969 2862 3109 2924 aula,

1984 2952 2114 3019 Qua:
2141 2954 2299 3008 modo
2332 2954 2533 3024 perlate
2563 2965 2685 3008 nota
2719 2964 2939 3010 vocatur
2962 2954 3150 3025 Aquis.

1912 3046 2223 3117 Cornigeris
2253 3047 2523 3116 quondam
2549 3047 2705 3101 sedes
2729 3046 3036 3117 gratissima
3060 3045 3254 3108 cervis,

1986 3135 2160 3199 Ursis,
2193 3152 2288 3191 seu
2315 3137 2523 3191 bubulis
2549 3146 2694 3205 apta,
2724 3137 2792 3190 fet
2810 3138 2959 3205 isque
2984 3136 3179 3204 capris.

1917 3222 2023 3279 Sed
2047 3224 2349 3279 Ludovicus
2371 3242 2538 3297 agens
2565 3228 2814 3297 purgavit
2845 3226 3014 3279 lustra
3045 3227 3308 3290 ferarum,

1985 3314 2159 3383 Atque
2182 3315 2291 3369 Deo
2313 3324 2523 3384 gratum
2548 3318 2787 3371 conlidit
2812 3326 2928 3370 arte
2952 3317 3146 3370 locum.

1914 3404 2183 3459 Fundavit
2210 3416 2485 3474 satagens,
2517 3408 2676 3461 rebus
2699 3409 2889 3461 ditavit
2916 3408 3130 3475 opimis,

1984 3495 2123 3563 Quo,
2151 3496 2461 3561 Benedic-te,
2492 3507 2578 3552 tua
2606 3496 2815 3567 ltegula‘
2830 3508 3015 3551 sancte
3043 3498 3201 3566 viget.

1914 3589 2156 3657 Namque
2177 3588 2322 3643 idem
2344 3588 2666 3643 Benedictus
2694 3596 2810 3642 erat
2838 3597 2991 3658 pater
3020 3586 3161 3640 illius
3182 3587 3333 3651 tedis,

1984 3683 2051 3737 Et
2072 3682 2379 3736 Ludovicus
2407 3681 2561 3735 adest
2588 3680 2791 3745 Cmsar,
2817 3687 2873 3734 et
2897 3678 3035 3733 abba
3060 3677 3239 3732 simul.

1912 3837 2277 3897 monasteriis.
2310 3846 2419 3889 tam
2451 3837 2580 3890 viris
2620 3852 2779 3902 quam
2810 3835 3307 3890 sanctimonialibus
3329 3835 3485 3891 femi-

1912 3910 2018 3971 nis,
2038 3907 2253 3962 vivendi
2285 3908 2583 3963 secundum
2610 3907 2866 3977 Regulam
2895 3907 3066 3977 sancti
3093 3905 3366 3977 Benedicti
3402 3907 3486 3960 in-

1912 3977 2352 4032 commutabilem
2401 3993 2625 4032 morem.
2668 3976 2827 4031 {Sed
2872 3978 2987 4031 haec
3039 3976 3211 4030 fusius
3262 3976 3315 4029 in
3368 3977 3487 4031 Vita

1913 4048 2084 4118 ipsius
2133 4048 2306 4103 sancti
2359 4047 2639 4103 Benedicti
2681 4048 3006 4101 Anianens's
3058 4046 3200 4116 apud
3242 4045 3489 4102 Mabillo—

1912 4136 2079 4173 ηιυηι.

1988 4191 2012 4230 Β
2046 4189 2300 4245 Fortasse
2324 4198 2483 4259 poeta
2509 4188 2726 4257 scripsit
2756 4196 2953 4256 potero.

1982 4260 2009 4299 ιι
2045 4259 2156 4313 Hoc
2181 4254 2568 4313 adnotandum.
2595 4254 2725 4311 Nam
2748 4254 2813 4310 eo
2844 4254 3040 4309 srecnlo
3074 4254 3277 4324 regiam
3302 4254 3481 4308 aulam

1911 4328 2330 4397 frequentabant
2358 4327 2582 4397 abbates
2601 4369 2614 4390 ,
2644 4334 2807 4393 atque
2835 4325 2902 4397 ad
2940 4325 3123 4397 m_unia
3144 4323 3348 4397 palatii
3380 4339 3488 4397 non

1911 4392 2064 4452 invi-ti
2087 4396 2500 4451 adhibebantur.
2526 4395 2631 4450 Sed
2653 4392 2828 4464 neque
2849 4395 2962 4463 ipse
2976 4392 3302 4448 Benedictus
3323 4393 3485 4464 Ania—

1912 4468 2098 4522 nensis
2125 4466 2284 4519 aliter
2312 4482 2369 4521 se
2403 4466 2599 4536 gessit;
2630 4466 2719 4520 diu
2742 4462 2938 4533 nempe
2976 4473 3225 4536 versatus
3251 4464 3303 4517 in
3324 4462 3483 4528 Aula,

232 4540 417 4653 postea
440 4530 705 4589 lndensis,
734 4529 887 4598 cujus
918 4527 1095 4582 Vitam
1122 4530 1288 4583 habes
1310 4529 1362 4582 in
1392 4530 1542 4583 Actis
1565 4540 1803 4585 sanctor.
1833 4532 1887 4591 D
1913 4536 2191 4590 Palatinus
2227 4527 2431 4589 terebat
2455 4527 2612 4604 fores.
2665 4536 2800 4590 llinc
2846 4527 3025 4588 tamen
3075 4535 3331 4588 discimus
3377 4527 3484 4588 non

254 4599 563 4653 knedictin.
592 4598 781 4653 Saecul.
816 4615 892 4653 tv.
918 4606 1073 4653 parte
1099 4614 1140 4653 ι.
1161 4598 1424 4653 0:12.194.
1455 4597 1585 4653 Eius
1622 4616 1807 4653 mona—
1913 4616 2101 4653 snnnte
2131 4608 2179 4653 id
2205 4609 2272 4653 ah
2300 4622 2365 4653 ρο
2396 4605 2614 4653 factum-
2660 4606 2876 4653 nnamln
2906 4605 2951 4653 is
2985 4605 3256 4653 imnrohat
3294 4620 3478 4653 mona-

254 4617 299 4655 ἴε

305 4599 563 4655 nedictin.
592 4598 781 4653 Saecul.
808 4597 892 4663 tv,
918 4606 1073 4668 parte
1099 4614 1140 4660 ι,
1161 4614 1283 4668 pag.
1304 4598 1424 4652 194.
1455 4597 1585 4665 Ejus
1622 4616 1807 4655 mona-

232 4672 457 4724 sterium
488 4669 651 4723 situm
675 4668 774 4722 fuit
801 4670 852 4722 in
880 4667 1054 4722 Gallia
1082 4667 1440 4729 lNarbOnensi,
1469 4674 1581 4722 sive
1601 4668 1809 4724 Occita-

232 4743 338 4804 nia,
375 4748 539 4807 atque
572 4740 623 4792 in
652 4739 872 4793 dthCCSi
909 4738 1039 4792 olim
1070 4737 1452 4807 Magaloncnsi.

267 4824 320 4909 ἐ
353 4811 432 4864 Ita
476 4810 531 4862 in
569 4808 755 4865 codice
802 4824 905 4863 ms.
957 4807 1263 4878 Legendum
1319 4809 1432 4872 vir,
1476 4809 1566 4879 qui
1620 4826 1807 4879 quant-

263 4897 425 4933 :ures.

230 4898 261 4948 Ρ
285 4898 502 5003 viridem
528 4947 871 5018 Benedictus,
902 4948 1035 5002 utin
1062 4945 1179 5016 ejus
1204 4946 1331 5002 Vita
1360 4949 1427 5002 ab
1453 4949 1642 5018 aequali
1671 4952 1808 5004 seri-

230 5029 315 5097 pta
361 5020 612 5099 habetur,
652 5037 670 5070 ι
702 5035 768 5099 ex
812 5017 1070 5099 Getarum
1101 5032 1303 5099 genere
1346 5017 1591 5099 partibus
1635 5020 1807 5099 Golia:

229 5092 490 5144 oriundus
517 5088 636 5143 fuit.
672 5109 689 5140 ι
721 5089 1041 5159 ξιθ-τιυίρρθν
1065 5088 1193 5142 olim
1222 5090 1489 5159 appellata
1528 5088 1805 5145 Occitania

231 5162 527 5228 provincia,
553 5173 695 5212 nunc
717 5158 764 5211 le
791 5156 1127 5228 Langnedoc,
1161 5156 1425 5228 quia—illic
1456 5161 1639 5214 sedem
1673 5162 1804 5214 fixe-

233 5238 311 5281 rat
334 5230 644 5300 Gothorumi
673 5244 836 5300 gens,
851 5229 913 5300 Vin
945 5227 1230 5300 Hispanias
1263 5244 1479 5300 quoque
1514 5230 1724 5300 ditfusa.

304 5314 327 5339 ε
358 5298 742 5354 Μοηθςῐθτίιηη
789 5298 917 5352 olim
954 5299 1195 5368 insigne,
1228 5298 1406 5353 situm
1433 5300 1499 5352 ad
1538 5299 1806 5353 Anianum

231 5368 471 5433 “nivium,
504 5368 727 5423 nuncin
757 5368 979 5423 dimcesi
1005 5368 1201 5423 Montis
1250 5369 1550 5423 Pcssulani.
1580 5369 1662 5423 Ab
1708 5384 1805 5423 co-

230 5440 347 5492 dem
382 5448 571 5493 sancto
601 5438 719 5492 viro
749 5438 1038 5491 Benedicto
1067 5440 1343 5494 conditum
1375 5439 1492 5492 fuit.

304 5510 323 5548 ί
356 5510 564 5564 Auctor
590 5507 729 5562 Vitzr
757 5507 1013 5562 Ludovici
1042 5509 1123 5563 Pii
1153 5511 1217 5562 ad
1249 5525 1447 5564 annum
1483 5508 1586 5563 8-l7
1613 5527 1625 5561 :
1659 5528 1677 5557 α
1712 5509 1806 5563 1ίί-

228 5578 348 5633 dem
378 5579 656 5634 constituit
704 5579 845 5633 idem
878 5578 988 5633 Deo
1017 5579 1267 5634 amabilis
1307 5580 1603 5648 imperator
1631 5579 1804 5633 Bene-

228 5649 428 5704 dictum
452 5651 731 5711 abbatem,
761 5657 818 5702 et
842 5664 965 5703 cum
987 5665 1052 5704 eo
1086 5650 1385 5704 monachos
1414 5660 1646 5703 strenuae
1678 5657 1806 5704 vita:

228 5734 326 5789 per
351 5718 556 5774 omnia.
590 5718 680 5788 qui
711 5732 809 5787 per
836 5719 1017 5772 omnia
1056 5719 1381 5774 monasteria
1417 5720 1803 5774 monachorum

229 5799 420 5850 euntes
460 5790 854 5860 redeuntesquc
904 5790 1225 5846 uniformem
1278 5790 1550 5847 traderent
1593 5792 1802 5847 cunctis

1913 4616 2101 4675 sponte
2130 4608 2180 4659 id
2205 4609 2272 4660 ab
2300 4622 2365 4662 eo
2396 4605 2614 4666 factum,
2660 4606 2876 4675 quando
2906 4605 2951 4659 is
2984 4605 3256 4675 improbat
3294 4620 3478 4658 mona-

1910 4678 2033 4731 chos
2062 4675 2295 4730 civilibus
2324 4676 2473 4730 rebus
2499 4677 2783 4730 immixtos.

1987 4751 2000 4789 ί
2038 4748 2159 4809 Pro,
2193 4747 2409 4817 poteris.
2654 4771 2660 4777 -

1985 4816 1997 4867 i
2038 4818 2090 4871 l.l
2122 4814 2227 4886 est,
2261 4817 2417 4871 tertia
2439 4830 2600 4870 causa
2625 4822 2774 4885 patet
2794 4831 2892 4869 cur
2911 4816 3039 4870 mihi
3075 4822 3128 4870 et
3147 4814 3344 4886 populo
3384 4816 3488 4870 uti-

1910 4887 2177 4943 lissimum
2206 4885 2347 4943 foret
2372 4886 2760 4942 monasterium
2786 4886 2985 4941 habere
3005 4885 3330 4958 Aquisgrani
3353 4886 3489 4941 vici-

1910 4975 2057 5012 num.

1982 5029 2008 5067 ιι
2042 5028 2149 5082 Illis
2178 5027 2428 5082 videlicet
2450 5028 2541 5097 qui
2573 5026 2820 5097 abjurare
2847 5028 3102 5082 saeculum
3125 5026 3481 5090 constituunt,

1908 5099 2185 5167 vitamque
2230 5099 2585 5152 monasticam
2628 5097 2872 5167 eligunt,
2912 5106 3112 5167 prmsto
3155 5098 3262 5153 erit
3298 5111 3480 5151 cceno-

1908 5169 2080 5230 bium,
2108 5183 2215 5237 quo
2243 5169 2360 5221 sine
2397 5183 2546 5222 mora
2571 5167 2822 5221 conferre
2846 5182 2904 5221 se
2930 5171 3157 5237 possint.

1986 5243 2003 5276 ι
2035 5238 2108 5306 De
2143 5237 2501 5293 aediﬁcatione
2526 5237 2684 5306 hujus
2707 5239 3022 5291 monasterii
3054 5239 3167 5291 haec
3200 5237 3361 5290 habet
3381 5250 3480 5306 au-

1908 5316 2027 5361 ctor
2066 5305 2199 5360 Viue
2230 5308 2402 5362 sancti
2447 5302 2719 5361 Benedicti
2763 5308 3120 5370 Aniancnsis,
3176 5322 3320 5359 num.
3368 5302 3477 5355 48:

1914 5396 1932 5427 ε
1967 5377 2133 5431 Vallis
2163 5385 2282 5430 erat
2304 5378 2496 5438 vicina,
2527 5394 2647 5447 qua:
2673 5378 2948 5447 apalatio,
2989 5386 3047 5429 ut
3078 5391 3220 5447 reor,
3248 5389 3341 5427 sex
3373 5386 3480 5425 non

1907 5449 2139 5517 amplius
2164 5447 2402 5501 millibus
2426 5445 2605 5501 distat.
2642 5468 2659 5499 ›
2689 5445 2891 5517 (Poeta:
2917 5455 3111 5517 nostro
3141 5445 3343 5517 distare
3365 5449 3479 5517 tan-

1908 5511 2041 5593 tum“
2069 5518 2269 5593 dicitur
2312 5517 2543 5593 millibus
2576 5511 2814 5593 ternis”
2852 5515 2981 5580 Quae
3014 5514 3114 5566 viri
3154 5512 3247 5593 Dei
3275 5511 3477 5581 placuit

1905 5589 2103 5643 oculis:
2125 5589 2304 5658 ibique
2326 5588 2620 5657 imperator
2644 5586 3150 5658 jussit_constrncrc
3177 5586 3324 5658 miro
3342 5596 3471 5651 ope.—

1909 5673 1965 5711 re
1994 5653 2378 5714 monastérium
2402 5653 2547 5725 quod
2569 5665 2793 5708 vocatur
2813 5655 2966 5719 Inda,
3006 5659 3251 5710 mutuato
3294 5653 3360 5711 de
3398 5669 3475 5707 rt-

1906 5728 2027 5783 vulo
2048 5726 2287 5797 ejusdem
2314 5728 2470 5782 vallis
2498 5726 2730 5781 nomine.
2762 5743 2781 5777 ι
