3856 6190
299 347 402 402 ($03

302 461 427 515 lber
444 458 563 517 loca
588 474 729 529 saepe
750 456 896 520 colit,
920 459 1280 525 properatque
1305 453 1543 507 revisere
1570 450 1777 517 caulas,

370 552 597 608 Ordinat
621 559 677 606 et
696 554 963 617 sumptus,
992 558 1219 599 munera
1254 542 1404 614 larga
1430 550 1610 614 parat.

310 728 1869 758 ______________________________

1624 338 1928 396 ERMOLDI
1969 340 2084 400 NIG
2094 341 2249 399 ELu

1913 466 1966 526 Α
1992 449 2155 515 Siste,
2177 448 2461 513 Cammna,
2490 447 2695 504 melos:
2724 448 2977 505 celerans
3001 448 3160 504 fratri
3178 464 3306 506 ecce
3333 449 3573 509 libellus

3490 344 3618 399 θυι

2055 539 2464 596 Consociandus
2485 540 2663 606 adest,
2694 538 2802 595 line
2825 540 3063 611 jocunda
3085 555 3204 598 suo.

1509 855 1812 936 LIBER
1883 850 2360 930 TERTIUS.

294 1104 524 1163 Ca‘saris
552 1118 701 1159 arma
731 1101 826 1157 Dei
856 1098 1170 1156 crescebant
1199 1110 1423 1151 munere
1447 1093 1601 1158 celsi,

365 1196 629 1252 Gentibus
649 1201 703 1247 et
726 1191 937 1246 cunctis
964 1203 1069 1257 pax
1098 1196 1218 1242 erat
1244 1193 1404 1240 aucta
1434 1183 1559 1238 fide.

292 1287 566 1355 Famaque
594 1282 929 1337 Francorum
954 1276 1209 1333 Ludovici
1240 1288 1464 1331 munere
1490 1271 1667 1344 magni

365 1379 539 1433 Trans
561 1375 696 1430 freta
723 1371 1113 1453 cunctayolat,
1138 1378 1193 1426 et
1217 1370 1354 1441 petit
1372 1368 1543 1424 aethra
1568 1365 1699 1437 poli.

294 1472 442 1525 More
470 1478 647 1524 tamen
671 1467 857 1538 prisco
886 1480 1171 1535 regnorum
1199 1462 1386 1517 limina
1414 1475 1439 1503 ιι
1469 1460 1672 1526 Cmsar,

363 1561 682 1627 Electosque
708 1559 891 1621 duces,
920 1554 1107 1609 adfore
1128 1555 1300 1625 prima
1333 1552 1504 1623 jubet.

287 1650 631 1708 Conveniunt
652 1663 841 1704 omnes
870 1646 1087 1716 placito,
1119 1653 1418 1715 parentque
1444 1643 1677 1714 jubenti,

361 1739 608 1797 Partibus
627 1753 778 1808 mque
800 1738 913 1792 suis
933 1751 1174 1807 congrua
1199 1736 1362 1791 verba
1389 1742 1604 1790 sonant.

1994 1083 2062 1139 Ut
2087 1086 2301 1155 requies
2323 1089 2424 1144 sibi
2451 1105 2626 1155 cessa,
2653 1103 2872 1146 movent
2905 1108 3030 1149 mox
3057 1094 3279 1151 horrida
3313 1098 3482 1164 bella,

2062 1175 2127 1229 Et
2149 1181 2372 1235 custode
2404 1196 2545 1236 novo
2574 1196 2703 1237 rura
2730 1183 2938 1253 replere
2969 1195 3179 1255 parant.

1989 1266 2199 1324 Lancea
2224 1286 2321 1340 pro
2346 1289 2537 1338 censu,
2570 1291 2768 1330 munus
2796 1291 2896 1346 pro
2916 1275 3042 1345 jure
3065 1278 3228 1334 duelli
3260 1283 3285 1321 ⁸

2060 1358 2323 1416 Redditur
2354 1364 2676 1433 hospitibus,
2702 1380 2804 1435 pro
2822 1368 3024 1437 pietate
3047 1376 3245 1424 tumor.

1991 1451 2221 1508 Francia
2258 1452 2310 1506 in
2333 1453 2558 1509 alterius
2577 1454 2604 1494 ιι
2630 1454 2880 1525 pulsabat
2905 1471 3071 1527 regna
3093 1458 3402 1530 triumphis,

2060 1545 2347 1615 Asperiora
2378 1546 2596 1616 quidem
2625 1563 2747 1617 qua:
2775 1548 2876 1604 sibi
2908 1550 3021 1605 visa
3050 1548 3249 1606 forent.

1985 1638 2195 1694 Idcirco
2227 1639 2340 1693 haec
2365 1647 2545 1695 tantos
2575 1653 2663 1695 res
2688 1649 2771 1695 est
2793 1641 3015 1698 dimissa
3041 1658 3141 1713 per
3167 1659 3363 1709 annos,

2059 1728 2207 1785 Gens
2231 1730 2402 1801 magis
2426 1738 2589 1801 atque
2618 1731 2790 1802 magis
2811 1732 3004 1797 crevit,
3031 1741 3087 1788 et
3112 1749 3242 1789 arva
3278 1734 3471 1805 replet.

288 1833 492 1891 Nobilis
520 1833 660 1886 inter
681 1793 818 1901 quos
851 1793 1187 1885 Francorum
1235 1828 1479 1899 germine
1527 1826 1827 1897 Lantpreth
1853 1825 1882 1865 δ
1913 1793 1960 1853 Β
1987 1819 2214 1891 Jamque
2247 1821 2479 1891 superba
2509 1822 2672 1877 nimis
2701 1821 3035 1878 Francorum
3061 1840 3222 1897 regna
3267 1793 3485 1882 lacessit
3509 1827 3527 1867 ι
3551 1852 3568 1878 ο

363 1923 520 1980 Venit
554 1931 609 1978 et
637 1922 750 1993 ipse
777 1937 873 1977 sua
899 1928 1053 1991 parte
1078 1919 1308 1975 volendo
1329 1919 1487 1974 citus.

286 2015 553 2071 Praevidet
576 2013 664 2069 hic
692 2012 829 2068 lines
853 2024 875 2052 ο
908 2053 922 2079 ,
943 2026 1080 2081 quos
1108 2010 1238 2066 olim
1263 2025 1394 2081 gens
1414 2008 1633 2064 inimica

357 2105 532 2160 Trans
556 2119 705 2159 mare
734 2102 898 2158 lintre
927 2102 1117 2158 volans
1136 2110 1354 2171 ceperat
1382 2101 1611 2156 insidiis.

284 2195 383 2251 llic
412 2194 640 2266 populus
660 2194 881 2248 veniens
903 2207 1159 2263 supremo
1178 2207 1245 2248 ex
1265 2192 1397 2247 orbe
1418 2191 1662 2245 Britanni
1695 2189 1722 2231 δ
1760 2231 1776 2257 ,

355 2286 503 2355 Quos
526 2284 683 2340 modo
704 2284 976 2342 Brittones
999 2284 1262 2339 Francica
1288 2283 1467 2355 lingua
1496 2290 1674 2338 vocat.

284 2374 419 2432 Nam
446 2375 651 2431 telluris
675 2389 863 2446 egens,
889 2382 1051 2429 vento
1070 2372 1307 2441 jactatus
1331 2380 1386 2428 et
1413 2371 1596 2437 imbri,

353 2468 495 2522 Arva
521 2466 667 2536 capit
688 2479 933 2535 prorsus,
966 2472 1130 2534 atque
1164 2464 1365 2520 tributa
1390 2472 1548 2534 parat

281 2558 549 2628 Tempore
562 2571 755 2627 nempe
771 2555 862 2611 illo
875 2556 979 2611 hoc
1006 2570 1101 2612 rus
1124 2571 1339 2626 quoque
1366 2553 1553 2611 Gallus
1578 2566 1601 2594 ε
1624 2553 1874 2619 habebat,

351 2647 577 2715 Quando
607 2647 748 2702 idem
772 2647 1003 2718 populus
1030 2646 1280 2703 ﬂuctibus
1310 2658 1464 2703 actus
1487 2647 1662 2703 adest.

281 2739 389 2795 Sed
413 2740 541 2809 quia
559 2739 811 2810 baptismi
845 2739 1023 2795 fuerat
1050 2740 1139 2800 hic
1160 2740 1362 2795 tinctus
1398 2738 1562 2803 olivo,

350 2829 472 2885 Mox
496 2831 731 2902 spatiare
754 2830 882 2887 licet
915 2830 935 2871 ί
968 2872 982 2896 ,
1015 2840 1070 2887 et
1091 2831 1270 2887 colere
1296 2846 1427 2886 arva
1455 2829 1633 2885 simul.

2054 1911 2168 1968 Nec
2200 1920 2457 1968 contenta
2489 1912 2605 1968 solo
2634 1927 2742 1983 quo
2776 1915 3065 1985 peregrina
3094 1915 3197 1971 fuit

1979 2001 2193 2069 Infelix,
2224 2004 2411 2074 ignara
2442 2001 2622 2068 simul,
2650 2002 2983 2059 contendere
3009 2014 3182 2071 sueta,

2052 2086 2317 2165 Sperabat
2341 2092 2581 2149 Francos
2608 2108 2937 2164 exsuperare
2962 2095 3150 2166 agiles.

1980 2183 2133 2239 Hunc
2157 2198 2307 2246 vero,
2331 2192 2392 2237 ut
2412 2182 2546 2247 dixi,
2569 2181 2864 2253 Lantpreth
2890 2185 3180 2255 compellat
3205 2188 3353 2243 avito

2048 2273 2232 2330 Gzcsar
2255 2289 2427 2339 more,
2459 2289 2656 2345 rogans
2683 2283 2876 2330 cuncta
2902 2268 3107 2331 referre
3130 2277 3256 2333 sibi.

1979 2366 2051 2424 Ut
2070 2382 2203 2439 gens
2228 2366 2317 2422 illa
2338 2366 2507 2424 Deum
2530 2367 2733 2424 recolat
2751 2368 3027 2439 cultuque,
3054 2370 3287 2442 ﬁdeque,

2049 2459 2415 2530 Ecclesiisque
2443 2459 2535 2514 Dei
2564 2459 2740 2531 qualis
2766 2460 3007 2517 abundet
3029 2463 3218 2519 honor.

1978 2553 2081 2621 Qui
2108 2554 2180 2608 sit
2210 2552 2383 2623 plebis
2410 2567 2581 2615 amor,
2610 2568 2732 2623 qua:
2761 2552 2834 2608 sit
2867 2553 3096 2623 iustitia,
3124 2570 3245 2625 qua:
3270 2571 3376 2626 pax

2052 2644 2214 2715 Regis
2248 2644 2424 2699 honor
2447 2642 2643 2713 qualis,
2673 2643 2817 2713 quod
2840 2644 3061 2714 pietatis
3083 2661 3239 2716 opus.

1977 2739 2201 2808 Insuper
2226 2736 2294 2790 ad
2326 2734 2339 2787 i
2381 2745 2599 2792 nostros
2619 2752 2739 2806 qua:
2766 2736 2837 2791 sit
2864 2736 3093 2792 salvatio
3119 2738 3291 2794 lines:

2051 2825 2251 2883 Ordine
2278 2833 2476 2881 cuncta
2502 2840 2601 2880 suo
2628 2824 2734 2891 dic,
2766 2825 2905 2891 volo,
2941 2825 3174 2893 France,
3199 2828 3352 2883 mihi.

352 2976 378 3005 ι
407 2964 514 3020 Eos
555 2964 780 3021 innuere
806 2966 1026 3021 videtur
1060 2966 1150 3036 qui
1176 2965 1366 3036 eodem
1387 2963 1585 3036 suacqu
1622 2964 1879 3034 appellari
1978 2969 2278 3036 certamen.
2336 2957 2482 3014 Infra
2542 2959 2706 3015 etiam
2767 2959 2935 3016 habes
2988 2959 3110 3016 belli
3153 2977 3373 3017 munera
3430 2979 3571 3020 mare

280 3042 564 3116 cmperunt
605 3037 931 3116 inure/rienes
983 3031 1097 3091 sive
1147 3034 1397 3090 marchisi
1439 3050 1470 3088 a
1520 3031 1765 3090 custodia
1814 3035 1879 3091 li-
1981 3031 2140 3116 venit:

280 3105 474 3159 mitnm
501 3105 674 3159 regni.

352 3140 516 3229 {illi
531 3140 852 3246 Ltznlperto,
901 3175 1016 3230 sive
1066 3173 1360 3246 Lamberlo.
1406 3173 1531 3246 Fuit
1548 3174 1607 3246 is
1649 3175 1877 3246 Andica-
1902 3140 1948 3204 ϐ

279 3245 472 3315 censis,
498 3245 612 3315 sive
637 3244 1021 3315 Andegavensis
1064 3261 1254 3304 comes.
1311 3244 1356 3299 si
1403 3244 1768 3300 Mahillonium
1815 3247 1870 3301 in

279 3314 475 3369 Annal.
501 3314 834 3385 Benedictin.
864 3316 1254 3380 auscultamus,
1302 3329 1367 3370 ac
1417 3323 1702 3385 propterea
1751 3315 1872 3371 Bri-

280 3384 475 3439 tanniae
494 3384 709 3455 minori,
742 3386 807 3440 de
831 3400 934 3455 qua
962 3385 1099 3439 infra
1120 3385 1318 3455 agitur,
1367 3384 1465 3439 sua
1507 3386 1710 3441 ditione
1740 3401 1872 3441 con-

280 3399 475 3439 tannue
494 3399 709 3451 manl‘l,
742 3399 807 3440 ae
831 3400 934 3455 qua
962 3399 1099 3439 Intra
1120 3399 1318 3508 agitur,
1367 3400 1465 3439 sua
1507 3399 1710 3441 ultione
1740 3401 1870 3441 con-

278 3456 561 3509 terminus.
595 3453 747 3510 llunc
777 3463 966 3510 auctor
996 3456 1129 3510 Vit-.1:
1212 3455 1423 3510 udovici
1464 3456 1611 3511 nudo
1649 3457 1870 3513 nomine

278 3522 615 3594 Lantbertum
641 3525 876 3594 appellat
898 3525 964 3579 ad
1009 3541 1206 3579 annum
1234 3525 1357 3580 825.
1394 3522 1530 3579 Tum
1561 3526 1628 3580 ad
1669 3541 1873 3582 annum

278 3593 405 3659 8'29,
434 3593 1045 3650 comitem’Lambertum
1076 3597 1338 3666 nominat.
1389 3596 1500 3666 Ego
1546 3594 1872 3650 Namneten-

276 3680 409 3728 sem,
439 3679 542 3718 non
568 3665 974 3720 Andicavensem
1016 3666 1260 3719 comitem
1311 3665 1476 3721 fuisse
1524 3666 1760 3721 arbitror
1803 3682 1872 3722 ex

277 3732 418 3787 infra
452 3734 787 3788 adnotandis.

356 3813 379 3873 ς
421 3802 556 3856 Hinc
582 3817 711 3873 ergo
732 3804 917 3866 habes,
950 3802 1231 3858 Lanlberto
1255 3804 1637 3859 demandatam
1680 3805 1873 3863 vicina:

279 3872 576 3943 Britannia
624 3872 811 3943 finium
873 3873 1124 3943 tutelam.
1168 3874 1527 3943 Eginhardus,
1563 3874 1630 3927 ad
1671 3891 1872 3932 annum

276 3941 406 4005 826,
454 3949 720 3996 memorat
765 3939 1062 3996 Britannici
1106 3939 1289 3997 limitis
1316 3945 1576 3998 custodes.
1609 3943 1873 4002 Adrevol-

282 4012 384 4065 dus
422 4009 783 4066 Floriacensis
809 4012 862 4066 in
904 4011 1067 4066 Libro
1120 4012 1499 4067 Miraculorum
1534 4012 1591 4068 S.
1641 4014 1871 4071 Benedi-

279 4082 374 4147 cti,
399 4080 633 4152 cap.435,
661 4081 774 4136 haec
805 4082 985 4146 habet,
1024 4092 1143 4136 acta
1190 4092 1311 4152 post
1355 4084 1562 4137 obitum
1609 4083 1867 4141 Ludovici

278 4152 359 4211 ι’ἰί
393 4170 405 4207 :
444 4150 773 4207 «'Marclnsis
797 4152 1092 4207 Britannici
1118 4150 1306 4209 limitis
1342 4155 1486 4209 inter
1519 4170 1576 4209 se
1604 4154 1871 4211 dissiden-

279 4222 425 4278 tibus
476 4222 676 4279 bellum
718 4223 913 4277 oritur.
969 4222 1227 4291 Quamvis
1277 4226 1423 4279 enim
1480 4223 1740 4281 Rainoldo
1778 4242 1869 4282 oc-

278 4294 569 4349 cumbenle
622 4292 795 4349 victor
845 4293 1171 4349 Lambertus
1220 4295 1513 4357 exstiterit,
1572 4310 1681 4351 non
1731 4297 1868 4352 adeo

278 4373 462 4437 tamen
488 4363 734 4437 victricia
759 4365 833 4437 ab,
857 4365 1222 4437 hostegretulit
1244 4368 1419 4437 signa,
1441 4386 1459 4418 ι
1478 4374 1582 4420 etc.

348 4434 377 4473 ἀ
401 4434 458 4489 Id
485 4435 889 4508 est__Britann_i:e
928 4434 1185 4508 majoris,_
1230 4434 1453 4508 Anglia);
1493 4453 1637 4508 [ωηο
1661 4455 1675 4502 ;
1699 4454 1864 4508 quam

2050 3098 2470 3187 {animus
2502 3099 3004 3187 Δῑπξιιιείειξτλνειτείεν
3054 3102 3242 3187 ante.
3295 3110 3402 3187 aut.
3441 3105 3573 3187 quid

1980 3167 2447 3241 simile."Sensus
2495 3177 2617 3241 est:
2663 3167 2997 3241 Francorum
3052 3167 3301 3241 populus,
3348 3167 3581 3231 dimissa

1976 3240 2271 3296 Britannice
2299 3239 2603 3295 cismarinm
2636 3254 2788 3302 cura,
2837 3239 3075 3294 studium
3123 3239 3285 3295 omne
3339 3243 3583 3300 colloca-

1976 3312 2071 3367 bat
2106 3312 2160 3366 in
2189 3309 2471 3366 vincendis
2490 3310 2612 3364 aliis
2633 3310 2831 3380 regnis,
2860 3325 2981 3380 quae
3007 3310 3109 3366 sibi
3133 3312 3315 3367 acrius
3354 3314 3586 3371 obstare

1977 3391 2073 3436 aut
2101 3383 2297 3437 obesse
2332 3395 2492 3451 posse
2526 3380 2770 3449 putabat.

2055 3455 2071 3493 ί
2108 3452 2220 3507 Sub
2251 3450 2364 3521 ipsa
2402 3450 2884 3522 Merovingicorum
2914 3465 3101 3522 regum
3130 3452 3298 3522 stirpe
3318 3453 3588 3514 Britanni

1975 3519 2864 3590 Cismarinirebellionem'pluries
2903 3519 3098 3583 fecere,
3153 3519 3384 3578 testibus
3444 3524 3593 3584 Gre-

1976 3594 2128 3664 gorio
2151 3592 2467 3664 Turonense
2500 3598 2557 3664 et
2582 3590 2909 3664 Fr_e_degario
2955 3592 3009 3645 in
3049 3590 3355 3664 Chronicis.
3410 3594 3590 3653 Anno

1975 3659 2190 3733 quoque
2243 3659 2869 3734 786_Carolus_Magnus
2909 3662 3167 3734 «perlidaa
3213 3665 3392 3734 gentis
3442 3682 3591 3722 con-

1975 3731 2262 3787 tumaciam
2302 3731 2441 3785 mira
2483 3731 2762 3786 celeritate
2812 3732 3152 3801 compressit,
3177 3753 3195 3785 ι
3219 3731 3332 3788 'uti
3382 3747 3593 3792 auctor

1974 3813 2058 3858 est
2073 3802 2408 3873 Eginbardus
2425 3818 2439 3865 ;
2455 3802 2608 3872 cujus
2620 3801 2784 3873 etiam
2801 3809 2927 3857 sunt
2949 3803 3111 3857 verba
3130 3802 3196 3857 ad
3213 3820 3420 3859 annum
3437 3805 3555 3863 799
3573 3827 3587 3863 :

1979 3891 1998 3924 ι
2023 3869 2184 3927 Wido
2217 3885 2399 3928 comes
2438 3869 2838 3940 ac'praefectns
2872 3872 3169 3928 Britannici
3207 3873 3399 3930 limitis
3454 3891 3588 3933 cum

1974 3944 2137 4026 sociis
2161 3942 2452 4026 comitibus
2481 3950 2649 4026 totam
2689 3941 2968 4026 Britonum
2991 3944 3339 4026 provinciam
3389 3947 3591 4026 perln-

1972 4022 2263 4086 straverat,
2292 4028 2444 4067 arma
2469 4013 2669 4086 ducum
2700 4012 2791 4086 qui
2824 4028 2883 4086 se
2905 4012 3246 4086 dediderunt,
3286 4012 3586 4086 inscriptis

1973 4084 2308 4154 singulorum
2338 4083 2666 4145 nominibus,
2697 4083 2921 4154 detulit.
2952 4103 2971 4136 ι
3020 4084 3221 4139 Eadem
3270 4083 3589 4154 praeferunt

1970 4162 2028 4208 et
2055 4152 2144 4208 alii
2178 4152 2793 4225 Francorumdannales.
2834 4153 3038 4225 Auctor
3064 4170 3197 4225 vero
3239 4152 3580 4225 ahonymus,

1971 4224 2067 4296 sed
2107 4225 2463 4296 synchronus,
2513 4223 2647 4278 Vitae
2691 4222 2868 4296 C_aroli
2918 4222 3116 4293 Magni,
3172 4226 3312 4296 apud
3357 4222 3586 4283 Boche-

1971 4292 2170 4356 snium,
2194 4295 2309 4350 bzec
2337 4295 2407 4347 ita
2434 4300 2638 4347 narrat.
2672 4310 2691 4343 ‹
2712 4292 2887 4349 Guido
2911 4292 3115 4360 comes,
3164 4292 3255 4363 qui
3299 4296 3358 4349 in
3416 4313 3579 4352 mar-

1970 4379 2089 4419 cam
2120 4364 2414 4419 Britannia:
2438 4363 2775 4433 prmsidebat,
2810 4378 2916 4417 una
2936 4379 3059 4418 cum
3083 4368 3245 4420 sociis
3279 4366 3576 4433 ingressus

1969 4433 2328 4498 Britanniam,
2361 4442 2637 4503 totamque
2658 4433 3016 4502 perlustrans,
3044 4433 3099 4489 in
3124 4436 3462 4490 deditionem
3490 4454 3581 4493 ac.

278 4502 537 4560 deserens
560 4505 648 4560 ille
740 4505 914 4575 pulus,
944 4502 1094 4562 et’in
1148 4502 1373 4562 Galliam
1427 4502 1734 4568 Celticam.‘
1756 4510 1869 4563 sive
1895 4512 1949 4572 1)
1973 4505 2143 4573 cepit;
2170 4513 2222 4559 et
2245 4519 2302 4558 re
2344 4504 2528 4558 iarma
2552 4502 2749 4558 ducum
2775 4504 2867 4572 qui
2896 4520 2955 4559 se
2980 4503 3316 4570 dediderant,
3360 4506 3574 4561 inscri-

282 4573 619 4629 Armoricam
650 4520 873 4629 delatus.
917 4577 991 4629 ibi
1031 4579 1212 4629 sedem
1251 4593 1316 4629 ac
1364 4577 1592 4629 subinde
1627 4578 1871 4629 doinina-
1971 4575 2081 4629 ntis
2112 4520 2419 4629 nominibus
2453 4572 2804 4629 singulorum.
2858 4576 3241 4629 nmsentavit.
3272 4615 3286 4629 .
3313 4612 3330 4627 .
3365 4584 3426 4629 et
3454 4585 3573 4629 tota

282 4573 619 4630 Armoricam
650 4573 873 4636 delatus,
917 4577 991 4632 ibi
1031 4579 1212 4632 sedem
1251 4593 1316 4634 ac
1364 4577 1592 4631 subinde
1627 4578 1871 4633 domina-

283 4644 485 4713 tionem
522 4645 733 4699 statuit.
766 4646 1107 4713 Eginhardus
1143 4647 1196 4701 in
1236 4646 1535 4701 Annalibus
1567 4645 1633 4699 ad
1669 4663 1868 4703 annum

282 4711 408 4777 786,
437 4723 673 4769 veterem
706 4711 1146 4771 com—memorans
1193 4717 1497 4780 historiam,
1539 4716 1615 4769 ait
1642 4734 1653 4768 :
1692 4735 1709 4765 ‹
1733 4716 1868 4772 Cum

285 4782 355 4835 ab
381 4782 566 4854 Anglis
585 4793 643 4839 et
665 4783 969 4841 Saxonibus
992 4786 1271 4840 Britannia
1320 4786 1497 4841 insula
1543 4785 1733 4840 fuisset
1790 4787 1870 4841 in-

283 4853 660 4922 vasa,magna
688 4868 815 4921 pars
837 4855 1132 4909 incolarum
1168 4854 1285 4921 ejus
1310 4871 1458 4910 mare
1486 4853 1780 4922 trajiciens,
1814 4858 1867 4912 in

283 4920 490 5001 ultimis
527 4920 712 4976 Galliae
741 4924 956 5005 ﬁnibus,
985 4920 1307 4979 Venetorum
1336 4934 1393 4980 et
1421 4920 1866 4982 Coriosolitarum

284 5004 530 5061 regiones
564 5001 864 5061 occupavit.
890 5013 908 5046 ο

363 5071 386 5099 σ
415 5060 527 5115 lloc
549 5071 633 5116 est
660 5077 782 5116 cum
816 5062 1052 5117 nondum
1100 5062 1298 5118 Franci
1347 5062 1548 5118 Gallias
1589 5065 1688 5119 sibi
1733 5065 1868 5120 sub—

279 5128 557 5213 jecissent.
594 5131 901 5213 Etﬁuidem
930 5133 1124 5213 saeculo
1145 5132 1348 5213 Gbristi
1378 5134 1568 5213 quinto
1589 5136 1868 5213 accidisse

285 5199 640 5272 irruptionem
661 5199 987 5270 huiusmodi,
1013 5204 1144 5258 satis
1170 5199 1671 5259 innuunt'Sidonins
1706 5203 1868 5272 Apol-

285 5268 490 5345 ρειαί-ξε,
522 5268 832 5345 Jornandes
852 5274 905 5327 in
950 5272 1184 5328 Historia
1217 5272 1534 5338 Gothorum,
1575 5268 1867 5345 Gregorius

284 5340 635 5405 Turonensis,
666 5348 723 5395 et
749 5342 858 5397 alii.

365 5410 383 5449 ί
411 5411 466 5466 1η
490 5427 592 5467 ms.
610 5412 796 5466 codice
826 5412 1104 5482 legebatur
1130 5428 1195 5467 ex
1236 5414 1418 5483 priore
1458 5427 1626 5483 manu
1668 5422 1863 5478 tamen,

285 5494 385 5553 pro
415 5497 522 5553 quo
547 5483 782 5538 secunda
812 5481 1019 5553 manus
1043 5481 1253 5553 posuit?
1272 5482 1410 5537 licet.
1456 5481 1583 5536 Mihi
1632 5483 1867 5538 retinere

286 5551 474 5623 Vocem
504 5552 646 5607 hanc
670 5568 861 5608 sensus
888 5552 1057 5623 gratia
1080 5551 1299 5622 placuit.

362 5621 388 5656 κ
409 5620 482 5691 Ita
504 5636 719 5677 sensum
753 5619 1121 5678 instruendum
1155 5630 1282 5691 puto
1302 5636 1319 5691 ς
1347 5637 1440 5691 pro
1458 5620 1599 5691 jure,
1636 5619 1740 5691 hoc
1781 5628 1867 5675 est

287 5702 387 5762 pro
407 5690 616 5762 justitia
636 5692 890 5762 facienda
944 5689 1243 5762 hospitibus
1286 5689 1474 5751 Gallis,
1528 5690 1595 5745 iis
1641 5689 1867 5762 offertur

288 5758 360 5816 ab
390 5758 605 5815 advenis
632 5761 901 5818 Britannis
933 5758 1121 5817 munus
1143 5761 1323 5829 duelli,
1353 5762 1451 5815 hoc
1482 5769 1561 5815 est
1591 5760 1860 5832 singulare

1992 4572 2081 4629 itis
2112 4572 2419 4630 nominibus
2453 4572 2804 4644 singulorum,
2858 4576 3207 4644 praesentavit
3227 4615 3241 4629 .
3272 4615 3286 4629 .
3313 4612 3330 4627 .
3365 4584 3426 4629 et
3454 4585 3573 4632 tota

2019 4645 2351 4699 ritannorum
2398 4643 2700 4712 provincia,
2736 4643 2879 4713 quod
2919 4659 3196 4712 nunquam
3243 4655 3404 4699 antea
3430 4666 3451 4695 ι
3480 4648 3497 4711 (
3522 4650 3572 4701 id

1971 4715 2190 4787 quidem
2214 4713 2371 4787 facile
2405 4715 2628 4769 credere
2661 4729 2760 4787 nos
2789 4728 2898 4787 non
2931 4713 3118 4769 sinunt
3140 4714 3442 4787 Gregorius
3467 4718 3576 4771 Tu-

1971 4783 2239 4851 ronensis,
2279 4785 2489 4854 aliique
2508 4798 2673 4854 supra
2698 4783 2902 4854 laudati
2941 4798 3126 4839 rerum
3168 4783 3568 4841 Francicarum

1971 4854 2320 4925 scriptores),
2355 4872 2374 4905 ι
2395 4852 2425 4908 a
2452 4852 2677 4925 Francis
2703 4852 2983 4925 subiugata
3022 4863 3126 4910 est.
3151 4874 3170 4907 ι
3212 4854 3343 4923 Quze
3392 4858 3570 4925 verba

1971 4925 2105 4979 satis
2136 4924 2448 4996 ostendunt,
2484 4924 2757 4996 marchisis
2796 4924 2923 4988 illis,
2969 4925 3085 4996 sive
3118 4924 3570 4996 prwfectisuBii-

1969 4996 2178 5075 tannici
2197 4994 2401 5060 limitis,
2426 5008 2493 5048 ex
2529 4994 2683 5075 queis
2704 5010 2858 5075 unus
2882 5003 3002 5075 erat
3036 4993 3364 5075 Lambertus
3391 4993 3566 5075 Nam-

1969 5066 2212 5119 netensis
2258 5079 2463 5135 comes,
2518 5062 2653 5135 nihil
2697 5064 2838 5135 juris
2891 5062 3081 5135 fuisse_
3112 5064 3169 5119 in
3220 5063 3563 5135 Britanniam

1970 5135 2260 5198 minorem,
2290 5135 2382 5189 sed
2406 5134 2472 5189 iis
2499 5133 2762 5189 duntaxat
2805 5134 2993 5189 datum
3041 5133 3376 5189 Francorum
3420 5134 3564 5190 ﬁnes

1968 5204 2352 5274 sivelimitesa
2375 5203 2651 5260 Britannis
2680 5205 2841 5270 tueri,
2887 5220 3025 5274 quos
3067 5204 3151 5259 sui
3188 5204 3417 5261 comites
3463 5215 3560 5259 aut

1967 5273 2152 5339 duces,
2190 5275 2484 5344 nuncupati
2510 5274 2675 5329 etiam
2712 5282 2876 5345 reges,
2908 5273 3049 5345 ’olim
3089 5288 3276 5345 regere
3322 5289 3559 5329 consue-

1970 5353 2182 5408 verunt,
2222 5361 2254 5399 a
2295 5358 2555 5415 supremo
2584 5344 2779 5399 tamen
2806 5344 2932 5415 jure
2974 5344 3306 5399 FrancOrum
3362 5359 3555 5415 regum

1966 5429 2070 5467 non
2093 5415 2315 5469 omnino
2334 5414 2583 5469 absoluti.

2040 5482 2053 5533 i
2090 5485 2231 5553 Ergo
2269 5484 2519 5539 Francici
2572 5483 2725 5554 regni
2768 5482 2902 5554 ditio
2944 5491 3077 5554 tunc
3120 5483 3175 5537 in
3213 5479 3549 5536 Britanniam

1966 5552 2188 5624 minime
2219 5554 2565 5624 penetrabat;
2603 5552 2699 5624 sed
2734 5553 2802 5607 ad
2843 5554 2978 5609 lines
3002 5552 3384 5624 Britannorum
3418 5566 3551 5605 cono

1966 5622 2338 5693 sistebat,‘en,
2365 5633 2425 5693 ut
2455 5639 2598 5685 reor,
2645 5622 2714 5679 de
2755 5638 2941 5682 causa.
2991 5622 3136 5693 quod
3179 5635 3370 5676 rursus
3413 5633 3545 5690 gens

1966 5691 2053 5747 illa
2081 5693 2347 5750 rebellans
2374 5692 2706 5751 Francorum
2740 5691 3024 5765 imperium
3042 5700 3436 5750 contemneret.
