3856 6190
416 271 515 327 607

494 385 559 440 Ut
593 385 740 456 prior
766 384 880 453 ipse
908 390 1206 450 monetpro
1235 379 1433 449 pietate
1459 392 1553 431 sua
1582 393 1594 437 ;

419 479 481 532 lit
504 480 657 545 cupis
678 477 744 531 ad
769 475 1003 528 Francos
1029 488 1216 542 pacem
1238 471 1473 525 retinere
1496 482 1812 538 perennem,

495 568 559 622 Ut
586 568 757 629 decet,
788 572 949 633 atque
968 578 1101 633 opus
1128 571 1212 617 est
1241 571 1324 615 sat
1352 561 1468 624 libi,
1499 560 1612 613 sive
1649 557 1753 611 tuis
1778 574 1787 608 :

418 657 584 725 Perge
612 655 773 718 celer,
807 654 1052 724 regisque
1077 652 1150 720 pii
1177 652 1263 720 pia
1297 650 1508 719 suscipe
1523 649 1645 719 jura
1678 664 1692 711 ;

490 747 602 798 Non
638 753 746 808 tua,
785 744 877 798 sed
906 744 1085 812 potius
1118 742 1297 797 debita
1329 740 1491 794 redde
1521 738 1643 802 soli,

417 836 455 887 (ὲ
480 835 668 897 msnle,
700 835 801 887 heu
830 835 842 887 !
876 835 1081 903 patriae,
1106 832 1300 902 populo
1322 845 1453 901 rogo
1478 828 1695 883 consule
1718 836 1934 888 cuncto,

488 927 718 982 Consule
742 943 837 982 seu
863 927 1022 996 proli,
1053 924 1393 996 coniugiique
1415 923 1588 975 thoro.

417 1018 694 1088 Praecipue
728 1033 850 1073 cum
879 1033 1014 1071 vana
1038 1017 1205 1080 colas,
1239 1030 1338 1069 nec
1363 1015 1610 1084 dogmata
1633 1027 1837 1067 serves.

489 1110 621 1163 Avia
646 1124 812 1164 curva
839 1115 990 1178 petas
1021 1117 1100 1171 tu,
1125 1106 1458 1176 populusque
1489 1113 1631 1158 tuus.

418 1200 510 1253 ille
538 1201 659 1268 pius
689 1199 867 1254 forsan
894 1199 1167 1268 proprium
1202 1205 1253 1251 te
1277 1199 1454 1250 mittet
1478 1196 1544 1250 ad
1575 1210 1783 1258 arvum,

492 1291 558 1343 Et
584 1289 789 1357 majora
822 1289 915 1341 tibi
946 1302 1165 1341 munera
1188 1286 1329 1341 forte
1354 1286 1519 1341 dabit.

420 1379 550 1432 Esto
586 1392 735 1432 esses
760 1393 1007 1447 magnus,
1038 1377 1213 1445 magni
1247 1385 1498 1444 regnator
1531 1383 1584 1427 et.
1619 1374 1753 1433 arvi,

496 1470 559 1521 lit
600 1469 691 1522 libi
720 1468 885 1521 multa
916 1483 1106 1521 manus
1146 1467 1566 1536 belligeramque
1596 1467 1778 1527 «ferus,

420 1557 742 1627 Auxilioque
768 1567 856 1610 tuo
885 1565 1071 1627 gentes
1091 1556 1380 1626 populique
1410 1555 1676 1618 venirent,

498 1646 564 1701 Ut
593 1646 773 1699 Rutuli
800 1646 981 1699 Turno
1001 1645 1113 1699 sive
1136 1644 1360 1699 Camilla
1383 1645 1546 1706 celer,

422 1735 688 1804 Iaalimque
713 1736 908 1790 cohors
937 1735 1115 1789 cuncti
1139 1751 1336 1789 venere
1370 1734 1542 1788 Latini
1569 1753 1582 1798 ;

493 1826 605 1879 Non
630 1836 807 1879 tamen
833 1825 1064 1879 Aineam
1086 1825 1303 1879 vincere
1330 1840 1485 1894 posse
1511 1824 1628 1878 fuit.

421 1919 478 1970 Si
506 1917 596 1971 tibi
629 1917 896 1988 Odysseos
937 1916 1196 1985 Pyrrhus,
1224 1931 1316 1970 seu
1340 1916 1505 1969 durus
1533 1914 1788 1977 Achilles,

491 2007 775 2076 Pompeius
799 2020 984 2061 socero
1003 2021 1124 2059 eum
1155 2004 1351 2074 quibus
1375 2020 1520 2058 arma
1558 2013 1733 2073 parat,

422 2098 537 2148 l‘.'on
572 2105 747 2150 tamen
782 2098 832 2149 in
856 2096 1096 2150 Francos
1125 2094 1207 2150 fas
1234 2104 1317 2149 est
1349 2095 1445 2149 tibi
1476 2096 1696 2149 tendere
1719 2094 1879 2159 bello,

492 2187 728 2251 Quorum
764 2184 908 2238 arvis
942 2185 1168 2249 resides,
1194 2194 1244 2237 et
1272 2184 1471 2252 pietate
1502 2199 1689 2238 manes

421 2277 662 2344 Namque
688 2274 853 2329 semel
878 2274 1182 2343 quicunque
1208 2274 1383 2329 duello
1413 2274 1513 2329 hos
1541 2275 1811 2343 experiari
1836 2286 1861 2314 ει

492 2368 729 2438 Coeperit
751 2368 863 2436 ipse
886 2366 1043 2431 licet,
1067 2373 1121 2420 et
1143 2381 1310 2437 genus
1333 2381 1493 2420 omne
1518 2382 1673 2421 suam
1692 2408 1704 2427 ,

423 2461 570 2513 tiens
598 2468 681 2513 est
713 2458 1046 2513 Francorum
1080 2459 1211 2512 nulli
1244 2460 1441 2513 virtute
1469 2460 1725 2524 secunda,

500 2550 673 2603 Vincit
700 2563 883 2603 amore
912 2549 1028 2613 Dei,
1061 2560 1458 2619 exsuperatque
1482 2550 1606 2604 ﬁde.

423 2640 619 2694 Pacem
647 2655 859 2709 semper
889 2648 1055 2705 amat,
1079 2640 1270 2695 nolens
1298 2654 1515 2710 quoque
1556 2642 1781 2713 corripit
1829 2656 1999 2706 arma,

497 2731 631 2798 Quis
658 2741 836 2785 tamen
864 2733 1095 2801 arreptis
1123 2733 1302 2788 nullus
1335 2734 1485 2789 adire
1521 2734 1680 2789 volet.

426 2822 642 2877 Illorum
672 2823 981 2895 quicunque
1017 2826 1174 2878 tidem
1198 2826 1449 2895 quaesivit
1471 2835 1525 2880 ct
1548 2841 1723 2890 arma,

502 2914 772 2968 Ltetanter
802 2915 953 2980 vivit,
983 2915 1334 2986 paciﬂccque,
1372 2917 1479 2985 pie.

428 3005 524 3059 Eia
580 3020 678 3078 age
702 3045 717 3070 ,
763 3020 951 3076 rumpe
987 3021 1168 3061 moras
1192 3046 1206 3071 ,
1247 3022 1347 3062 nec
1386 3016 1437 3062 te
1471 3007 1526 3062 in
1570 3007 1783 3063 diversa
1813 3024 2004 3077 perer-

1776 3099 1937 3173 [rans

502 3187 648 3241 Mens
684 3187 904 3243 inimica
934 3187 1077 3243 ferat
1103 3189 1407 3246 insidiando
1433 3191 1547 3246 tibi.

440 3276 531 3331 l.‘le
562 3277 678 3331 solo
710 3278 888 3333 vultus
919 3280 1032 3349 jam
1060 3279 1260 3334 dudum
1284 3281 1540 3345 intentus,
1568 3290 1623 3336 et
1648 3297 1763 3347 ora,

503 3367 631 3423 Fixa
661 3376 824 3433 tenet,
859 3377 1060 3424 terram
1087 3372 1324 3440 percutit
1345 3379 1508 3442 atque
1536 3371 1689 3443 pede.

428 3459 545 3514 .lam
564 3460 676 3529 jam
699 3471 1042 3518 cunctantem
1077 3463 1331 3519 Wicchar
1352 3479 1602 3520 sermone
1628 3466 1794 3535 polito

504 3556 779 3624 (Imperat,
812 3564 974 3624 atque
1004 3556 1166 3610 minis
1190 3555 1406 3612 ﬂectere
1440 3557 1543 3611 rite
1568 3559 1729 3613 datis.

430 3647 608 3701 Mente
651 3656 915 3702 venenata
944 3647 1181 3702 thalamo
1209 3663 1331 3702 cum
1369 3649 1571 3718 perfida
1604 3650 1799 3718 conjux

505 3739 744 3791 Murman
771 3741 839 3792 ad
859 3738 1135 3807 amplexus
1166 3753 1316 3792 more
1340 3740 1568 3808 superba
1600 3743 1751 3809 petit.

431 3828 626 3881 (iscula
650 3828 820 3896 prima
846 3842 984 3897 genu
1011 3828 1230 3895 libabat,
1264 3840 1320 3884 et
1347 3831 1533 3885 oscula
1556 3833 1716 3896 collo,

505 3920 698 3975 Oscula
726 3920 817 3973 dat
844 3920 1047 3984 barbis,
1078 3920 1254 3976 basiat
1290 3939 1405 3989 ora,
1440 3940 1650 3978 manus.

435 4011 585 4079 itque
612 4009 751 4063 redit
776 4024 926 4079 gyro,
955 4013 1232 4081 tangitque
1258 4014 1432 4082 perita
1463 4025 1671 4083 partem
1700 4016 1727 4054 ι)
1748 4057 1761 4079 ,

506 4101 855 4171 Oﬂiciumque
881 4105 1027 4174 cupit
1051 4105 1304 4160 insidiosa
1331 4105 1479 4160 dare.

436 4194 672 4263 δεδι-ἱρὴ
702 4193 791 4248 ille
820 4195 987 4249 miser
1013 4196 1225 4251 tandem
1257 4197 1759 4267 hanc,strinxitque
1786 4199 2007 4261 lacerto,

507 4287 715 4354 Datque
744 4284 919 4339 locum
958 4287 1098 4352 voti;
1144 4287 1390 4359 conjugis
1416 4297 1535 4343 acta
1563 4289 1797 4359 placent.

435 4378 502 4431 Et
526 4378 661 4446 petit
686 4376 871 4430 infelix
901 4394 1079 4443 aures,
1110 4379 1375 4450 longeque
1404 4391 1668 4447 susurrat,

419 4537 428 4545 ‘
503 4471 713 4524 Avertit
747 4486 938 4525 sensus
965 4487 1196 4540 moxque
1226 4473 1404 4526 mariti
1444 4473 1700 4527 animum.

431 4561 509 4613 Ae
540 4560 686 4613 velut
715 4560 766 4613 in
800 4561 950 4615 silvis
976 4571 1254 4632 pastorum
1286 4563 1507 4632 frigoris
1534 4579 1676 4616 anno

506 4650 686 4702 Turba
713 4650 831 4705 foco
868 4651 1069 4705 celerat
1098 4651 1240 4720 ligna
1278 4653 1447 4705 recisa
1478 4653 1625 4706 dare.

432 4736 533 4791 llic
560 4740 666 4792 fert
695 4746 816 4806 apta
843 4740 1003 4802 citus,
1030 4741 1289 4807 prresicco
1318 4740 1505 4794 fomite
1544 4752 1611 4794 stt
1625 4757 1780 4795 amen

504 4826 610 4881 lste
634 4828 801 4891 vehit,
827 4828 984 4882 ﬂatus
1013 4830 1210 4898 ingerit
1236 4830 1325 4883 ille
1355 4831 1551 4891 libens.

431 4917 550 4972 Jam
582 4932 743 4986 rogus
770 4918 1009 4974 insiliens
1050 4920 1293 4975 ﬂammas
1341 4922 1524 4986 dabat,
1572 4921 1789 4992 altaque
1836 4923 2007 4994 tangit

505 5006 696 5060 Sidera
730 5025 743 5059 :
775 5017 1054 5077 pastorum
1076 5010 1269 5080 frigida
1295 5011 1538 5065 membra
1564 5011 1763 5066 calent.

433 5099 567 5150 Cum
592 5097 771 5151 subito
801 5099 1021 5163 tonitru,
1053 5100 1278 5170 grando,
1302 5101 1624 5171 pluviaeque,
1656 5103 1863 5171 pruinae

503 5188 644 5244 Ecce
672 5189 886 5260 fragore
916 5200 1097 5256 ruunt,
1133 5202 1186 5248 et
1215 5210 1404 5248 nemus
1426 5209 1587 5249 omne
1616 5203 1791 5249 tonat.

430 5279 699 5336 Imbribus
721 5294 806 5335 ast
829 5282 1036 5337 crebris
1063 5282 1262 5337 invitus
1296 5286 1531 5340 concidit
1560 5285 1730 5356 ignis;

505 5373 736 5429 Venerat
769 5375 913 5429 unde
946 5373 1124 5438 calor,
1152 5372 1333 5430 fumus
1356 5385 1412 5431 et
1440 5376 1564 5430 inde
1594 5379 1753 5431 redit.

503 5517 525 5542 ⁸
558 5504 662 5569 Pro
682 5507 924 5575 experiri.
966 5504 1071 5561 Sed
1116 5505 1284 5560 latere
1325 5507 1573 5561 mendum
1617 5507 1794 5575 potius
1842 5518 1999 5576 puto:

432 5577 745 5645 experiatur,
770 5587 863 5630 aut
891 5578 1016 5645 quid
1038 5577 1231 5643 simile,
1260 5579 1669 5631 restituendum.

506 5656 531 5682 υ
559 5644 672 5701 Non
712 5647 782 5701 ita
808 5644 1085 5722 scripserit
1111 5657 1285 5719 poeta.
1321 5650 1569 5703 Divinare
1620 5658 1791 5701 tamen
1839 5649 1999 5707 nolint

1726 257 2028 316 ERMOLDI
2068 254 2338 310 MCELLt
3317 241 3326 251 '
3556 251 3644 311 ets

2021 376 2069 430 Α
2099 365 2395 422 Wiccharti
2425 364 2568 419 haud
2590 364 2748 419 aliter
2776 364 2968 419 mulier
2998 364 3208 421 funesta
3243 367 3491 424 restinxit

2172 455 2369 522 Verba,
2401 454 2632 511 maritali
2661 464 2877 525 pectore
2904 456 3008 510 ﬁxa
3032 456 3182 512 boni.

2093 544 2273 615 Atque
2300 546 2464 600 etiam
2500 546 2723 601 missum
2756 554 2968 600 torvum
2999 546 3279 617 despectat
3309 550 3554 605 eumdem

2167 637 2408 691 Sublime
2438 638 2725 707 aspiciens,
2751 646 2806 691 et
2842 647 2994 709 rogat
3024 650 3142 694 arte
3168 657 3263 694 sua
3300 660 3312 693 :

2097 726 2140 783 Ο
2171 744 2264 782 rex
2297 737 2459 798 atque
2484 729 2650 783 decus
2678 728 2986 784 Brittonum
3013 732 3189 801 gentis
3216 733 3424 802 cpinne,

2169 819 2400 873 Dextera
2431 818 2585 887 cujus
2605 821 2688 874 avi
2715 835 2908 874 nomen
2937 823 2989 875 in
3011 824 3179 876 aethra
3207 822 3334 877 rcfet
3352 834 3388 877 t.

2101 909 2252 964 Unde
2279 918 2399 965 tuas
2424 912 2546 966 talis
2568 909 2761 979 conjux
2790 914 3038 981 pervenit
3059 916 3125 968 ad
3152 930 3325 979 arces,

2172 1000 2375 1070 llospes
2403 1003 2498 1065 ait,
2531 1017 2737 1072 pacem,
2767 1003 2973 1057 hellave
3002 1004 3117 1058 sive
3146 1007 3324 1059 canit?

2099 1089 2203 1145 Olli
2249 1093 2535 1146 subridens
2564 1091 2716 1145 ﬂuxit
2745 1108 2869 1147 mox
2900 1094 3026 1147 talia
3064 1095 3307 1148 Murman
3337 1111 3351 1149 :

2172 1181 2401 1235 Mittitur
2432 1197 2461 1235 a
2503 1182 2727 1236 Francis
2764 1184 2984 1238 nuntius
3019 1185 3121 1238 iste
3151 1186 3315 1249 mihi;

2102 1272 2207 1326 Sen
2240 1289 2446 1342 pacem,
2478 1290 2571 1328 seu
2600 1274 2739 1328 bella
2764 1273 2922 1338 ferat,
2944 1290 3031 1329 res
3064 1276 3165 1330 ista
3193 1280 3425 1331 virorum
3466 1290 3566 1333 est.

2172 1365 2416 1417 Ulliciunt
2442 1379 2662 1434 perage,
2696 1364 2917 1428 femina,
2952 1366 3054 1419 rite
3079 1376 3248 1420 tuum.

2104 1453 2360 1509 \Vicchar
2386 1464 2445 1508 ut
2473 1455 2681 1509 audivit
2709 1455 2889 1510 verbis
2913 1456 3184 1511 contraria
3212 1459 3398 1524 verba,

2170 1546 2422 1601 Protinus
2449 1562 2543 1601 ore
2571 1546 2690 1600 tulit
2716 1546 2830 1602 hare
2856 1563 3068 1618 quoque
3099 1549 3260 1603 verba
3288 1566 3412 1603 suo:

2105 1637 2371 1703 Murman,
2401 1638 2496 1704 ait,
2527 1638 2639 1709 regi
2674 1653 2794 1709 quae
2813 1639 2894 1693 vis
2921 1640 3169 1693 mandata
3202 1642 3412 1694 rentius
3437 1659 3452 1693 :

2178 1725 2297 1780 Jam
2330 1744 2472 1782 nunc
2501 1736 2711 1797 tempus
2750 1727 2903 1783 adest
2938 1727 3086 1797 jussa
3120 1728 3320 1784 referre
3347 1732 3497 1783 mihi.

2106 1819 2440 1887 llle,qnidem
2469 1821 2649 1874 tristes
2681 1819 2897 1875 volvens
2927 1822 3026 1875 sub
3052 1831 3270 1892 pectore
3296 1838 3455 1878 cur.s
3485 1843 3497 1876 :

2176 1905 2439 1976 Tempora
2467 1908 2573 1962 sint
2593 1908 2777 1977 placiti
2803 1922 2823 1947 ε
2855 1910 2968 1964 haec
2993 1910 3124 1965 mihi
3147 1914 3335 1974 noctis,
3363 1913 3456 1965 aiz.

2107 1995 2384 2052 Rnricolas
2412 1998 2571 2052 terris
2606 2014 2827 2054 sunmus
2853 2000 3183 2069 perfuderat,
3215 2010 3269 2055 et
3288 2003 3398 2072 jatn

2177 2088 2444 2142 Auroram
2472 2089 2736 2144 revehunt
2758 2090 2992 2145 culmine
3014 2092 3145 2146 solis
3172 2094 3313 2163 equi,

2108 2177 2406 2234 lllurmanis
2434 2188 2561 2235 ante
2591 2180 2736 2236 fores
2767 2181 3011 2236 celerans
3036 2182 3371 2237 Wiceharius
3399 2184 3530 2238 abba

2177 2268 2331 2324 Mane
2361 2271 2509 2324 venit
2531 2271 2727 2339 primo,
2759 2273 2931 2341 poscit
2957 2281 3009 2326 et
3039 2288 3163 2327 orsa
3187 2274 3321 2326 dari.

2105 2361 2244 2415 Ecce
2267 2362 2429 2415 miser
2453 2363 2665 2416 tandem
2689 2372 2814 2432 potu
2840 2378 3136 2433 somnoque
3159 2364 3393 2431 sepultus

2176 2452 2419 2506 Mur-man
2450 2451 2627 2517 adest,
2656 2453 2840 2508 oculos
2874 2454 2961 2507 vix
2990 2454 3202 2523 aperire
3235 2454 3430 2509 valens.

2103 2544 2302 2599 Ebrius
2334 2544 2448 2598 hazc
2476 2552 2699 2599 ructans
2731 2543 2897 2599 labris
2922 2546 3008 2598 vix
3039 2561 3160 2600 orsa
3191 2547 3425 2601 remotis.

2176 2634 2319 2690 Voce
2344 2645 2531 2701 sonat,
2560 2651 2832 2707 nunquam
2868 2645 2989 2707 post
3022 2637 3285 2706 placitura
3321 2638 3417 2692 sibi
3451 2654 3464 2689 :

2104 2729 2292 2801 Perge,
2320 2738 2413 2784 tuo
2440 2729 2553 2800 regi
2583 2729 2825 2784 celerans
2858 2730 2971 2784 inec
3001 2730 3162 2784 verba
3187 2745 3405 2784 renarra
3435 2748 3447 2782 :

2175 2821 2287 2877 Nec
2321 2837 2419 2877 sua
2443 2837 2570 2876 rura
2591 2822 2731 2889 colo,
2763 2838 2866 2879 nec
2892 2839 2987 2879 sua
3011 2823 3137 2893 jura
3166 2824 3307 2879 volo.

2102 2913 2194 2968 Ille
2224 2914 2421 2969 habeat
2439 2913 2706 2981 Francos,
2731 2915 3028 2971 Brittonica
3053 2918 3297 2988 regmina
3334 2916 3556 2970 Murman

2178 3003 2299 3058 Rite
2328 3010 2492 3070 tenet,
2517 3018 2741 3059 censum
2775 3005 2889 3060 sive
2918 3006 3116 3061 tributa
3152 3016 3325 3061 vetat.

2033 3089 2077 3150 C
2108 3092 2256 3149 Bella
2283 3094 2430 3149 cient
2456 3092 2676 3161 Franci,
2704 3094 2988 3151 confestim
3012 3097 3150 3152 bella
3186 3098 3339 3153 ciebo

2181 3188 2322 3243 Neve
2348 3188 2484 3244 adeo
2508 3188 2739 3243 imbellis
2766 3189 2987 3244 dextera
3014 3199 3197 3245 nostra
3231 3203 3427 3245 manet.

2111 3278 2368 3335 Wicchar
2414 3280 2481 3334 ad
2520 3280 2673 3334 haec;
2708 3279 2935 3349 Semper
2986 3292 3201 3336 nostros
3242 3284 3436 3336 lelaSC
3464 3280 3645 3350 rl‘iot't‘l

2183 3369 2348 3423 Fama
2381 3367 2503 3435 fuit,
2531 3383 2651 3439 qua}
2677 3384 2818 3424 nunc
2847 3385 3001 3426 mens
3030 3385 3147 3425 mea
3171 3382 3320 3425 certa
3353 3372 3502 3434 feret,

2111 3463 2396 3517 Instabiles
2422 3462 2633 3517 animos
2654 3470 2833 3518 motus
2856 3464 3119 3517 mutantia
3148 3480 3377 3533 prorsus

2185 3555 2406 3610 Pectore
2433 3554 2658 3609 consilia
2688 3556 2867 3625 gentis
2896 3554 3096 3609 habere
3137 3563 3265 3615 tusc.

2113 3643 2335 3699 Femina
2357 3644 2470 3699 sola
2498 3643 2601 3698 viri
2626 3644 2799 3714 potuit
2824 3644 3140 3700 mollescere
3181 3655 3439 3711 mentem,

2187 3739 2360 3807 Atque
2391 3737 2728 3792 susurrando
2764 3747 2975 3792 vertere
2998 3739 3241 3793 consilia.

2115 3829 2207 3884 Sic
2232 3828 2560 3895 Salomonis,
2589 3829 2697 3895 ait,
2725 3837 2991 3884 testantur
3012 3833 3261 3902 dogmata
3290 3832 3446 3903 regis,

2182 3924 2311 3990 Quae
2335 3921 2470 3991 legit
2492 3921 2733 3976 Ecclesia
2757 3922 2973 3992 saepius,
3009 3930 3170 3992 atque
3192 3923 3341 3977 colit.

2111 4016 2383 4071 Abstrahe
2408 4014 2551 4084 ligna
2588 4013 2709 4069 foco
2741 4031 2753 4067 :
2794 4014 3078 4070 confestim
3114 4016 3469 4087 deﬁcitignis.

2183 4107 2379 4176 Sicque
2402 4122 2626 4162 susurro
2650 4105 2860 4178 procul,
2879 4106 3058 4177 jurgia
3081 4116 3275 4161 cuneta
3305 4107 3496 4162 cadunt

2113 4197 2220 4253 Sed
2248 4198 2375 4266 quia
2392 4197 2505 4264 jam
2536 4197 2739 4252 nostris
2769 4212 2875 4251 non
2898 4197 2977 4251 vis
2997 4212 3185 4267 parere
3211 4197 3460 4262 suadelis,

2136 4281 2140 4285 ’
2182 4286 2323 4343 Vera
2354 4303 2542 4343 canam
2567 4294 2738 4352 vates,
2763 4301 2990 4356 sumque
3013 4288 3275 4357 propheta
3321 4298 3454 4342 tuus.

2115 4378 2344 4433 Francia
2369 4393 2491 4433 eum
2520 4377 2695 4446 primo
2719 4377 2985 4432 sermonis
3011 4377 3155 4432 dicta
3186 4376 3398 4432 nefandi

2178 4469 2443 4532 Audierit,
2475 4468 2729 4522 frendens
2751 4482 2875 4521 mox
2899 4477 2990 4522 tua
3018 4483 3180 4537 regna
3211 4480 3372 4538 petet.

2111 4562 2248 4617 Tum
2275 4561 2489 4616 millena
2517 4560 2610 4615 tibi
2636 4567 2961 4616 concurrent
2985 4570 3138 4615 scuta
3163 4562 3418 4624 virorum,

2182 4653 2401 4723 Cuspite
2431 4652 2723 4707 Francisco
2745 4651 2886 4707 forte
2909 4651 3145 4721 repletus
3179 4656 3308 4709 eris.

2113 4747 2179 4800 Et
2206 4755 2297 4800 tua
2325 4746 2589 4800 densatim
2619 4745 2964 4813 complebunt
2990 4744 3157 4799 milite
3184 4762 3330 4810 rura,

2184 4835 2365 4905 Teque
2392 4844 2513 4890 tuos
2534 4843 2724 4905 captos
2752 4834 2806 4889 in
2838 4850 2936 4889 sua
2959 4849 3124 4903 regna
3152 4837 3342 4890 ferent.

2107 4928 2214 4980 Aut
2241 4927 2471 4981 moriere
2501 4926 2684 4990 miser,
2712 4926 3003 4995 bibulaque
3028 4928 3235 4997 jacebis
3260 4944 3440 4992 arena,

2181 5017 2340 5088 Solus
2372 5026 2597 5073 etarma
2624 5026 2713 5071 tua
2738 5018 2913 5072 victor
2951 5020 3171 5073 habebit
3198 5035 3383 5074 ovans.

2110 5108 2218 5164 Nec
2248 5118 2301 5163 te
2327 5110 2598 5180 decipiant
2627 5109 2795 5163 saltus
2827 5110 3177 5178 tremulazque
3200 5110 3442 5179 paludes,

2180 5199 2312 5254 Cum
2337 5214 2558 5254 nemore
2586 5206 2641 5253 et
2666 5198 2807 5253 vallo
2842 5201 2914 5253 sit
2947 5211 3033 5253 tua
3061 5209 3213 5269 septa
3245 5202 3454 5255 domus.

2110 5290 2211 5346 Olli
2236 5292 2513 5359 respondit
2533 5288 2732 5343 furiato
2759 5300 2979 5360 pectore
3008 5291 3289 5357 Murtnan;

2181 5381 2251 5435 Se
2279 5382 2412 5436 Sullo
2442 5382 2692 5436 attollens
2715 5382 2890 5436 Britto
2918 5384 3150 5452 superba
3176 5384 3363 5439 canit:

2106 5515 2234 5586 quid
2260 5517 2344 5570 ille
2369 5517 2664 5585 scripserit.

2178 5597 2199 5623 ε
2233 5587 2285 5641 l.l
2324 5598 2426 5652 est,
2456 5589 2660 5643 causilii
2685 5597 2844 5666 a:qne
2877 5590 3163 5644 examinis.
