3856 6190
188 298 285 351 σλξῡ

188 409 473 467 Missilibus
516 407 732 462 millena
779 417 999 462 manent
1048 408 1178 461 mihi
1235 407 1474 476 plaustra
1524 406 1752 474 paratis.
1785 412 1830 467 Λ

255 500 380 555 Cum
409 499 606 569 quibus
633 512 916 552 occurram
942 498 1190 552 concitus
1218 512 1346 551 acer
1371 497 1473 559 eis,

191 592 343 647 Scuta
373 588 507 643 mibi
536 586 741 654 fucata,
774 595 951 641 tamen
984 597 1107 641 sunt
1142 587 1366 640 candida
1407 586 1581 648 vobis,

258 680 410 734 Multa
430 688 682 751 manent,
716 678 838 732 belli
873 695 977 732 non
1024 679 1182 731 timor
1210 677 1347 732 ullus
1373 677 1545 731 adest.

188 773 306 827 ll.ee
331 772 473 825 inter
499 785 620 824 sese
650 767 954 823 referebant
978 769 1200 823 vocibus
1226 770 1405 831 ambo,

260 860 364 914 Non
399 871 580 914 tamen
615 859 878 913 ambobus
901 876 1054 913 mens
1079 867 1197 914 erat
1226 860 1512 913 unanimis.

190 954 228 1005 ll
252 970 306 1007 cc
337 968 590 1021 responsa
615 950 794 1006 ferens
822 952 1081 1007 Wiccbar
1110 960 1462 1022 properanter
1485 951 1690 1018 abibat,

260 1042 473 1096 Nuntiat
498 1050 553 1096 et
578 1044 691 1113 regi
722 1043 861 1097 dicta
897 1042 1129 1098 nefanda
1158 1044 1249 1114 pio

192 1133 389 1190 Interea
423 1134 607 1189 Czesar
628 1134 959 1189 Francorum
991 1150 1156 1205 regna
1186 1143 1453 1198 recenset,

260 1228 319 1281 Et
345 1224 499 1295 jubet
524 1228 790 1282 instanter
814 1243 963 1281 arma
990 1243 1185 1297 parare
1206 1228 1329 1282 sibi.

195 1317 283 1371 Est
304 1319 427 1372 urbs
449 1318 554 1372 fixa
583 1318 769 1379 maris,
802 1318 1010 1388 Ligeris
1033 1334 1140 1389 quo
1171 1318 1409 1373 ﬂuminis
1442 1320 1585 1373 unda

260 1409 466 1479 xEquor
486 1416 605 1463 arat
635 1409 758 1472 late,
789 1409 1199 1480 ingrediturque
1225 1426 1411 1479 rapax.

198 1498 398 1553 Veneda
428 1512 455 1539 ι
486 1499 571 1553 cui
599 1514 793 1553 nomen
818 1499 957 1554 Galli
987 1500 1171 1555 dixere
1200 1502 1428 1571 priores,

261 1591 410 1646 Pisce
435 1590 662 1660 repleta,
696 1590 823 1646 salis
852 1600 935 1646 est
969 1606 1184 1661 quoque
1214 1592 1365 1647 dives
1393 1608 1512 1661 ope.
1574 1630 1579 1635 η

200 1683 391 1751 Smpius
452 1681 715 1737 infestans
760 1681 1066 1737 Brittonum
1106 1684 1247 1737 hanc
1285 1685 1441 1738 turba
1474 1693 1760 1738 nocentum

262 1775 470 1841 Visitat,
501 1784 556 1831 et
585 1775 710 1832 belli
750 1792 973 1831 munem
1012 1792 1164 1833 more
1200 1778 1370 1832 vehit.

199 1868 324 1936 Ergo
352 1867 477 1922 illuc
501 1867 681 1923 Caesar
700 1867 961 1935 Francos,
986 1880 1283 1941 gentesque
1310 1872 1564 1925 subactas

261 1960 386 2015 Esse
408 1959 563 2030 jubet
589 1960 805 2030 placito,
836 1962 1011 2033 pergit
1039 1971 1093 2016 et
1116 1963 1231 2032 ipse
1260 1963 1440 2017 simul.

200 2048 522 2103 Conveniunt
541 2050 720 2119 prisco
749 2049 939 2104 Franci
969 2050 1069 2105 sub
1102 2050 1321 2104 nomine
1347 2051 1540 2119 primo,

259 2140 467 2195 Assueti
497 2140 652 2195 bellis
677 2156 826 2194 arma
858 2151 1047 2211 parata
1072 2142 1270 2196 ferunt.

200 2232 316 2286 Al'ia
350 2234 650 2287 Suevorum
677 2233 899 2288 veniunt
925 2243 1077 2288 trans
1103 2233 1320 2289 ﬂumina
1346 2236 1518 2290 Rheni

249 2324 404 2378 Millia
432 2325 677 2379 centenis
702 2324 1038 2379 accunmlata
1074 2326 1227 2380 viris.

200 2416 257 2469 lit
287 2417 495 2470 Saxona
526 2416 722 2471 cohors
744 2416 940 2485 patulis
969 2417 1258 2486 praecincta
1292 2419 1587 2488 pharetris,

258 2507 427 2578 Atque
458 2507 695 2578 Turinga
725 2522 917 2563 manus
952 2509 1260 2563 consociata
1292 2511 1457 2563 venit.

203 2597 552 2652 litaltimodam
580 2598 774 2666 pubem
801 2596 1108 2669 Burgundia
1135 2600 1320 2664 mittit,
1348 2609 1402 2655 et
1426 2610 1585 2671 auget

264 2688 589 2742 Francorum
618 2703 901 2743 numerum
926 2692 1286 2746 consociando
1312 2692 1480 2746 viros.

200 2777 415 2848 Europa:
449 2777 692 2834 referens
720 2780 965 2850 populos,
1002 2790 1300 2852 gentesque
1328 2783 1513 2837 relaxo

260 2905 283 2933 ι
312 2892 447 2968 Audi
476 2900 752 2968 auctorem
795 2892 929 2948 Vitae
952 2892 1208 2968 Ludovici
1243 2894 1323 2968 Pii
1354 2914 1383 2968 :_
1408 2914 1426 2946 ι
1461 2895 1762 2968 Habitoque

202 2963 418 3035 ﬁ'enedis
438 2962 685 3035 generali
709 2974 993 3026 conventu,
1020 2965 1350 3033 provinciam
1375 2962 1693 3035 ingreditur:
1736 2989 1754 3020 ι

201 3032 350 3087 l’oeta
375 3032 567 3103 noster
586 3033 719 3086 satis
747 3043 931 3103 aperte
957 3032 1155 3103 prodit,
1185 3037 1374 3090 urbem
1404 3032 1541 3091 hanc
1570 3040 1636 3093 ad
1672 3039 1761 3093 Li-

200 3106 331 3169 geris
371 3102 514 3157 ﬂuvii
551 3102 734 3157 fauces
762 3102 817 3157 et
847 3105 915 3157 ad
951 3102 1103 3159 eram
1144 3105 1311 3160 maris
1365 3107 1524 3160 sitam
1569 3107 1757 3164 fuisse.

1002 290 1084 345 ΟΕ
1125 288 1350 344 Ιῖἰίὶξῖὶῖὸ
1390 286 1632 344 GESTlS
1673 286 1993 343 LUDOVICI
2029 285 2135 339 Pll.
2178 315 2246 325 ——
2286 284 2415 342 LIB.
2456 285 2540 341 ιιι.

3341 283 3442 341 6ἶο

1930 401 1985 455 lu
2016 416 2253 464 mensas,
2279 401 2454 455 claudi
2481 417 2601 471 qua:
2637 416 2862 455 numero
2892 412 3188 473 nequeunt.

1863 492 2042 548 Caesar
2062 492 2166 547 iter
2193 502 2368 546 tutmn
2394 508 2490 562 per
2514 494 2731 562 propria
2761 511 2922 565 regna
2951 499 3197 565 gerebat.

1939 583 2119 653 Usque
2145 583 2422 637 Parisiaea
2449 602 2555 655 quo
2578 586 2695 640 loca
2735 587 2911 641 celsus
2933 589 3069 643 adit.

1863 672 1981 727 Jam
2013 682 2103 727 tua
2135 685 2342 745 martyr
2364 692 2554 740 ovans,
2589 678 2830 749 Dionysi,
2875 690 3016 734 tecta
3046 682 3266 747 revisit,

1934 764 2176 818 lliltbuin
2203 765 2364 829 abba,
2398 767 2423 805 ι)
2451 779 2643 836 potens
2676 784 2783 838 quo
2819 770 2920 823 sibi
2951 770 3093 824 dona
3122 789 3302 840 par...;,

1863 856 2023 921 llinc,
2050 856 2339 921 Germane,
2371 859 2447 911 tui
2481 861 2734 915 transivit
2762 862 2995 916 culmina
3040 865 3193 922 tecti,

1935 949 2188 1021 Martyris
2218 958 2274 1003 et
2300 949 2581 1022 Stephani,
2617 970 2732 1018 seu,
2760 954 3036 1010 Genuvefa
3057 996 3071 1019 ,
3106 957 3203 1010 tui.

1862 1042 2282 1098 Aurelianenses
2310 1045 2513 1099 sensim
2538 1046 2735 1100 dehinc
2766 1048 2951 1101 visitat
2978 1063 3160 1119 agros,

1937 1132 2263 1189 Victriacum
2298 1147 2320 1174 ο
2360 1136 2543 1189 villam
2562 1135 2674 1203 jam
2708 1138 2831 1206 pius
2866 1140 3189 1209 ingreditur.

1864 1225 1984 1293 Quo
2017 1225 2264 1280 Matfridc
2288 1226 2314 1265 ι]
2341 1227 2442 1281 sibi
2482 1227 2843 1294 pulcherrima
2877 1238 3016 1282 tecta
3045 1232 3272 1299 parasti,

1937 1318 2159 1372 Munera
2192 1335 2384 1389 magna
2415 1320 2601 1383 dabas,
2630 1328 2792 1388 atque
2820 1320 3076 1389 placenda
3106 1324 3228 1377 sibi.

1866 1408 2074 1477 Smpius
2100 1410 2221 1463 inde
2253 1425 2441 1463 means
2469 1424 2592 1463 mox
2623 1410 2823 1464 dictam
2850 1412 3037 1466 visitat
3059 1414 3271 1478 urbem,

1936 1502 2006 1555 Se
2035 1502 2216 1556 crucis
2239 1502 2444 1555 armari
2479 1516 2706 1556 munere
2735 1515 2758 1542 ε
2788 1504 2987 1571 qumrit
3012 1520 3134 1573 ope.

1865 1589 2068 1645 Obvius
2092 1605 2217 1644 ecce
2244 1590 2394 1644 venis
2426 1591 2623 1658 prsesul
2654 1593 2999 1647 sanctissime
3028 1592 3164 1648 Joua
3204 1594 3245 1660 τ,

1937 1680 2181 1733 Reddere
2207 1680 2365 1749 digna
2402 1695 2565 1750 paras
2593 1681 2804 1734 debitor
2829 1692 2993 1750 atque
3025 1684 3228 1739 volens.

1792 1772 1835 1832 Β
1863 1770 2090 1839 Jamque
2111 1810 2124 1833 ,
2171 1769 2382 1825 Aniane
2408 1774 2457 1836 ε,
2491 1780 2635 1824 tuam
2688 1774 3025 1841 properando
3057 1778 3304 1829 revisitat
3359 1796 3449 1830 az-

3214 1866 3376 1937 [σθω.

1939 1952 2005 2005 Et
2031 1951 2135 2006 sibi
2163 1952 2412 2021 praestari
2441 1952 2649 2022 ﬂagitat
2682 1953 2965 2008 auxilium.

1867 2042 2028 2109 Tum,
2056 2042 2312 2097 Durande
2356 2043 2406 2109 ιι,
2456 2043 2713 2113 frequens
2767 2046 3070 2116 currisque,
3105 2049 3363 2113 recurris,
3395 2061 3451 2105 rt

3194 2137 3379 2209 [oﬂ‘ers

1935 2225 2065 2293 Qua:
2094 2226 2191 2281 tibi
2218 2225 2469 2282 Czesareo
2497 2241 2722 2280 munere
2747 2240 2898 2280 cessa
2926 2236 3166 2282 manent.

1863 2318 1992 2373 Inde
2017 2318 2267 2374 Turonus
2298 2320 2409 2373 adit
2436 2318 2648 2373 Martini
2675 2319 2911 2373 culmina
2943 2320 3095 2386 celsi,

1938 2411 2125 2465 Visere
2150 2409 2396 2465 Mauricii
2430 2410 2689 2480 martyris
2714 2422 2877 2480 atque.
2905 2411 3002 2481 pii,

1864 2502 1959 2557 Eia
1990 2517 2089 2574 age
2120 2510 2333 2573 tempus
2376 2501 2552 2565 adest,
2596 2500 2879 2570 Fridugise
2916 2503 2930 2542 ί
2972 2503 3252 2573 magister,
3285 2514 3340 2560 et
3367 2507 3451 2561 ia-

3216 2597 3345 2668 [stat
3361 2638 3376 2663 ,

1934 2689 2165 2744 Cresaris
2194 2689 2480 2743 adventum
2519 2689 2908 2759 gratulabunda
2936 2692 3108 2747 vides.

1864 2779 2084 2834 Munera
2117 2778 2130 2829 i
2174 2794 2368 2850 magna
2392 2778 2556 2834 oﬂ‘ers
2591 2798 2603 2833 :
2637 2779 2900 2836 Martinus
2929 2781 3137 2855 ﬂagitat
3163 2783 3358 2849 almus,

1937 2894 1963 2933 ε
2002 2892 2235 2965 Scilicet,
2250 2891 2635 2965 monasterium
2669 2890 2856 2965 Sancti
2890 2893 3107 2957 Aniam',
3138 2898 3370 2965 positum
3398 2898 3451 2951 in

1862 2963 2239 3018 Aurelianensi
2292 2964 2447 3025 urbe,
2484 2962 2637 3032 cujus
2682 2964 2850 3018 etiam
2901 2978 3063 3032 supra
3105 2962 3449 3032 meminerat,

1864 3050 2029 3103 nunc,
2046 3033 2449 3103 Saintedignan
2478 3031 2782 3087 d‘Orléuns.

1933 3106 1962 3145 h
2002 3102 2350 3157 Clarissimus
2404 3102 2749 3157 Mabillonius
2787 3104 2841 3158 in
2875 3104 3074 3159 Annal.
3111 3107 3447 3163 Benedictin.

202 3148 502 3249 llnjusmodi
529 3174 716 3249 urbem
736 3189 920 3249 oluere
953 3190 1096 3249 nunc
1132 3176 1411 3249 intabulis
1440 3148 1760 3249 geographi-
1789 3148 1834 3210 (ἶ
1867 3175 1934 3249 ad
1964 3172 2310 3249 annum__8_26_
2330 3181 2722 3249 commemorat
2753 3174 3006 3249 diploma_
3036 3175 3294 3249 Ludovici
3348 3178 3448 3240 Pii,

198 3247 266 3320 eis
296 3263 309 3297 :
346 3244 541 3320 nullam
572 3243 829 3320 invenies.
850 3244 1299 3320 _Exci_sam_fu_iss_e
1326 3243 1756 3320 liinc'iutelli'gis.

200 3316 373 3385 Quare,
411 3314 673 3385 f.:|luntu_r_
718 3313 1087 3377 Baudrandus,
1116 3315 1367 3378 Brietius,
1398 3325 1453 3370 et
1502 3317 1613 3378 alii,
1655 3313 1759 3385 'qui

210 3382 452 3445 Venetiae,
481 3400 576 3437 seu
637 3382 945 3455 Venetorum
975 3385 1154 3439 urbem
1187 3387 1466 3455 antiquam
1504 3387 1557 3439 in
1588 3382 1763 3442 Gallia

200 3455 388 3524 tleltica
422 3454 608 3524 sitam,
635 3454 881 3508 eannlem
930 3464 1122 3522 putant
1171 3454 1335 3524 atque
1377 3459 1564 3509 urbem
1617 3473 1762 3513 nunc

211 3522 399 3577 l’unnes
429 3523 784 3593 appellatam;
842 3538 1017 3648 nethue
1054 3522 1262 3579 Vannes
1294 3526 1564 3579 diversam
1597 3543 1626 3579 a
1656 3528 1763 3580 Da-

211 3595 383 3648 rion’ao
414 3594 581 3647 veteri
616 3594 877 3647 scribunt.
972 3595 1183 3648 uuidem
1237 3594 1394 3647 video
1444 3596 1496 3648 in
1563 3597 1760 3648 tabulis

200 3595 383 3663 riorigo
414 3594 581 3647 veteri
616 3594 877 3647 scribttnt.
924 3594 1183 3663 Equidem
1237 3594 1394 3647 video
1444 3596 1496 3648 in
1563 3597 1760 3651 tabulis

202 3662 616 3735 Pcutingcrianis
646 3663 877 3718 Venetos
907 3662 1061 3732 longe
1086 3681 1117 3717 a
1166 3665 1338 3735 Ligeri
1380 3667 1607 3735 positos.
1653 3668 1758 3722 Sed

201 3734 540 3806 provinciam,
573 3749 677 3786 non
711 3736 896 3806 urbem
930 3735 1035 3806 illic
1070 3734 1362 3806 designari,
1384 3734 1391 3735 “
1414 3736 1525 3790 veri
1584 3737 1761 3791 simile

200 3814 292 3873 est.
325 3802 658 3872 Dariorigum
708 3804 781 3856 ibi
823 3805 888 3858 ad
926 3805 1156 3873 Ligerim
1192 3802 1478 3859 statuitur.
1524 3806 1761 3862 Adriano

200 3871 403 3926 Valesio
430 3875 618 3996 potius
655 3871 1056 3937 adluerendum,
1084 3876 1174 3944 qui
1221 3877 1321 3929 hoc
1358 3886 1514 3929 vetns
1566 3894 1761 3931 nomen

200 3943 409 3996 rit-italis
474 3953 742 3996 enetorum
764 3943 930 3996 fuisse
943 3946 1131 3996 scribit
1156 3946 1208 3996 in
1223 3944 1417 3996 Notitia
1441 3946 1757 3996 Galliarum.

200 3943 409 3996 cititatis
430 3943 742 3996 Venetorum
764 3943 930 3999 fuisse
943 3943 1131 3999 scribit
1156 3946 1208 3999 in
1223 3944 1417 3999 Notitia
1441 3946 1757 4000 Galliarum.

262 4013 291 4052 δ
307 4013 701 4067 Celeberrimus
725 4017 808 4067 vir
831 4015 931 4069 sub
953 4014 1198 4070 Hilduini
1225 4016 1441 4070 nomine
1463 4017 1660 4081 notior,
1677 4032 1766 4071 ar-

200 4083 542 4151 cbicapellani
590 4084 853 4152 dignitate
904 4083 1122 4140 functus
1170 4087 1271 4140 sub
1321 4085 1590 4140 Ludovico
1644 4088 1760 4151 Pio,

201 4151 355 4225 abbas
375 4153 547 4225 sancti
575 4151 814 4225 Dionysii
854 4154 1192 4218 Parisiensis,
1230 4156 1414 4211 Sancti
1445 4156 1700 4211 Germani
1731 4174 1762 4210 a

201 4220 384 4288 Pratis,
411 4220 749 4293 aliorumque
790 4225 843 4279 in
881 4224 1054 4280 Gallia
1085 4228 1566 4281 monasteriorum.
1600 4227 1656 4281 lu
1707 4243 1765 4282 re

202 4293 678 4373 nota_progredior.

262 4374 283 4401 ε
318 4362 470 4436 Nunc
517 4362 681 4432 Vitry.
711 4363 827 4436 Non
856 4381 996 4421 unus
1038 4367 1091 4421 in
1121 4364 1290 4436 Gallia
1326 4367 1563 4421 nominis
1604 4366 1765 4436 hujus

201 4431 338 4506 locus
376 4434 539 4506 fuisse
583 4431 816 4489 traditur
853 4436 922 4491 ab
958 4436 1023 4491 iis
1059 4437 1148 4506 qui
1190 4435 1539 4489 Victoriarum
1577 4448 1632 4491 et
1675 4431 1765 4490 Vi-

1861 3243 2087 3313 ejusque
2137 3241 2234 3295 filii
2293 3242 2557 3305 Lotharii,
2590 3241 2908 3299 concess—um
2965 3246 3225 3301 Durando
3272 3249 3449 3302 abbati

1860 3328 1964 3384 pro
1989 3313 2324 3384 monasterio
2352 3327 2527 3384 nuper
2555 3314 2825 3384 mditicato
2848 3316 2904 3368 in
2930 3331 3071 3384 pago
3108 3316 3451 3373 Narbonensl

1859 3386 1917 3436 in
1947 3383 2197 3436 honorem
2225 3382 2508 3435 beatissimi
2535 3383 2733 3436 Aniani
2754 3382 3070 3442 confessoris
3107 3384 3323 3440 Christi.
3364 3389 3449 3442 Ad

1863 3453 1979 3506 hare
2009 3452 2350 3505 Mabillonius
2379 3469 2391 3503 :
2432 3451 2586 3522 g_Qui
2617 3451 2784 3522 fuerit
2813 3451 2902 3507 ille
2941 3453 3228 3508 Durandus
3259 3458 3449 3522 abbas,

1864 3522 2009 3576 haud
2038 3530 2395 3590 compertum.
2431 3518 2544 3573 Non
2576 3521 2792 3575 videtur
2812 3522 2904 3575 ulli
2938 3527 3271 3579 monasterio
3295 3518 3450 3580 addi;

1861 3599 1985 3646 ctus
2013 3590 2197 3651 fuisse.
2228 3592 2320 3645 sed
2353 3591 2532 3658 potius
2556 3606 2695 3645 unus
2723 3607 2789 3646 ex
2811 3592 3111 3649 illustribus
3142 3595 3248 3650 illis
3286 3597 3453 3651 abba-

1862 3662 2010 3738 tibus
2035 3661 2125 3738 qui
2166 3661 2219 3714 in
2265 3663 2522 3716 comitatu
2570 3662 2928 3738 imperatoris
2953 3673 3127 3738 erant.
3173 3685 3192 3718 ι
3240 3667 3374 3738 Ego,
3403 3667 3450 3722 si

1863 3733 1994 3800 quid
2023 3732 2198 3795 video,
2240 3747 2306 3786 ex
2358 3742 2533 3801 poetae
2569 3732 2740 3785 nostri
2782 3732 2961 3787 verbis
2990 3734 3168 3799 elicio,
3197 3732 3448 3792 abb'atcm

1862 3802 2007 3857 hunc
2036 3801 2200 3856 fuisse
2227 3802 2540 3857 monasteni
2576 3802 2982 3857 Aurelianensis
3023 3806 3205 3860 Sancti
3228 3807 3447 3870 Aniaui,

1864 3874 1955 3941 qui
2014 3872 2116 3927 sub
2169 3871 2412 3941 ejusdem
2464 3873 2637 3926 sancti
2694 3874 3024 3927 confessoris
3071 3877 3288 3931 nomine
3342 3878 3447 3931 alia

1865 3943 2059 3997 deinde
2082 3945 2419 4019 monasteria
2455 3945 2968 4019 proconsuetudine
2992 3946 3208 4019 illorum
3239 3959 3450 4019 tempo-

1865 4028 1985 4066 rum
2012 4012 2321 4076 zediticavit,
2351 4024 2444 4067 aut
2471 4013 2788 4068 auliﬂcanda
2819 4016 3051 4070 curavit.

1945 4085 1960 4123 ί
2008 4082 2132 4136 Fuit
2162 4084 2250 4137 ille
2291 4084 2458 4138 abbas
2501 4083 2817 4137 monasterii
2867 4085 3206 4141 celeberrimi
3258 4087 3446 4143 Sancti

1867 4152 2079 4223 Martini
2115 4153 2480 4223 Turonensis,
2518 4154 2609 4223 qui
2667 4156 2961 4222 postremis
3019 4156 3218 4209 tabulis
3266 4157 3444 4213 Caroli

1865 4222 2045 4293 Magni
2074 4222 2431 4292 subscripsit,
2462 4222 2774 4293 Eginhardo
2811 4231 2978 4288 teste;
3014 4226 3097 4278 vir
3136 4227 3188 4278 in
3229 4225 3446 4280 Annali-

1866 4292 1975 4348 bus
1996 4292 2361 4349 Benedictinis
2388 4292 2531 4362 sa-pe
2559 4302 2919 4357 memoratus;
2945 4309 3089 4347 anno
3118 4294 3223 4348 8‘22
3250 4304 3305 4349 et
3328 4297 3448 4350 din-

1868 4364 1976 4417 tius
2002 4361 2198 4432 insigni
2225 4378 2447 4416 munere
2466 4361 2787 4416 ’caneellarii
2812 4377 3031 4431 operam
3054 4363 3325 4419 Ludovico
3351 4365 3444 4419 l’io

1866 4432 2121 4497 navavil;
2157 4433 2229 4486 ita
2254 4433 2397 4487 enim
2429 4433 2495 4486 iis
2521 4433 2858 4501 temporibus
2891 4434 3026 4486 mira
3058 4434 3317 4488 facilitate
3351 4444 3446 4488 aut

200 4503 439 4557 ctriarum
480 4504 623 4558 idem
662 4515 853 4573 putant
881 4524 893 4559 :
960 4503 1267 4561 nod'tamen
1301 4506 1457 4559 facile
1488 4523 1591 4561 non
1623 4507 1766 4561 aﬂir-
1788 4507 1843 4566 D
1870 4503 2296 4567 advocabantur,
2326 4512 2421 4557 aut
2456 4504 2766 4571 irrepebant
2797 4505 3066 4567 monachi,
3115 4518 3209 4557 seu
3262 4514 3442 4573 potius

201 4575 400 4626 marini.
436 4574 641 4629 Duolex
679 4586 857 4629 autem
914 4521 1232 4629 victriacum
1286 4576 1338 4628 in
1392 4576 1762 4629 Aurelianensi
1869 4575 2114 4629 abbates.
2140 4572 2195 4625 in
2223 4575 2404 4627 aulam
2434 4589 2617 4629 regum
2647 4582 2703 4626 et
2748 4572 3134 4629 Angustorum.
3189 4574 3442 4629 Martister

201 4575 400 4643 marini.
436 4574 641 4643 Duplex
679 4586 857 4630 autem
914 4574 1232 4629 Victriacum
1286 4576 1338 4628 in
1392 4576 1762 4631 Aurelianensi

200 4642 330 4696 Sili-a
367 4647 626 4699 statuitur
666 4646 732 4699 ab
760 4645 999 4701 Adriano
1028 4645 1257 4706 Valesio,
1286 4652 1340 4698 et
1371 4645 1679 4700 Mabillonio
1708 4649 1763 4701 in

200 4713 469 4785 biplnmat.
500 4731 623 4785 pag.
665 4715 801 4780 340;
853 4717 945 4770 sed
998 4731 1160 4785 unum
1209 4716 1473 4784 appendix
1522 4718 1762 4771 alterius.

198 4783 260 4834 lin
322 4785 457 4856 olim
498 4783 755 4856 palatium
810 4801 994 4856 regum
1035 4783 1400 4848 Francorum,
1430 4786 1574 4854 quod
1613 4785 1767 4840 Villa:

196 4856 422 4926 llOllllAt‘lC,
446 4855 550 4908 hoc
576 4864 660 4909 est
686 4854 837 4908 Villa-
864 4854 1017 4925 regite
1038 4864 1194 4926 poeta
1220 4863 1403 4926 noster
1425 4856 1693 4926 designat.

257 4932 282 4961 α
322 4923 446 4977 Fuit
474 4926 520 4978 is
546 4940 728 4980 comes
754 4923 1158 4981 Aurelianensis
1187 4925 1340 4994 cujus
1367 4941 1473 4980 non
1496 4923 1599 4978 una
1625 4942 1769 4981 men-

198 4992 259 5066 tio
296 4995 348 5066 in
378 4995 680 5066 Annalibus
710 4995 1042 5066 Francorum
1075 4997 1215 5065 apud
1238 4992 1572 5066 'l'beganum,
1602 5012 1666 5051 ac
1709 4998 1763 5051 in

206 5062 314 5137 vita
333 5064 590 5137 Ludovici
626 5065 703 5119 Pii
734 5067 800 5119 ab
821 5062 1146 5121 Astronomb
1175 5062 1395 5137 scripta.
1428 5067 1554 5137 Ejus
1581 5078 1763 5121 autem

196 5146 267 5198 pet
287 5133 408 5206 lidia
439 5136 702 5191 adversus
736 5137 907 5204 ipsum
931 5137 1231 5205 piissimum
1244 5133 1545 5205 Augustum
1575 5146 1765 5206 postea

195 5205 383 5256 eruuit.

324 5222 383 5256 Ιῐ.

287 5222 564 5329 pNondum
616 5276 683 5332 iis
744 5277 1078 5343 temporibus
1130 5277 1373 5331 invectus
1420 5276 1598 5330 fuerat
1645 5292 1763 5332 mos

199 5355 349 5416 cruce
382 5345 653 5416 Signandi,
680 5346 771 5415 qui
800 5346 1199 5413 expeditionem
1223 5346 1467 5401 bellicam
1493 5363 1590 5416 pro
1613 5347 1765 5401 Cbri-

199 5414 361 5485 stiana
397 5414 655 5485 religione
695 5414 1081 5483 suscipiebant.
1130 5417 1379 5469 Attamen
1424 5414 1638 5485 aliquid
1688 5418 1762 5470 si-

200 5483 315 5537 mile
337 5485 450 5554 jam
484 5483 595 5538 tum
635 5488 953 5553 priestitnm.
1001 5503 1066 5540 ex
1118 5485 1267 5540 ltisce
1321 5484 1501 5539 verbis
1530 5483 1760 5541 elucere

197 5556 583 5618 qunJammodo
612 5558 845 5609 videtur.
892 5554 1016 5610 llzec
1057 5557 1131 5612 ita
1178 5558 1539 5610 construenda
1588 5566 1754 5625 puto:

197 5626 369 5695 quierit
394 5641 449 5677 se
470 5628 668 5677 armari
696 5641 906 5678 munere
928 5637 972 5678 et
996 5643 1089 5695 ope
1111 5628 1299 5679 crucis.

270 5692 285 5729 τ
333 5694 632 5765 Episcopus
676 5692 1113 5757 :‘tureliaacns‘is,
1149 5713 1212 5748 ex
1256 5696 1479 5750 historia
1523 5697 1757 5753 Franco-

200 5773 306 5815 rum
336 5775 500 5835 atque
530 5781 596 5818 ex
632 5766 749 5833 ejus
786 5766 1002 5831 scriptis
1035 5767 1437 5820 celeberrimus.

1869 4575 2114 4645 abbates,
2140 4572 2195 4625 in
2223 4575 2404 4627 aulam
2434 4589 2617 4643 regum
2647 4582 2703 4626 et
2748 4572 3134 4643 Augustorum.
3189 4572 3445 4645 Magister

1867 4643 2205 4714 appellatur,
2240 4644 2593 4715 quaratione
2645 4645 2809 4715 etiam
2859 4645 3110 4715 Aldriens
3158 4643 3443 4715 episcopus

1869 4711 2205 4769 S‘e'nonensis
2235 4711 2285 4768 in
2326 4711 2442 4780 ejus
2472 4713 2591 4766 Vita
2622 4714 2803 4768 saecul.
2838 4730 2888 4767 tv
2918 4711 3254 4769 Benedictio.
3283 4711 3440 4769 insti-

1868 4793 2019 4839 tutus
2046 4784 2298 4856 dicitura
2351 4783 2619 4836 Ludovico
2668 4783 2763 4856 Pio
2807 4795 3103 4856 pra'ccptor
3147 4786 3439 4856 palatinas,

1868 4856 1973 4909 hoc
2010 4862 2113 4925 est,
2147 4854 2237 4923 qui
2267 4863 2562 4925 przeccpta,
2586 4869 2680 4908 seu
2713 4854 3003 4924 diplomata
3049 4854 3197 4925 regia
3238 4856 3438 4910 scribe-

1867 4926 1981 4989 bat,
2005 4924 2084 4976 uti
2119 4924 2454 4980 .tlabillonius
2480 4925 2889 4992 interpretatur.

1942 5006 1955 5044 ι
1994 4993 2666 5067 Animadvertesingulos
2696 4994 2919 5049 abbams
2958 5005 3120 5067 atque
3159 4996 3441 5065 episcopos

1868 5064 2007 5118 dona
2036 5064 2323 5116 adduxisse
2345 5064 2409 5116 ad
2434 5063 2760 5117 Ludovicum
2791 5063 3110 5135 Augustum.
3142 5063 3221 5120 Ad
3250 5063 3437 5121 eorum

1866 5144 2169 5203 temporum
2201 5148 2381 5187 mores
2410 5135 2460 5186 id
2489 5136 2788 5203 spectabat.
2834 5134 3171 5190 Ducbesnius
3220 5145 3351 5190 tom.
3394 5137 3437 5191 ll

1868 5202 2012 5274 Rer.
2047 5202 2294 5274 Francic.
2316 5242 2331 5266 ,
2356 5202 2718 5274 fragmentum
2748 5205 2925 5258 adfert
2972 5206 3039 5261 de
3095 5208 3437 5261 monasteriis

1867 5273 2017 5342 regni
2038 5271 2397 5346 Francorum,
2433 5271 2554 5346 quae
2588 5289 2731 5327 anno
2763 5275 2864 5346 8_l7
2902 5276 2954 5329 in
3000 5292 3167 5346 regno
3205 5276 3289 5328 vel
3338 5277 3437 5327 im-

1864 5340 2016 5415 perio
2038 5340 2293 5415 Ludovici
2316 5342 2393 5415 Pii
2422 5340 2692 5415 (donaret
2720 5344 2965 5398 militiam
2987 5340 3161 5400 facEre
3185 5353 3434 5413 possunt,

1866 5411 1986 5483 qua:
2016 5412 2127 5467 sola
2157 5411 2295 5483 dona
2332 5414 2447 5483 sine
2474 5413 2687 5477 militia,
2716 5429 2836 5482 qua:
2871 5430 2999 5468 vero
3038 5431 3136 5469 nec
3166 5411 3301 5467 dona
3331 5427 3435 5467 nec

1866 5481 2139 5547 militiam,
2173 5481 2437 5552 sed_solas
2464 5481 2744 5537 orationes
2763 5500 2859 5552 pro
2888 5485 3061 5537 salute
3090 5483 3434 5552 imperatoris

1863 5554 1949 5607 vel
1976 5554 2211 5607 ﬁliorum
2241 5549 2358 5619 ejus
2385 5568 2449 5607 ac
2476 5549 2774 5607 Stabilitate
2802 5553 3033 5622 imperii.
3061 5572 3079 5604 ι
3112 5549 3243 5622 \j'ide
3269 5554 3432 5608 etiam

1865 5625 2041 5678 Vitam
2074 5623 2240 5676 Wala:
2284 5622 2533 5686 abbatis,
2578 5624 2644 5676 iis
2693 5621 3023 5691 temporibus
3067 5621 3429 5680 celeberrimi.

1862 5710 2022 5761 quem
2073 5703 2228 5762 poeta
2283 5701 2467 5746 noster
2509 5693 2690 5746 nescio
2716 5706 2815 5745 cur
2842 5691 3105 5747 omiserit.
3139 5692 3287 5749 lllmu
3321 5692 3431 5748 for-

1866 5776 2005 5821 tasse
2035 5764 2301 5817 infensum
2340 5762 2440 5817 sibi
2471 5770 2733 5817 senserat.
