3856 6190
337 249 429 301 311

412 363 484 420 Ut
511 364 613 419 sibi
649 372 822 418 tutum
848 364 1012 419 itiner
1039 375 1065 403 ι
1094 368 1316 432 praestet
1348 359 1551 415 habere
1576 358 1737 413 Deus.

339 451 747 524 Audegavensis
772 455 801 495 ιι
840 468 1007 509 ovans
1036 450 1220 507 Caesar
1243 452 1492 521 pervenit.
1520 450 1575 504 in
1600 449 1809 510 urbem,

414 544 580 600 Sacre
610 545 818 610 Albine,
848 553 999 598 tuum
1026 558 1225 613 corpus
1251 541 1457 596 honore
1484 541 1639 611 petit.

342 633 545 694 Obvius
568 638 805 692 occurrit
828 635 1034 690 laetanti
1062 642 1283 705 pectore
1310 634 1512 689 charus

412 728 729 783 Helisachar
753 740 803 794 ο,
831 729 1036 783 validas
1063 728 1284 783 sedulus
1309 734 1469 797 auget
1496 741 1642 795 opes.

340 820 720 875 Namnetensis
750 820 894 875 enim
944 819 1128 875 Ctesar
1161 834 1219 875 se
1249 820 1416 873 mittit
1444 820 1499 873 in
1528 820 1739 881 urbem,

409 910 575 966 Oratu
602 919 655 966 et
691 911 947 981 precibus
969 911 1206 967 culmina
1231 909 1258 949 ἀ
1291 918 1485 965 cuneta
1522 909 1675 980 petit.

339 1002 481 1070 Jam,
514 1004 807 1059 Lantberte
838 1016 881 1067 ο,
915 1004 1023 1058 tuis
1048 1010 1292 1073 optatum
1320 1001 1551 1071 denique
1591 1000 1732 1055 votis

410 1093 655 1165 Suscipis
683 1111 752 1150 en
775 1108 981 1165 regem,
1010 1094 1212 1163 dasque
1234 1099 1485 1162 potenter
1518 1106 1667 1160 opes.

336 1185 524 1241 Poscis
551 1187 618 1240 ad
644 1186 849 1240 invisos
878 1183 1060 1240 Caasar
1088 1199 1381 1254 properare
1405 1181 1720 1246 Britannos,

407 1278 673 1348 Dignetur
707 1276 803 1330 tibi
841 1291 900 1330 se
930 1276 1148 1329 mittere
1182 1276 1234 1329 in
1277 1274 1559 1328 auxilium.

341 1365 551 1422 Cmtcra
604 1365 759 1420 turba
793 1366 925 1420 latet
950 1366 1234 1429 comitum,
1271 1379 1588 1433 necnonque
1614 1371 1916 1435 potentum,

408 1457 655 1524 Quorum
677 1471 782 1511 nec
807 1471 1087 1521 numerus,
1113 1472 1214 1512 nec
1242 1465 1605 1511 numerantur
1635 1470 1788 1526 opes.

338 1544 614 1600 Venetiam
642 1546 755 1600 adit
789 1546 1004 1600 tandem
1031 1545 1326 1615 praeclarus
1354 1544 1557 1609 Czesar,
1585 1547 1732 1601 avito

407 1636 598 1691 Prwlia
625 1651 775 1691 more
799 1644 977 1706 parat,
1005 1637 1220 1691 ordinat
1248 1644 1411 1705 atque
1442 1636 1627 1691 duces.

334 1727 543 1783 Interea
568 1728 809 1782 Murman
840 1727 1117 1799 satagebat
1136 1727 1309 1782 Britto
1336 1731 1599 1799 superbus

403 1817 547 1872 Bella
574 1831 769 1887 parare
796 1819 981 1884 armis,
1013 1820 1337 1890 ingenioque
1358 1836 1477 1876 suo.

332 1906 513 1962 Ctesar
540 1922 705 1978 agens
735 1908 930 1963 iterum
955 1909 1126 1965 solitre
1154 1911 1370 1981 pietatis
1398 1926 1600 1975 amore,

401 1999 659 2053 Actutum
689 2001 870 2064 mittit,
903 2002 993 2072 qui
1020 2002 1120 2057 sibi
1144 2013 1335 2058 cuncta
1360 2002 1554 2058 ferant.

331 2086 448 2150 Dic,
473 2089 571 2153 ait,
601 2104 634 2143 o
664 2090 879 2152 misero,
907 2105 1027 2160 qua:
1056 2106 1114 2146 se
1141 2092 1411 2146 dementia
1438 2101 1671 2161 torquet,

403 2176 612 2244 Quidve
641 2179 821 2245 struit,
849 2180 995 2250 cogit
1023 2180 1162 2235 bella
1193 2196 1390 2251 parare
1420 2181 1559 2235 sibi?

328 2264 448 2323 Non
472 2279 737 2323 memorat
759 2270 941 2339 jurata
966 2270 1122 2335 ﬁdes,
1150 2288 1244 2327 seu
1270 2273 1492 2328 dextera
1529 2272 1754 2329 Francis

404 2361 559 2431 Saepe
593 2364 739 2427 data,
771 2372 828 2418 et
853 2362 1047 2419 Carolo
1076 2365 1295 2419 servitia
1317 2364 1596 2420 exhibita?

332 2454 452 2521 Quo
477 2455 602 2520 ruit,
632 2456 961 2525 insanusque
997 2455 1184 2511 volens
1207 2457 1309 2511 sibi
1337 2458 1582 2526 proditor
1604 2467 1804 2522 exstat,

404 2551 582 2614 Atque
606 2560 718 2600 suae
740 2546 899 2617 proli,
933 2548 1318 2618 exsulibusque
1342 2548 1532 2603 simul!

332 2636 609 2707 Prtecipue
644 2639 716 2694 sit
741 2653 867 2695 eum
902 2637 924 2678 ί
963 2655 1072 2695 una
1102 2640 1236 2695 ﬁdes
1263 2643 1571 2711 nostrisque
1599 2642 1838 2714 suisque.

403 2729 575 2785 Dante
601 2730 713 2786 Deo
738 2729 937 2800 periet,
956 2732 1092 2801 proh
1120 2731 1300 2787 dolor!
1334 2734 1538 2804 absque
1574 2733 1698 2788 title.

332 2820 432 2883 IIic
455 2820 599 2889 ﬁnis,
625 2823 670 2877 si
704 2830 927 2892 prarstat
964 2825 990 2863 8
1031 2841 1045 2876 :
1083 2831 1223 2894 agat,
1250 2840 1369 2895 quae
1390 2823 1564 2893 jussio
1590 2833 1774 2880 nostra

402 2912 766 2978 Suadeteum,
798 2914 975 2984 capiat
1012 2930 1139 2970 mox
1174 2931 1292 2971 mea
1330 2915 1481 2971 frena
1508 2916 1671 2971 celer.

329 3001 765 3074 Christicoloque
791 3005 936 3076 gregi
956 3005 1218 3076 jungatur
1240 3020 1372 3075 pace
1398 3005 1631 3075 ﬁdeque,

401 3092 635 3163 Linquat
656 3107 839 3149 amore
866 3094 959 3149 Dei
986 3094 1246 3150 dzemonis
1272 3110 1423 3149 arma
1443 3095 1627 3149 miser.

330 3182 427 3238 Sin
449 3183 619 3250 aliud,
649 3200 776 3238 nam
806 3184 1009 3240 invitus
1036 3201 1190 3255 agam
1209 3225 1224 3249 ,
1253 3186 1348 3240 sed
1381 3185 1517 3240 bella
1547 3183 1699 3240 ciebo

398 3274 577 3330 Densa
599 3276 734 3330 satis
760 3276 1013 3341 nimium,
1042 3285 1206 3346 atque
1240 3277 1473 3331 verenda
1503 3276 1627 3330 sibi.

327 3367 480 3438 Itque
505 3367 754 3437 reditque
782 3368 929 3423 celer
959 3369 1182 3435 missus,
1209 3368 1523 3439 prmstantia
1559 3367 1702 3439 regis

401 3458 575 3514 Verba
598 3460 744 3515 canit
762 3459 970 3530 jussus,
999 3460 1261 3531 increpat,
1285 3470 1449 3531 atque
1477 3469 1649 3530 rogat.

327 3548 421 3605 Ille
445 3549 611 3604 miser
632 3550 826 3606 merito
861 3552 1001 3623 pesti
1029 3552 1254 3608 devotus
1279 3553 1477 3622 iniqua:

399 3638 582 3694 Nescit
606 3640 806 3695 habere
837 3640 1018 3707 ﬁdem,
1042 3643 1136 3697 sed
1161 3644 1248 3712 pia
1274 3643 1423 3712 jussa
1449 3640 1604 3712 fugit.

329 3727 547 3781 Mandat
571 3728 764 3781 acerba
795 3730 966 3799 magis
1003 3730 1248 3785 conﬁxus
1284 3740 1487 3794 mente,
1525 3731 1769 3798 superbae

401 3817 657 3887 Conjugis
684 3828 838 3873 oratu
862 3818 1065 3874 fervida
1096 3821 1260 3875 corda
1288 3821 1447 3891 gerit.

327 3906 477 3962 Bella
505 3908 783 3976 cupitque,
806 3917 965 3962 vocat
993 3917 1218 3964 cunctos
1242 3910 1296 3963 in
1325 3909 1461 3965 bella
1491 3909 1799 3974 Britannos,

401 3997 630 4054 Ordinat
652 3998 898 4066 insidias,
927 4010 1194 4071 prteparat
1219 4009 1378 4073 atque
1405 4002 1575 4058 dolos.

329 4087 540 4144 Interea
568 4087 751 4145 Casar
767 4088 1028 4147 Brittonis
1060 4092 1202 4148 dicta
1232 4093 1449 4162 superbi

399 4181 544 4237 Aure
567 4182 731 4253 capit,
753 4181 979 4239 Francis
1005 4192 1061 4240 et
1079 4184 1354 4239 recitanda
1370 4183 1545 4252 jubet.

329 4272 426 4328 Bis
449 4288 675 4328 accensa
705 4273 920 4338 cohors,
939 4273 1054 4344 jam
1084 4274 1282 4331 dudum
1319 4275 1489 4331 Marte
1517 4286 1727 4347 parato,

398 4361 589 4419 Castra
615 4373 853 4430 movent,
878 4366 1114 4421 sonitum
1141 4367 1233 4422 dat
1254 4368 1378 4423 tuba
1409 4363 1723 4425 terribilem.

330 4448 447 4506 Sed
461 4468 582 4523 plus
608 4454 934 4525 induperans
962 4456 1215 4514 custodes
1241 4459 1394 4528 ponit
1412 4459 1624 4529 opimos

399 4593 424 4622 ι
463 4581 569 4657 Pro
614 4585 730 4640 iter.
781 4587 976 4657 Neque
1026 4568 1222 4644 desunt
1277 4597 1521 4644 veterum
1574 4587 1894 4646 Latinorum

327 4654 590 4799 ῗιξηὶξι-ιῒ
618 4723 1036 4796 Andegavemem
1056 4766 1072 4793 ,
1118 4726 1262 4797 quod
1287 4737 1342 4784 et
1388 4737 1547 4798 poeta
1601 4729 1902 4799 scripserit.

327 4790 482 4868 Apud
510 4809 729 4868 eorum_
747 4790 1073 4868 témporum:
1095 4790 1405 4868 scriptores
1434 4799 1674 4853 occurrit
1711 4790 1905 4855 'civitas

329 4860 644 4936 Audegavis.
688 4860 960 4936 Fortassis
1004 4866 1170 4920 etiam
1205 4860 1321 4936 'non
1368 4867 1772 4936 Andegavensis,
1804 4871 1898 4925 sed

329 4928 621 5007 Αιιάεραιῖὶε
648 4949 806 5007 oram
833 4935 884 4988 in
913 4937 1247 5007 autographa
1284 4928 1647 5007 Nigelliw'fuit.

338 5066 356 5078 ξ
391 5009 424 5079 ξ
467 5001 989 5079 Deiilo_jam_stipra
1030 5001 1256 5079 egimus.
1299 5001 1669 5079 Cancellarius
1705 5023 1895 5078 nempe

330 5069 436 5141 fuit
481 5069 739 5127 Ludovici
781 5069 969 5138 Piifet
1011 5069 1111 5141 pro
1153 5072 1269 5141 ejus
1296 5076 1477 5131 saéculi
1508 5069 1888 5134 consuetudine

330 5138 518 5219 multis
530 5144 925 5219 monachorum
955 5138 1297 5219 monasteriis
1323 5146 1479 5201 titulo
1496 5146 1714 5219 Aabbatis
1756 5164 1893 5219 pra3~

332 5208 449 5263 fuit.
478 5211 613 5285 ili_nc
664 5210 820 5285 facile
868 5214 1258 5285 deprehendas,
1295 5217 1602 5272 emnobiutn
1657 5208 1891 5274 Audien-

329 5279 704 5359 veuseﬁuncti
726 5283 897 5359 Alpini
920 5279 1477 5359 (nunc_Saint-_Aubin
1505 5286 1781 5359 d‘Angers)
1814 5292 1893 5342 ei»

327 5349 449 5403 dem
474 5349 806 5408 IIcIisacbari
831 5349 1262 5411 commendatum
1290 5357 1476 5412 fuisse.

395 5419 421 5459 ἀ
458 5419 514 5475 Id
552 5432 655 5491 est,
688 5425 883 5494 templa
889 5426 1172 5548 Iprmcipua
1198 5426 1574 5509 Namnetensis
1600 5426 1768 5507 urbis.

401 5500 426 5529 ο
464 5492 539 5546 De
565 5508 670 5548 auo
698 5510 858 5548 suum
913 5504 990 5548 urt
1030 5511 1226 5548 sermo.
1255 5497 1391 5548 Eum
1427 5496 1762 5548 Mabtllomus

401 5500 434 5566 °_
464 5492 539 5546 De
565 5508 670 5566 quo
698 5492 858 5566 supra
889 5492 990 5549 fuit
1030 5492 1226 5552 sermo.
1255 5497 1391 5552 Eum
1427 5496 1762 5552 Mabillonius
1788 5512 1890 5566 pu-

327 5559 719 5648 itavitmcoqi’item
740 5559 1162 5648 «iudicantium.
1192 5567 1330 5622 Sunt
1359 5568 1447 5624 hic
1470 5583 1590 5648 quae
1614 5559 1888 5648 evincunt,

329 5631 500 5692 ipsum
549 5631 952 5690 Namnetemmt
1008 5637 1263 5704 comitem,
1309 5654 1429 5693 cum
1485 5631 1589 5691 illic
1623 5636 1891 5691 Czesarem

1652 242 1959 298 ERMOLDI
1999 241 2268 296 MCELLI

3507 238 3597 292 6!!

1946 359 1997 415 Α
2092 354 2376 417 Omnibus,
2402 363 2455 408 et
2485 355 2705 407 mandat
2734 353 2848 408 lucc
2877 355 2932 408 in
2960 369 3145 408 amore
3172 354 3266 408 Dei
3296 372 3308 406 :

2026 446 2296 500 Ecclesias
2323 454 2536 501 servate
2558 447 2679 510 viri,
2712 462 2811 502 nec
2841 454 2983 501 tecta
3010 456 3223 502 sacrata

2099 538 2345 608 Tangite,
2369 547 2423 592 et
2448 537 2693 592 ecclesiis
2717 552 2821 607 pax
2847 538 2919 591 sit
2946 552 3131 592 amore
3160 537 3278 592 Dei.

2026 628 2332 699 Salpicibus
2358 630 2385 669 ιι
2402 630 2515 697 jam
2545 644 2671 683 rura
2698 635 2913 692 sonant,
2936 643 3126 683 nemus
3147 644 3308 683 omne
3330 629 3577 699 resultat,

2097 690 2160 775 Iit
2192 737 2322 775 cava
2353 690 2450 791 per
2476 734 2698 789 campos
2724 690 2950 774 buccina
2986 718 3141 789 pulsa
3167 720 3354 789 gemit.
3391 690 3421 725 ‘

2023 810 2136 865 Itur
2157 812 2373 880 ubique,
2402 811 2517 865 vias
2543 809 2754 881 populis
2780 810 2875 865 dat
2894 810 3029 864 silva
3059 818 3316 875 remotas,

2096 901 2260 956 Milite
2287 901 2577 956 Francisco
2609 916 2732 955 rura
2769 901 2971 972 repleta
2999 909 3237 956 manent.

2023 992 2455 1062 Quazrunturque
2478 993 2661 1061 dapes,
2688 992 3003 1062 lustrisque,
3025 991 3222 1061 palude
3248 1002 3501 1062 repostas,

2091 1083 2267 1152 Atque
2290 1083 2405 1139 solo
2432 1084 2596 1138 sulcis
2619 1083 2946 1153 ingenioque
2973 1083 3135 1137 datm.

2021 1173 2346 1230 Prtedantur
2375 1175 2560 1229 miseri
2584 1174 2958 1244 hominesque,
2984 1188 3259 1244 pecusque
3274 1170 3487 1242 iuvenci
3502 1214 3517 1229 .

2094 1266 2204 1322 Res
2229 1282 2442 1337 quoque
2478 1266 2624 1321 nulla
2652 1266 2805 1329 latet,
2830 1281 2933 1319 nec
2960 1266 3169 1320 latuere
3195 1265 3320 1322 doli.

2021 1354 2175 1410 Nulla
2206 1356 2401 1427 palude
2422 1356 2590 1420 salus,
2618 1371 2717 1410 uec
2742 1354 2920 1409 dumis
2947 1354 3132 1408 abdita
3154 1362 3373 1409 servant

2092 1445 2341 1501 Claustra
2368 1447 2515 1501 viros
2542 1464 2554 1499 :
2586 1445 2829 1499 Francus
2853 1444 3091 1515 undique
3120 1454 3461 1515 vnstatopcs.

2019 1537 2309 1601 Ecclesias,
2331 1545 2393 1591 ut
2417 1536 2599 1593 Cmsar
2619 1537 2700 1591 eis
2728 1543 2978 1599 testatur,
3002 1536 3257 1590 amabant
3290 1553 3303 1588 :

2090 1627 2298 1683 Caetera
2327 1626 2707 1682 ﬁammivomis
2730 1635 2873 1681 tecta
2897 1625 3093 1681 dedere
3122 1624 3274 1681 focis.

1942 1713 1989 1771 B
2020 1720 2124 1774 Sed
2151 1728 2331 1775 tamen
2362 1721 2416 1774 in
2437 1720 2644 1789 campis
2673 1717 2898 1772 Francis
2924 1731 3212 1772 occurrere
3238 1716 3438 1786 apertis

2089 1810 2242 1864 Nulla
2264 1811 2431 1866 ﬁdes:
2458 1810 2681 1874 bellum,
2710 1808 2883 1863 Britto
2917 1808 3166 1877 superbe,
3198 1807 3357 1878 fugis.

2016 1901 2121 1956 Per
2141 1903 2364 1956 dumosa
2391 1900 2597 1971 procul,
2626 1900 2842 1954 felicum
2872 1914 2967 1968 per
2995 1899 3161 1953 densa
3188 1899 3387 1967 reposti

2085 1993 2363 2064 Apparent
2388 1992 2519 2055 rari,
2543 1991 2727 2060 praelia
2764 2004 2899 2044 voce
2927 1995 3141 2060 gerunt.

2018 2084 2089 2138 Ut
2113 2084 2307 2139 solium
2334 2083 2586 2137 veniente
2606 2081 2727 2151 gelu
2755 2079 2900 2134 cadit
2929 2081 3123 2134 arbore
3145 2093 3374 2148 querna.

2092 2175 2164 2232 Ut
2184 2175 2361 2245 pluvia
2391 2181 2671 2237 autumno,
2698 2184 2894 2240 rosque
2919 2169 3129 2224 calente
3155 2169 3261 2233 die,

2016 2267 2169 2321 [laud
2198 2266 2357 2320 aliter
2385 2263 2569 2319 miseri
2598 2261 2942 2332 complebant
2969 2267 3153 2333 strage
3180 2259 3419 2317 ferarum

2089 2355 2363 2411 Brittones
2390 2352 2580 2417 lustra,
2607 2351 2722 2406 sive
2741 2351 2952 2422 paludis
2975 2367 3154 2424 agros.

2017 2448 2163 2504 Bella
2190 2462 2287 2517 per
2325 2454 2583 2515 angustos
2606 2443 2887 2514 agitabant
2914 2442 3157 2512 improba
3179 2441 3363 2508 calles,

2087 2538 2316 2592 Aldibus
2342 2534 2535 2590 inclusi
2562 2533 2746 2604 przelia
2772 2533 2918 2588 nulla
2946 2533 3165 2589 dabant.

2012 2632 2151 2693 1am,
2181 2631 2480 2693 Murmane,
2515 2636 2619 2682 tua:
2646 2627 2851 2697 passim
2874 2635 3236 2698 peragrantur
3254 2642 3449 2691 arente,

2087 2724 2220 2779 Avia
2246 2722 2416 2777 lustra
2446 2726 2655 2790 patent,
2684 2726 2848 2787 atque
2869 2718 3101 2787 superba
3130 2717 3338 2772 domus.

2015 2815 2222 2869 Interea
2246 2812 2492 2866 Murmau
2519 2810 2761 2865 dumosis
2783 2808 3012 2863 vallibus
3042 2807 3274 2871 instans,

2084 2901 2226 2956 Acer
2250 2915 2418 2969 equos
2443 2898 2637 2967 agitat,
2664 2912 2921 2967 armaque
2956 2904 3084 2952 nota
3118 2898 3284 2966 capit.

2016 2993 2332 3061 Atl‘aturque
2360 3006 2487 3047 suos
2515 2990 2689 3053 lactus,
2715 2989 3045 3060 proprioque
3072 2989 3307 3059 superba

1942 3065 1987 3127 ε
2089 3084 2314 3138 Pectore
2343 3081 2506 3136 verba
2534 3080 2715 3147 dabat,
2745 3080 3142 3150 increpitatque
3173 3080 3265 3137 diu
3299 3097 3314 3135 :

2019 3177 2127 3233 Vos
2156 3183 2371 3231 servate
2400 3174 2638 3241 domum,
2666 3174 2883 3246 coniux,
2912 3174 3111 3245 proles,
3145 3173 3433 3247 famulique

2089 3265 2245 3320 [laud
2274 3264 2448 3318 timidi
2468 3272 2683 3319 vestras
2707 3262 3149 3334 frondigerasque
3178 3278 3351 3318 casas.

2015 3355 2114 3410 Ast
2146 3368 2247 3423 ego
2274 3369 2397 3409 cum
2430 3355 2638 3424 paucis,
2662 3368 2769 3423 quo
2795 3353 2961 3408 tutior
2989 3353 3203 3423 agmina
3229 3352 3466 3416 lustrem,

2087 3447 2217 3501 llluc
2243 3447 2321 3501 ire
2343 3461 2495 3517 paro,
2521 3444 2953 3509 concomitando,
2978 3444 3132 3499 viris.

2013 3540 2188 3597 Credo
2223 3541 2365 3610 quod
2398 3541 2616 3595 indutus
2641 3541 2821 3610 praeda
2854 3538 3149 3609 spoliisque
3173 3538 3405 3596 refertus

2086 3634 2164 3687 Ad
2194 3648 2312 3687 mea
2343 3641 2482 3687 tecta
2511 3632 2655 3687 celer
2680 3642 2881 3687 memet
2914 3647 3058 3702 equo
3088 3632 3340 3688 referam.

2012 3725 2200 3778 Armat
2225 3739 2445 3794 equum,
2473 3732 2666 3786 semet,
2700 3723 2836 3779 ﬁdos
2863 3732 3147 3793 armatque
3174 3723 3396 3779 sodales.

2082 3814 2283 3869 Ambas
2312 3814 2606 3868 missilibus
2634 3822 2812 3868 armat
2841 3823 2895 3869 et
2920 3813 3036 3884 ipse
3063 3830 3276 3869 manus.

2013 3907 2240 3963 Scaudit
2258 3922 2457 3976 equum
2484 3906 2656 3967 velox,
2685 3906 2919 3962 stimulis
2938 3905 3171 3977 prmﬁgit
3203 3906 3377 3961 acutis

2082 4001 2255 4056 Frena
2283 4010 2505 4065 tenens;
2531 4014 2692 4070 gyros
2714 4000 2805 4055 dat
2828 4000 3135 4070 quadrupes
3156 4000 3356 4055 varios.

2012 4092 2080 4149 Et
2116 4094 2367 4149 salitante
2391 4091 2536 4147 fores
2563 4100 2719 4161 potus
2747 4091 3081 4162 praegrandia
3108 4105 3234 4146 vasa

2081 4184 2247 4239 Ferre
2268 4183 2423 4255 jubet
2445 4181 2623 4247 solito,
2653 4181 2895 4252 suscipit,
2920 4190 3084 4252 atque
3111 4181 3268 4237 bibit.
3489 4237 3497 4245 ,

2010 4272 2269 4344 Coniugis
2292 4272 2591 4343 amplexus,
2617 4269 2806 4341 prolis,
2834 4268 3173 4340 famulosque
3193 4285 3293 4340 per
3309 4285 3493 4327 omnes

2085 4364 2232 4421 More
2256 4363 2392 4433 petit
2412 4362 2624 4427 hilaris,
2649 4360 2834 4418 oscula
2873 4361 3018 4416 lenta
3045 4362 3226 4417 dabat.

2012 4454 2150 4511 Tum
2177 4451 2424 4509 manibus
2442 4451 2637 4508 crebro
2666 4451 2911 4521 crispans
2934 4450 3133 4507 hastile
3160 4450 3444 4521 profatur:

2008 4586 2302 4658 exceperit.
2334 4585 2413 4640 Eo
2436 4592 2616 4640 autem
2646 4590 2986 4658 tempore,_ut
3008 4598 3173 4654 supra
3201 4582 3454 4658 vidimus,
3478 4581 3582 4658 An:

2007 4651 2389 4714 dicaveusibus
2434 4663 2669 4724 przeerat
2698 4651 2988 4725 Mhtfriglus
3028 4651 3222 4725 comes.
3266 4651 3403 4725 Nam
3438 4653 3577 4723 quod

2007 4730 2063 4783 in
2098 4729 2237 4783 libro
2268 4723 2646 4796 Miraculorum
2661 4723 2851 4796 sancti
2876 4724 3121 4796 Dionysii
3161 4723 3302 4796 apud
3329 4725 3579 4778 eumdem

2010 4798 2375 4854 Mabillonium
2418 4795 2599 4851 saecul.
2655 4791 3031 4859 Benedictin.,
3062 4791 3320 4857 tomilll,
3345 4802 3491 4863 part.
3521 4809 3578 4855 ιι,

2007 4884 2130 4939 pag.
2159 4866 2576 4939 826,00eurrit,
2620 4863 2927 4939 liam‘bertus
2970 4881 3161 4939 comes,
3185 4863 3232 4939 s_i
3260 4865 3577 4939 atteinte‘inf

2000 4934 2261 5005 {iniciatur
2288 4937 2468 5001 locus,
2498 4934 3049 5006 non_Andegavensis
3093 4935 3258 5006 pagi,
3289 4934 3381 4988 sed
3427 4934 3581 4988 vicini

2003 5002 2148 5063 Fisri
2177 5007 2428 5063 comitem
2458 5002 2747 5075 signiﬁcat.

2075 5077 2094 5117 τ
2146 5077 2280 5131 Num
2318 5077 2626 5131 commune?
2646 5076 2698 5130 id
2721 5084 2803 5131 est
2831 5092 2938 5130 una
2965 5093 3087 5130 casa
3122 5091 3358 5129 comunt.

2072 5150 2096 5187 ε
2132 5147 2407 5216 Scriptum
2452 5146 2694 5217 profecto
2739 5162 2771 5200 a
2820 5144 3029 5216 Nigella
3078 5145 3242 5217 fuerit
3266 5153 3464 5214 perstat
3481 5162 3505 5217 ;_
3529 5146 3579 5217 i.l

1994 5230 2098 5299 esi,
2129 5215 2501 5341 .slirorbiirmato
2540 5217 2722 5271 animo
2767 5217 2822 5271 in
2851 5215 2951 5271 suo
2977 5215 3205 5271 consilio
3232 5223 3460 5284 perstat,
3495 5215 3577 5268 hic

1997 5300 2141 5341 εει-ιιι
2188 5305 2202 5341 I
2250 5303 2373 5341 IIIIS.

1997 5290 2104 5343 erit
2127 5289 2202 5342 illi
2232 5289 2373 5341 ﬁnis.

2070 5362 2095 5436 ξι
2119 5359 2179 5436 _A
2233 5355 2835 5436 ϐιτξεεοράλπιγξτςιεὰίξ
2864 5356 2963 5410 aevi
2990 5355 3287 5436 scriptores
3305 5353 3577 5436 aicduiere

1996 5428 2189 5492 talpis,
2214 5442 2333 5497 qua:
2359 5426 2547 5497 tubam,
2566 5424 2669 5497 seu
2687 5427 2963 5497 bucinam
2988 5424 3422 5497 signiﬁcattlam
3448 5424 3577 5497 Vos-

2000 5499 2116 5552 sius
2139 5493 2345 5566 libfui,
2370 5511 2494 5566 cap.
2522 5495 2613 5561 45,
2638 5495 2706 5551 de
2737 5496 2886 5566 vitiis
2922 5493 3161 5551 semion.
3191 5503 3250 5550 et
3276 5493 3575 5566 Ducangius

2001 5568 2056 5621 in
2084 5560 2357 5621 Glossario
2387 5560 2561 5636 Latin.
2594 5560 2839 5636 exempla
2887 5578 3213 5635 congessere
3237 5580 3306 5620 ex
3332 5560 3571 5625 Alcuinu,

1999 5637 2286 5703 Altbelmo,
2310 5645 2363 5689 et
2394 5635 2673 5691 Fulcherio
2703 5635 3055 5692 Carnotense.
