3856 6190
131 259 239 312 613

203 368 427 438 Conqu,
454 384 585 422 aure
611 383 742 435 cape
768 383 888 437 quae
923 369 1015 423 tibi
1048 371 1209 424 verba
1247 370 1404 424 dabo.

129 463 424 518 Lanceolas
450 478 585 531 quas
611 461 810 523 cernis,
840 461 936 525 ait,
966 464 1320 532 manibusque
1349 462 1573 516 reflexat

205 555 469 619 Mnrman,
501 563 704 618 amata,
729 562 850 608 tuus
876 553 1030 608 Ianus
1051 570 1188 624 equo
1215 554 1458 608 residens
1484 569 1496 606 :

139 646 196 700 Si
231 645 358 698 mihi
392 652 540 698 certa
572 643 726 709 fides,
765 643 1094 700 Francorum
1127 643 1387 714 sanguine
1425 643 1617 696 tinctas

208 734 454 802 Aspicies
479 734 639 788 hodie
669 750 756 788 me
779 733 1036 788 redeunte
1065 734 1304 787 domum.

135 826 309 881 Credo
337 825 480 895 quod
513 825 782 878 incassum
813 823 1010 878 nullam
1043 823 1358 887 Murmanis,
1387 831 1584 885 amata,

203 917 436 970 Dextera
464 915 644 968 mittet
673 929 687 967 ε
718 929 836 978 ave,
870 912 1066 967 femina
1102 920 1304 976 amata,
1334 912 1471 966 vale.

132 1008 228 1062 His
258 1007 419 1062 dictis
443 1007 690 1061 celerans
725 1005 877 1059 silvis
907 1020 964 1058 se
1001 1005 1187 1059 condit
1215 1003 1434 1074 apricis,

206 1099 422 1161 Ebrius,
450 1096 638 1150 infelix
666 1105 738 1161 te,
766 1096 1054 1160 Ludovicc,
1082 1104 1291 1166 petens.

137 1191 394 1246 llortatur
424 1189 600 1244 socios
633 1188 848 1244 firmato
875 1198 1094 1259 pectore
1117 1191 1169 1243 in
1194 1205 1367 1244 arma.

207 1284 287 1337 Ire
303 1283 479 1353 juvat,
505 1281 684 1336 cuncti
711 1279 900 1335 Martis
929 1297 1112 1335 amore
1145 1290 1327 1335 ruunt.

143 1372 389 1434 Cernitis,
415 1388 449 1427 ο
469 1372 713 1443 juvenes,
746 1371 1077 1428 Francorum
1113 1374 1384 1429 exercitus
1409 1387 1602 1428 omnes

212 1466 396 1520 Vastat
423 1479 604 1534 agros,
629 1463 895 1529 homines,
919 1473 973 1518 et
1005 1479 1168 1532 pecus
1202 1480 1362 1519 omne
1391 1465 1576 1517 trahit.

144 1555 185 1611 Ο
209 1555 394 1626 patria:
421 1556 613 1618 virtus,
638 1570 671 1607 ο
697 1555 966 1626 quondam
996 1555 1140 1608 fama
1165 1565 1450 1624 parentum

211 1649 433 1710 Nobilis,
464 1649 565 1702 heu
596 1647 794 1702 frustra
822 1647 934 1717 jam
963 1657 1263 1701 memorata
1295 1648 1479 1716 pudet.

145 1740 370 1796 Cernitis
394 1756 462 1794 en
495 1740 725 1794 miseros
758 1739 908 1794 silvis
937 1739 1208 1794 confidere
1236 1741 1402 1803 cives,

215 1833 316 1888 Nec
344 1833 553 1903 campis
578 1833 780 1887 audent
810 1833 1056 1887 hostibus
1086 1848 1236 1886 arma
1262 1833 1410 1886 dare.

149 1923 412 1993 Nusquam
440 1932 556 1976 tuta
587 1921 722 1976 fides
754 1941 766 1975 :
794 1922 884 1976 ubi
909 1938 1051 1976 nunc
1080 1921 1342 1991 promissa
1369 1936 1467 1990 per
1495 1937 1694 1977 annum

212 2015 479 2069 Dextera?
501 2030 643 2067 nunc
663 2013 903 2068 Francos
931 2012 1108 2067 nullus
1134 2013 1286 2068 adire
1318 2013 1484 2067 volet.

147 2107 218 2160 En
245 2107 348 2161 late
379 2115 629 2176 regnant,
655 2105 868 2174 lmtique
899 2103 1194 2173 furuntque
1221 2105 1551 2173 trahuntque

212 2199 430 2253 Munera
471 2199 773 2252 Brittonum
811 2205 959 2250 tanta
988 2205 1177 2266 parata
1201 2195 1311 2249 diu.

150 2289 199 2343 Si
223 2289 437 2344 fortuna
469 2288 631 2352 foret,
658 2287 858 2358 possim
890 2303 998 2356 quo
1025 2301 1247 2341 cernere
1275 2301 1478 2357 regem,

211 2382 450 2452 Namque
474 2379 576 2433 sibi
602 2377 806 2432 ferrum
833 2377 1041 2430 missile
1065 2376 1203 2432 forte
1236 2377 1444 2440 darem,

148 2473 352 2544 Proque
379 2470 617 2526 tributali
644 2469 758 2523 brce
782 2466 956 2522 ferrea
989 2467 1127 2521 dona
1155 2466 1444 2531 dedissem,

210 2564 524 2634 Oblitusque
552 2562 656 2616 mei
686 2575 966 2632 pergerem
1000 2560 1054 2613 in
1079 2575 1230 2612 arma
1255 2559 1418 2614 celer.

151 2656 336 2711 Memet
357 2662 553 2726 sponte
576 2669 697 2707 mea
721 2653 883 2707 morti
914 2652 1041 2706 dare
1065 2666 1258 2720 nempe
1277 2650 1492 2719 juvaret

212 2749 312 2802 Pro
342 2747 533 2816 patria:
560 2745 736 2809 laude,
764 2759 969 2815 proque
1002 2744 1177 2798 salute
1208 2744 1329 2798 soli.

154 2837 241 2892 Olli
267 2836 547 2907 respondit
571 2836 790 2906 quidam
820 2834 967 2889 socia
991 2849 1141 2887 arma
1171 2841 1407 2898 secutus,

223 2931 351 2984 Vera
381 2943 584 2983 canens
615 2927 864 2991 nimium,
894 2941 1000 2980 non
1032 2932 1211 2978 tamen
1240 2932 1365 2994 apta
1391 2925 1490 2979 sibi
1525 2941 1538 2978 :

157 3024 192 3079 0
214 3039 328 3089 rex,
353 3037 491 3077 vana
522 3021 725 3076 eadunt
749 3019 892 3075 tristi
923 3019 988 3073 de
1014 3027 1233 3088 pectore
1258 3021 1424 3074 verba
1458 3035 1471 3072 :

214 3120 342 3175 Plus
369 3119 642 3174 reticenda
674 3118 876 3183 valent,
899 3132 1062 3187 quam
1094 3117 1380 3173 recinenda
1407 3120 1585 3174 modo.

158 3213 306 3268 Millia
332 3213 500 3268 multa
534 3212 681 3267 vides
705 3211 1040 3266 Francorum
1069 3209 1226 3279 plana
1263 3218 1466 3274 tenere,

215 3305 487 3360 lnnumeri
516 3304 680 3358 silvas
703 3302 872 3358 lustra
903 3318 1000 3374 per
1023 3302 1128 3356 alta
1155 3311 1338 3356 ruunt.

159 3395 259 3451 Rex
285 3397 432 3450 idem
458 3395 609 3450 vario
629 3395 861 3464 stipatus
890 3393 1060 3447 milite
1082 3392 1262 3447 celsus

219 3488 389 3543 Tutus
415 3488 518 3542 iter
556 3487 742 3540 tritum
766 3500 865 3554 per
887 3492 978 3538 tua
1006 3499 1132 3538 rura
1166 3483 1323 3554 gerit.

159 3581 331 3637 Eheu!
355 3594 488 3652 gens
509 3579 735 3634 nimium
761 3579 1027 3649 quadrum
1053 3577 1244 3634 diffasa
1279 3592 1376 3648 per
1397 3577 1608 3641 orbem,

217 3674 465 3745 Imperiis
486 3671 642 3742 cujus
665 3672 912 3728 subditur
935 3671 1116 3726 omnis
1138 3672 1318 3726 homo.

163 3763 228 3830 Si,
253 3765 557 3829 Murmane,
584 3763 780 3835 placet,
811 3777 984 3826 raros,
1007 3777 1144 3832 quos
1172 3761 1353 3816 cernis
1376 3770 1590 3824 euntes,

219 3858 554 3927 Pcrsequere
585 3870 599 3909 :
629 3856 696 3910 ad
723 3871 904 3926 regem
942 3855 1164 3911 tendere
1196 3854 1338 3909 nulla
1370 3855 1522 3909 fides.

163 3951 238 4007 Ille
261 3961 426 4022 caput
452 3949 690 4015 volvens,
723 3949 938 4004 tandem
969 3947 1236 4019 profatur,
1269 3957 1324 4002 et
1353 3948 1471 4002 infit
1508 3968 1519 4000 :

220 4043 378 4098 Certa
410 4042 565 4096 canis
590 4055 806 4109 nempe,
831 4039 1150 4109 inplaeitura
1178 4047 1378 4094 tamen.

167 4132 262 4189 Non
289 4149 520 4190 caruere
541 4148 690 4202 gente
716 4131 991 4202 lacrymis,
1022 4147 1126 4185 non
1157 4132 1319 4186 corda
1345 4131 1562 4196 dolore;

223 4226 275 4281 In
301 4226 487 4280 varias
508 4232 694 4294 partes
719 4239 872 4279 mens
903 4223 1043 4278 male
1065 4239 1197 4278 sana
1229 4224 1356 4277 ruit.

167 4316 264 4372 Mox
294 4331 512 4388 quoque
535 4317 589 4370 in
619 4317 846 4370 adverso
871 4329 991 4369 sese
1013 4313 1161 4368 dedit
1183 4315 1336 4368 ocius
1366 4315 1537 4368 hostis
1569 4333 1579 4366 :

224 4408 393 4478 Terga
429 4407 574 4470 ferit,
606 4404 751 4460 ferro
781 4412 1000 4474 pectora
1024 4403 1132 4457 lata
1166 4403 1327 4457 furat.

165 4496 300 4556 Nunc
331 4500 440 4554 huc
472 4513 615 4553 nunc
637 4497 762 4552 illuc
791 4497 962 4551 armis
985 4495 1114 4551 furit
1140 4505 1268 4550 ante
1302 4497 1525 4566 paratis,

225 4591 368 4646 More
396 4589 640 4660 parentis
663 4602 830 4658 agens
853 4601 996 4640 nunc
1026 4583 1180 4654 fugit,
1213 4592 1376 4654 atque
1407 4585 1563 4639 redit.

164 4683 329 4739 Turba
358 4681 709 4737 subulcorum
731 4679 845 4749 jam
869 4678 1169 4733 Murtnanis
1197 4678 1306 4732 icta
1331 4677 1512 4732 furore

221 4775 384 4831 Multa
413 4772 562 4843 jaeet
594 4771 821 4842 passim,
845 4770 1118 4840 opilioque
1144 4771 1331 4824 miser.

163 4866 394 4932 Qualiter
419 4881 544 4921 ursa
572 4879 740 4934 rapax
764 4863 976 4920 catulos
1004 4863 1203 4918 amissa
1230 4861 1486 4925 novellos.

221 4959 321 5016 Per
353 4976 467 5022 rus,
498 4973 595 5028 per
621 4957 788 5012 silvas
817 4957 964 5027 itque
993 4956 1238 5025 reditque
1265 4952 1523 5009 fremens.

164 5049 339 5107 Coslus
362 5061 480 5107 erat
506 5052 726 5122 quidam
757 5049 1051 5104 Francisco
1077 5049 1322 5120 germine
1351 5058 1514 5102 natus

227 5143 338 5198 Non
370 5153 552 5198 tamen
576 5159 607 5198 e
639 5143 838 5212 primo,
865 5156 964 5195 nec
989 5155 1250 5210 generosa
1282 5153 1494 5194 manus.

166 5229 397 5288 Francus
431 5244 550 5288 erat
579 5240 808 5297 tantum,
838 5231 981 5285 fama
1011 5231 1189 5284 minus
1217 5240 1373 5284 antea
1400 5239 1582 5291 notus,

231 5322 418 5380 Postea
451 5325 535 5378 cui
563 5339 758 5379 nomen
783 5323 1007 5377 dextera
1034 5322 1176 5377 celsa
1199 5322 1362 5376 dedit.

234 5491 256 5516 ι
285 5479 443 5534 Anno
468 5479 671 5534 Christi
707 5478 810 5534 8|8
860 5477 1230 5532 Britannicum
1262 5473 1460 5528 bellum
1500 5481 1739 5541 coeptum

173 5557 241 5600 est
269 5560 323 5604 et
350 5558 647 5619 peractum.
681 5548 762 5604 Ad
792 5563 918 5619 eum
943 5562 1142 5601 annum
1177 5545 1518 5619 Eginbardus
1537 5543 1600 5619 ⁸ἰιι
1627 5543 1738 5619 An-

176 5612 564 5674 nalibfauctor
617 5629 720 5682 est,
757 5637 773 5667 ι
812 5617 1169 5680 Mormauum,
1218 5612 1311 5684 qui
1364 5615 1415 5666 in
1458 5612 1739 5684 Britannia

177 5699 358 5752 preter
390 5691 607 5746 solitum
647 5688 978 5743 Brittonibus
1007 5701 1212 5742 morem
1237 5682 1444 5755 regiam
1477 5682 1581 5739 sibi
1628 5685 1744 5736 viu-

981 253 1066 308 DE
1105 252 1330 307 REBUS
1371 253 1615 310 CESTIS
1657 252 1742 306 LII

1752 252 1980 308 DOVICI
2022 251 2123 305 [ιιι.
2182 282 2234 289 -
2274 251 2404 305 LIB.
2444 251 2529 304 lll.
3291 257 3393 311 6H

2819 331 2848 346 θ

1743 377 1791 433 Α
1822 369 1974 424 Hunc
2001 369 2315 424 Murmanus
2345 384 2508 440 agens
2535 369 2720 438 procul
2748 371 2961 440 aspicit,
2992 373 3143 430 ocius
3165 384 3216 430 ct
3244 394 3366 433 mox

1892 461 2049 516 Fisus
2075 477 2215 531 equo
2245 470 2438 516 contra
2468 461 2708 515 fervidus
2734 463 2812 516 ire
2832 473 3008 532 parat.

1822 553 1931 609 Nec
1963 555 2141 609 minus
2168 553 2259 608 ille
2287 554 2503 622 quidem
2526 554 2648 609 fidis
2675 554 2916 609 confisus
2948 557 3000 609 in
3029 559 3196 614 armis

1898 645 2048 700 Ilunc
2076 645 2364 700 celeranda
2396 645 2527 714 petit
2559 664 2570 698 :
2601 661 2730 700 acer
2755 653 2982 714 uterque
3005 647 3187 700 nimis.

1825 737 2084 793 Protinus
2108 739 2253 792 hunc
2278 737 2524 791 Murman
2551 737 2732 791 verbis
2757 737 3041 806 compellat
3067 739 3279 794 acerbis
3309 757 3323 794 :

1895 829 2128 895 France,
2158 830 2252 882 tibi
2289 829 2466 898 primo
2489 830 2605 883 haec
2632 843 2752 882 mea
2778 829 2918 882 dena
2945 828 3104 883 dabo.

1825 921 1950 976 llaec
1979 930 2194 977 servata
2227 920 2453 989 tibijam
2485 922 2685 975 dudum
2716 936 2939 975 munera
2969 931 3242 987 constant,

1897 1015 2027 1083 Qua:
2051 1024 2232 1069 tamen
2261 1015 2534 1082 accipiens
2564 1022 2686 1084 post
2715 1029 2923 1069 memor
2942 1021 3059 1069 esto
3085 1015 3213 1068 mei.

1826 1106 1940 1162 Hoc
1973 1108 2180 1171 dicens,
2207 1105 2408 1160 ferrum
2441 1107 2661 1160 vibrans
2683 1106 2839 1175 longe
2861 1115 2915 1160 et
2937 1105 3073 1175 jacit
3102 1108 3314 1163 hastam
3341 1125 3355 1172 ;

1895 1197 1989 1252 Ille
2018 1213 2181 1268 sagax
2206 1197 2376 1268 clypei
2406 1198 2547 1251 hanc
2570 1197 2756 1265 procul
2794 1199 2901 1267 egit
2928 1214 3048 1266 ope.

1825 1289 2018 1344 Coslus
2049 1289 2116 1343 ad
2147 1290 2262 1343 hzec
2292 1289 2477 1350 armis,
2507 1288 2691 1342 animo
2718 1291 3090 1357 praestantior,
3123 1300 3287 1362 atque

1901 1380 2189 1435 Exsultans
2212 1381 2413 1441 verbis,
2451 1380 2563 1434 lure
2593 1378 2717 1432 tulit
2744 1395 2839 1434 ore
2869 1395 2967 1433 suo
2996 1397 3007 1433 :

1829 1472 2001 1526 Britto
2029 1470 2280 1540 superbe,
2316 1479 2418 1522 tua'
2449 1470 2662 1539 suscepi
2696 1485 2918 1525 munera
2955 1470 3158 1526 dextrae
3186 1489 3198 1524 :

1897 1562 2054 1617 Nunc
2084 1562 2240 1616 decet
2271 1561 2528 1630 accipias,
2560 1560 2742 1629 qualia
2769 1560 3011 1615 Francus
3039 1562 3221 1617 habet.

1831 1654 2086 1711 Calcibus
2112 1653 2418 1724 astringens
2446 1652 2666 1706 ferratis
2689 1653 3034 1720 cornipedem
3067 1669 3191 1708 mox

1903 1745 2148 1800 Murman
2173 1744 2226 1797 in
2255 1743 2542 1797 adversum
2562 1743 2820 1796 concitus
2851 1743 2930 1796 ire
2960 1742 3110 1797 facit.

1828 1836 1946 1892 Non
1976 1837 2079 1891 hoc
2111 1834 2405 1890 missilibus
2427 1833 2746 1888 certandum
2779 1841 2864 1886 est
2891 1840 3136 1903 tempore
3159 1833 3362 1904 parvis,

1901 1929 2136 1998 Cuspide
2163 1928 2454 1982 Francisco
2487 1934 2730 1995 tempora
2752 1924 2860 1978 lata
2886 1923 3045 1980 forat.

1829 2022 1920 2077 Ille
1950 2031 2111 2092 caput
2142 2020 2286 2076 ferro
2313 2036 2408 2074 seu
2428 2031 2626 2074 caetera
2656 2020 2896 2074 membra
2921 2031 3114 2089 parato

1901 2114 2207 2178 Vestierat;
2230 2111 2472 2166 Francus
2503 2111 2596 2165 sed
2629 2118 2809 2164 tamen
2834 2119 2953 2165 arte
2987 2110 3131 2166 ferit.

1831 2204 2078 2260 Concidit
2102 2205 2166 2259 ad
2193 2215 2394 2259 terram
2425 2202 2670 2258 conﬁxus
2698 2203 2924 2272 cuspide
2954 2203 3199 2258 Murman
3225 2200 3278 2268 ἱ,

1901 2297 2099 2352 Tristis
2121 2307 2175 2351 et
2197 2297 2396 2351 invitus
2421 2310 2650 2364 corpore
2677 2303 2886 2364 pressat
2905 2295 3152 2348 humum.

1831 2389 2026 2445 Coslus
2055 2405 2193 2459 equo
2222 2390 2426 2444 cadens
2455 2388 2646 2442 stricto
2673 2396 2836 2458 caput
2860 2387 3078 2441 abstulit
3106 2401 3258 2452 ense,

1903 2482 2135 2551 Vitaque
2163 2497 2284 2536 cum
2308 2480 2510 2551 gemitu
2538 2495 2660 2534 mox
2686 2478 2821 2548 fugit
2849 2488 2970 2534 aeta
2997 2477 3207 2548 procul.

1832 2574 2129 2630 Murmanis
2159 2582 2284 2628 ante
2319 2589 2502 2628 comes
2527 2573 2744 2628 Coslum
2768 2574 3032 2642 percussit
3058 2573 3331 2637 eumdem,

1901 2667 2089 2721 Victor
2112 2674 2168 2719 et
2189 2666 2457 2729 incautus,
2480 2667 2617 2720 eheu
2643 2666 2655 2718 ε
2689 2665 2864 2727 Cosle,
2891 2667 3057 2735 peris.

1830 2754 1973 2810 Cosli
1999 2769 2231 2825 namque
2260 2770 2412 2824 puer,
2438 2754 2639 2808 domini
2676 2755 3005 2823 prazviuctus
3033 2771 3242 2822 amore,

1904 2845 2153 2900 Actutum
2185 2844 2356 2899 latera
2382 2843 2628 2914 perforat
2658 2845 2834 2899 hostis
2864 2845 3000 2898 arri.

1830 2936 1926 2992 Ille
1955 2937 2143 2992 dolens
2165 2936 2317 3006 plaga
2344 2951 2570 3006 puerum
2609 2935 2828 2990 confixit
2860 2936 3107 2990 eumdem
3137 2955 3149 2988 :

1758 3073 1803 3134 Ο
1840 3119 1879 3134 Α
1903 3028 2057 3083 Alter
2085 3029 2154 3083 ab
2185 3027 2410 3083 alterius
2438 3027 2657 3082 vulnere
2689 3027 2860 3082 flexus
2886 3029 3021 3082 obit.

1838 3119 2106 3188 Quattuor
2124 3121 2180 3175 hi
2210 3136 2401 3189 campo
2427 3120 2709 3174 certabant
2738 3119 2908 3174 Marte
2929 3121 3163 3190 superbe
3191 3163 3204 3173 .

1905 3213 2112 3267 Victori
2138 3221 2194 3266 et
2214 3213 2356 3266 victo
2388 3227 2509 3267 sors
2544 3211 2646 3266 fuit
2677 3229 2780 3266 una
2813 3213 3054 3281 quidem.

1835 3304 2044 3359 Interea
2074 3303 2268 3357 castris
2293 3303 2511 3371 paulum
2537 3303 2852 3364 crebrescit,
2893 3310 2949 3356 et
2979 3317 3141 3355 auras

1919 3394 2082 3447 Fama
2114 3391 2286 3461 replet
2319 3401 2527 3453 tenues,
2555 3399 2703 3458 gesta
2731 3390 2939 3443 novella
2962 3405 3182 3444 canens.

1837 3485 2054 3540 Scilicet
2087 3481 2337 3536 infestum
2369 3481 2613 3534 Murman
2645 3480 2908 3534 cecidisse
2937 3481 3230 3549 superbum

1911 3575 2069 3630 Sorte
2101 3588 2220 3638 sua,
2251 3571 2449 3627 castris
2477 3570 2651 3624 fertur
2682 3571 2860 3625 inesse
2886 3579 3072 3640 caput.

1837 3666 2180 3723 Circumfusa
2208 3664 2312 3718 ruit
2342 3662 2674 3717 Francorum
2701 3661 2829 3716 hinc
2853 3661 2975 3716 inde
2996 3671 3213 3716 caterva

1910 3755 2135 3811 Visendi
2164 3755 2339 3809 studio
2370 3752 2638 3807 ltetifieata
2666 3751 2818 3807 satis.

1840 3848 1960 3903 Mox
1987 3854 2150 3916 caput
2169 3844 2393 3900 affertur
2421 3844 2560 3899 collo
2592 3852 2750 3899 tenus
2773 3859 2903 3899 ense
2932 3844 3228 3910 revulsum,

1911 3938 2186 4010 Sanguine
2216 3936 2477 3992 ftedatum
2500 3937 2706 4005 alzsque
2734 3937 2930 3990 decore
2960 3952 3079 3992 suo.

1843 4032 2091 4086 Witchar
2117 4029 2308 4084 adesse
2326 4025 2543 4095 iubent,
2574 4042 2802 4096 prorsus
2831 4036 3099 4098 orantque
3133 4028 3348 4098 referri,

1913 4120 2053 4176 Vera
2083 4136 2150 4174 an
2181 4117 2312 4172 falsa
2343 4126 2560 4181 canant,
2591 4117 2758 4186 eligat
2785 4118 2921 4186 ipse,
2949 4128 3160 4187 rogant.

1842 4213 1891 4268 Is
1924 4218 2089 4281 caput
2113 4209 2384 4277 extemplo
2410 4209 2571 4263 latice
2592 4208 2895 4276 perfundit,
2923 4217 2977 4262 et
3005 4219 3167 4263 ornat

1915 4303 2132 4358 Pectine
2161 4319 2172 4354 :
2207 4299 2455 4368 cognovit
2481 4313 2603 4352 mox
2634 4313 2849 4366 quoque
2872 4298 3021 4368 jussa
3055 4298 3177 4352 sibi.

1769 4424 1818 4482 υ
1849 4393 2139 4450 Murmanis
2165 4392 2266 4445 hoc
2301 4397 2464 4458 caput
2499 4396 2600 4452 est,
2641 4387 2843 4456 inquit,
2889 4386 3022 4441 mihi
3055 4389 3263 4443 credito
3300 4405 3432 4444 cuna

3223 4481 3320 4537 ‘cti
3339 4499 3353 4510 ο

1754 1715 1801 1774 Β

1909 4573 2104 4631 .Cervix
2138 4572 2240 4626 ista
2264 4570 2398 4625 mihi
2429 4578 2514 4624 sat
2543 4572 2681 4624 bene
2709 4584 2834 4622 nota
2864 4579 3066 4624 manet.

1841 4665 2024 4719 Caesar
2047 4671 2102 4716 at
2127 4663 2244 4732 ipse
2273 4661 2395 4730 pius
2419 4659 2599 4714 telluri
2624 4673 2774 4714 more
2802 4659 3039 4715 cadaver

1912 4755 2116 4826 lmponi
2147 4755 2414 4809 miserans
2444 4768 2542 4824 pro
2571 4753 2770 4822 pietate
2791 4750 2966 4820 jubet.

1842 4848 2084 4917 Corpora
2108 4845 2444 4901 Francorum
2469 4845 2798 4900 mandantur
2826 4860 3060 4916 namque
3087 4847 3341 4918 sepulcro

1916 4939 2064 4995 More
2095 4940 2203 5010 pio,
2236 4939 2453 5010 hymnis
2479 4954 2704 4992 munere
2730 4938 2832 4992 rite
2862 4938 3026 4994 datis.

1841 5033 2024 5088 Altera
2049 5032 2190 5087 fama
2219 5031 2349 5086 furit
2376 5031 2679 5086 Brittonum
2702 5031 2870 5086 lustra
2897 5047 3189 5101 pererrans

1916 5121 2063 5177 Voce
2088 5130 2256 5186 tonat,
2289 5138 2469 5191 regem
2499 5137 2618 5176 sors
2651 5121 2771 5175 tulit
2797 5130 2913 5174 atra
2941 5123 3120 5177 nimis.

1843 5213 1961 5268 Heu
2001 5213 2183 5268 miseri
2211 5213 2356 5266 cives
2384 5211 2713 5272 concurrite.
2739 5210 2969 5267 Caesaris
2999 5214 3126 5268 almi

1915 5305 2172 5373 Qumrere
2191 5302 2314 5372 jura
2348 5305 2526 5368 decet,
2553 5305 2678 5358 dum
2707 5305 2865 5358 modo
2893 5305 3002 5359 vita
3037 5306 3214 5361 datur.

1845 5487 2122 5540 dicaverat
2150 5491 2493 5553 potestatem,
2537 5483 2606 5536 ab
2630 5482 2871 5537 exercitu
2912 5481 3150 5553 occisum
3185 5481 3367 5536 fuisse.
3405 5501 3427 5536 ι

1845 5555 2020 5626 Supra
2051 5551 2282 5610 vidi—mus
2315 5553 2450 5611 alios
2484 5567 2699 5622 quoque
2722 5621 2724 5623 g
2747 5553 2984 5622 regalem
3025 5551 3236 5605 titulum
3267 5563 3428 5608 antea

1843 5640 2154 5696 usurpasse.
