3856 6190
368 237 477 297 615

371 361 619 418 ldurman
648 358 835 408 noster
858 338 1288 401 obitFrancisco
1318 329 1538 400 cuspide
1561 330 1758 384 tactus,

441 445 706 502 Credulus
729 455 793 493 cn
821 435 1046 491 nimium
1078 424 1326 495 conjugis
1351 415 1619 486 alloquiis.

373 537 542 607 Regia
566 532 717 587 frena
745 533 934 599 petunt
956 520 1231 574 Brittones
1260 522 1496 578 namque
1519 503 1713 564 coacti,

449 591 569 680 iam
594 591 914 685 sobolesque
941 626 1111 683 genus
1134 602 1434 660 Murmanis
1462 609 1623 652 omne
1651 591 1815 646 venit.

376 718 498 773 Mox
528 710 833 769 Ludovicus
854 718 1024 760 ovans
1056 698 1247 766 recipit
1268 690 1568 747 Brittonica
1588 686 1732 755 jura,

446 811 549 863 Dat
572 805 684 874 jus,
711 803 910 870 datque
942 796 1103 850 ﬁdem
1130 810 1141 845 :
1170 806 1297 860 pax,
1330 785 1653 854 requiesque
1679 778 1856 833 datur.

378 903 507 960 Inde
528 901 639 954 Deo
665 903 848 969 grates
867 893 1043 945 victor
1068 883 1326 957 persolvit
1347 879 1578 948 opimas,

454 989 686 1061 Imperio
711 984 883 1040 sociat
910 978 1119 1051 perdita
1146 987 1309 1044 regna
1334 970 1445 1024 diu.

384 1053 565 1137 Ltetus
595 1087 650 1133 at
676 1076 801 1131 inde
830 1072 971 1127 redit
990 1068 1194 1129 Caesar,
1216 1060 1512 1133 paucisque
1538 1053 1741 1110 relictis

456 1174 640 1229 Ardua
672 1183 837 1239 regna
864 1163 999 1235 petit
1029 1157 1325 1214 auxiliante
1354 1154 1481 1207 Deo.

388 1264 576 1334 Legati
605 1274 632 1303 α
660 1262 889 1319 interea,
920 1266 1059 1323 quos
1079 1248 1279 1304 dudum
1305 1245 1528 1298 miserat
1552 1238 1671 1294 orbi

463 1331 670 1415 Cmsar,
692 1359 752 1405 ut
775 1343 1031 1401 Ecclesia:
1055 1346 1332 1396 cresceret
1360 1334 1534 1388 almus
1566 1331 1758 1391 honor,

395 1445 553 1501 Jussa
574 1449 787 1513 patrata
821 1437 917 1508 pii,
946 1430 1308 1504 perfectisque
1334 1425 1523 1480 ordine
1542 1421 1726 1483 rebus,

464 1537 715 1603 Undique
736 1528 1086 1588 conveniunt,
1112 1536 1238 1577 orsa
1262 1526 1456 1588 parata
1488 1514 1689 1577 ferunt,

393 1627 570 1683 Urbes
605 1625 940 1680 innumeras,
963 1630 1057 1669 seu
1087 1618 1267 1666 castra
1298 1604 1603 1661 monastica
1628 1608 1848 1665 cuncta,

465 1714 870 1777 Canonicosque
909 1718 1119 1776 greges,
1145 1716 1260 1762 seu,
1288 1697 1601 1759 Benedicte,
1632 1704 1777 1756 tuos,
2011 1678 2059 1738 B

400 1806 523 1861 Rite
543 1806 914 1873 peragrantes,
939 1795 1123 1849 Cresar
1153 1807 1261 1860 quo
1288 1788 1561 1843 maximus
1589 1785 1697 1839 illis

468 1896 731 1955 Jusscrat,
763 1889 1057 1945 adveniunt
1088 1903 1100 1938 :
1132 1885 1248 1938 haec
1274 1894 1489 1951 quoque
1519 1878 1663 1933 dicta
1691 1884 1911 1931 canunt.

398 1988 565 2044 Multa
596 1986 810 2040 favente
834 1982 966 2045 Deo,
991 1985 1282 2044 vestroque
1307 1973 1492 2026 labore
1524 1968 1670 2024 ﬁdeli

473 2081 721 2135 Vidimus
746 2084 940 2133 ornata
968 2072 1083 2126 sive
1107 2076 1323 2140 peracta
1362 2066 1469 2137 pie.

403 2176 603 2237 Rebus,
627 2180 682 2226 et
708 2167 993 2237 exemplis,
1018 2171 1320 2230 cunctoque
1345 2175 1412 2213 ex
1446 2157 1638 2212 ordine
1666 2158 1814 2210 cultu

475 2267 708 2323 Currere
732 2264 939 2317 directo
963 2257 1202 2319 tramite,
1228 2254 1392 2308 dante
1418 2253 1549 2306 Deo.

402 2359 643 2414 Plurima
666 2368 900 2422 namque
924 2349 1121 2412 minus,
1145 2344 1406 2415 neglectis
1432 2342 1596 2396 rebus
1622 2348 1677 2394 et
1703 2346 1850 2400 actu,

479 2448 834 2516 Olliciumque
854 2443 1033 2498 minus
1054 2452 1273 2494 currere
1301 2437 1402 2490 rite
1429 2435 1543 2489 Dei.

408 2542 544 2610 Quis
574 2548 753 2594 tamen
780 2535 981 2591 obnixe
1013 2530 1178 2587 vestri
1202 2528 1301 2584 sub
1327 2526 1564 2596 pondere
1599 2524 1748 2578 verbi

478 2635 769 2696 Jussimus,
805 2630 1093 2700 implerent
1119 2625 1311 2681 ordine
1338 2622 1567 2692 quisque
1594 2635 1712 2675 suo.

414 2729 806 2795 Mcnsurasque
837 2722 938 2778 sibi
969 2727 1152 2775 vestro
1180 2713 1550 2771 moderamine
1578 2713 1789 2772 dantes.

487 2821 620 2887 Quis
644 2817 858 2871 valeant
888 2826 1106 2882 semper
1132 2821 1363 2879 pergere
1394 2806 1518 2876 jure
1545 2803 1712 2856 viam.

416 2913 524 2968 Seu
550 2912 717 2966 etiam
748 2909 946 2962 librum
978 2905 1029 2969 ὶι,
1053 2917 1213 2972 quem
1245 2900 1465 2954 Patrum
1494 2903 1675 2951 vestra
1703 2900 1946 2963 potestas

486 3002 749 3070 Dogmate
785 2992 1077 3063 decerpsit,
1105 2999 1270 3059 atque
1297 2986 1504 3056 peregit
1532 2998 1655 3053 ope.

420 3092 659 3149 Urbibus
682 3096 737 3144 et
765 3085 961 3143 castris
985 3097 1148 3139 sexus
1181 3079 1325 3149 quod
1352 3084 1473 3147 eget
1496 3083 1723 3144 uterque

496 3181 815 3253 Linquimus
844 3195 859 3233 :
885 3175 1136 3231 adfantes
1158 3173 1276 3228 haec
1303 3169 1521 3240 legitate
1542 3166 1664 3220 viri.

424 3277 581 3334 Illum
608 3280 797 3345 pastor
834 3276 982 3324 amat
1006 3265 1237 3338 placide,
1265 3277 1397 3334 grex
1425 3258 1642 3315 sedulus
1668 3257 1818 3311 illum

501 3364 759 3435 Per-legit,
787 3362 934 3416 hunc
961 3372 1177 3426 semper
1205 3352 1389 3409 sedula
1424 3350 1579 3404 turba
1614 3346 1761 3402 colit.

418 3459 555 3515 Illuc
580 3455 863 3512 inveniunt
878 3451 1214 3520 juvenesque
1238 3456 1503 3512 senesque
1534 3437 1797 3511 magistri,

499 3547 637 3616 Quid
668 3551 906 3605 teneant,
933 3541 1180 3602 doceant,
1207 3533 1469 3605 quidquid
1500 3545 1684 3586 amore
1708 3527 1906 3583 colant.

430 3640 695 3694 Addimus
727 3644 812 3689 ast
832 3634 1013 3689 Caesar
1036 3650 1049 3685 :
1075 3637 1199 3701 post
1223 3626 1426 3683 Christi
1458 3634 1703 3694 tempora
1732 3619 1926 3685 nostri,

501 3729 637 3785 Cum
662 3727 814 3797 prius
843 3723 1084 3779 Ecclesia
1110 3719 1284 3775 crevit
1311 3719 1364 3771 in
1392 3718 1523 3771 orbe
1554 3731 1731 3779 sacra,

435 3824 601 3896 (Vera
628 3819 845 3889 quidem
873 3812 1144 3884 canimus)
1179 3811 1380 3865 nullius
1402 3818 1644 3879 tempore
1665 3807 1808 3878 regis

506 3911 768 3968 Creverat
797 3905 1039 3961 Ecclesia
1072 3915 1123 3968 ο,
1151 3916 1249 3956 seu
1270 3900 1458 3964 decus,
1487 3906 1651 3968 atque
1689 3896 1841 3960 ﬁdes,

435 3998 797 4072 Temporibus
827 3996 1022 4051 vestris
1051 4001 1113 4048 ut
1150 4006 1315 4054 nunc,
1343 3991 1640 4062 miserante
1666 3988 1934 4053 Tonante,

509 4090 720 4148 Crescit
747 4101 935 4141 amore
969 4084 1089 4149 Dei,
1113 4083 1228 4138 sive
1247 4080 1445 4135 decore
1473 4079 1578 4134 sui.

517 4265 544 4293 ι
563 4251 622 4307 ld
642 4259 727 4305 est
755 4248 904 4303 missi
930 4246 1085 4316 regii,
1113 4260 1250 4316 quos
1278 4242 1585 4316 Ludovicus
1613 4257 1711 4312 per
1735 4257 1831 4295 sua
1862 4256 2027 4311 regna

441 4324 665 4380 miserat
713 4319 781 4373 ad
824 4313 1093 4389 justitiam
1131 4313 1471 4380 faciendam,
1530 4322 1586 4369 et
1626 4316 2028 4382 eompouendos

442 4394 576 4450 cieri
608 4391 889 4459 utriusque
922 4401 1123 4459 mores.

519 4465 548 4503 ιι
575 4461 779 4531 Nempe
801 4452 882 4513 'de
920 4457 1038 4512 Vita
1074 4456 1391 4531 clericorurn
1417 4466 1465 4531 ei
1505 4452 2025 4531 'Sanctirnonialium,

445 4548 609 4615 quem
662 4522 1119 4655 Aquisgranensis
1172 4525 1386 4582 concilii
1427 4525 1637 4587 Patres,
1690 4524 1764 4578 ita
1804 4522 2031 4590 jnhente

447 4616 693 4655 nussrmo
766 4608 978 4655 uuusto.
1011 4612 1077 4652 ex
1125 4606 1434 4652 sanctorum
1481 4595 1703 4649 Patrum
1748 4592 2031 4646 sententiis

447 4592 693 4675 piissimo
717 4592 978 4675 Augusto,
1011 4612 1077 4675 ea
1125 4606 1434 4675 sanctorum
1481 4595 1703 4675 [latratu
1748 4592 2032 4675 sententiis

450 4661 757 4797 Eonfecere,
790 4661 996 4724 iditum
1045 4668 1099 4722 in
1132 4667 1451 4722 collectione
1486 4663 1849 4720 Conciliorum
1887 4661 2030 4716 Lab-

490 4758 644 4797 eana.

490 4758 644 4797 eana.

527 4825 550 4853 ε
581 4812 793 4875 Melius,
820 4808 1093 4864 Ecclesia.

526 4881 555 4922 ἀ
582 4881 701 4935 Alia
733 4895 895 4934 manu
922 4877 1093 4933 textui
1124 4874 1621 4945 superimpositum.

532 4962 557 4993 ο
582 4950 858 5006 Obscurus
893 4962 1106 5010 sensus,
1130 4941 1291 5014 quem
1318 4941 1496 4997 tamen
1519 4944 1591 4997 ita
1614 4941 1852 5012 explices
1880 4962 1891 4995 :
1922 4942 2036 4999 Mos

456 5033 539 5076 est
562 5020 808 5083 Francis,
834 5029 894 5073 ut
922 5018 969 5073 si
1001 5017 1123 5085 quis
1150 5013 1498 5092 infidelitatis
1538 5014 1590 5066 in
1643 5028 1822 5092 regem
1854 5013 2036 5082 suspi-

457 5092 670 5147 cionem
694 5096 926 5153 moveat,
949 5083 1179 5154 eamque
1211 5084 1285 5138 illi
1330 5084 1614 5154 quisquam
1645 5083 1881 5150 objiciat,
1908 5092 2038 5138 tunc

461 5160 735 5232 singulare
786 5167 1061 5232 certamen
1118 5154 1409 5209 ineundum
1456 5155 1529 5208 sit
1576 5168 1761 5208 coram
1809 5168 1935 5224 rege
1982 5162 2039 5207 et

461 5227 797 5287 Francorum
827 5227 1163 5300 proceribus.

537 5302 555 5341 ί
583 5301 729 5357 idem
748 5293 844 5370 qui
870 5313 1031 5368 supra
1055 5296 1148 5351 lib.
1175 5312 1191 5350 ι
1221 5304 1551 5351 memoratus
1579 5301 1677 5355 est,
1709 5293 1846 5348 Bera
1870 5308 2040 5347 comes

463 5388 677 5496 quorum
700 5371 1017 5449 appellatus.

540 5446 564 5483 ε
647 5459 741 5496 ore
778 5441 1017 5496 'l‘eutonn

540 5446 564 5483 ε
592 5432 753 5498 Μοω⁸
773 5432 1217 5499 Τθυιοηίρογιιῐη,
1254 5438 1346 5505 qui
1369 5437 1398 5490 b
1421 5432 2047 5506 pressiusjpronuntian-

467 5522 550 5566 tes
569 5512 622 5566 in
644 5529 677 5582 ρ
698 5506 1183 5582 convertuntJam
1201 5503 1539 5582 Eginhardus
1558 5514 1612 5558 et
1630 5504 1721 5582 alii
1750 5503 2044 5582 tradidere,

471 5572 777 5653 atque'ego
824 5595 987 5653 supra
1037 5578 1208 5653 innui,
1240 5572 1430 5653 Bergm
1480 5577 1624 5631 hunc
1670 5572 2046 5627 Barcinonensi

480 5646 689 5706 civitati
709 5646 910 5707 Eomitii
939 5649 1200 5721 dignitate
1229 5646 1524 5719 praefuisse.

1697 197 1999 256 EllldOLDi
2041 195 2150 250 ΜΟ
2165 193 2313 247 lil.l.l

3540 176 3627 230 Gl6

1990 319 2038 377 Α
2068 312 2300 366 Dextera
2326 318 2504 358 vestra
2536 300 2663 355 facit
2692 305 2918 353 cunctos
2944 292 3131 365 procul
3165 306 3287 346 esse
3317 299 3589 355 nocentes,

2138 398 2384 467 Protegit
2413 405 2467 448 et
2490 390 2717 446 famulos
2746 389 2970 442 dextera
2995 393 3176 439 vestra
3208 384 3345 452 pios.

2068 491 2245 546 Munia
2275 499 2456 542 vestra
2482 488 2675 541 docent
2702 482 2963 553 quidquid
2993 481 3227 536 docuere
3249 478 3475 547 priores,

2142 580 2199 632 Et
2234 580 2368 632 lacis
2399 577 2614 629 assidue
2644 576 2757 628 haec
2785 572 3025 625 recolere
3059 570 3168 639 ipse
3191 567 3218 607 τι
3245 569 3371 621 tuis.

2072 670 2359 725 Tcrril..ilis
2387 669 2574 731 torvis,
2604 667 2723 735 pius
2746 674 2803 718 et
2828 670 3145 718 mansuetus
3170 659 3426 723 alumnis,

2142 764 2308 832 Inque
2340 762 2445 814 tuis
2484 758 2691 813 meritis
2714 755 2945 809 mundus
2972 750 3211 806 abundat
3231 765 3352 818 ope.

2073 852 2328 908 Reddidit
2357 859 2443 904 ast
2473 849 2579 903 illis
2612 847 2793 901 Caesar
2824 859 2957 898 mox.
2984 849 3207 913 pectore
3240 849 3442 911 grates,

2146 943 2416 999 Muniﬁcis
2445 940 2602 996 donis
2634 944 2888 992 munerat
2916 935 3015 988 hos
3042 933 3264 1003 pariter.

2074 1036 2190 1092 Mos
2219 1042 2340 1090 erat
2368 1032 2626 1101 antiquus
2654 1027 2989 1082 Francorum
3013 1039 3247 1093 semper,
3271 1032 3325 1077 et
3353 1023 3535 1086 instat,

2149 1129 2396 1196 Dumque
2423 1122 2686 1185 manebit,
2710 1121 2817 1175 erit
2840 1120 3016 1188 gentis
3046 1119 3326 1185 honorque
3347 1116 3531 1179 decus,

2078 1221 2153 1278 Ut
2179 1220 2489 1290 quicunque
2521 1215 2680 1270 ﬁdem
2708 1214 2821 1283 regi
2847 1227 3071 1267 servare
3094 1223 3384 1280 perennem

2149 1311 2398 1380 Abnegat
2423 1306 2662 1379 ingenio,
2689 1316 2935 1378 munere,
2959 1301 3074 1355 sive
3098 1298 3240 1363 dolo,

2080 1405 2188 1461 Aut
2216 1402 2364 1473 cupit
2390 1401 2447 1455 in
2473 1413 2676 1470 regem,
2704 1395 2967 1459 sobolem,
2996 1407 3089 1448 seu
3122 1401 3335 1462 sceptra
3361 1389 3589 1445 misellus

2151 1494 2284 1549 Arte
2312 1491 2514 1547 inferre
2539 1486 2761 1557 aliquid,
2788 1500 2909 1555 quae
2932 1494 3091 1539 sonat
3111 1484 3315 1552 absque
3344 1482 3447 1536 lide
3476 1500 3490 1534 :

2083 1586 2223 1641 Tum
2249 1585 2293 1640 si
2322 1582 2495 1638 frater
2524 1580 2694 1642 adest,
2729 1577 2821 1647 qui
2850 1591 2910 1632 se
2940 1590 3104 1645 super
3131 1584 3155 1614 ο
3186 1574 3304 1629 haec
3325 1586 3536 1642 quoque
3568 1571 3643 1624 di-

3482 1670 3583 1725 cat,

2159 1766 2313 1821 Tunc
2335 1764 2490 1818 decet
2519 1770 2580 1817 ut
2602 1760 2745 1815 bello
2774 1766 2947 1815 certet
2969 1764 3199 1827 uterque
3227 1754 3344 1811 fero
3460 1662 3481 1734 Ι·

2085 1858 2326 1928 Regibus
2350 1863 2405 1910 et
2431 1855 2655 1909 Francis
2680 1868 2886 1915 coram,
2910 1858 3213 1919 cunctoque
3236 1854 3425 1904 senatu
3449 1865 3460 1900 :

2158 1949 2475 2004 Detestatur
2498 1947 2643 2001 enim
2672 1944 2901 1999 Francia
2927 1943 3096 1997 hocce
3122 1939 3294 1996 nefas.

2017 2069 2022 2075 α
2089 2042 2332 2111 Nemque
2380 2038 2483 2093 fuit
2523 2038 2698 2093 dictus
2742 2035 2962 2106 quidam
3005 2031 3143 2087 Bero
3177 2031 3197 2071 ί
3238 2029 3453 2085 nomine
3489 2042 3648 2097 quon-

3476 2119 3588 2172 dam

3476 2119 3535 2172 da

2161 2227 2322 2281 Dives
2350 2237 2510 2293 opum
2544 2218 2792 2281 nimium,
2822 2230 2934 2286 prce
2959 2228 3176 2284 quoque
3202 2212 3316 2267 sive
3342 2118 3540 2281 potius,

2095 2316 2197 2383 Qui
2228 2313 2619 2367 Parchinouam
2652 2310 2676 2348 ε
2706 2304 2900 2361 Carolo
2929 2305 3201 2358 tribuente
3223 2303 3458 2366 tenebat,

2169 2403 2528 2471 Temporibus
2555 2397 2737 2453 multis
2767 2394 2973 2450 credita
2994 2392 3119 2461 jura
3146 2408 3358 2463 regens.

2099 2495 2255 2549 llunc
2279 2508 2441 2562 super
2475 2490 2738 2544 infestans
2763 2487 2918 2550 alius,
2943 2484 3030 2540 cui
3058 2484 3246 2540 Sanilo
3266 2486 3295 2524 ιι
3316 2498 3500 2539 nomen

2172 2584 2398 2651 Pmpria
2433 2591 2580 2635 terra
2603 2579 2771 2643 dedit,
2796 2577 3163 2645 alteruterquc
3197 2577 3214 2615 ί
3249 2574 3471 2631 Gothus.

2104 2675 2203 2730 llic
2228 2673 2376 2727 venit
2395 2671 2461 2727 ad
2487 2686 2694 2741 regem,
2719 2685 2900 2724 coram
2936 2668 3241 2738 populoque
3265 2678 3449 2723 senatu

2180 2764 2356 2818 Verba
2392 2761 2628 2817 nefanda
2663 2761 2829 2823 canit,
2859 2775 2979 2830 qua:
3006 2759 3145 2815 Bero
3172 2770 3369 2815 cuncta
3400 2768 3563 2828 negat.

2108 2857 2406 2912 Prosiliunt
2435 2854 2662 2926 pariter,
2691 2853 2920 2923 pedibus
2947 2851 3237 2907 volvuntur
3265 2850 3515 2911 honestis.

2181 2951 2358 3021 Atque
2383 2956 2674 3019 precantur
2701 2948 2781 3002 eis
2820 2945 3014 3001 martia
3035 2944 3144 2999 tela
3177 2945 3316 3000 dari.

2034 3032 2078 3092 C
2112 3043 2248 3099 Tum
2278 3044 2416 3098 Bero
2442 3041 2652 3112 primus
2687 3040 2763 3093 ait
2792 3057 2804 3092 :
2833 3037 3035 3103 Caisar,
3063 3037 3286 3107 pietatis
3312 3049 3489 3091 amore

2187 3140 2480 3207 Deprecor,
2509 3141 2569 3187 ut
2596 3131 2761 3186 liceat
2786 3131 2889 3184 ista
2920 3144 3121 3200 negare
3148 3128 3305 3183 mihi.

2112 3228 2262 3284 More
2292 3234 2471 3279 tamen
2499 3230 2685 3276 nostro
2706 3219 2867 3275 liceat
2896 3219 3135 3274 residere
3159 3217 3439 3281 caballum,

2186 3319 2461 3384 Armaque
2486 3313 2629 3368 ferre
2655 3327 2774 3366 mea
2802 3329 2815 3364 :
2842 3310 3038 3379 stepius
3064 3310 3165 3364 ista
3188 3318 3364 3380 rogat.

2115 3409 2299 3466 Caesar
2326 3406 2402 3461 ait
2432 3423 2445 3458 :
2478 3404 2702 3458 Francis
2728 3403 2870 3456 hanc
2894 3416 3008 3455 rem
3037 3399 3194 3456 ﬁnire
3227 3400 3446 3455 licebit:

2190 3499 2283 3554 Sic
2306 3497 2409 3561 fas,
2441 3495 2629 3564 sicque
2657 3494 2827 3555 decet,
2851 3507 3059 3563 nosque
3079 3491 3340 3561 jubemus
3360 3490 3513 3544 idem.

2117 3588 2439 3656 Judicioque
2462 3584 2589 3639 dato
2621 3584 2955 3637 Francorum
2984 3597 3051 3637 ex
3079 3596 3233 3636 more
3259 3588 3470 3636 vetusto
3495 3577 3508 3627 ἱ

2190 3679 2356 3734 Arma
2387 3686 2600 3749 parant,
2628 3675 2821 3746 trepidi
2848 3689 3069 3729 currere
3097 3675 3151 3729 in
3178 3690 3334 3728 arma
3358 3673 3546 3728 volunt.

2121 3769 2303 3825 Catsar
2325 3782 2511 3822 amore
2534 3766 2627 3820 Dei
2655 3765 2844 3834 paucis
2870 3764 3159 3834 compellat
3181 3764 3420 3829 eosdem,

2193 3861 2353 3917 Certa
2376 3875 2579 3915 canens
2605 3858 2710 3913 illis
2732 3873 2830 3928 pro
2854 3856 3059 3927 pietate
3095 3872 3215 3912 sua.

2126 3954 2383 4023 Quisquis
2409 3953 2504 4017 ait,
2543 3958 2786 4005 vestrum
2814 3948 2945 4003 mihi
2969 3949 3170 4019 quippe
3199 3947 3451 4004 fatebitur
3476 3946 3608 4000 ultro

2201 4044 2392 4100 Delicti
2424 4043 2581 4098 istius
2607 4040 2856 4112 protinus
2888 4055 3009 4096 esse
3040 4054 3215 4105 reum,

2198 4242 2227 4282 h
2255 4240 2613 4294 Astronomus
2639 4244 2830 4290 auctor
2865 4235 3003 4291 Vita:
3022 4232 3283 4289 Ludovici
3312 4232 3394 4288 Pii
3417 4232 3484 4289 ad
3508 4241 3684 4285 annum

2131 4312 2235 4367 820
2262 4311 2377 4365 lucc
2420 4307 2608 4379 paucis
2631 4306 2891 4379 describit
2916 4323 2929 4359 :
2966 4324 2983 4355 σ
3007 4304 3078 4379 _ln
3113 4303 3313 4374 palatio
3340 4316 3545 4374 quoque
3567 4298 3687 4379 Ben

2051 4387 2105 4447 D
2130 4395 2317 4437 comes
2368 4369 2805 4440 Barcinonensis,
2830 4391 2958 4447 cum
3006 4369 3373 4444 impeteretur'
3400 4388 3431 4427 a
3465 4369 3686 4447 quodam

2130 4458 2325 4507 vocato
2351 4449 2560 4511 Sanila,
2584 4458 2638 4503 et
2661 4446 2995 4500 inﬁdelitatis
3016 4439 3355 4515 argueretur,
3379 4439 3511 4515 cum'
3525 4439 3686 4495 eodem

2134 4520 2432 4576 secundum
2479 4519 2650 4588 legem
2679 4517 2973 4588 propriam,
3026 4514 3260 4585 utpote
3309 4514 3437 4582 quia
3489 4520 3687 4585 uterque

2133 4591 2343 4647 Gothus
2376 4599 2510 4651 erat,
2531 4576 2795 4657 Equestri.
2819 4576 3003 4655 przelio
3029 4576 3363 4657 congressus
3411 4590 3516 4645 est,
3541 4588 3593 4633 et
3618 4576 3690 4628 ivi-

2135 4670 2276 4717 ctus.
2322 4679 2341 4712 ι
2376 4655 2747 4715 N05ter‘vero
2795 4657 3027 4710 duellum
3070 4655 3313 4709 oblatum
3345 4662 3401 4708 et
3443 4655 3687 4720 acceptum

2137 4731 2328 4787 scribit
2373 4745 2524 4785 more
2557 4729 2723 4783 etiam
2768 4726 3123 4786 Francorum.
3169 4726 3311 4794 apud
3337 4739 3475 4795 quos
3517 4719 3690 4795 pariter

2137 4803 2475 4871 exploratum
2505 4808 2611 4863 est,
2646 4800 2701 4853 in
2741 4813 2841 4871 usu
2882 4796 3049 4871 fuisse
3077 4790 3375 4871 singularia
3401 4790 3687 4871 certamina.

2141 4860 2250 4927 Sed
2302 4872 2354 4925 in
2409 4887 2475 4926 eo
2533 4860 2744 4924 tantum
2796 4868 2961 4923 Gothi
3010 4882 3041 4921 a
3092 4860 3319 4920 Francis
3383 4860 3683 4927 diﬂ‘erebaut.

2140 4942 2282 5064 qu‘pd
2324 4942 2360 4995 ii
2391 4940 2622 5011 equites,
2661 4939 2751 4994 isti
2784 4953 2914 4993 vero
2943 4937 3153 5007 pedites
3187 4936 3551 4991 decertabant.
3583 4926 3688 4983 \‘izle

2142 5030 2195 5064 ιιι
2228 5028 2305 5064 ra.
2965 5026 2978 5040 '

2142 5026 2305 5068 lllll‘a.
2965 5026 2978 5040 ’

2221 5083 2236 5122 ἱ
2274 5082 2376 5135 Pro
2397 5090 2631 5151 uterque.
2659 5078 2727 5133 Et
2758 5078 2986 5151 quidem
3013 5077 3151 5132 Bcra
3197 5084 3254 5129 et
3301 5073 3484 5129 Sanilo
3510 5078 3684 5135 uterque

2143 5150 2344 5227 Cothys
2369 5148 2772 5227 ex_As_tronomi
2797 5148 2921 5203 ﬁde.

2218 5220 2231 5271 ί
2284 5219 2399 5275 Non
2424 5220 2723 5275 Gothorum
2757 5234 2926 5284 more,
2969 5217 3064 5272 sed
3104 5214 3462 5277 Francorum,
3499 5213 3592 5284 hoc
3623 5207 3689 5281 cii

2145 5273 2451 5345 certamine
2470 5290 2706 5360 pedestri
2738 5288 2887 5343 litem
2916 5273 3066 5342 lianc
3095 5273 3469 5360 dirimendaur
3491 5273 3684 5360 Ludovi;

2147 5377 2244 5415 cus
2267 5350 2513 5429 imperat.
2542 5359 2815 5429 Fortassis
2855 5360 3021 5413 etiam
3051 5371 3158 5409 non
3190 5356 3314 5429 aliis
3336 5353 3500 5429 armis
3540 5350 3595 5403 iis
3627 5350 3686 5429 uti

2147 5443 2307 5501 posse
2338 5418 2522 5501 datum
2560 5445 2723 5499 quam
2772 5428 2996 5497 fustibus
3022 5433 3096 5501 _et
3127 5427 3327 5501 scutis,
3369 5424 3446 5478 uti
3489 5418 3689 5475 statuunt

2151 5496 2257 5554 non
2283 5515 2387 5553 una
2414 5496 2744 5553 Francorum
2775 5496 2972 5569 regum
3012 5496 3344 5569 Capitularia
3371 5510 3385 5547 :
3417 5504 3575 5569 quem.
3602 5499 3689 5538 niu-

2152 5585 2267 5651 rem
2298 5571 2461 5651 etiam
2491 5572 2544 5624 in
2568 5569 2775 5623 Italiam
2796 5557 3537 5636 in‘vectumeangobard'ica:
3559 5557 3691 5625 Leges

2156 5648 2429 5695 evincunt.
