3856 6190
235 251 335 307 617

231 370 486 426 Errorem
510 368 777 423 miserans
800 369 1032 433 donabo,
1061 377 1118 424 et
1145 378 1340 424 cuncta
1364 369 1636 423 remittam

298 460 493 517 Debita
522 460 750 530 peccati,
772 460 985 514 vinctus
1013 476 1198 515 amore
1234 459 1350 514 Dei.

227 552 449 610 Credite
472 566 728 620 namque,
757 552 895 606 meis
927 559 1146 621 praestat
1172 565 1365 622 parere
1389 551 1647 617 suadelis,

297 642 477 709 Quam
499 641 612 695 fera
644 641 886 711 pestiferi
915 642 1101 712 prmiia
1127 642 1312 697 Martis
1346 645 1452 713 agi.

227 730 328 786 Ast
357 730 434 785 illi
471 729 677 785 celeres
705 731 1010 802 iterumque
1038 733 1344 802 iterumque
1373 743 1688 803 precantur.

299 821 448 876 Bella
475 820 693 890 placent
721 823 912 887 nobis;
946 823 1085 878 bella
1113 834 1378 894 parentur
1404 827 1574 881 enim.

229 911 412 968 Caesar
441 912 522 966 eis
545 913 765 982 sapiens
790 933 804 967 :
831 927 856 954 α
886 913 1218 970 Francorum
1244 917 1370 987 jura
1402 917 1675 973 lacessant
1709 931 1713 934 ‘

297 1002 588 1072 Przecipit;
622 1011 709 1057 ast
731 1003 830 1068 illi,
863 1005 1007 1059 baud
1037 1020 1210 1071 mora,
1235 1007 1386 1075 jussa
1421 1008 1626 1063 colunt.

231 1095 324 1150 Bst
353 1094 505 1149 locus
535 1094 761 1164 insignis
797 1095 962 1166 regali
997 1098 1278 1164 proximus
1307 1098 1462 1163 aulae,

298 1183 470 1237 Fama
507 1185 591 1237 sui
619 1184 746 1249 late,
791 1199 910 1254 qua:
936 1186 1207 1240 vocitatur
1237 1187 1420 1258 Aquis,

231 1273 500 1329 Marmore
525 1276 855 1345 praecinctus
877 1276 1135 1345 lapidum,
1169 1279 1283 1333 sive
1310 1293 1506 1350 aggere
1535 1289 1742 1350 septus,

297 1364 555 1420 Consitus
578 1365 884 1430 arboribus,
913 1382 1020 1436 quo
1043 1367 1182 1421 viret
1205 1368 1370 1423 herba
1401 1383 1614 1424 recens.

228 1455 296 1511 At
321 1455 518 1510 ﬂuvius
549 1458 784 1512 medium
813 1458 1117 1529 praelambit
1158 1461 1371 1531 gurgite
1410 1461 1597 1525 lento;

297 1548 458 1604 Hunc
485 1548 735 1604 volucres
761 1551 928 1604 varia:
963 1551 1354 1621 ineolitantque
1379 1553 1530 1608 ferte.

229 1640 455 1709 Quando
487 1641 664 1710 placet
693 1643 828 1712 regi,
854 1644 1041 1712 paucis
1075 1644 1464 1701 comitantibus
1494 1646 1618 1702 illuc

299 1733 544 1787 Venandi
576 1733 754 1788 studio
780 1735 978 1803 saepius
1008 1735 1334 1804 ingreditur.

231 1823 421 1897 Figere
445 1827 790 1898 cornigerum
827 1828 1166 1899 prmgrandia
1201 1841 1430 1900 corpora
1459 1829 1607 1886 ferro

295 1920 618 1985 Cervorum,
655 1928 750 1974 aut
778 1922 1023 1975 dammas
1050 1929 1354 1992 percutere,
1400 1931 1564 1992 atque
1599 1935 1814 1993 capras.

231 2010 335 2066 Seu
365 2011 540 2082 glacie
567 2011 871 2082 stringente
900 2011 1076 2067 solum
1106 2013 1206 2067 sub
1239 2021 1482 2082 tempore
1505 2014 1712 2070 brumae

300 2104 623 2176 Unguigcris
648 2104 898 2160 volucres
927 2104 1205 2174 exagitare
1236 2105 1385 2175 capis
1407 2105 1459 2160 ι’.

231 2205 255 2235 ³
290 2195 438 2265 Ergo
467 2196 595 2250 illuc
623 2196 851 2250 veniunt
879 2195 1091 2250 tremuli
1119 2195 1278 2260 Bero,
1320 2195 1506 2250 Saniio
1543 2212 1644 2252 nec
1673 2208 1811 2265 non;

296 2285 665 2356 Cornipedum
690 2287 933 2341 resident
959 2300 1188 2355 corpora
1219 2300 1408 2354 magna
1437 2285 1564 2351 viri,

231 2378 395 2434 Scuta
422 2387 620 2450 gerunt
643 2377 823 2444 dorso,
863 2377 1222 2446 manibusque
1249 2376 1464 2431 hastilia
1493 2385 1738 2446 portant,

298 2469 638 2540 Exspectant
663 2468 876 2540 signum
907 2468 1050 2540 regis
1078 2467 1146 2522 ab
1173 2479 1299 2522 arce
1329 2466 1469 2530 dari,

229 2557 377 2627 Quos
406 2559 654 2629 sequitur
675 2559 898 2628 propius
921 2557 1117 2629 regalis
1145 2557 1302 2611 turba
1328 2556 1594 2622 virorum,

300 2648 492 2721 [legali
523 2647 678 2717 jussu
710 2659 862 2704 scuta
891 2647 1128 2720 gerendo
1165 2646 1346 2712 simul,

234 2741 306 2799 Ut
333 2742 379 2797 si
410 2741 534 2812 quis
563 2741 767 2796 socium
790 2737 970 2810 gladio
998 2738 1351 2810 percusserit,
1391 2737 1416 2777 ά
1449 2737 1525 2794 illi

367 2875 487 2930 Hoc
531 2883 652 2930 est“:
699 2873 954 2944 Indulgeo
998 2873 1152 2927 vobis
1200 2881 1278 2935 ut,
1310 2871 1533 2929 dimissa
1573 2869 1813 2934 France.

211 2959 353 3074 "ausu:
382 2945 798 3011 consuetudine,
823 2942 1127 2999 Guthorum
1172 2957 1324 2999 more
1355 2953 1632 3002 certamen
1661 2945 1816 3003 inea-

230 3151 485 3221 canibtis,
510 3163 604 3209 aut
625 3155 994 3228 accipitribus,
1022 3153 1108 3209 vel
1133 3155 1300 3228 capis,
1329 3166 1466 3224 quos
1489 3155 1682 3228 vulgus
1708 3151 1809 3212 fal-

232 3242 398 3284 cones
423 3233 604 3290 vocat,
629 3241 727 3297 per
747 3224 1024 3297 ipsum
1053 3224 1366 3297 venationes
1406 3224 1676 3281 exerceat.
1718 3247 1736 3280 ι
1767 3228 1813 3283 Α

232 3297 500 3370 capiendo
538 3293 766 3370 avesjta
795 3293 1396 3370 dicti_put_antur._Al_ia
1435 3296 1680 3370 ekempla
1723 3312 1816 3367 ag-

231 3363 500 3440 giomerat
541 3367 620 3440 Du
664 3365 900 3440 Cangius
942 3363 997 3420 in
1025 3363 1303 3440 Clossariq
1337 3363 1548 3419 Latino.
1579 3363 1810 3440 Adpro-

231 3431 420 3563 gterea
449 3435 696 3491 ϐινήσας
725 3431 869 3506 capis
906 3434 1173 3507 praelatus,
1206 3431 1363 3501 cujus
1389 3443 1474 3488 est
1515 3431 1718 3489 mentio
1760 3436 1812 3489 in

279 3509 354 3562 ita
380 3506 639 3562 Ludovici
665 3505 744 3561 Pii
772 3505 840 3560 ad
867 3519 1069 3560 annum
1088 3503 1194 3559 8l3
1217 3511 1360 3556 recte
1389 3504 1706 3560 statuendus
1732 3514 1812 3560 est

279 3509 354 3562 ita
380 3506 639 3562 Ludovici
665 3505 744 3561 Pii
772 3503 840 3560 ad
867 3503 1069 3560 annum
1088 3503 1194 3559 8l3
1217 3511 1360 3556 recte
1389 3504 1706 3560 statuendus
1732 3514 1816 3560 est

231 3592 463 3650 magnus
486 3575 828 3650 regite‘auige
867 3575 1213 3650 [ᾳιεοηαιζίιιε.
1250 3571 1422 3650 Certe
1467 3574 1609 3650 i_nt_e_r
1637 3575 1815 3650 regios

231 3640 617 3702 ministerial'es
645 3645 839 3701 Carolo
867 3640 1064 3716 Magno
1097 3643 1404 3716 ingepistola
1433 3640 1814 3716 adi’ippinum

231 3717 401 3773 illium
427 3716 707 3772 faiconarii
749 3713 1123 3771 recensentur.
1153 3713 1259 3769 Eds
1293 3713 1460 3768 etiam
1492 3713 1814 3770 Hiucinarus

232 3786 559 3844 Rbemensis
587 3787 909 3842 memoravit
951 3785 1093 3841 inter
1132 3784 1405 3855 palatinas
1431 3784 1727 3856 dignitates
1755 3785 1809 3842 in

232 3856 327 3914 lib.
349 3857 417 3913 de
436 3856 638 3913 Ordine
665 3856 872 3929 palatii.

302 3885 327 3912 ὀ
349 3885 417 3913 UC
437 3885 638 3913 UI‘UIIIU
665 3885 872 3929 μιιιαιιι.

302 3947 327 3977 ο
383 3934 712 3991 Certaminis
755 3936 914 4006 hujus
956 3885 1250 4006 descriptio
1297 3931 1591 4003 singularia
1647 3933 1813 3990 habet

230 4014 418 4062 ηοιςιιιι
450 4006 630 4076 digna,
659 4020 778 4074 quae
806 4004 945 4076 apud
972 4004 1105 4059 alios
1132 4019 1321 4059 eorum
1355 4014 1653 4072 temporum
1678 4005 1814 4060 scri-

230 4087 416 4147 ptores
455 4073 656 4130 frustra
679 4073 954 4145 requiras.

300 4146 328 4186 ά
367 4146 598 4216 Quando
622 4146 872 4216 abrogari
899 4143 1121 4199 omnino
1156 4141 1282 4199 olim
1322 4157 1429 4198 non
1471 4143 1646 4211 potuit
1677 4144 1810 4200 abo-

235 4216 525 4269 minandus
566 4215 862 4270 duellorum
905 4229 1055 4277 usus,
1103 4229 1165 4269 ea
1216 4224 1395 4284 tamen
1444 4228 1706 4284 peragere
1753 4216 1810 4272 in

231 4293 524 4354 conspectu
563 4286 803 4339 omnium
842 4299 977 4354 opus
1006 4293 1152 4348 erat;
1205 4297 1261 4339 et
1310 4283 1522 4354 saltem
1553 4283 1809 4354 pietatem

234 4353 434 4434 sapuit,
477 4356 652 4436 victos
690 4353 1006 4436 plerumque
1033 4355 1261 4436 eripere
1287 4354 1466 4408 morti.
1501 4353 1570 4407 At
1598 4354 1809 4411 seculis

1080 242 1167 304 DE
1208 250 1434 304 REBbb
1472 252 1716 304 (ιδδῒιδ
1759 250 2082 310 ιλυυυγῐει
2125 249 2229 304 1⁵11.
2272 281 2340 291 -ι-
2382 251 2505 304 LIB.
2549 247 2632 306 IV.

3377 259 3498 320 rm

1842 380 1892 434 Α
1991 369 2139 424 More
2162 371 2253 438 pio
2291 371 2545 441 eripiant,
2576 369 2768 426 mortis
2791 370 2857 423 ab
2885 385 2981 423 ore
3009 371 3244 425 trahant.

1918 463 2039 518 Mox
2070 463 2384 519 Cunzioldus
2410 465 2586 528 adest,
2620 476 2644 500 υ
2674 462 2934 517 feretrum
2967 465 3032 517 de
3064 478 3215 518 more
3241 474 3492 535 paratum

1987 555 2194 609 Ducere
2223 563 2450 625 postque
2469 553 2644 623 jubet,
2676 564 2733 608 ut
2764 554 2941 608 fuerat
2980 555 3189 611 solitus.

1915 648 2188 703 Annuitur
2221 649 2357 703 solio
2391 666 2403 702 :
2431 665 2555 702 mox
2579 647 2655 702 illi
2677 647 2817 702 bella
2843 647 3117 702 lacessunt

1985 738 2118 792 Arte
2151 754 2287 792 "0V3
2316 737 2541 794 Francis
2568 746 2727 793 antea
2751 747 2877 791 nota
2908 739 3107 792 minus.

1916 825 2207 892 Etjaciunt
2228 828 2431 892 hastas,
2456 827 2803 882 mucronibus
2832 827 3052 897 insuper
3077 829 3212 882 actis

1987 916 2175 970 Praelia
2209 918 2491 972 tentabant
2519 917 2670 970 irrita
2698 933 2848 973 more
2879 933 2997 972 suo.

1915 1007 2035 1062 Jam
2068 1009 2203 1062 Bero
2231 1007 2342 1078 figit
2373 1023 2568 1076 equum
2587 1048 2602 1072 ,
2633 1023 2793 1080 gyros
2818 1009 2948 1065 dare
2974 1008 3292 1081 cornipedes
3324 1001 3344 1050 τ
3373 1021 3496 1065 mox

1985 1099 2196 1168 Incipit,
2226 1108 2389 1168 atque
2430 1097 2564 1170 fugit
2589 1109 2743 1170 prata
2767 1117 2865 1170 per
2887 1103 3063 1172 ampla
3093 1104 3260 1158 celer.

1914 1189 2007 1246 Ille
2037 1193 2189 1260 sequi
2227 1191 2466 1256 simulat,
2515 1192 2732 1247 tandem
2761 1192 2985 1246 dimittit
3016 1194 3276 1258 habenas,

1989 1283 2057 1337 Et
2081 1282 2208 1337 ferit
2229 1295 2359 1338 ense
2385 1299 2399 1335 :
2433 1282 2523 1335 ille
2557 1285 2581 1323 ε
2612 1297 2670 1337 se
2695 1283 2838 1337 canit
2870 1297 2992 1337 esse
3017 1299 3189 1338 reum.

1916 1369 2260 1425 Concurrunt
2285 1370 2511 1439 juvenes
2536 1369 2720 1433 validi,
2753 1369 3062 1440 fessumque
3088 1371 3352 1427 Beronem

1986 1462 2233 1530 Eripiunt
2268 1461 2428 1515 morti
2459 1461 2705 1516 Ctesareo
2739 1462 2965 1516 monitu.

1918 1554 2143 1610 Miratur
2162 1553 2476 1609 Gundoldus
2497 1555 2665 1618 enim,
2697 1554 3068 1625 feretrumque
3093 1551 3318 1612 remittit

1987 1647 2205 1714 Absque
2231 1659 2396 1700 onere
2419 1645 2594 1708 tectis,
2621 1653 2843 1699 venerat
2875 1647 3036 1710 unde,
3065 1661 3240 1702 suum.

1849 1733 1895 1790 Β
1924 1734 2108 1791 ϐωεπ
2132 1736 2181 1789 ei
2221 1735 2385 1788 vitam
2415 1733 2620 1798 tribuit,
2648 1734 2942 1804 tribuitque
2968 1735 3218 1800 salutem,

1994 1825 2062 1880 Et
2089 1825 2354 1880 miserans
2379 1825 2414 1865 ιι
2430 1825 2678 1896 preprias
2700 1826 2864 1879 cessit
2885 1826 3085 1880 habere
3111 1826 3295 1896 dapes.

1922 1916 1968 1972 0
1986 1918 2160 1988 pietas
2188 1917 2450 1972 immensa
2482 1917 2677 1972 nimis!
2703 1917 3016 1986 peccamina
3044 1917 3214 1982 laxat,

1990 2006 2144 2061 Cedit
2169 2020 2321 2074 opes,
2341 2005 2508 2059 vitam
2535 2005 2678 2060 cedit
2705 2005 2906 2060 habere
2945 2005 3072 2060 reis.

1921 2098 2048 2154 Haac
2083 2099 2273 2154 eadem
2298 2098 2472 2167 pietas
2503 2098 2710 2169 (posco,
2749 2107 2909 2170 atque
2937 2113 3164 2170 reposco
3193 2097 3386 2169 lidelis)

1991 2191 2187 2246 Memet
2213 2193 2230 2232 ί
2269 2190 2500 2261 Pippino
2529 2191 2720 2246 reddat
2741 2194 2920 2263 Opima
2947 2192 3056 2262 pio.

1917 2282 2058 2348 Jam,
2083 2283 2370 2339 Benedicte
2395 2282 2441 2348 i,
2471 2293 2620 2338 tuum
2651 2283 2932 2354 complesti
2958 2296 3024 2338 ex
3039 2281 3230 2340 ordine
3251 2292 3494 2350 cursum,

1987 2373 2340 2444 Servastique
2365 2373 2546 2439 fidem,
2577 2373 2778 2427 Paulus
2805 2382 2863 2426 ut
2891 2382 2986 2429 ore
3018 2381 3190 2428 tonat.

1918 2463 2070 2520 Nunc
2095 2464 2430 2533 paradisiaca
2460 2462 2705 2519 residens
2733 2461 2978 2518 laetanter
3005 2465 3058 2519 in
3093 2457 3215 2519 aula

1989 2555 2346 2626 Equivocum
2374 2557 2399 2596 ιι
2433 2556 2696 2624 sequeris,
2727 2571 2886 2626 quem
2913 2556 3002 2611 hic
3028 2556 3270 2612 imitatus
3293 2570 3437 2612 eras.

1917 2646 2134 2702 Tertius
2162 2647 2215 2702 in
2236 2656 2422 2701 vestro
2449 2646 2609 2700 linem
2636 2653 2782 2700 tenet
2809 2660 2937 2700 ecce
2967 2645 3180 2701 libellus

1990 2735 2238 2803 Nomine,
2270 2745 2331 2791 ut
2357 2735 2598 2792 Ermoldi
2630 2733 2647 2775 1
2677 2736 2755 2790 sis
2790 2749 3000 2791 memor
3023 2735 3163 2792 alme
3193 2737 3292 2791 tui.

1917 2873 2008 2929 diu
2029 2870 2232 2928 fraudis
2259 2881 2312 2926 et
2343 2869 2674 2926 infidelitatis
2706 2886 2738 2926 a
2776 2870 2969 2924 vicinis
2998 2863 3113 2924 suis
3142 2869 3493 2927 insimulabao

1915 2953 2025 3007 tur,
2054 2959 2177 3000 cum
2221 2951 2537 3014 accusatore
2565 2957 2664 2997 suo
2701 2938 2941 3011 equestri
2989 2948 3167 3011 pugna
3203 2942 3494 3014 conﬂigere

1917 3023 2162 3078 conatus,
2185 3013 2438 3067 vincitur.
2477 3031 2496 3065 ι

303 3055 334 3128 ί
374 3084 627 3158 Synodus
655 3083 958 3158 Ticinensis
977 3097 1120 3158 anno
1147 3081 1272 3158 850,
1300 3097 1506 3141 canone
1539 3085 1611 3158 4:
1639 3106 1657 3138 ι
1693 3085 1809 3158 Pjon
1839 3077 1886 3141 C
1918 3055 2635 3158 wgfl't‘leviruinmi'g‘inhardus
2659 3060 2730 3158 ἴε
2768 3071 3011 3152 Cumque
3059 3090 3118 3136 ut
3156 3095 3282 3136 reus
3326 3080 3499 3158 majeg

1914 3155 2074 3225 statis
2103 3151 2321 3225 capitali
2341 3147 2646 3225 Tsententia,
2685 3147 3056 3225 damnaretur,
3089 3167 3307 3223 parsum
3333 3147 3496 3225 θεᾷ-91

1915 3217 2287 3280 misericordia
2339 3223 2705 3292 imperatoris,
2763 3228 2818 3278 et
2863 3217 3259 3292 Rotliom'agum
3307 3217 3502 3278 exsilio

1914 3295 2250 3365 proscriptus
2285 3301 2390 3365 est.
2422 3291 2446 3365 ξ
2476 3291 2657 3365 Quare
2685 3306 2809 3365 cum
2840 3297 3026 3365 noster
3050 3293 3144 3355 ait,
3171 3291 3245 3346 illi
3269 3291 3500 3365 permis-

1915 3309 2121 3365 proscri
2166 3309 2250 3349 tus
2285 3309 2390 3346 esr.
2428 3314 2446 3344 ι
2476 3309 2657 3359 quare
2685 3309 2809 3346 cum
2840 3309 3026 3346 noster
3050 3309 3144 3355 ait,
3171 3309 3245 3346 nn
3269 3309 3500 3361 permis-

1915 3379 2037 3418 sum
2058 3379 2088 3417 a
2116 3309 2388 3418 BudOvico
2414 3363 2612 3431 habere
2631 3361 2872 3431 proprias
2898 3360 3081 3431 dapes,
3125 3361 3342 3431 propria
3379 3370 3500 3415 tan-

1917 3442 2028 3487 tum
2056 3433 2194 3497 bona
2223 3431 2446 3485 dimissa
2493 3431 2544 3485 ei
2590 3427 2755 3484 fuisse
2805 3427 3211 3497 intelligendum
3230 3427 3351 3497 Vest,
3391 3445 3499 3484 non

1914 3510 2094 3557 autem
2139 3494 2593 3556 Barcinonensem
2635 3494 3032 3569 prtefgcturam.
3065 3499 3122 3553 In
3155 3497 3275 3556 Vita
3306 3494 3500 3569 Ludo.

1916 3573 2020 3628 vici
2045 3571 2111 3626 ad
2131 3587 2334 3626 annum
2355 3570 2460 3627 834
2483 3565 2722 3626 occurrit
2757 3565 2946 3622 Sanila
2974 3584 3165 3622 comes.
3191 3567 3319 3625 Veri
3347 3569 3501 3624 vide-

1916 3652 2006 3696 tur
2043 3641 2220 3698 simile
2269 3640 2518 3698 eumdem
2569 3638 2738 3694 fuisse
2794 3646 2960 3705 atque
3005 3637 3158 3693 Bene
3211 3639 3498 3702 victorem.

1915 3713 2120 3785 praemii
2156 3712 2277 3769 loco
2303 3707 2568 3783 dignitate
2587 3707 2803 3787 comitis
2830 3715 3023 3789 postea
3052 3715 3291 3764 auctum.

1993 3784 2008 3825 ι
2056 3782 2188 3837 Vide
2217 3779 2596 3837 Pnefationem
2622 3793 2798 3834 meam
2828 3794 2884 3832 in
2928 3775 3214 3837 Nztzellum.

2103 3795 2188 3838 ιαε
2219 3795 2596 3837 rnetattonem
2622 3795 2798 3834 meam
2828 3795 2884 3832 In
2928 3795 3214 3838 urgeuum.

1993 3792 2008 3825 ι
2059 3792 2188 3838 Vide
2219 3792 2596 3837 Praefationem
2622 3793 2798 3834 meam
2828 3794 2884 3832 in
2928 3792 3214 3848 urgeuum.

1988 3850 2004 3903 i
2052 3853 2256 3924 Nempe
2279 3852 2592 3924 Benedictus
2621 3847 2958 3912 Aniumnn’s,
2994 3857 3061 3924 et
3087 3855 3276 3924 postea
3306 3845 3506 3924 Inde»-

1903 3925 1988 3994 ,ρει
2027 3916 2212 3996 abbas'2
2248 3923 2335 3996 vir
2372 3923 2901 3996 sanctitate'morutn
2929 3916 3340 3996 celeberrimus,
3383 3916 3500 3996 jam

1893 3988 2076 4065 “‘“supra
2106 4010 2135 4047 a
2169 3992 2376 4065 Nigello
2414 3988 2956 4065 inertiora'tuss__l_5um
2999 4005 3153 4065 ηιφιζεε
3197 3989 3501 4065 1⁸)..⁰¹¹Ξ¹¹¹¹¹¹

1915 4057 2097 4119 intulit
2133 4057 2274 4118 ωηιὸ
2302 4064 2428 4128 821,
2457 4064 2534 4117 uti
2558 4078 2624 4117 ex
2648 4057 2766 4130 ejus
2785 4057 2905 4130 Vita
2937 4061 3076 4130 apud
3106 4058 3500 4130 Mabillonium,

1914 4135 2093 4208 saeculi
2132 4151 2181 4189 tv
2207 4127 2547 4208 parte_tAct.
2577 4127 2828 4208 Sanctpr.
2858 4127 3192 4208 Benedictin.
3214 4129 3294 4182 Ac
3319 4130 3506 4208 proin-

1913 4207 1980 4260 de
2008 4206 2180 4269 vides,
2207 4197 2420 4273 Nigella
2449 4200 2888 4270 chronologicum
2916 4197 3163 4253 ordinem
3199 4197 3411 4253 seri-ari
3450 4199 3505 4253 in

1913 4275 2061 4332 hisw
2089 4275 2507 4329 narrationibus.

1989 4348 2012 4385 κ
2059 4343 2171 4398 Hoc
2219 4354 2301 4396 est
2345 4341 2706 4403 Benedictum,
2750 4337 3174 4394 Occidentalium
3205 4338 3503 4392 monacho-

233 4408 480 4494 proxime
507 4408 767 4494 lapsis'in
814 4408 998 4478 abdito
1027 4408 1359 4486 eer'tanatur,
1389 4438 1563 4491 neque
1605 4408 1808 4494 praesto
1837 4423 1892 4484 D
1919 4430 2038 4494 τμη]
2079 4414 2483 4494 ῼῇιιτὶεπίξὶιίξιηλ
2510 4425 2668 4494 quem
2688 4409 3024 4494 ,Ξθηθιξίςξυξ
3050 4408 3294 4494 Ῑλὶάβιξξῖε
3334 4409 3506 4494 ³111ιὲ⁵

234 4505 390 4548 erant
417 4497 508 4563 qui
534 4497 676 4548 victo
710 4497 876 4548 vitam
924 4495 1313 4561 impetrarent:
1345 4502 1453 4546 tam
1497 4495 1654 4561 longe
1687 4509 1812 4562 pro—

234 4573 473 4618 Cesserat
506 4565 808 4634 bujusmodi
839 4565 1005 4617 furor.

306 4645 332 4673 ε
369 4634 485 4688 Mos
516 4632 719 4688 attente
749 4634 1035 4695 notandus,
1063 4639 1124 4684 ut
1167 4632 1212 4685 sl

233 4704 474 4767 caderet,
513 4706 696 4758 statim
740 4705 1039 4758 efferretur.
1090 4700 1287 4772 Gratia:
1324 4702 1432 4755 sint
1460 4700 1689 4772 Nigella,
1717 4705 1811 4772 qui

233 4785 477 4828 veterum
519 4773 673 4828 Ritus
695 4776 848 4827 nobis
873 4773 1142 4828 edisserit.
1168 4771 1222 4826 Id
1250 4780 1430 4826 autem
1454 4770 1635 4825 facere
1663 4770 1808 4826 Giin-

232 4841 424 4914 doidus
453 4843 541 4898 ille
569 4845 742 4914 fuerat
771 4844 976 4897 solitus.

309 4911 330 4952 ί
374 4913 480 4984 Pro
505 4911 762 4984 cornipes.

307 4985 334 5023 κ
369 4983 427 5039 Id
453 4993 540 5038 est
564 4980 701 5054 Bero
734 4997 939 5040 comes.
970 4980 1107 5039 Audi
1136 4983 1504 5054 Eginhardum
1529 4981 1582 5037 in
1609 4981 1804 5054 Annal.

237 5052 303 5108 ad
328 5069 532 5109 annum
563 5053 706 5110 820:
763 5073 782 5104 ε
818 5054 958 5108 Bero
991 5052 1546 5118 comes'Barcinonae,
1576 5053 1668 5122 qui
1695 5053 1811 5121 jam

1253 4631 1374 4699 Quis
1419 4632 1473 4685 in
1513 4633 1811 4688 certamine

1916 4476 2208 4539 virtut—ibus
2238 4490 2322 4536 est
2372 4476 2633 4535 imitatus.
2688 4478 3024 4534 Theodulfus
3073 4476 3505 4542 Aurelianensis,

1919 4555 2009 4608 lib.
2042 4570 2078 4607 ll
2099 4594 2112 4618 ,
2137 4569 2254 4622 cap.
2281 4553 2334 4615 6,
2375 4553 2440 4604 ad
2467 4551 2712 4622 eumdem
2743 4551 3012 4622 scribens,
3058 4548 3232 4616 ipsum
3259 4546 3503 4602 Casiuati

1917 4620 2217 4678 Benedicto
2231 4629 2513 4692 comparat
2555 4621 2703 4675 hisee
2731 4620 2980 4673 versibus
3004 4637 3017 4671 :

2041 4757 2144 4806 Non
2178 4755 2333 4805 distes
2358 4756 2551 4813 merito,
2575 4757 2713 4814 cuius
2737 4767 2832 4802 non
2859 4754 3052 4802 nomine
3074 4753 3228 4804 distas
3253 4766 3266 4801 :

2101 4818 2319 4867 Nominis
2344 4827 2394 4867 et
2415 4820 2590 4865 merito
2615 4829 2722 4867 sors
2745 4820 2866 4866 beet
2890 4832 2980 4866 una
3004 4817 3148 4864 duos.

2046 4882 2180 4940 Quod
2207 4882 2295 4928 fuit
2321 4881 2544 4928 Ausoniis
2571 4879 2867 4927 Benedictus
2893 4885 3054 4926 rector
3083 4879 3299 4940 iugarvis,

2102 4942 2207 4992 iloc
2225 4943 2367 4991 modo
2385 4951 2435 4990 tu
2461 4945 2509 4989 iu
2527 4943 2707 4990 nostris
2727 4953 2802 4999 es,
2827 4941 3118 5000 Benedicto,
3143 4939 3283 4990 locis.

1995 5046 2012 5085 ι
2065 5046 2200 5103 Vide
2222 5044 2603 5102 Przefationem
2639 5059 2840 5101 meam.

1991 5185 3504 5210 mw

1422 5366 1718 5444 LIBER
1793 5364 2296 5460 QUARTUS.
2329 5431 2352 5440 -

241 5605 379 5664 Cura
415 5603 488 5680 pii
521 5611 720 5679 passim
743 5611 1004 5682 gliscebat
1029 5610 1260 5680 denique
1300 5611 1462 5681 regis,

681 5701 951 5761 Pa'l‘ttOL.
996 5699 1113 5762 CV.

1991 5609 2430 5679 Franmruinque
2454 5609 2584 5664 tiles
2605 5617 2854 5663 creverat
2876 5618 3044 5673 usque
3071 5597 3245 5671 polos.

2985 5698 3063 5757 20
