3856 6190
235 323 329 375 £21
1089 316 1177 371 DE
1218 316 1442 371 REBUS
1481 309 1726 368 GESTlS
1763 308 2080 367 LL'DOVICI
2124 303 2228 361 Pl].
2272 335 2338 342 —
2373 300 2500 358 LIB.
2545 298 2628 356 ιγ.

1841 431 1888 487 Α
1915 421 2118 477 Oﬁ‘erat
2141 431 2302 490 atque
2334 419 2441 473 Deo
2471 425 2642 470 semet
2669 414 3100 484 promptissimus
3129 409 3326 480 ipsum,

302 434 506 490 Delicto
541 433 716 502 primo
743 431 939 485 liberat
970 430 1056 484 hic
1091 431 1383 484 hominem.

233 527 329 594 Qui
362 525 621 580 mundum
648 520 858 576 salvam
881 522 1065 576 valens
1093 538 1215 576 cum
1244 523 1404 576 Patre
1433 529 1684 591 potenter

302 619 358 672 ln
391 615 552 672 terris
575 613 743 667 voluit
775 629 874 683 pro
898 613 1096 682 pietate
1125 613 1280 666 mori.

235 709 288 764 ln
321 721 485 763 cruce
515 704 779 768 conﬁxus,
805 703 964 758 morti
994 719 1051 758 se
1083 703 1299 757 tradidit
1328 702 1489 764 ultro,

306 798 496 854 Utsua
525 795 789 850 militibus
815 809 978 866 regna
1015 793 1247 863 benigna
1281 794 1453 846 daret.

239 889 335 944 ilic
365 887 519 941 sedet
545 885 611 938 ad
643 883 821 938 Patris
847 883 1089 937 sociatus
1118 896 1342 935 munere
1376 881 1646 941 dextram,

304 980 506 1036 Invitat
535 976 766 1032 famulos
791 995 804 1029 :
834 975 1058 1038 currite,
1096 989 1259 1043 regna
1290 973 1449 1027 dabo.

243 1069 346 1124 ilic
357 1068 514 1136 jubet
541 1066 730 1121 electis
754 1078 942 1118 omnes
966 1077 1224 1117 revocare
1250 1061 1521 1124 bidentes,

311 1157 380 1210 Et
407 1170 565 1210 sacra
591 1152 848 1222 baptismi
881 1151 1064 1205 munia
1089 1150 1192 1204 rite
1221 1150 1372 1204 dare.

246 1247 359 1302 Non
385 1246 544 1300 aliter
569 1243 692 1298 cceli
721 1243 1008 1312 quisquam
1041 1242 1370 1296 conscendet
1398 1241 1454 1294 in
1477 1239 1674 1304 aulam,

315 1335 380 1389 Ni
417 1350 538 1404 qua:
555 1331 719 1400 jussit
749 1342 874 1403 agat.
907 1331 1075 1385 Filius
1107 1330 1194 1385 ille
1226 1329 1340 1384 Dei.

245 1421 471 1482 Scilicet
498 1423 716 1478 amissis
741 1423 972 1477 culturis
1001 1423 1260 1477 dmmouis
1290 1422 1419 1485 atri,

319 1517 444 1571 Mox
476 1530 632 1570 sacra
660 1514 913 1582 baptismi
943 1527 1166 1567 munera
1197 1512 1478 1580 percipiat.

245 1607 326 1662 Ad
349 1607 514 1669 banc,
545 1603 680 1668 Eho,
720 1601 877 1655 ﬁdem
911 1611 1129 1670 gentem
1159 1616 1415 1655 revocare
1443 1600 1694 1654 studcto:

317 1697 517 1752 Nostra
542 1696 676 1750 ﬁdes
705 1696 821 1749 haec
846 1704 952 1757 est,
986 1695 1125 1748 hanc
1155 1693 1284 1748 colit
1309 1693 1567 1748 Ecclesia.

249 1786 519 1856 Linquere
547 1799 682 1838 vana
706 1786 858 1839 decet
883 1799 896 1836 :
927 1783 1154 1852 sculptis
1187 1784 1392 1837 servire
1415 1782 1648 1836 metallis

318 1876 470 1932 Heu!
501 1875 684 1929 scelus
708 1881 792 1928 est
820 1873 1049 1939 homini,
1079 1874 1172 1944 qui
1199 1873 1408 1927 ratione
1439 1873 1598 1941 viget.

249 1964 476 2036 Jupiter,
510 1973 604 2019 aut
630 1962 910 2033 Neptunus
931 1979 1024 2018 eos
1043 2004 1056 2028 ,
1089 1963 1173 2018 vel
1204 1978 1470 2032 quemque
1505 1972 1822 2032 sequuntur,

317 2058 459 2124 Quid
480 2055 658 2123 juvat,
691 2062 785 2108 aut
812 2055 1061 2109 manibus
1086 2055 1294 2125 sculpta
1326 2054 1541 2108 metalla
1573 2054 1722 2108 suis?

252 2145 399 2199 Vana
425 2144 617 2199 colunt
642 2144 848 2206 miseri,
876 2144 1056 2198 surdis
1083 2145 1353 2213 mutisque
1375 2153 1687 2212 precantur,

319 2234 775 2304 Daemonibusque
807 2233 962 2288 litant
987 2223 1374 2287 deiiita’danda
1411 2234 1537 2287 Deo.

253 2324 364 2378 Non
394 2325 662 2394 pecudum
693 2324 913 2393 placare
945 2323 1110 2378 Deum
1144 2323 1225 2376 fas
1255 2324 1515 2392 sanguine
1549 2333 1825 2375 nostrum:

321 2415 502 2470 Pluris
532 2423 677 2468 amat
707 2415 944 2468 hominis
971 2423 1096 2468 vota
1126 2414 1364 2483 benigna
1386 2411 1525 2483 pius.

253 2504 368 2559 1am
395 2505 536 2560 satis
565 2505 739 2558 errori
774 2513 986 2573 tempus
1009 2503 1248 2558 tribuere
1271 2502 1496 2573 profano
1525 2523 1538 2554 :

320 2593 574 2650 Cultilius
597 2594 796 2650 illicitis
826 2593 1020 2649 cedere
1043 2603 1255 2664 tempus
1281 2595 1450 2649 adest.

259 2681 457 2739 Ultima
493 2683 721 2738 labentis
745 2680 975 2751 hosjam
999 2692 1158 2738 vocat
1185 2683 1314 2738 hora
1346 2683 1470 2746 diei,

324 2774 541 2828 V'inetis
572 2774 782 2829 Domini
807 2775 986 2846 portio
1016 2782 1190 2830 restat
1215 2773 1409 2830 adhuc.

253 2864 376 2920 Otia
403 2865 552 2919 lenta
579 2866 736 2920 decet
753 2865 867 2933 jam
895 2881 1040 2920 nunc
1063 2880 1278 2935 quoque
1297 2880 1570 2935 rumpere,
1594 2867 1719 2920 dum
1743 2869 1830 2920 lux

324 2958 481 3011 Alma
521 2957 646 3012 licet
684 2958 886 3012 homini
917 2973 1162 3028 quaerere
1191 2959 1426 3028 dumque
1461 2958 1660 3014 Deum.‘

259 3049 333 3103 Ne
359 3065 467 3104 nox
503 3059 622 3104 atra
645 3051 845 3105 cadens
873 3050 1102 3105 miseros
1124 3049 1480 3118 comprendat
1510 3049 1734 3113 inertes,

327 3139 537 3193 Tradat
563 3149 618 3194 et
643 3139 928 3209 ignicomis
960 3151 986 3180 ι
1015 3140 1159 3195 illico
1187 3139 1293 3195 rite
1320 3139 1476 3196 focis.

257 3227 339 3284 Tu
370 3247 529 3286 sacer
559 3231 672 3285 Eho
702 3240 879 3286 tamen
901 3231 1154 3300 perlectis
1177 3233 1362 3304 accipe
1389 3231 1584 3298 biblis,

331 3319 681 3378 Testamenta
707 3321 1123 3391 novidogmatis
1152 3338 1216 3378 ac
1248 3323 1467 3378 veteris.

263 3411 377 3467 Hoc
400 3412 471 3468 de
505 3411 654 3468 fonte
675 3427 836 3468 sacro
855 3412 935 3467 fer
961 3413 1150 3483 pocula
1176 3408 1349 3468 dulcia
1379 3414 1574 3483 primo,

330 3501 468 3570 Quis
493 3503 705 3559 haustis
729 3503 972 3558 recolant
997 3505 1249 3575 dogmata
1279 3518 1402 3559 vera
1434 3505 1553 3560 Dei.

258 3592 463 3663 Aspera
497 3593 633 3648 dede
657 3591 790 3649 locis
817 3608 944 3649 mox
972 3593 1440 3659 convenientibus,
1470 3603 1632 3664 atque

328 3684 505 3740 Nosse
530 3692 738 3755 queant
763 3686 1026 3742 hactenus
1043 3701 1170 3741 orsa
1197 3686 1385 3741 coiunt
1414 3688 1465 3740 δ.

261 3774 356 3835 llis
375 3775 618 3830 breviter
645 3790 826 3845 regem
854 3777 1058 3832 nostris
1085 3777 1152 3832 de
1180 3775 1429 3846 partibus
1449 3777 1674 3835 Herdolt
1711 3791 1732 3815 τ

327 3865 660 3936 Aggredere,
694 3874 749 3920 et
769 3865 928 3921 dictis
951 3874 1138 3922 nostra
1172 3865 1376 3922 referto
1403 3869 1530 3923 sibi.
1756 3871 1759 3875 '

264 3954 372 4011 Nos
393 3957 602 4027 pietate
630 3955 727 4010 Dei
753 3956 958 4025 pariter
982 3964 1288 4025 nostraeque
1317 3955 1439 4011 ﬁdei

329 4048 594 4120 Dogmate
615 4049 943 4118 compuncti,
977 4048 1092 4102 inec
1119 4048 1220 4102 sibi
1249 4048 1394 4103 dicta
1415 4047 1627 4105 damus.

258 4156 516 4212 Consiliis
545 4157 707 4211 modo
733 4157 779 4211 si
808 4156 1012 4211 mavult
1035 4171 1230 4226 parere
1257 4157 1526 4229 benignis,

329 4247 608 4316 Suscipiat
632 4254 818 4302 nostra
842 4244 1060 4316 pectore
1083 4248 1248 4302 verba
1283 4249 1393 4318 pio.

263 4338 403 4392 Proh
435 4338 592 4392 dolor
617 4339 629 4390 !
669 4337 981 4393 accelerans
1009 4353 1254 4394 errorem
1279 4338 1490 4410 linquat
1517 4340 1721 4396 avitum

330 4430 640 4494 Poscimus,
667 4436 722 4482 et
747 4429 966 4484 Christo
991 4430 1081 4484 det
1109 4430 1196 4500 pia
1224 4438 1347 4485 vota
1372 4431 1485 4503 pio.

333 4645 362 4673 ιι
400 4630 480 4687 ita
504 4631 559 4686 in
592 4645 695 4685 ms.
737 4631 940 4687 codice.
977 4630 1118 4686 Alibi
1147 4629 1408 4685 vocabulo
1433 4631 1703 4700 ignivomis
1732 4636 1844 4691 uti-

262 4712 376 4756 tur.
567 4753 574 4762 ι

332 4773 366 4812 ι’
405 4773 481 4826 lta
509 4767 566 4826 in
586 4788 722 4838 ms.;
751 4789 819 4844 ex
839 4789 947 4844 quo
967 4788 1068 4827 vox
1095 4773 1272 4843 aliqua
1302 4771 1578 4828 intercidit
1602 4771 1847 4844 {Sensus

261 4852 372 4904 est,
399 4858 552 4913 nosse
575 4853 766 4913 queant
792 4841 950 4913 falsa,
975 4859 1091 4913 qua:
1118 4841 1370 4913 hactenus
1395 4859 1518 4899 orsa
1546 4841 1747 4896 colunt.

334 4923 360 4948 ε
407 4911 593 4978 Quem
626 4911 762 4984 infra
794 4911 1109 4966 ’Heror'dum
1153 4922 1208 4968 et
1249 4911 1541 4968 Heroldum
1583 4913 1839 4984 appellat,

263 4995 326 5034 ea
345 4987 685 5051 tempestate
709 4981 978 5036 Danorum
1010 4996 1211 5051 regem.

329 5049 362 5089 (ι
403 5046 588 5105 Novus
623 5051 711 5122 hic
743 5046 1380 5122 Britannize'cismarime
1425 5058 1604 5122 motus
1633 5060 1843 5122 spectat

265 5122 332 5192 ad
365 5136 569 5192 annum
599 5120 722 5192 εει,
755 5130 810 5175 et
837 5122 902 5192 de
927 5135 992 5174 eo
1014 5121 1082 5192 ab
1104 5121 1412 5192 Eginhardo
1438 5121 1572 5192 (sive
1596 5120 1843 5192 quisquis

265 5189 358 5242 ille
401 5190 486 5262 sit
532 5189 685 5262 cujus
721 5190 969 5262 Annales
1013 5189 1347 5262 Francorum
1396 5189 1496 5262 sub
1546 5189 1842 5262 Eginhardi

265 5260 489 5331 nomine
535 5259 756 5314 laudare
792 5259 980 5331 pergo)
1022 5261 1136 5315 haec
1185 5262 1324 5315 inter
1362 5261 1465 5331 alia
1508 5259 1839 5315 traduntur:

270 5329 626 5400 {Imperator
675 5331 742 5384 ad
791 5329 1155 5400 Britannicam
1196 5330 1594 5400 expeditionem
1644 5346 1742 5399 per
1785 5345 1843 5385 se

266 5397 578 5452 faciendam
609 5400 789 5453 animo
813 5400 1021 5454 intento
1048 5397 1298 5454 Redonas
1321 5402 1488 5455 venit.
1523 5400 1589 5454 Et
1619 5397 1744 5454 inde
1767 5400 1848 5454 dia-

241 5468 389 5539 'vi_so
435 5468 492 5522 in
541 5477 650 5539 tr_es
697 5477 882 5538 partes
905 5471 1202 5539 exercitu,
1256 5471 1570 5539 duabusque
1603 5469 1850 5538 partibus

266 5537 398 5590 ﬁliis
429 5539 544 5590 suis
573 5537 797 5608 Pippino
825 5548 881 5594 et
902 5537 1176 5593 Ludovico
1221 5537 1848 5605 traditis,'Britanniam

268 5609 562 5679 nigressusg
583 5607 749 5662 totam
780 5607 924 5679 ferro
944 5616 999 5662 et
1024 5608 1148 5679 igne
1177 5609 1483 5679 vastavit.)

347 5690 373 5715 ο
413 5675 700 5775 Pippinum
727 5677 996 5747 signiﬁcat
1023 5675 1283 5733 Ludovici
1315 5679 1392 5733 Pii
1424 5677 1612 5743 ﬁlium,
1642 5686 1698 5732 et
1721 5684 1850 5733 tunc

3374 292 3480 350 Si!

1983 509 2146 579 Cujus
2175 513 2384 562 tactura
2410 519 2516 572 cst,
2545 507 2743 575 quique
2769 504 2973 559 ereavit
3002 517 3145 557 eum.

1913 601 2150 656 Monstra
2181 599 2411 654 nefanda
2439 598 2646 667 procul,
2681 611 2776 650 seu
2813 594 3022 664 Jupiter
3043 591 3295 647 horridus
3323 590 3482 654 absit,

1985 691 2292 761 Neptunum
2323 690 2556 758 linquat,
2586 686 2992 754 Eeclesiamque
3019 683 3179 738 colat.

1911 781 2062 837 Dona
2094 779 2347 836 salutaris
2373 780 2552 848 capiat
2578 778 2642 831 de
2672 777 2816 831 fonte
2841 785 3078 838 sacrato,

1983 873 2161 946 Atque
2186 887 2402 925 crucem
2423 870 2627 924 Christi
2651 868 2916 922 frontibus
2938 874 3064 935 opto
3089 863 3246 919 ferat.

1914 965 2033 1020 Non
2062 979 2160 1019 sua
2187 978 2352 1034 regna
2388 961 2518 1016 mihi
2555 969 2616 1014 ut
2645 960 2840 1014 cedant
2869 959 2972 1013 hoc
2997 955 3219 1012 consulo
3245 953 3454 1016 credat,

1989 1055 2097 1110 Sed
2121 1070 2228 1125 quo
2254 1053 2456 1124 plasma
2488 1052 2581 1106 Dei
2608 1049 2910 1104 lucriﬁcare
2934 1062 3149 1118 queam.

1919 1146 1979 1200 Si
2004 1147 2172 1216 cupit,
2204 1145 2271 1198 ad
2305 1152 2520 1198 nostras
2550 1148 2836 1196 concurrat
2861 1139 3103 1194 concitus
3126 1151 3302 1203 arces,

1987 1236 2261 1306 Percipiat
2284 1250 2414 1291 vero
2450 1232 2597 1290 fonte
2623 1232 2836 1285 lavacra
2869 1229 2984 1284 Dei.

1919 1328 2144 1395 insuper
2175 1325 2412 1390 ablutus,
2440 1324 2772 1392 dapibusque
2789 1319 3030 1388 juvatus,
3057 1326 3114 1371 et
3137 1315 3322 1380 armis,

1993 1417 2111 1471 Mox
2143 1433 2237 1471 sua
2269 1431 2430 1485 regna
2457 1422 2647 1486 petens
2674 1413 2820 1465 vivat
2847 1424 3028 1463 amore
3057 1408 3173 1463 Dei.

1919 1508 2048 1564 limo
2077 1523 2172 1561 nos
2197 1522 2324 1560 vera
2350 1505 2480 1558 ﬁdes
2504 1502 2670 1557 divini
2699 1502 2850 1571 jussa
2877 1498 3142 1552 Tonantis

1993 1599 2186 1654 Dicere
2209 1597 2405 1667 quippe
2437 1601 2679 1654 monent,
2707 1607 2826 1661 qum
2855 1592 2978 1646 volo
3005 1589 3286 1660 perﬁcere.

1925 1689 2045 1744 Mox
2073 1688 2227 1757 jubet
2253 1687 2492 1741 Ebonem
2524 1684 2714 1739 donari
2749 1695 2974 1737 munere
2999 1695 3214 1751 magno.

1851 1777 1898 1836 B
2001 1778 2168 1843 Vade,
2195 1779 2336 1832 Deus
2366 1785 2567 1840 tecum,
2595 1775 2944 1844 induperator
2967 1771 3061 1825 ait.

1929 1869 2162 1924 Nuntius
2195 1870 2402 1922 interea
2430 1867 2733 1921 Brittonum
2762 1865 2788 1904 ἀ
2815 1880 2846 1919 a
2877 1855 3029 1934 parte
3053 1848 3309 1917 rebellent

2001 1961 2142 2016 Ecce
2171 1960 2318 2014 venit
2346 1957 2524 2022 solito,
2559 1958 2749 2010 nuntia
2775 1971 2915 2012 saeva
2941 1954 3123 2028 refert.

1932 2054 2153 2108 Scilicet
2175 2051 2435 2106 iniectum
2465 2050 2607 2119 quod
2635 2063 2807 2119 nuper
2832 2033 3013 2103 Caesar
3039 2046 3105 2099 ad
3140 2041 3258 2106 illos

2001 2145 2272 2199 Firmarat
2301 2143 2516 2212 pignus,
2549 2141 2770 2210 insuper
2795 2148 2958 2207 atque
2989 2139 3170 2192 ﬁdem.

1933 2235 2133 2290 Accitis
2161 2233 2398 2305 populis,
2428 2232 2596 2287 armis
2617 2244 2829 2300 quoque
2859 2229 2960 2284 rite
2981 2227 3188 2298 paratis

2002 2326 2129 2380 llluc
2154 2325 2339 2379 Caesar
2362 2338 2536 2379 ovans
2561 2321 2812 2376 concitus
2836 2319 2918 2374 ire
2945 2327 3124 2388 parat.

1934 2415 2162 2469 Francia
2187 2422 2382 2468 cuncta
2414 2412 2544 2477 ruit,
2573 2411 2797 2465 veniunt
2833 2417 3126 2480 gentesque
3155 2406 3410 2464 subacw‘n

2005 2507 2088 2568 Et,
2124 2505 2350 2576 Pippine
2381 2516 2428 2570 ο,
2469 2512 2559 2558 tua
2585 2511 2737 2572 parte
2768 2502 2951 2556 venire
2974 2514 3153 2570 paras.

1936 2597 2127 2652 Divisit
2159 2597 2414 2668 populum
2448 2595 2616 2650 ternis
2640 2595 2739 2649 sub
2762 2593 3003 2663 partibus
3024 2603 3239 2646 onmem

2008 2687 2374 2758 Ductoresque
2401 2687 2565 2747 dedit,
2591 2686 2808 2739 ordinat
2836 2692 2892 2738 et
2925 2697 3204 2755 proceres.

1931 2780 2151 2836 Partem
2185 2797 2349 2836 unam
2369 2779 2644 2848 :equivoco
2677 2775 2699 2814 ί
2732 2775 2856 2831 belli
2887 2761 3202 2839 coiiimittit,
3229 2781 3286 2829 et
3309 2786 3416 2827 una

2009 2871 2316 2928 hlatfridum
2350 2881 2378 2918 ι
2405 2872 2593 2934 sociat,
2625 2869 2790 2925 millia
2823 2867 2990 2923 multa
3013 2863 3193 2938 simul.

1938 2962 2164 3034 Pippino
2192 2963 2303 3034 regi
2328 2963 2433 3018 huc
2459 2960 2906 3039 Helisacharque,
2931 2966 3180 3032 potentes

2009 3055 2315 3127 Junguntur
2339 3073 2351 3108 :
2385 3068 2613 3108 numero
2639 3060 2832 3109 caetera
2860 3049 3016 3104 turba
3044 3056 3214 3104 caret.

1863 3113 1908 3174 Ο
1941 3113 2146 3216 Agmeii
2173 3159 2338 3200 ovans
2359 3143 2538 3198 C:esar
2573 3142 2806 3197 medium
2832 3140 2934 3196 sibi
2961 3141 3201 3194 vindicat
3223 3139 3338 3209 ipse

2011 3235 2266 3306 Belliger,
2295 3244 2350 3289 et
2378 3234 2595 3305 sapiens
2620 3233 2809 3286 ordine
2838 3231 2978 3285 bella
3005 3239 3205 3288 movet.

1937 3345 2051 3400 Hos
2078 3345 2405 3414 Lantpertus
2428 3346 2452 3384 ιι
2482 3343 2613 3414 agit,
2643 3343 2746 3398 bos
2771 3343 2919 3398 ducit
2943 3343 3000 3398 in
3033 3343 3249 3414 agmina
3278 3339 3513 3406 Matfriil,

2012 3435 2098 3497 Et,
2126 3433 2395 3490 Ludovico
2421 3435 2437 3474 ί
2472 3447 2605 3504 puer
2629 3431 2768 3490 bella
2793 3440 3024 3502 paterna
3053 3431 3223 3503 geris.

1942 3529 2161 3600 Pippin,
2191 3528 2306 3582 sive
2341 3525 2448 3589 sui,
2479 3533 2536 3581 et
2561 3524 2898 3579 Francorum
2925 3523 3098 3577 mixta
3126 3530 3345 3578 caterva

2011 3621 2177 3675 Arma
2207 3618 2406 3683 ferunt,
2440 3625 2653 3672 vastant
2677 3615 2917 3687 undique
2943 3615 3121 3688 gentis
3148 3615 3341 3671 honos.

1941 3710 2126 3784 Caesar
2153 3725 2326 3782 agens
2353 3707 2613 3772 Francos,
2630 3721 2736 3777 per
2763 3705 2932 3762 calles
2958 3705 3143 3776 dirigit
3167 3705 3406 3776 amplos;

2016 3802 2287 3874 Regmina
2305 3799 2616 3856 Brittunum
2642 3798 2722 3856 sic
2747 3805 3033 3869 peragrata
3055 3804 3262 3868 patent.

1943 3895 2060 3950 iluc
2085 3900 2301 3964 egomet
2327 3889 2348 3941 vi
2385 3900 2600 3948 scutum
2637 3889 2880 3946 humeris
2909 3902 3204 3958 ensemque
3224 3888 3525 3944 revinctum

2015 3983 2194 4046 Gessi,
2226 3982 2320 4038 sed
2349 3996 2510 4036 nemo
2531 3995 2625 4036 me
2647 3980 2874 4034 feriente
2893 3978 3063 4034 dolet.

1947 4077 2139 4147 Pippin
2176 4077 2279 4130 hoc
2303 4074 2574 4144 aspiciens
2601 4073 2744 4138 risit,
2776 4073 3030 4136 miratur,
3057 4080 3112 4126 et
3138 4070 3260 4126 inﬁt
3287 4087 3304 4125 :

2017 4168 2159 4224 Cede
2180 4167 2371 4230 armis.
2401 4165 2569 4220 frater
2596 4183 2608 4219 :
2641 4165 2879 4218 litteram
2911 4171 3092 4217 amato
3120 4161 3313 4232 magis.

1947 4259 2097 4314 Tunc
2126 4263 2419 4326 peragrant
2443 4269 2624 4324 agros,
2653 4252 2840 4316 silvas,
2868 4250 3232 4319 tremulasque
3255 4247 3514 4321 paludes,

2019 4347 2276 4404 Vastatur
2299 4344 2548 4414 populus,
2572 4352 2628 4398 et
2658 4357 2822 4413 pecus
2847 4356 3012 4397 omne
3037 4341 3199 4410 perit.

1875 4446 1923 4507 ι)
1952 4441 2231 4494 Ducuntur
2257 4435 2400 4504 capti
2427 4433 2632 4498 miseri,
2656 4432 2965 4487 moriuntur
2992 4439 3050 4487 et
3077 4430 3278 4496 armis;

1952 4637 2254 4706 Aquitania:
2280 4649 2481 4706 regem.

2031 4707 2050 4745 ί
2094 4707 2148 4761 ld
2177 4716 2261 4760 est
2285 4701 2556 4774 Ludovico
2585 4701 3168 4774 ﬁlio,Bajoariteregi.

2006 4839 2010 4843 _
2034 4779 2058 4817 Β
2093 4775 2263 4847 Quem
2294 4791 2455 4844 supra
2485 4768 2860 4847 adnotavimus
2888 4768 3394 4847 comitis'dignitate
3419 4768 3503 4829 Au
3527 4799 3542 4814 -

1958 4846 2348 4902 relianensibus
2366 4843 2683 4914 praefectum
2709 4843 2894 4898 fuisse.

2026 4919 2053 4956 ιι
2093 4916 2294 4984 Nempe
2322 4911 2936 4984 Namnetensiscomes,
2965 4921 3235 4984 ut_supra
3272 4911 3528 4984 vidimus.

1947 4985 2066 5041 Prre
2109 4982 2322 5040 creteris
2359 4998 2492 5038 vero
2522 4983 2717 5038 delecti
2761 4983 2991 5039 comites
3029 4982 3439 5038 Aurelianensis
3475 4987 3532 5036 et

1948 5055 2328 5110 Namnetensis
2363 5054 2525 5124 duces
2555 5052 2715 5124 belli,
2749 5053 2891 5123 quod
2931 5062 3162 5124 uterque
3192 5068 3289 5108 sua
3325 5053 3532 5124 ditiouc

1947 5123 2225 5184 Britannis
2271 5123 2639 5178 conterminus
2677 5119 2852 5187 foret,
2913 5132 2970 5178 et
3020 5119 3301 5192 utriusque
3350 5119 3533 5192 tutelas

1949 5194 2309 5250 commendati
2340 5192 2556 5247 fuerant
2605 5192 2673 5246 ad
2711 5207 2832 5248 eam
2857 5202 3069 5262 partem
3098 5188 3435 5248 Francorum
3466 5188 3532 5241 li-

1952 5266 2132 5318 mites.

2033 5336 2048 5373 i
2093 5333 2142 5387 is
2173 5340 2289 5387 erat
2313 5331 2574 5388 Ludovici
2603 5330 2683 5387 Pii
2715 5332 2857 5387 ﬁlius
2873 5373 2887 5397 ,
2892 5331 3026 5456 liiam
3068 5347 3210 5386 anno
3247 5328 3350 5384 817
3379 5333 3406 5379 a
3435 5339 3533 5396 pa.

2033 5403 2394 5456 :constitutus
2429 5417 2523 5456 rex
2553 5401 2830 5456 Baioarite.
2938 5418 3026 5456 um
3061 5413 3275 5456 otioque
3311 5396 3532 5456 cxocdi-

1958 5412 2041 5457 tre
2067 5403 2394 5458 constitutus
2429 5417 2523 5457 rex
2553 5401 2830 5470 Bajoarite.
2876 5396 3026 5456 Eum
3061 5413 3275 5470 quoque
3311 5396 3532 5470 expedi-

1958 5473 2090 5528 tioni
2137 5472 2464 5528 Britannicae
2506 5466 2650 5528 anno
2677 5473 2782 5528 824
2816 5466 3156 5534 interfuisse,
3187 5466 3532 5538 Eginhardus

1957 5543 2313 5620 nupernnobis
2339 5543 2618 5620 indicavit.
2672 5612 2704 5620 _
3185 5587 3188 5590 .

2033 5608 2049 5661 i
2096 5611 2231 5666 Vide
2253 5611 2624 5682 prtei'ationem
2664 5611 2947 5668 Gentilottl
2985 5623 3048 5663 ac
3092 5622 3270 5663 meam
3309 5608 3364 5662 in
3389 5608 3536 5665 hunc

1958 5684 2296 5752 scriptorem.
