3856 6190
371 301 475 359 an
656 366 669 373 ἦ
1682 292 1898 349 anno:

2072 288 2297 349 iVELLl

1983 413 2033 472 Α
2132 405 2347 470 Tentat,
2373 411 2434 456 ut
2460 402 2550 457 illa
2578 414 2751 456 virum
2780 400 2971 471 tangit,
3001 409 3060 453 ut
3086 399 3202 471 ipse
3233 401 3436 454 cilium.

446 421 687 476 Tandem
715 415 976 487 relliquias
1004 412 1235 468 Cesaris
1265 425 1417 464 arma
1445 417 1636 480 petunt
1665 420 1713 461 ι.

375 526 560 582 Ccsar
589 505 822 588 namque
846 515 1011 570 duces
1040 509 1292 567 custodes
1318 507 1471 578 ponit
1493 507 1703 577 opimos
1720 546 1735 570 ,

449 611 509 669 Si
539 609 783 679 cupiant,
813 607 1089 673 nequeunt
1112 598 1253 653 bella
1281 610 1501 652 movere
1524 593 1716 666 magis.

379 704 565 758 Victor
594 708 648 753 at
676 694 799 750 inde
828 692 949 762 pius
972 687 1155 745 Caesar
1184 687 1465 751 remeavit,
1497 692 1551 740 et
1575 697 1766 740 omnes

454 792 701 848 Victores
730 789 928 845 Franci
960 802 1087 843 mox
1123 803 1222 842 sua
1250 794 1392 840 tecta
1417 790 1631 856 petunt.

380 885 494 939 Ebo
518 898 675 939 sacer
701 881 903 936 dudum
927 878 1314 935 Nortmannica
1346 892 1512 947 regna
1541 885 1863 945 peragrans,

453 976 631 1032 Munia
661 974 808 1031 clara
839 974 1003 1028 dabat
1028 969 1263 1027 nominis
1291 978 1415 1040 apta
1448 967 1564 1023 Dei.

380 1067 497 1122 3am
535 1064 780 1122 iierorde
809 1064 839 1105 ι»
869 1072 992 1118 tuas
1018 1062 1217 1134 prtesui
1245 1066 1568 1132 pervenerat
1592 1071 1778 1121 arces,

455 1157 520 1212 Et
550 1166 639 1211 tua
661 1155 726 1209 de
753 1152 956 1209 Christi
987 1152 1239 1222 dogmate
1264 1148 1429 1203 corda
1460 1145 1647 1217 replet.

382 1244 476 1299 ille
499 1243 594 1298 Dei
624 1241 870 1306 monitis,
896 1240 1041 1311 regis
1070 1252 1285 1308 quoque
1309 1236 1531 1292 credere
1552 1232 1732 1288 verbis

455 1334 730 1405 Cmperat,
754 1340 811 1387 et
834 1330 1091 1402 populum
1112 1329 1371 1399 praedicat
1395 1328 1507 1397 ipse
1529 1339 1710 1405 suum.

386 1402 582 1488 Credo,
602 1421 799 1488 Sacer,
825 1420 984 1476 dictis
1008 1426 1218 1474 tantum
1255 1418 1301 1474 si
1324 1425 1472 1489 gesta
1504 1402 1805 1487 sequantur
1824 1428 1843 1466 ε

457 1514 651 1585 Perge,
680 1513 774 1578 ait,
796 1512 875 1566 ad
902 1525 1085 1583 regem
1112 1528 1124 1563 :
1153 1510 1271 1566 haec
1299 1507 1401 1563 sibi
1431 1506 1574 1562 dicta
1601 1502 1748 1560 refer

2256 118 2301 128 ‘-

3527 276 3625 334 σα

2064 495 2132 551 Ut
2162 494 2390 550 Domino
2416 493 2666 547 veniente
2692 499 2878 563 tegunt
2904 505 2963 546 se
2991 491 3229 560 tegmine
3258 489 3415 569 licus,

2131 584 2203 642 Ut
2231 600 2330 656 pro
2358 585 2596 654 peccatis
2618 584 2729 654 jam
2755 584 2973 639 coluere
2996 581 3188 638 solum.

2061 678 2255 734 Frater
2278 678 2349 733 ob
2375 677 2630 733 invidiam
2655 676 2879 733 fratrem
2908 692 3009 747 pro
3034 692 3259 733 munere
3287 679 3468 748 primo

2128 771 2386 837 Perculit,
2417 771 2563 826 haud
2592 770 2791 841 gladio,
2816 771 2910 826 sed
2939 770 3188 826 manibus
3211 770 3445 826 miseris.

2062 863 2187 917 inde
2218 879 2316 933 per
2352 863 2662 916 innumeros
2691 860 2867 932 pergit
2903 861 3115 930 pictura
3140 876 3422 932 sequaces.

2131 955 2352 1019 Ordine,
2385 954 2499 1010 sive
2531 953 2689 1009 modo
2714 954 2964 1021 dogmata
2990 952 3169 1022 prisca
3197 952 3387 1009 refert.

2069 1047 2240 1117 thue
2269 1024 2617 1101 latex'totuni
2645 1043 2840 1098 merito
2864 1041 3093 1098 diﬂ‘usus
3118 1044 3173 1097 in
3192 1044 3391 1099 orbem

2132 1138 2338 1204 Crevit,
2364 1144 2420 1191 et
2443 1136 2509 1190 ad
2539 1135 2699 1189 tinem
2730 1134 2898 1188 traxit
2922 1143 2980 1189 ut
3003 1149 3163 1189 omne
3183 1150 3376 1205 genus.

2067 1226 2138 1283 Ut
2161 1226 2455 1281 miserante
2478 1223 2588 1280 Deo
2610 1240 2815 1295 paucos
2843 1224 3168 1279 subvexerat
3190 1240 3337 1290 arca.

2133 1317 2201 1373 Et
2224 1315 2373 1373 corvi
2395 1315 2666 1396 meritum,
2700 1315 2817 1370 sive
2850 1314 3100 1370 columba
3129 1325 3304 1370 tuum.

2064 1396 2192 1466 inde
2220 1398 2475 1476 Abrahae,
2501 1408 2781 1479 soboliquc
2806 1420 2828 1448 ο
2857 1423 2968 1464 sua:
2990 1410 3287 1481 pinguntur
3307 1418 3363 1466 et
3389 1419 3531 1475 acta,

2134 1499 2355 1571 Joseph,
2391 1515 2487 1554 seu
2518 1496 2777 1564 fratrum,
2807 1506 2861 1554 et
2887 1493 3188 1555 Pharaonis
3214 1515 3368 1571 opus.

389 1609 626 1665 Cernere
653 1618 885 1674 namque
910 1602 1088 1674 placet
1113 1600 1450 1656 Francorum
1483 1613 1672 1669 regna,
1696 1596 1967 1665 iidemque
2066 1596 2289 1652 Liberat
2318 1602 2377 1649 ut
2400 1593 2651 1664 populum
2678 1592 2912 1665 :Egypto
2933 1592 3054 1663 jam
3083 1608 3309 1650 munere
3334 1591 3529 1657 Moses,

463 1695 715 1759 Caesaris,
748 1708 925 1757 arma,
951 1692 1139 1762 dapes,
1165 1687 1659 1758 Christicolumque
1687 1686 1877 1751 decus,

390 1787 777 1856 Culturamque
802 1783 922 1849 Dei,
944 1782 1041 1838 cui
1064 1781 1233 1836 servit
1259 1786 1453 1834 cuncta
1480 1784 1742 1848 potestas,

465 1876 533 1933 Ut
569 1875 736 1939 canis,
766 1880 930 1942 atque
954 1871 1088 1927 fides
1110 1870 1343 1941 firmiter
1364 1869 1504 1923 alma
1537 1876 1705 1923 tenet.

2139 1690 2211 1746 Ut
2232 1690 2375 1761 perit
2408 1686 2698 1758 Egyptus,
2727 1685 2888 1741 israei
2921 1695 3085 1755 utque
3117 1694 3281 1743 meat.

1994 1760 2041 1820 Β
2070 1781 2138 1837 Et
2162 1760 2249 1835 ιωέ
2282 1780 2445 1835 dante
2472 1778 2584 1833 Deo
2605 1777 2838 1848 geminis
2860 1776 3130 1845 descripta
3155 1775 3390 1841 tabellis,

2136 1871 2388 1927 Flumina
2415 1871 2479 1926 de
2500 1883 2656 1938 rupe,
2692 1869 2865 1938 deque
2897 1867 3118 1923 volucre
3141 1866 3321 1924 cibus.

388 1965 525 2023 Tum
551 1962 684 2018 mihi
707 1962 753 2017 si
774 1963 976 2026 vester,
1004 1957 1207 2016 recinis
1233 1972 1394 2030 quem
1422 1958 1698 2029 dogmate,
1720 1955 1968 2014 Christus
2067 1964 2136 2020 Ει
2161 1963 2430 2034 promissa
2450 1961 2545 2016 diu
2574 1976 2682 2031 quo
2711 1960 2958 2016 redditur
2987 1958 3202 2029 hospita
3236 1957 3433 2021 tell-ts,

459 2052 632 2108 Cedat
653 2065 812 2123 opem
839 2050 972 2117 voti,
1000 2049 1251 2121 protinus
1277 2057 1397 2104 acta
1426 2047 1590 2104 dabo.

390 2145 454 2200 lli
481 2159 698 2217 unoque
718 2152 1026 2211 serventur,
1052 2157 1283 2213 quorum
1307 2142 1641 2198 sacravimus
1666 2156 1809 2207 aras,

467 2233 649 2304 Usque
667 2232 765 2288 Dei
790 2231 996 2304 possim
1023 2232 1203 2287 visere
1234 2229 1434 2302 templa
1462 2230 1559 2287 tui.

394 2322 451 2377 Si
478 2319 621 2377 Deus
643 2320 733 2376 ille
758 2329 883 2376 tuus
911 2320 1112 2376 nostris
1144 2318 1430 2391 praefertur
1453 2321 1678 2387 honore,

464 2413 532 2468 Et
559 2413 703 2468 valet
722 2413 903 2469 oranti
932 2427 1157 2468 munera
1178 2411 1334 2482 plura
1360 2413 1514 2479 dare,

394 2507 664 2577 Linquere
689 2521 853 2563 causa
872 2504 1084 2573 'monet,
1114 2504 1332 2562 Christo
1363 2520 1558 2577 parere
1579 2503 1791 2573 Iuvabit
1809 2543 1828 2568 ,

362 2648 369 2655 .
465 2597 796 2667 Sculptaque
817 2594 1196 2652 ﬂammivomis
1224 2596 1368 2652 ferre
1394 2595 1609 2652 metalla
1638 2594 1794 2651 focis.

397 2687 618 2742 Munera
647 2684 792 2741 ferre
805 2684 979 2756 jubet,
1007 2686 1172 2741 donat
1198 2700 1413 2756 quoque
1433 2698 1657 2740 munere
1684 2685 1934 2748 Sacrum.

439 2773 659 2846 ,Quaiia
690 2774 963 2830 Denurum
992 2789 1085 2831 rus
1110 2789 1328 2844 quoque
1362 2774 1563 2830 habere
1587 2774 1749 2829 valet.

393 2866 511 2922 Eho
530 2865 678 2919 redit
702 2864 965 2936 gaudens,
995 2862 1272 2935 lucrisque
1292 2865 1558 2935 pmpheta
1581 2862 1778 2919 nitoris

462 2954 707 3021 Estuat,
723 2961 790 3009 et
815 2955 932 3026 regi
961 2963 1090 3009 vota
1113 2953 1378 3024 placenda
1408 2953 1592 3019 refert,

396 3047 644 3114 Qualiter
666 3043 932 3102 iicroidus
953 3045 1228 3100 Denorum
1255 3055 1438 3101 rector
1457 3045 1672 3115 opimus

472 3136 644 3193 Sacra
670 3137 885 3194 lavacra
905 3135 1010 3192 Dei
1030 3134 1377 3205 suscipienda
1402 3143 1569 3206 petat.

397 3230 589 3288 Ctesar
609 3237 669 3285 at
694 3227 887 3286 deinde
907 3229 1033 3299 pius
1058 3238 1242 3300 grates
1261 3227 1525 3297 persolvit
1550 3228 1762 3297 opimas

468 3317 808 3389 Cunctipatri
835 3315 1085 3383 Domino,
1115 3313 1208 3387 qui
1230 3315 1379 3372 dedit
1403 3331 1565 3373 omne
1581 3310 1804 3372 bonum.

397 3410 467 3466 Et
487 3409 641 3480 jubet
664 3407 939 3480 extemplo
963 3407 1181 3479 imperii
1198 3421 1297 3478 per
1316 3408 1439 3480 jura
1464 3406 1672 3464 subacti

468 3500 734 3558 Omnibus
757 3500 962 3559 obnixo
991 3498 1202 3557 solvere
1222 3506 1349 3557 vota
1376 3497 1508 3554 Deo.

401 3592 621 3649 Scilicet
645 3598 706 3646 ut
727 3587 1002 3657 Christus,
1030 3589 1125 3659 qui
1154 3589 1419 3645 mundum
1441 3589 1703 3660 sanguine
1730 3596 1902 3645 totum

470 3681 734 3749 Salvavit,
761 3682 993 3738 redimat
1033 3682 1136 3738 hos
1155 3695 1372 3752 quoque
1395 3682 1465 3741 ait
1488 3679 1645 3737 hoste
1666 3681 1827 3737 maio.

402 3773 620 3844 Engilin
640 3774 756 3841 ipse
779 3772 904 3843 pius
938 3769 1152 3841 placido
1180 3778 1311 3826 tunc
1337 3770 1556 3825 tramite
1574 3769 1714 3824 hcine
1745 3782 1768 3809 ο

470 3863 699 3921 Advolat
724 3863 1060 3933 induporans
1085 3861 1315 3934 conjuge
1341 3876 1467 3917 cum
1495 3861 1700 3917 sobole.

400 3959 499 4013 Est
519 3957 669 4012 locus
686 3955 779 4010 ille
796 3954 939 4011 situs
963 3954 1137 4025 rapidi
1158 3967 1327 4025 prope
1354 3952 1574 4008 ﬂumina
1600 3951 1798 4022 Rheni,

471 4045 707 4103 Ornatus
736 4044 905 4099 variis
926 4042 1166 4099 cultibus
1184 4051 1240 4100 et
1266 4043 1514 4113 dapibus.

401 4140 520 4207 Quo
539 4137 731 4192 domus
752 4133 899 4190 alma
924 4142 1073 4206 patet
1107 4141 1329 4190 centum
1355 4133 1561 4204 perfixa
1585 4136 1882 4204 columnis,

472 4229 591 4297 Quo
619 4226 825 4283 reditus
847 4226 1009 4290 varii,
1047 4233 1302 4295 tectaque
1330 4225 1665 4282 multimoda.

322 4328 327 4333 '
403 4319 546 4377 Mille
573 4318 776 4385 aditus,
807 4318 1036 4383 reditus,
1066 4317 1394 4388 milienaque
1410 4317 1646 4375 claustra
1669 4319 1972 4387 domorum,

472 4410 609 4469 Acta
638 4412 1022 4484 magistrorum
1046 4408 1423 4480 artiﬁcumque
1446 4425 1628 4466 manu.

404 4500 624 4572 Templa
654 4500 748 4556 Dei
780 4515 997 4556 mmo
1022 4498 1050 4539 ει
1070 4508 1339 4555 constant
1366 4507 1588 4569 operata
1615 4500 1833 4556 metallo
1850 4542 1864 4567 ,

472 4591 651 4648 Erati
669 4600 874 4663 postes,
906 4605 1071 4646 aurea
1101 4590 1315 4645 ostiola.

404 4684 607 4755 inclyta
633 4690 788 4753 gesta
814 4682 930 4748 Dei,
962 4682 1135 4737 series
1159 4680 1508 4736 memoranda
1532 4681 1796 4744 virorum,

472 4773 688 4829 Pictura
720 4771 922 4841 insigni
946 4774 1056 4841 q'uo
1077 4768 1366 4839 relegenda
1383 4775 1602 4839 patent.

405 4862 474 4918 Ut
504 4864 702 4933 primo,
728 4870 963 4932 ponente
993 4862 1127 4924 Deo,
1152 4874 1279 4930 pars
1304 4857 1437 4914 laeva
1464 4867 1734 4927 recenset,

475 4953 763 5011 lncoiitant
786 4953 1030 5008 homines
1059 4961 1108 5005 te
1128 4951 1378 5020 paradise
1403 4950 1540 5004 novi.

404 5046 575 5100 inscia
600 5043 763 5099 corda
784 5032 913 5096 mali
940 5056 1163 5111 serpens
1190 5049 1247 5094 ut
1266 5040 1503 5111 perﬁdus
1529 5040 1652 5094 Eva:

472 5190 499 5214 θ
540 5174 656 5231 Hoc
682 5184 788 5234 est.
818 5176 911 5243 qui
940 5173 1143 5228 aferro
1164 5180 1219 5228 et
1241 5172 1468 5228 vinculis
1495 5171 1763 5227 immunes
1784 5185 1975 5243 snper—

405 5248 656 5311 fuerant,
736 5245 987 5300 Ludovici
1044 5243 1271 5315 Augusti
1326 5243 1586 5299 militibus
1641 5244 1969 5300 deditionem

550 5333 601 5372 ὓ.

550 5333 601 5372 e.

404 5319 704 5451 Micridem,
733 5397 894 5454 quem
920 5398 1081 5454 supra
1107 5384 1357 5449 vidimus,
1385 5383 1655 5454 Danorum
1676 5397 1796 5454 rex.
1848 5418 1853 5427 .

2141 2054 2213 2112 Ut
2237 2053 2396 2109 Jesus
2414 2051 2611 2122 populo
2637 2051 2748 2107 dux
2764 2051 2941 2106 bonus
2966 2049 3277 2105 exstiterat.

2068 2144 2298 2216 Jamque
2323 2142 2708 2215 prophetarum
2728 2181 2745 2208 ,
2774 2155 2967 2209 regum
2989 2155 3298 2213 pmmgna
3320 2149 3530 2196 caterva

2141 2234 2409 2306 Pingitur,
2440 2241 2559 2288 acta
2582 2231 2744 2287 simul
2775 2242 2829 2287 et
2854 2230 3129 2288 celebrata
3152 2232 3350 2288 nitent.

2069 2327 2138 2383 Et
2159 2326 2378 2382 Davidis
2399 2340 2554 2398 opus,
2586 2323 2895 2380 Salomonis
2921 2331 2980 2380 et
3005 2331 3128 2380 acta
3156 2323 3426 2395 potentis,

2143 2419 2476 2491 Templaque
2501 2419 2685 2474 divino
2711 2418 2977 2474 aediﬁcata
3002 2430 3190 2488 opere.
3267 2402 3271 2406 ’

2068 2513 2198 2569 inde
2221 2512 2386 2568 duces
2414 2510 2595 2583 populi
2631 2509 2819 2582 quales
2838 2512 3134 2591 quantique
3161 2509 3337 2576 ntere,

2140 2602 2318 2673 Atque
2350 2602 2694 2658 sacerdotum
2720 2602 2956 2658 culmina
2983 2618 3079 2659 seu
3113 2617 3419 2674 procerum.

2071 2694 2257 2751 Altera
2287 2710 2415 2767 pars
2439 2695 2639 2752 retinet
2663 2694 2865 2751 Christi
2900 2696 3087 2752 vitalia
3123 2706 3299 2770 gesta,

2143 2787 2276 2855 Quae
2304 2788 2467 2843 terris
2492 2786 2692 2843 missus
2717 2803 2748 2842 a
2773 2786 3028 2845 Genitore
3052 2789 3219 2865 dedit.

2071 2876 2311 2949 Angelus
2340 2884 2401 2934 ut
2434 2877 2611 2947 primo
2638 2876 2824 2934 Mariae
2855 2878 3108 2950 delapsus
3131 2880 3203 2935 ad
3237 2896 3415 2945 aures,

2147 2966 2323 3038 thue
2357 2966 2523 3022 Maria
2553 2976 2745 3023 sonat:
2768 2968 2910 3024 Ecce
2931 2968 3108 3040 puella
3130 2968 3245 3026 Dei.

2072 3057 2330 3115 Nascitur
2352 3067 2413 3114 ut
2436 3057 2707 3125 Christus,
2733 3060 2907 3115 sacris
2933 3060 3094 3131 longe
3113 3070 3244 3116 ante
3269 3060 3541 3132 prophetis

1998 3107 2045 3170 Ω
2146 3144 2342 3212 Notus,
2369 3154 2425 3201 et
2445 3163 2478 3202 e
2499 3107 2955 3217 pannis'volvitur
2978 3107 3333 3218 ualue'Deuls.

2075 3239 2145 3296 Ut
2172 3240 2261 3310 pia
2290 3247 2536 3310 pastores
2559 3240 2783 3310 capiunt
2808 3255 2936 3298 mox
2957 3240 3109 3312 iussa
3141 3240 3425 3306 Tonantis,

2143 3330 2381 3387 Cernere
2404 3345 2638 3402 mosque
2661 3330 2833 3387 Deum
2858 3346 2968 3402 quo
2997 3346 3250 3388 meruere
3272 3331 3427 3403 legi.

2075 3422 2150 3479 Ut
2179 3420 2310 3478 furit
2341 3420 2910 3489 Herodes,‘Christum
2938 3420 3231 3480 succedere
3256 3424 3497 3488 credens,

2144 3518 2389 3574 Perculit
2408 3526 2467 3573 ut
2488 3533 2686 3589 pueros
2713 3516 2808 3587 qui
2832 3533 3084 3575 meruere
3111 3519 3271 3573 mori.

2076 3613 2150 3669 Ut
2174 3611 2312 3684 fugit
2337 3611 2576 3685 Egypto
2599 3610 2820 3684 Ioseph,
2850 3626 3189 3684 puerumque
3223 3622 3477 3686 reportat,

2143 3700 2330 3758 Crevit
2356 3711 2414 3755 ut
2436 3702 2552 3771 ipse
2576 3716 2732 3772 puer,
2760 3702 3013 3759 subditus
3036 3711 3204 3774 utque
3228 3702 3349 3759 fuit.

2079 3794 2152 3851 Ut
2176 3793 2443 3864 baptizari
2470 3793 2660 3858 voluit,
2689 3793 2785 3864 qui
2805 3802 3034 3850 venerat
3054 3808 3248 3850 omnes

2148 3884 2424 3953 Sanguine
2450 3884 2685 3952 salvere,
2717 3885 2810 3957 qui
2837 3885 3051 3956 periere
3076 3885 3188 3942 diu.

2077 3974 2225 4032 More
2252 3974 2488 4031 hominis
2513 3984 2570 4030 ut
2590 3982 2747 4030 tanta
2784 3974 2908 4030 tulit
2933 3973 3142 4044 ieiunia
3168 3975 3433 4039 Christus.

2149 4065 2221 4122 Ut
2254 4073 2583 4121 tentatorem
2612 4063 2846 4136 perculit
2882 4074 3002 4120 arte
3036 4079 3219 4121 suum.

2079 4154 2151 4211 Ut
2178 4155 2266 4226 pia
2291 4170 2392 4225 per
2419 4155 2680 4210 mundum
2707 4155 2893 4210 docuit
2912 4169 3038 4211 mox
3063 4155 3250 4212 munia
3273 4155 3465 4221 Patris,

2148 4242 2408 4299 Reddidit
2434 4242 2665 4299 inttrmis
2686 4243 2872 4300 munia
2892 4243 3076 4314 prisca
3102 4244 3245 4315 pius.

2077 4334 2288 4391 Mortua
2318 4334 2449 4407 quin
2477 4334 2641 4393 etiam
2675 4340 2734 4389 ut
2756 4334 3031 4405 reparavit
3055 4349 3283 4407 corpora
3318 4336 3459 4396 vita,

2000 4450 2053 4510 Ι)
2148 4426 2421 4482 Daemonis
2448 4440 2599 4482 arma
2626 4426 2772 4491 tulit,
2807 4427 3012 4496 expulit
3034 4435 3203 4496 utque
3224 4426 3430 4497 procul.

2081 4514 2359 4587 Discipulo
2388 4524 2446 4569 ut
2467 4510 2715 4570 t'radente
2743 4513 2882 4581 fero,
2917 4530 3166 4584 saevoque
3192 4514 3402 4587 papelio

2152 4604 2300 4660 More
2328 4606 2565 4661 hominis
2589 4605 2759 4661 voluit
2783 4614 2844 4660 ut
2872 4605 3011 4661 Deus
3036 4606 3152 4678 ipse
3176 4608 3335 4667 mori.

2086 4697 2152 4752 Ut
2179 4710 2404 4767 surgens
2424 4695 2662 4767 propriis
2682 4698 2931 4767 apparuit
2952 4697 3069 4775 ipse
3098 4697 3363 4756 ministris
3381 4740 3398 4763 ,

2150 4784 2331 4858 thue
2355 4786 2511 4856 polos
2531 4786 2709 4858 palam
2737 4789 2968 4855 scandit,
2990 4796 3051 4845 et
3071 4803 3203 4844 arva
3239 4791 3393 4862 regit.

2082 4876 2178 4933 llis
2200 4886 2288 4934 est
2314 4878 2436 4933 auia
2462 4879 2557 4935 Dei
2582 4880 2811 4950 picturis
2838 4889 2958 4938 arte
2981 4881 3204 4948 referta,

2147 4968 2391 5026 Pleniter
2420 4971 2616 5028 artiﬁci
2640 4972 2743 5028 rite
2765 4973 2929 5042 polita
2952 4990 3134 5030 manu.

2083 5059 2245 5130 Regia
2277 5077 2509 5130 namque
2535 5047 2867 5119 domus'iate
2894 5067 3199 5136 perscuipta
3232 5068 3466 5131 nitescit,

2203 5191 2525 5261 inggienhem
2548 5196 2705 5261 dictus
2724 5196 2860 5246 locus
2884 5206 2977 5249 est.
3004 5202 3083 5248 ubi
3107 5200 3320 5251 condidit
3344 5202 3516 5261 auiam,

2265 5253 2398 5305 ditas
2416 5258 2491 5306 cui
2520 5258 2636 5306 vidit
2661 5268 2822 5307 nostra
2848 5274 3011 5321 parent
3035 5264 3249 5313 mittunt}.

2079 5357 2417 5434 Cginiiardus
2440 5377 2542 5416 non
2564 5360 2714 5432 longe
2742 5380 2775 5416 a
2807 5363 3143 5434 Moguntinco
3185 5362 3369 5419 villam
3394 5365 3524 5418 hanc
3548 5372 3618 5413 re-

477 5470 521 5531 ε,
540 5430 1357 5531 ζῑηῖςῑᾱᾷῑιῖυιιζζῆειῑῖέ
1373 5430 1697 5531 pugnam;
1714 5430 1967 5506 ῑῑιλρηαιιε
2078 5430 2239 5531 εί
2252 5431 2459 5531 smnia:

404 5528 676 5606 oppidum.
719 5525 795 5587 ibi
835 5522 1302 5609 palatium‘nobile
1331 5540 1361 5576 a
1391 5523 1586 5579 Carolo
1621 5522 1816 5643 Magno
1843 5536 1970 5604 cono
2150 5522 2181 5597 ξῗ

407 5595 603 5643 duum-
652 5598 714 5643 du
747 5613 854 5643 n-m
895 5595 1053 5643 Poeta
1082 5594 1226 5643 bam
1254 5608 1308 5643 in
1337 5594 1532 5643 Annal.
1564 5592 1763 5643 Carm.
1794 5604 1970 5643 capite
2077 5582 2183 5623 sc"

1727 5578 1763 5657 ᾗ,
1794 5592 1970 5667 capite
2077 5578 2335 5667 scriphum
2355 5584 2569 5667 censeo.

407 5592 604 5661 dit'um,
652 5598 715 5652 de
747 5592 854 5667 quo
892 5595 1053 5652 Poeta
1082 5592 1226 5651 Saxo
1254 5594 1308 5652 in
1337 5594 1532 5649 Annal.
1564 5592 1704 5646 Caro

405 5676 676 5733 Ροὸιιγωο
696 5684 712 5718 ε

2150 5497 2181 5573 d_
2218 5497 2490 5553 Lubenter
2528 5501 2821 5556 scriberem
2846 5501 3067 5566 summi;
3100 5509 3265 5573 atque
3302 5503 3381 5558 ita
3420 5517 3453 5558 a
3482 5504 3617 5572 poets

2157 5650 2179 5677 ο
2220 5638 2577 5695 Rcstituenem
2601 5640 2910 5715 scholisque.
