3856 6190
227 338 332 398 σεε

296 459 359 516 Et
379 456 533 515 canit
559 456 778 529 ingenio
803 455 1039 512 maxima
1065 467 1216 528 gesta
1242 457 1443 514 virum.

223 551 349 622 Cyri
373 557 531 622 gesta
556 548 725 614 cauit,
752 563 965 605 necnon
988 557 1044 605 et
1074 557 1317 620 tempore
1341 549 1467 605 Nini

292 638 486 696 Praelia
511 637 853 705 multimoda,
886 638 1130 708 duraque
1160 636 1304 693 facta
1336 639 1515 693 nimis.

222 730 323 787 llic
347 730 536 786 videas
559 727 724 783 lluvio
761 729 905 800 regis
927 728 1118 784 saevire
1144 728 1406 793 furorem,

295 821 549 877 Vindicat
575 827 637 875 ut
660 820 813 875 chari
840 819 1074 889 denique
1102 819 1264 876 funus
1287 818 1433 890 equi.

222 912 429 969 Dehinc
457 912 707 967 mulieris
734 925 906 967 ovans
934 909 1121 966 infelix
1150 910 1446 981 prenderat
1470 926 1624 974 arva,

290 1002 586 1075 Sanguinis
618 1012 739 1058 utre
769 1010 933 1074 caput
961 1004 1183 1072 ponitur
1210 1004 1333 1059 inde
1360 1019 1539 1059 suum.

214 1096 385 1166 Impia
421 1111 524 1152 nec
552 1095 802 1151 Phalaris
827 1097 1129 1153 reticentur
1158 1106 1310 1167 gesta
1338 1096 1577 1160 nefandi,

290 1187 474 1258 thue
502 1196 684 1243 truces
713 1187 941 1257 populos
969 1188 1060 1243 hic
1086 1196 1244 1243 necat
1275 1196 1394 1243 arte
1423 1185 1556 1242 fera.

216 1278 290 1336 Ut
319 1278 566 1349 Pyririus
597 1289 623 1318 ι
649 1276 697 1332 ei
724 1277 947 1346 quidam
980 1278 1135 1333 faber
1157 1277 1283 1332 mris
1308 1285 1364 1333 et
1390 1278 1512 1333 auri

283 1368 560 1441 Jungitur,
592 1378 648 1424 et
678 1368 860 1423 Falari
892 1384 1018 1423 cum
1042 1369 1324 1439 impietate
1348 1368 1517 1425 miser

213 1459 344 1515 Ere
368 1460 518 1516 celer
543 1468 762 1515 taurum
793 1459 960 1514 nimio
983 1459 1208 1514 fabrivit
1229 1461 1459 1525 honore,

279 1550 552 1606 Truderet
571 1561 632 1605 ut
659 1549 896 1607 hominis
926 1566 1035 1620 quo
1063 1550 1150 1621 pia
1180 1553 1424 1606 membra
1453 1550 1619 1607 ferus.

211 1640 444 1712 Moxque
470 1650 734 1714 tyrannus
759 1657 884 1697 eum
913 1642 1055 1697 tauri
1080 1642 1349 1698 conclusit
1380 1644 1434 1698 in
1461 1645 1604 1709 alvo,

270 1732 489 1802 Arsque
513 1732 663 1787 dedit
692 1740 923 1788 mortem
952 1741 1013 1788 ut
1040 1734 1350 1804 artiﬁcique
1379 1750 1498 1792 suo.

211 1823 474 1880 Romulus
498 1834 555 1880 et
576 1825 783 1881 Remus
806 1825 995 1881 Roma:
1020 1833 1081 1882 ut
1106 1825 1422 1884 fundamina
1457 1838 1685 1901 ponunt,

272 1913 518 1970 Perculit
544 1923 606 1970 ut
628 1915 855 1972 fratrem
879 1915 1079 1987 impius
1104 1917 1195 1974 ille
1221 1933 1401 1974 suum.

208 2010 441 2064 Annibal
472 2019 531 2064 ut
554 2010 712 2066 hellis
740 2026 956 2082 semper
979 2022 1269 2082 persuetus
1298 2013 1520 2085 iniquis,

275 2101 509 2157 Lumine
537 2103 784 2172 privatus
809 2111 868 2158 ut
902 2105 1006 2160 fuit
1038 2105 1155 2176 ipse
1187 2121 1307 2162 suo.

208 2190 272 2247 Ut
297 2206 522 2263 quoque
542 2191 848 2249 Alexander
873 2194 1013 2249 bello
1039 2194 1143 2250 sibi
1171 2197 1413 2253 vindicat
1439 2199 1648 2263 orbem,

272 2283 347 2339 Ut
375 2282 625 2338 Romana
652 2299 850 2340 manus
873 2287 1047 2342 crevit
1070 2296 1128 2342 et
1148 2303 1324 2359 usque
1344 2289 1550 2359 polum.

204 2371 365 2430 Parte
390 2372 500 2429 alia
528 2375 653 2429 tecti
682 2375 950 2431 mirantur
976 2386 1128 2449 gesta
1159 2387 1409 2449 paterna,

268 2463 453 2532 Atque
480 2463 584 2533 pize
608 2463 731 2519 lidei
760 2465 1091 2535 proximiora
1121 2469 1314 2539 magis.

202 2552 470 2610 Caesareis
500 2555 639 2609 actis
661 2554 920 2611 Romanae
941 2557 1088 2612 sedis
1114 2560 1309 2629 opimae

260 2644 586 2715 iunguntur
613 2645 835 2714 Franci,
868 2657 1126 2720 gestaque
1155 2650 1293 2705 mira
1322 2652 1504 2708 simul.

201 2740 600 2798 Constantinus
629 2742 708 2798 uti
736 2743 963 2799 Romam
992 2745 1219 2800 dimittit
1247 2759 1454 2809 amore.

262 2830 801 2904 Constantinopolim
825 2837 1094 2891 construit
1113 2836 1228 2907 ipse
1253 2836 1375 2892 sibi.

203 2921 550 2979 Theodosius
577 2922 707 2979 felix
731 2925 860 2981 illnc
885 2926 1132 2998 depictus
1159 2927 1414 2994 habetur,

262 3017 423 3072 Actis
444 3015 729 3087 praeclaris
763 3020 946 3076 addita
978 3021 1273 3090 gesta‘suis

203 3106 330 3164 illnc
361 3107 602 3165 Carolus
632 3110 660 3150 δ
689 3109 900 3180 primus
925 3110 1216 3167 Frisunum
1240 3111 1410 3169 Marte
1439 3114 1701 3187 magister

262 3198 545 3270 Pingitur,
569 3208 627 3256 et
646 3215 830 3257 secum
862 3202 1087 3274 grandia
1119 3212 1271 3274 gesta
1293 3219 1507 3260 manus.

201 3290 349 3358 iiinc,
381 3291 640 3363 Pippine,
673 3293 870 3361 micas,
896 3295 1186 3366 Aquitanis
1212 3307 1234 3336 ο
1263 3296 1397 3369 jura
1415 3298 1724 3366 remittens,

260 3382 326 3437 Et
353 3398 534 3455 regno
564 3384 766 3451 socias,
801 3384 972 3442 Marte
1002 3384 1244 3453 favente,
1277 3395 1396 3443 tuo.

198 3469 259 3528 Et
282 3471 527 3529 Carolus
546 3471 573 3512 δ
602 3474 822 3546 sapiens
848 3474 1031 3531 vultus
1055 3477 1350 3545 prmwndit
1375 3488 1615 3549 apertos,

260 3561 513 3634 Fertque
553 3572 874 3619 coronatum
904 3573 1192 3621 stemmate
1221 3566 1326 3623 ritc
1355 3576 1536 3641 caput.

198 3647 325 3709 llinc
356 3652 587 3709 Sasona
617 3653 816 3710 cohors
845 3665 1035 3711 contra
1065 3664 1197 3724 stat,
1225 3658 1411 3728 praelia
1438 3667 1634 3725 tentat,

259 3742 351 3800 ille
379 3742 541 3809 ferit,
570 3744 822 3811 domitat,
852 3746 919 3801 ad
952 3761 1049 3801 sua
1069 3744 1193 3814 jura
1224 3749 1414 3807 trahit.

201 3830 287 3890 llis
322 3833 571 3903 aliisque
596 3834 732 3890 actis
761 3835 907 3890 clare
935 3835 1087 3891 locus
1119 3836 1209 3893 ille
1235 3838 1477 3905 nitescit,

261 3923 524 3982 Pascitur
548 3933 603 3981 et
631 3927 770 3993 visu,
803 3943 1028 3984 cernere
1058 3944 1303 4001 quosque
1326 3932 1501 4001 juvat.

199 4014 303 4073 Illic
327 4032 475 4089 ergo
500 4016 626 4086 pius
650 4015 833 4072 Caesar
855 4018 949 4073 dat
970 4017 1096 4087 jura
1127 4021 1390 4086 subactis,

263 4105 415 4162 More
447 4121 554 4162 suo
582 4108 735 4180 regni
764 4107 869 4164 rite
898 4109 1128 4165 revolvit
1153 4125 1309 4181 opus.

196 4194 325 4253 Ecce
355 4196 559 4253 volant
586 4205 804 4253 centum
830 4215 928 4269 per
954 4200 1129 4255 Rheni
1154 4200 1374 4257 ﬂumina
1402 4217 1627 4275 puppes,

261 4286 513 4357 Velaque
542 4288 844 4344 candidulis
873 4292 1186 4346 consociata
1214 4292 1417 4359 modis,

198 4373 471 4433 Denorum
500 4377 716 4448 populis
736 4388 976 4435 onerata:
1001 4396 1247 4447 munere,
1278 4397 1507 4448 necnon,

258 4467 569 4525 ﬂeroldum
599 4474 780 4539 regem
817 4481 841 4510 ε
868 4469 1045 4539 prima
1074 4472 1262 4526 carina
1284 4474 1475 4540 vehit,

194 4558 284 4625 ‘l‘e,
311 4559 624 4624 Ludovice,
655 4569 866 4631 petens.
897 4560 1138 4617 Debetur
1163 4563 1267 4627 hoc
1293 4564 1391 4619 tibi
1419 4580 1645 4636 munus,

258 4652 360 4720 Qui
394 4651 544 4706 facis
571 4651 829 4708 Ecclesia:
855 4667 1108 4708 crescere
1134 4654 1456 4709 ritedecus.

191 4738 426 4817 Jamque
455 4735 901 4818 propinquabant
930 4745 1084 4817 ripw,
1113 4752 1443 4817 portumque
1487 4745 1744 4801 tenebant
1774 4764 1788 4800 :

255 4836 456 4895 Cmsar
484 4835 555 4892 ab
580 4836 795 4894 excelsa
828 4837 943 4892 brec
971 4837 1233 4908 prospicit
1259 4851 1386 4893 arce
1410 4836 1533 4908 pius
1552 4875 1569 4903 ,

255 5010 284 5041 ι
321 4996 511 5066 Quem
539 4994 925 5067 Perillumialii
962 4997 1321 5067 appellarunt.

256 5068 299 5139 lt
326 5065 573 5139 Scilicet
609 5065 917 5139 Marullus,
965 5065 1100 5122 avus
1140 5068 1320 5123 Caroli
1353 5068 1563 5139 Magni,
1593 5076 1648 5124 et
1671 5084 1789 5123 ma-

191 5135 482 5209 jordomus
508 5136 789 5209 Francigr;
828 5139 875 5192 is
912 5153 1106 5209 nempe
1130 5179 1144 5201 ,
1195 5143 1283 5207 qui
1337 5135 1540 5195 Frisios
1569 5150 1785 5209 gentem

193 5205 563 5279 durissimam.
588 5206 788 5262 celebri
828 5205 1170 5279 espeditione
1204 5205 1535 5279 prostravit,
1564 5205 1788 5278 Eumque

197 5277 387 5332 ditioni
422 5276 625 5344 adjecit
653 5291 795 5331 anno
833 5277 936 5332 ’755
961 5286 1016 5332 ct
1043 5277 1167 5334 754.

262 5357 285 5386 ε
327 5347 545 5403 Bellum
576 5348 954 5429 Aquitanieum
979 5363 1081 5429 per
1104 5363 1277 5429 annos
1298 5347 1481 5417 plures
1502 5347 1787 5429 Pippinum

190 5432 378 5540 regem
411 5419 701 5541 leriercuit,
736 5432 911 5488 eoque
943 5420 1030 5473 vix
1079 5420 1347 5486 coniecto,
1396 5429 1606 5473 naturae
1639 5419 1788 5473 dehi-

217 5503 307 5541 urn
339 5503 409 5541 so
434 5504 483 5541 vr
516 5527 530 5541 .

193 5495 307 5542 tum
339 5490 530 5544 solvit.

263 5558 289 5598 ἀ
330 5559 394 5614 Id
422 5568 531 5625 est,
560 5556 805 5630 Magnus,
834 5573 903 5614 ex
931 5557 1072 5615 bello
1099 5557 1372 5614 Saxonico
1397 5560 1665 5631 praecipue
1688 5559 1793 5615 cla-

192 5642 308 5685 I113.

269 5711 296 5741 α
334 5699 479 5755 Tres
505 5700 770 5755 adventus
794 5698 1012 5755 Heroldi
1040 5700 1480 5770 Dannrumregis
1510 5700 1576 5755 ad
1607 5699 1789 5755 Ludos

191 5767 379 5833 vicum
414 5770 714 5831 Auuustum
740 5771 1007 5826 statuendi
1048 5780 1191 5827 sunt.
1228 5767 1446 5828 Primus
1474 5770 1540 5827 ad
1588 5787 1787 5832 annum

1090 336 1179 393 DE
1219 337 1451 395 REBUS
1490 334 1738 394 CESTIS
1777 334 2102 395 LUDOVlCl
2139 336 2244 393 Pll.
2285 369 2356 381 --
2394 338 2522 394 LIB.
2564 340 2652 395 Π.

3392 336 3496 393 πᾶς

1832 456 1881 515 Α
1910 451 2329 526 Matfridumque
2349 456 2504 528 jubet
2527 456 2788 527 iuvenum
2816 457 3114 514 comitante
3142 464 3383 524 caterva,

1980 548 2145 603 Ocius
2169 560 2423 604 occurrat
2452 564 2549 619 pro
2578 549 2780 620 pietate
2807 549 2958 605 viris.

1909 636 2073 692 Mittit
2102 654 2272 708 equos
2300 638 2540 707 phaleris
2574 638 2771 695 multos
2799 647 3060 710 ostroque
3087 650 3332 710 paratos,

1979 728 2080 796 Qui
2114 730 2377 785 revehant
2402 729 2649 787 homines
2681 730 2748 786 ad
2774 745 2866 784 sua
2898 738 3039 785 tecta
3072 746 3261 786 novos.

1842 888 1849 891 ν
1904 820 2202 877 Francisco
2226 822 2518 878 subvectus
2546 838 2689 892 equo
2715 822 2985 878 Heroldus
3010 823 3212 887 adibat,

1975 911 2203 983 Conjux,
2238 921 2402 982 atque
2433 914 2624 968 domus
2654 923 2851 968 cuncta
2874 915 3060 970 venire
3087 922 3265 985 parat.
3324 902 3329 905 ’

1903 1003 2086 1060 Caesar
2114 1020 2236 1059 eum
2260 1006 2503 1075 gaudens
2530 1006 2677 1060 celsa
2705 1007 2940 1077 suscepit
2972 1007 3042 1062 ab
3069 1008 3216 1073 aula,

1975 1092 2206 1149 Ordinat
2233 1110 2520 1164 expensas,
2549 1095 2934 1164 distribuitque
2961 1096 3146 1167 dapes.

1906 1184 2176 1240 ileroldus
2203 1200 2385 1259 regem
2419 1185 2644 1240 acclinis
2670 1184 2865 1240 aliatur
2894 1186 3159 1255 opimum.

1972 1276 2167 1345 Incipit
2196 1291 2292 1331 ore
2316 1291 2410 1330 sua
2435 1285 2560 1331 vota
2592 1274 2798 1331 referre
2826 1276 3014 1346 prior:

1900 1366 2086 1423 Ctesar
2117 1368 2318 1436 Opime,
2351 1376 2471 1422 tuas
2496 1384 2615 1437 qua:
2658 1382 2747 1423 res
2780 1383 2866 1423 n.e
2890 1368 3040 1422 vexit
3067 1368 3135 1424 ad
3168 1383 3351 1433 arces.

1972 1459 2186 1529 Meque,
2216 1459 2543 1529 domumque
2571 1475 2770 1523 meam,
2801 1468 2857 1514 et
2880 1476 3051 1531 genus
3078 1475 3239 1516 omne
3257 1459 3438 1517 simul.

1898 1552 2157 1622 incipiam
2187 1567 2434 1616 narrare,
2464 1551 2625 1621 jubet
2652 1552 2698 1606 si
2724 1561 2905 1607 vestra
2930 1561 3192 1623 potestas,
3292 1616 3293 1621 η

1969 1646 2234 1703 Caesareis
2254 1656 2539 1718 promptus
2569 1647 2816 1711 auribus,
2844 1656 3009 1717 atque
3029 1661 3242 1702 canam.

1901 1724 2150 1808 Namque
2173 1738 2263 1794 diu
2293 1747 2510 1807 patrum
2542 1745 2782 1793 sectatus
2802 1738 2926 1808 jura
2953 1739 3223 1807 priorum,

1821 1815 1870 1874 Β
1968 1828 2117 1885 More
2145 1829 2251 1884 mei
2278 1829 2493 1900 generis
2522 1828 2788 1883 hactenus
2812 1843 2985 1897 usque
3017 1828 3134 1892 tuli,

1896 1920 1965 1976 Et
1994 1936 2115 1976 mea
2146 1937 2303 1977 sacra
2339 1922 2478 1977 meis
2500 1936 2718 1991 semper
2747 1921 2830 1976 dis
2858 1929 3023 1992 atque
3052 1922 3258 1983 deabus

1966 2012 2210 2068 Persolvi
2240 2012 2482 2084 supplex,
2514 2021 2571 2067 et
2593 2013 2681 2083 pia
2709 2021 2833 2067 vota
2864 2013 3006 2068 dedi.

1896 2100 2116 2158 Scilicet
2141 2109 2201 2156 ut
2229 2103 2420 2158 horum
2451 2101 2709 2173 sull‘ragia
2740 2119 2907 2175 regna
2934 2111 3166 2175 paterna

1967 2192 2282 2260 Servarent,
2311 2194 2590 2265 populum,
2625 2195 2846 2265 przedia,
2874 2194 2991 2248 sive
3018 2194 3184 2259 lares,

1893 2285 2295 2356 Auferrentque
2323 2285 2543 2351 famem,
2574 2302 2670 2342 seu
2700 2287 2859 2343 noxia
2884 2293 3079 2341 cuncta
3104 2293 3358 2356 potenter

1963 2374 2489 2447 Abstraherentque,
2514 2377 2712 2436 darent
2736 2358 3219 2447 prospera‘cuncta
3246 2376 3378 2437 suis.

1894 2465 2009 2521 Eho
2037 2481 2194 2521 sacer
2221 2476 2403 2522 vester
2440 2467 2642 2525 dudum
2676 2466 3068 2524 Nortmannica
3102 2482 3230 2522 rura

1963 2558 2300 2630 ingrediens,
2332 2560 2490 2614 aliter
2516 2558 2795 2631 praedicat,
2836 2568 3000 2629 atque
3027 2558 3244 2630 probat.

1894 2646 2141 2717 Namque
2171 2650 2321 2704 canit
2346 2650 2470 2705 coeli
2497 2658 2762 2720 terraeque
2792 2649 3068 2721 marisque
3094 2657 3375 2704 creantem

1962 2740 2095 2796 Esse
2120 2741 2293 2797 Deum
2317 2756 2528 2809 verum,
2558 2757 2719 2813 quem
2749 2742 2901 2798 decet
2927 2756 3089 2796 omne
3114 2740 3299 2797 decus.

1892 2832 1995 2900 Qui
2030 2832 2276 2904 geminos
2304 2833 2554 2909 homines
2580 2832 2677 2888 luti
2703 2833 2771 2889 de
2796 2832 2986 2888 fomite
3010 2832 3189 2902 primo

1963 2922 2209 2990 Fecerat,
2241 2924 2383 2980 unde
2412 2940 2582 2996 genus
2609 2923 2781 2978 crevit
2808 2924 2861 2976 in
2893 2923 3026 2978 orbe
3047 2922 3247 2977 virum.

1891 3013 1985 3070 ille
2015 3014 2158 3070 Deus
2183 3030 2428 3071 summus
2459 3013 2657 3071 Natum
2684 3013 2987 3070 transmisit
3015 3013 3070 3068 in
3107 3027 3259 3080 arva,

1963 3106 2040 3162 De
2068 3107 2222 3178 cujus
2254 3107 2429 3164 latere
2459 3106 2682 3180 sanguis
2707 3114 2764 3161 et
2790 3105 2936 3161 unda
2961 3104 3098 3164 ﬂuit.

1813 3171 1859 3233 δ
1892 3197 2017 3254 liae
2040 3197 2171 3253 lavit
2187 3198 2207 3237 τ
2230 3197 2493 3254 mundum
2526 3171 2797 3254 miserans
2818 3211 2945 3252 mox
2968 3196 3199 3259 crimine
3218 3194 3288 3258 ab
3306 3196 3478 3261 omni,

1962 3287 2138 3358 Atque
2166 3288 2470 3343 renascenti
2500 3287 2692 3343 cadica
2717 3301 2885 3357 regna
2911 3286 3076 3346 dedit.

1888 3377 2059 3433 Filius
2085 3377 2174 3432 ille
2196 3378 2290 3432 Dei
2317 3377 2570 3437 Christus
2597 3376 2870 3436 vocitatur
2893 3374 3067 3440 lcsus,

1958 3466 2124 3537 Cujus
2146 3468 2382 3527 chrisma
2410 3469 2537 3525 beat
2563 3481 2708 3530 nunc
2730 3481 2902 3537 genus
2923 3479 3085 3521 omne
3113 3464 3285 3541 pium.

1888 3557 2046 3615 Hunc
2081 3558 2184 3612 nisi
2214 3555 2497 3612 confessus
2521 3555 2686 3612 fuerit
2708 3556 2939 3626 quisque
2963 3570 3086 3612 esse
3115 3554 3455 3621 Tonantem,

1959 3654 2027 3710 Et
2055 3653 2142 3725 pia
2169 3653 2422 3724 baptismi
2454 3666 2685 3707 munera
2712 3650 2995 3722 suscipiat,

1887 3754 2135 3811 Tartarei
2165 3755 2367 3816 invitus
2396 3753 2710 3824 properabit
2736 3753 2804 3808 ad
2836 3749 3253 3824 ima-profundi,

1958 3847 2078 3917 Qun
2091 3896 2093 3900 r
2106 3845 2246 3902 male
2273 3846 2634 3911 daemonibus,
2651 3844 3066 3901 iconsociandus
3092 3845 3219 3900 erit.

1885 3938 2317 4010 Astquicunque
2343 3938 2492 4008 cupit
2523 3937 2648 3992 εωιί
2683 3937 3051 3993 conscendere
3081 3935 3294 4001 sedem,

1957 4031 2074 4096 Quo
2101 4039 2284 4086 manet
2307 4044 2470 4085 omne
2494 4029 2716 4095 bonum,
2744 4035 2802 4083 et
2826 4027 3017 4099 procul
3043 4042 3207 4084 omne
3230 4010 3475 4112 malum,

1885 4118 2003 4182 lam
2032 4119 2442 4186 fatoatur,enm
2474 4132 2664 4174 verum
2703 4131 2828 4173 esse
2854 4117 3135 4187 Deumque
3160 4115 3473 4173 hominem-

3303 4221 3388 4271 ue.

1960 4304 2231 4372 Enpurget
2270 4316 2369 4357 nec
2402 4316 2508 4356 non
2533 4313 2765 4369 corpora
2793 4297 2942 4353 fonte
2967 4312 3147 4354 sacro.
3240 4205 3299 4279 [q

1886 4391 1943 4447 in
1973 4389 2174 4456 Patris,
2199 4398 2254 4444 ct
2282 4390 2428 4453 Nati,
2458 4403 2555 4444 seu
2584 4389 2807 4444 nomine
2834 4387 3100 4443 Flaminis
3124 4386 3253 4442 almi

1963 4483 2202 4537 Membra
2233 4480 2531 4537 salutiferis
2560 4489 2644 4535 ter
2687 4494 2904 4550 quoque
2942 4479 3167 4535 mundet
3191 4479 3368 4551 aquis.

1895 4573 1995 4630 Hic
2025 4574 2168 4628 Deus
2192 4582 2275 4629 est
2303 4588 2462 4637 unus,
2495 4570 2742 4641 quamvis
2769 4571 2882 4625 sint
2907 4570 3319 4637 nominatrina,

1963 4665 2071 4720 Par
2097 4666 2271 4720 honor
2309 4671 2472 4734 atque
2499 4662 2667 4718 decus
2689 4669 2802 4723 est,
2822 4659 2944 4727 fuit,
2972 4671 3080 4726 est,
3103 4675 3319 4732 quoque
3344 4660 3471 4717 erit.

1893 4757 2123 4822 Caetera,
2158 4771 2278 4827 quae
2307 4754 2557 4811 manibus
2583 4761 2837 4809 constant
2861 4751 3125 4824 praelicta,
3147 4751 3367 4818 metalla
3400 4786 3409 4791 κ

1963 4845 2109 4903 idola
2146 4861 2286 4901 vana
2318 4851 2476 4901 vocat
2500 4842 2720 4919 prmsul,
2756 4851 2812 4899 et
2839 4857 2962 4899 esse
2983 4841 3136 4905 nihil.
3156 4901 3185 4909 ή,

1812 4516 1867 4576 D

1891 5000 1995 5057 8N
2022 5008 2256 5072 spectat,
2286 5008 2347 5054 ut
2391 4996 2530 5072 infra
2563 4996 2854 5072 adnotabo.
2902 4996 3186 5072 Secundus
3215 4998 3284 5058 ab
3311 4996 3496 5072 Eginm

1892 5065 2067 5127 hardo
2094 5068 2702 5140 aliisquegchronologis
2744 5065 2980 5140 refertur
3015 5068 3317 5140 adiannum
3345 5065 3474 5130 823,

1892 5157 2000 5213 quo
2049 5142 2097 5198 is
2125 5145 2193 5213 ad
2236 5138 2572 5213 Ludovicnm
2617 5138 2872 5213 accessit,
2909 5156 2928 5188 ‹
2985 5138 3245 5213 auxilium
3280 5147 3493 5213 petens,

1892 5207 2081 5267 contra
2109 5212 2249 5265 ﬁlios
2269 5208 2570 5271 Codefridi,
2596 5208 2688 5279 qui
2718 5223 2841 5263 eum
2871 5207 3471 5279 pau'iapelleremina.

1894 5283 2111 5337 bantur.
2148 5301 2167 5333 ι
2204 5280 2423 5336 Tertius
2449 5294 2582 5333 vero
2602 5273 2678 5348 ad
2708 5273 2911 5348 annum
2944 5273 3223 5348 826,'quo,
3252 5285 3311 5330 ut
3332 5273 3479 5329 idem.

1894 5334 2237 5425 Egilihardus
2260 5334 2478 5425 scribit,
2509 5368 2527 5399 ι
2564 5334 2892 5425 ﬂeriboldns
2920 5334 3240 5425 compulsori:
3266 5352 3323 5425 et
3361 5357 3497 5425 mat,

1931 5410 1999 5476 tia
2029 5422 2301 5476 Danorum
2329 5410 2671 5474 multitudine
2697 5418 2940 5479 veniens,
2978 5412 3306 5481 Moguneiaci
3331 5410 3474 5481 apud

1931 5438 1999 5476 na
2031 5438 2301 5476 vanorum
2329 5438 2671 5474 illnllitllmﬂc
2697 5438 2940 5479 vemens,
2979 5438 3062 5471 illo
3101 5438 3306 5477 unum:
3331 5438 3474 5481 agyuu

1894 5438 2152 5549 ganetnm
2205 5489 2828 5565 Albanutn__bapt_i_zatus
2853 5499 2958 5545 est.
3008 5508 3028 5539 ι
3064 5438 3251 5565 Foeta;
3288 5491 3500 5565 noster,

1895 5572 2224 5634 postremum
2271 5562 2416 5616 hunc
2464 5558 2683 5613 lleroldi
2731 5558 3016 5613 adventum
3053 5558 3343 5624 agnovisse
3385 5558 3469 5617 Vi,-

1932 5642 2073 5688 81111⁸.

1896 5636 2361 5773 ί¹⁸ῗ¹ἓωίριυηιη
2390 5707 2549 5772 poeta
2579 5698 2757 5777 ροιίίιε
2787 5691 3094 5761 τυθτί⁸υ¹⁸⁴³⁶
3125 5692 3285 5757 (παλ
