3856 6190
383 294 479 354 851

453 406 755 463 Marmoreo
785 417 812 446 ι
842 405 995 461 disco
1022 403 1334 473 disposuere
1365 404 1549 473 dapes.

383 497 483 558 llic
519 497 772 554 Cererem
804 496 1020 560 solitus,
1048 495 1136 550 bic
1171 509 1370 550 carnea
1398 495 1542 551 dona
1571 497 1866 554 ministrat.

459 589 635 645 Aurea
664 603 762 659 per
786 587 994 642 discum
1019 601 1145 640 vasa
1168 586 1356 640 sedere
1378 587 1548 642 vides.

386 680 494 742 Nec
523 681 702 735 minus
729 679 870 735 Otho
902 677 930 717 ι)
958 692 1092 748 puer
1119 677 1396 746 pinccrnis
1452 677 1683 754 imperat
1731 680 1949 746 ardens,

452 771 728 842 Praeparat
748 778 802 824 et
824 767 1019 825 Bacchi
1043 784 1265 823 munera
1294 768 1436 824 lenta
1468 770 1629 826 meri.

379 864 626 922 Cultibus
649 861 896 916 almiﬁcis
919 861 1208 916 transactis
1239 863 1341 916 rite
1369 871 1642 929 verenter,

449 957 686 1012 Venerat
705 955 846 1010 unde
875 955 1047 1025 prius,
1071 953 1256 1010 Cmsar
1283 954 1436 1009 abire
1465 963 1626 1022 parat

379 1049 626 1110 Aureus;
657 1056 708 1102 et
750 1045 965 1116 coniux,
997 1046 1200 1117 proles,
1228 1055 1452 1100 auratus
1499 1055 1553 1101 et
1580 1049 1754 1102 omnis

442 1138 632 1194 CtPtus
661 1137 794 1202 abit,
825 1137 1006 1191 clerus
1046 1136 1276 1206 denique
1323 1137 1660 1192 candidolus.

379 1227 506 1282 Inde
535 1229 658 1297 pius
691 1227 1022 1290 moderando
1049 1227 1275 1295 gradum
1315 1229 1560 1296 pervenit
1582 1228 1636 1284 in
1661 1229 1822 1293 aedes,

449 1319 568 1385 Quo
592 1318 696 1373 sibi
727 1317 977 1373 Ctesareo
1007 1333 1156 1372 more
1182 1328 1444 1389 parantur
1469 1335 1618 1388 opes.

378 1408 661 1469 Discubuit
687 1407 841 1462 lzrtus
870 1407 1022 1462 lateri
1046 1407 1228 1462 Juditb
1255 1425 1468 1480 quoque
1488 1411 1744 1486 pulchra,

445 1498 624 1563 Iussa,
654 1498 746 1552 sed
769 1507 825 1552 et
851 1499 994 1569 regis
1022 1498 1197 1553 basiat
1228 1510 1250 1538 ε
1275 1514 1370 1553 ore
1397 1513 1558 1568 genu.

379 1591 656 1648 Hlutarius
681 1589 882 1654 Οωείιτ,
910 1605 1010 1644 nec
1036 1605 1140 1644 non
1165 1587 1427 1646 IIeroldus
1453 1599 1508 1644 et
1533 1593 1730 1663 hospes

448 1684 608 1739 Parte
638 1699 734 1738 sua
760 1683 1014 1746 resident,
1046 1697 1173 1754 rege
1192 1682 1432 1752 iubente,
1460 1684 1637 1739 thoro.

381 1777 747 1844 Miranturque
775 1774 938 1844 dapes
963 1772 1120 1838 Deni,
1146 1772 1415 1828 mirantur
1435 1781 1490 1827 et
1516 1789 1665 1828 arma

445 1867 692 1930 Caesaris,
724 1874 780 1922 ct
803 1865 1050 1928 famulos,
1085 1873 1138 1920 et
1162 1865 1368 1943 puerile
1387 1865 1415 1905 ἀ
1443 1866 1624 1921 decus.

373 1957 464 2014 Ille
486 1959 604 2014 dies
635 1957 790 2013 lactus
818 1957 1047 2012 Francis
1072 1956 1345 2028 Denisque
1383 1958 1590 2013 renatis

444 2051 689 2122 Namque
721 2050 824 2104 fuit
846 2051 1064 2116 merito,
1086 2058 1210 2120 post
1232 2049 1550 2105 recolandus
1577 2051 1700 2104 erit.

371 2145 522 2200 Alter
552 2159 787 2212 namque
820 2144 935 2199 dies
964 2143 1144 2214 primo
1168 2143 1418 2198 veniebat
1444 2143 1578 2206 Eoo,

442 2236 650 2291 Cedunt
671 2245 817 2291 astra
837 2235 980 2306 polo,
1013 2235 1126 2290 sole
1147 2234 1369 2290 calescit
1391 2235 1608 2290 humus.

373 2329 644 2384 Venatum
671 2329 752 2383 ire
774 2335 934 2398 parat
959 2327 1159 2393 Caesar,
1183 2326 1490 2397 Francique
1523 2327 1776 2391 solentes,

443 2422 513 2477 Et
541 2435 722 2476 secum
745 2419 1034 2476 Heroldum
1063 2417 1246 2474 Caesar
1276 2419 1427 2474 abire
1448 2417 1622 2488 jubet.

371 2512 557 2572 Insula
580 2519 800 2582 propter
832 2511 986 2568 adest
1043 2509 1216 2565 Rheni
1256 2524 1470 2580 quoque
1501 2510 1711 2579 gurgite
1738 2508 1940 2575 cincta,

439 2603 557 2670 Quo
581 2603 719 2656 viret
743 2602 910 2656 herba
943 2616 1157 2665 recens,
1184 2610 1266 2656 est
1292 2617 1482 2656 nemus
1494 2600 1871 2665 umbriferum.

363 2693 492 2758 Illuc
519 2694 714 2763 quippe
741 2691 872 2748 ferte
894 2691 1077 2747 multae
1104 2692 1376 2761 variaeque
1401 2690 1640 2757 fuerunt.

443 2787 509 2852 Et
529 2786 635 2848 late
662 2785 812 2841 silvis
848 2787 1002 2841 turba
1019 2785 1230 2855 iacebat
1257 2787 1421 2842 iners.

369 2877 520 2946 lianc
557 2892 771 2948 quoque
807 2876 1144 2948 complerunt
1170 2885 1461 2938 venantum
1507 2878 1634 2934 hinc
1664 2878 1789 2936 inde
1825 2895 1955 2935 ηια--

1690 2973 1874 3046 [ηἰριίιλ

439 3062 614 3131 Atque
643 3062 1003 3118 molossorum
1027 3078 1222 3134 magna
1258 3073 1475 3120 caterva
1498 3065 1687 3131 simul.

367 3152 549 3209 Cmsar
569 3155 742 3210 veloci
767 3154 1009 3210 residens
1040 3155 1167 3210 terit
1189 3170 1316 3210 arva
1347 3155 1582 3221 caballo,

439 3244 584 3300 Wito
611 3254 633 3282 ε
661 3246 1007 3315 pharetratus
1037 3245 1122 3301 cui
1150 3261 1332 3301 comes
1360 3247 1477 3304 ibat
1492 3261 1650 3316 equo.

364 3334 606 3392 Plurima
630 3338 789 3392 turba
813 3336 928 3391 lluit
951 3337 1236 3406 iuvenum,
1271 3352 1370 3393 nec
1396 3353 1502 3392 non
1530 3352 1845 3408 puerorum,

429 3427 576 3482 Inter
606 3428 892 3490 Illutarius
918 3409 1055 3498 quos
1086 3427 1232 3482 celer
1259 3428 1371 3482 ibat
1391 3443 1552 3499 equo.

357 3520 534 3590 Atque
562 3520 723 3576 simul
746 3521 900 3586 Deni,
929 3535 1030 3576 nec
1059 3536 1167 3575 non
1193 3519 1458 3576 Heroldus
1486 3530 1541 3576 et
1566 3521 1796 3594 hospes,

431 3609 724 3680 Spectandi
753 3611 932 3666 studio
955 3612 1061 3665 huc
1089 3627 1303 3680 quoque
1330 3611 1485 3667 laetus
1515 3613 1687 3668 adest.

359 3699 477 3760 .Iam
502 3700 591 3769 pia
619 3699 832 3754 scandit
872 3715 1070 3770 equum
1113 3698 1296 3754 Judith
1335 3699 1702 3770 pulcherrima
1736 3702 1945 3772 coniux,

426 3790 678 3857 Caesaris,
699 3801 915 3856 ornata,
947 3800 1268 3859 comptaque
1301 3792 1547 3847 miriﬁce.

358 3881 529 3960 Quam
564 3895 818 3951 proceres
858 3882 1060 3940 summi
1084 3881 1373 3946 dominam,
1409 3897 1503 3938 seu
1553 3885 1709 3940 turba
1740 3895 1938 3955 poten-.

1729 3975 1865 4048 [tum

429 4120 455 4148 ι
499 4106 635 4162 Nata
667 4115 908 4162 veterum
937 4107 1271 4163 Francorum
1297 4123 1495 4164 mores.

427 4177 456 4218 δ
495 4178 639 4233 Inter
661 4179 933 4247 palatinas
957 4180 1251 4248 dignitates
1276 4179 1404 4233 olim
1440 4193 1656 4248 quoque
1679 4180 1781 4234 ista
1809 4179 1930 4236 fuit.

353 4251 453 4318 Qui
477 4264 540 4303 ea
574 4250 758 4304 donati
790 4259 966 4314 erant,
1008 4248 1311 4303 buticularii
1342 4251 1410 4303 ab
1445 4249 1739 4306 Hincmaro
1781 4251 1932 4307 aliis-

351 4338 456 4390 que
484 4335 671 4390 eorum
699 4328 996 4389 temporum
1019 4320 1374 4390 scriptoribus
1397 4320 1765 4389 appellantur;
1791 4322 1933 4377 unde

353 4389 600 4462 nostrum
618 4389 935 4462 ibottigiiere.
976 4389 1370 4462 Hermelandus
1391 4391 1558 4446 abbas
1579 4392 1631 4446 in
1666 4391 1782 4462 eius
1808 4393 1930 4446 Vita

350 4461 492 4543 apud
529 4459 896 4540 Mabillonium
945 4462 1144 4545 dicitur:
1167 4460 1345 4545 primo
1388 4459 1718 4545 constitutus.
1747 4479 1777 4516 a
1807 4477 1932 4545 rege
1959 4477 2010 4535 ι)

348 4529 588 4655 incoepta
613 4529 1003 4602 pjncernarum.
1043 4529 1181 4613 Υἱϋᾲ
1207 4533 1539 4604 Ducaugium
1574 4533 1630 4587 in
1656 4529 1933 4588 Glossario

397 4618 425 4655 a
458 4617 565 4655 Ino.

397 4603 565 4656 atino.
1043 4608 1050 4613 '

425 4683 446 4710 '-
488 4669 672 4742 Supra:
715 4670 967 4736 vidimus,
1023 4685 1281 4742 proceres
1314 4671 1577 4742 quosdam
1614 4686 1719 4725 non
1747 4671 1813 4724 ad
1840 4688 1933 4740 pe-

350 4741 467 4811 βέε,
495 4743 588 4795 sed
609 4740 676 4811 ad
705 4756 842 4811 genu
867 4740 1208 4810 imperatoris
1235 4740 1586 4797 osculandum
1617 4742 1931 4796 accessisse.

353 4809 508 4864 Nunc
573 4809 1046 4866 aniuiadversibne
1101 4827 1166 4865 ac
1224 4822 1446 4878 stupore
1499 4811 1739 4877 dignum,
1804 4821 1933 4867 tunc

351 4879 486 4950 ipsis
524 4879 909 4950 imperatorum
943 4881 1057 4950 sive
1089 4896 1278 4950 regum
1310 4883 1643 4950 Francorum
1671 4881 1933 4950 uxoribus

351 4945 406 5002 in
433 4963 584 5002 more
608 4945 792 5011 fuisse,
821 4949 1121 5004 deosculari
1149 4945 1324 5016 genua
1349 4949 1553 5020 proprii
1586 4949 1706 5004 viri.
1741 4949 1932 5008 Immu-

350 5028 462 5072 tata
498 5027 739 5086 tempora
762 5028 907 5083 sunt,
940 5019 1209 5082 immutati
1233 5027 1290 5076 et
1318 5019 1515 5074 mores.

421 5087 448 5128 ἀ
490 5086 598 5142 Pro
620 5087 985 5161 puerigquas
1007 5101 1200 5161 nempe
1218 5105 1359 5146 nunc
1394 5089 1548 5161 paggi
1575 5089 1924 5160 appellamus.

349 5157 538 5231 Neque
574 5158 717 5218 enim
748 5157 942 5231 dubito
997 5157 1145 5231 quin:
1163 5157 1482 5231 regibus‘et'
1499 5157 1930 5230 imperatoribus

349 5227 479 5284 olim
503 5227 915 5300 quoqueforent
945 5227 1095 5300 pueri
1130 5227 1403 5286 bon'orarii
1433 5231 1497 5286 ar]
1533 5227 1720 5286 eorum
1751 5231 1925 5285 servi-

351 5302 424 5358 tia
489 5299 666 5373 asciti.
706 5299 807 5368 Qui
857 5299 1041 5355 nutriti
1095 5299 1147 5354 in
1175 5301 1294 5373 aula
1334 5301 1493 5373 regia
1515 5301 1858 5373 dicebantur,
1890 5301 1926 5354 ii

353 5372 620 5441 przccipue
642 5385 707 5424 ex
733 5386 921 5426 eorum
956 5384 1184 5426 numero
1210 5369 1428 5426 fuerint:
1463 5369 1637 5440 Supra
1687 5373 1742 5426 in
1764 5371 1856 5424 lib.
1892 5386 1932 5426 ιι

351 5443 592 5496 occurrit
623 5441 794 5497 etiam

480 5553 770 5606 Wasconum
797 5557 1045 5618 principls,
1071 5553 1226 5606 Caroli
1253 5553 1519 5604 nutrlmine
1537 5552 1711 5604 fretus.

354 5637 607 5710 latragbis
629 5641 862 5696 recurrit
899 5641 1038 5710 idem
1063 5639 1260 5710 puerile
1282 5639 1462 5694 decus.

431 5718 452 5757 ο.
501 5707 643 5771 Idem
681 5717 764 5763 est
815 5725 878 5764 ac
910 5707 1071 5767 Wido
1100 5719 1154 5767 et
1197 5709 1389 5765 Guido.
1456 5707 1608 5776 Hunc
1655 5709 1937 5771 venationi.

1707 290 1847 346 [ΚΜ
1856 291 2012 350 OLDl
2050 294 2322 349 NlGL‘LLI

1979 408 2031 468 Α
2128 405 2378 461 Praeterit
2411 405 2431 445 ί
2455 412 2510 461 et
2534 407 2778 476 sequitur
2804 409 2948 481 regis
2972 409 3179 468 honore
3202 411 3297 481 pii.

3525 302 3636 357 632

2054 495 2175 549 1am
2212 510 2402 550 nemus
2421 512 2584 552 omne
2607 508 2763 553 sonat
2789 499 2996 554 crebris
3020 499 3302 556 latratibus
3338 503 3500 568 ictus,

2126 585 2262 643 Hinc
2287 589 2568 645 hominum
2593 606 2773 657 voces,
2803 593 2932 648 hinc
2967 595 3092 649 tuba
3118 597 3307 650 crebra
3336 596 3513 664 furit;

2054 679 2440 750 Dissiliuntquc
2470 681 2626 745 ferae,
2648 681 2962 754 fugiuntque
2993 701 3089 755 per
3109 701 3298 756 aspera
3326 688 3496 742 dumi.

2125 768 2234 824 Nec
2273 769 2396 842 fuga
2436 772 2697 836 subsidio,
2729 791 2830 828 nec
2859 789 3050 831 nemus
3070 786 3260 846 estque
3290 779 3458 843 latex,

2053 862 2198 916 Inter
2223 863 2536 934 cornigeros
2558 866 2752 920 cecidit
2784 882 2998 938 quoque
3023 867 3236 923 damula
3260 884 3471 924 cervos.

2123 972 2369 1029 Dentifer
2403 975 2520 1043 ipse
2543 976 2687 1030 cadit
2708 977 2928 1046 cuspide
2954 977 3093 1033 fixus
3121 994 3270 1048 aper.

2051 1063 2234 1118 Caesar
2264 1064 2420 1120 lmtus
2437 1066 2582 1119 enim
2612 1067 2704 1120 dat
2729 1081 2960 1137 corpora
2987 1069 3155 1123 multa
3187 1070 3430 1126 ferarum

2120 1153 2240 1224 Ipse
2261 1156 2402 1220 neci,
2429 1157 2646 1225 propria
2675 1157 2904 1227 perculit
2932 1167 3094 1228 atque
3121 1175 3308 1214 manu.

2051 1245 2442 1318 Illutariusque
2469 1249 2614 1305 celer
2634 1249 2852 1315 ﬂorens,
2882 1251 3156 1323 fretusque
3176 1253 3400 1323 iuventa

2122 1337 2363 1392 Percutit
2387 1355 2636 1395 ursorum
2661 1357 2887 1412 corpora
2921 1344 3084 1398 multa
3111 1361 3298 1400 manu.
3372 1365 3383 1384 ι

2051 1425 2257 1482 Cattera
2290 1429 2445 1482 turba
2476 1431 2650 1485 virum
2685 1435 2887 1502 passim
2917 1450 3015 1503 per
3038 1444 3192 1506 prata
3220 1439 3452 1495 trucidat

2122 1515 2331 1571 Diversi
2364 1518 2579 1587 generis
2603 1520 3053 1592 multimodasque
3078 1523 3238 1579 feras.

2049 1607 2211 1663 Forte
2242 1625 2436 1665 canum
2467 1611 2758 1668 infestante
2787 1613 2924 1682 fugit
2951 1615 3177 1670 damella
3202 1625 3416 1673 caterva

2124 1701 2230 1755 Per
2257 1717 2447 1756 nemus
2475 1701 2858 1769 umbriferum,
2882 1719 3088 1775 perque
3114 1707 3302 1762 salicta
3332 1708 3478 1763 salit.

1977 1760 2028 1820 Β
2053 1791 2192 1846 Ecce
2221 1791 2419 1855 locum,
2453 1807 2560 1861 quo
2588 1760 2758 1846 turba.
2790 1760 3015 1862 potens:
3033 1803 3089 1849 et
3115 1760 3614 1864 Caesam}

2120 1883 2516 1950 Constiterant,
2543 1883 2769 1940 Carolus
2799 1886 2824 1925 ιι
2852 1901 2974 1944 cum
3003 1886 3200 1954 quibus
3223 1889 3336 1957 ipse
3358 1904 3515 1959 puer.

2048 1972 2298 2029 Prmterit
2327 1973 2635 2038 instanter;
2674 1974 2905 2043 pedibus
2923 1990 3046 2044 spes
3070 1985 3282 2035 constat
3306 1977 3363 2038 in
3385 1978 3554 2048 ipsis;

2117 2064 2182 2119 Ni
2211 2063 2335 2134 fuga
2363 2063 2663 2118 subsidium
2685 2062 2949 2129 conferat,
2983 2079 3110 2120 ecce
3139 2065 3298 2135 perit.

2047 2154 2220 2220 Quam
2247 2167 2386 2222 puer
2409 2151 2678 2220 aspiciens
2703 2149 2930 2207 Carolus
2955 2153 3103 2223 cupit
3127 2167 3254 2208 ecce
3283 2154 3523 2223 parentis

2119 2248 2267 2302 More
2304 2246 2480 2316 sequi,
2508 2245 2761 2316 precibus
2785 2246 3022 2317 postulat
3042 2262 3170 2303 acer
3187 2260 3410 2318 equum.

2057 2341 2069 2378 ι
2104 2337 2272 2392 Arma
2317 2345 2473 2407 rogat
2527 2335 2775 2406 cupidus,
2821 2337 3159 2407 pharetram,
3191 2337 3501 2406 celeresque
3524 2350 3605 2392 sa»

3259 2462 3277 2476 .
3340 2426 3540 2500 [gittas,

2117 2517 2182 2572 Et
2208 2520 2359 2588 cupit
2387 2519 2468 2575 ire
2500 2533 2722 2590 sequax,
2754 2525 2815 2572 ut
2833 2525 2988 2589 pater
3009 2517 3124 2588 ipse
3153 2517 3292 2573 solet

2044 2611 2451 2682 lrgeminatque
2494 2626 2684 2682 preces
2727 2609 3018 2682 precibus;
3051 2611 3148 2666 sed
3188 2611 3415 2683 pulchra
3458 2628 3606 2668 θηε-

3417 2705 3544 2781 [trix

2115 2791 2199 2856 ire
2225 2801 2393 2860 vetat,
2418 2803 2545 2857 voto
2564 2810 2666 2853 nec
2702 2795 2795 2852 dat
2816 2796 3020 2864 habere
3045 2799 3214 2860 viam.

2047 2881 2109 2937 Ni
2149 2884 2471 2956 paedagogus
2494 2900 2620 2941 eum
2651 2894 3157 2960 teneat,,materque
3181 2890 3478 2956 volentem,

2118 2973 2262 3029 More
2282 2989 2417 3044 puer
2447 2977 2600 3046 pueri
2620 2974 2733 3044 iam
2755 2976 2902 3038 volet
2925 2978 3005 3034 ire
3030 2979 3212 3048 pedes.

2047 3065 2284 3137 Pergunt
2308 3075 2394 3122 ast
2415 3066 2510 3121 alii
2531 3064 2774 3136 iuvenes,
2807 3068 3131 3138 capiuntque
3162 3069 3413 3141 fugacem

1965 3134 2008 3195 (ἶ
2111 3134 2422 3223 Bestiolam,
2448 3134 2667 3213 illzesam
2696 3173 2826 3223 mox,
2851 3134 3019 3228 puero
3043 3134 3329 3225 revellunt.

2041 3247 2207 3301 Arma
2231 3263 2347 3306 aevo
2375 3255 2710 3305 tenerotunc
2729 3249 3106 3310 convenientia
3132 3251 3318 3315 sumit,

2113 3340 2354 3395 Perculit
2379 3347 2541 3409 atque
2563 3339 2691 3396 feme
2719 3349 2870 3411 terga
2903 3343 3177 3396 tremenda
3210 3357 3362 3412 puer.

2044 3429 2198 3485 ilunc
2223 3431 2430 3501 puerile
2460 3431 2624 3486 decus
2657 3431 2782 3485 hinc
2835 3431 2959 3494 inde
3006 3431 3317 3502 frequentat
3342 3439 3396 3488 et
3418 3429 3606 3505 ambit,

2111 3521 2265 3576 ﬂunc
2285 3521 2458 3590 patris
2485 3521 2688 3584 virtus,
2708 3537 2904 3581 nomen
2934 3530 2994 3581 et.
3011 3532 3168 3580 ornat
3193 3522 3312 3586 avi.

2039 3608 2224 3676 Qualis
2249 3609 2438 3679 Apollo
2467 3610 2636 3665 micat
2653 3611 2906 3681 gradiens
2931 3627 3028 3681 per
3049 3611 3283 3666 culmina
3315 3611 3447 3678 Deli,

2109 3699 2328 3754 Latona:
2361 3701 2521 3754 matri
2543 3700 2737 3771 gaudia
2761 3717 2957 3772 magna
2987 3701 3184 3757 ferens.

2036 3789 2154 3854 lam
2179 3799 2334 3861 pater
2358 3791 2592 3845 eximius
2619 3789 2820 3856 Caesar,
2850 3806 2944 3846 seu
2971 3803 3163 3848 canora
3193 3794 3360 3863 pubes

2111 3883 2319 3938 Venatu
2349 3881 2558 3954 gravidi
2588 3890 2728 3936 tecta
2759 3883 2941 3938 subire
2970 3892 3185 3952 parant.

2039 3973 2145 4029 Sed
2177 3982 2355 4028 tamen
2387 3973 2441 4034 in
2467 3971 2910 4028 medionemoris
2931 3975 3220 4029 viridantia
3249 3975 3489 4032 claustra

2074 4105 2348 4186 raefectum
2382 4104 2638 4186 arbitror,
2675 4118 2794 4186 quae
2835 4104 3066 4176 dignitas
3091 4105 3143 4159 in
3185 4106 3386 4186 palatio
3419 4120 3606 4186 regunt

2035 4123 2348 4230 graecum
2382 4123 2638 4186 ειςῡιιτοῐ,
2675 4123 2794 4186 qua:
2835 4123 3066 4176 Olgnllas
3092 4123 3143 4159 In
3185 4123 3386 4176 palatio
3419 4123 3600 4228 regunt

2084 4190 2370 4230 rancorum
2430 4183 2572 4228 inter
2627 4189 2842 4242 primas
2887 4187 3241 4231 annumerata
3291 4177 3419 4231 olim
3497 4183 3600 4238 uit,

2035 4244 2328 4301 Hincmaro
2359 4253 2494 4299 teste
2545 4244 2600 4297 in
2633 4243 2727 4316 lib.
2766 4245 2832 4316 de
2855 4244 2984 4316 0rd.
3035 4245 3275 4316 palatii.
3324 4246 3602 4316 Venator“

2035 4317 2202 4371 etiam
2231 4316 2374 4370 inter
2405 4329 2532 4369 suos
2567 4314 2936 4372 ministeria!“
2972 4314 3220 4372 recenset
3252 4315 3471 4374 Carolus
3494 4315 3604 4368 Ma—

2109 4401 2186 4465 us.
2223 4386 2275 4440 in
2312 4384 2546 4465 epistola
2572 4383 3192 4465 qtue.e_di‘ta‘_est.inter_
3206 4387 3351 4465 leges
3387 4386 3604 4465 “lango-

2035 4402 2172 4510 guns
2223 4402 2275 4440 in
2312 4402 2546 4454 eptswia
2572 4402 2690 4452 quae
2733 4402 2876 4438 emta
2909 4402 2994 4439 εει
3032 4402 3178 4440 inter
3207 4402 3351 4465 leges
3398 4402 3604 4456 Lango-

2055 4456 2288 4510 iardicas
2321 4462 2475 4524 parte
2509 4471 2548 4508 ιι
2586 4455 2716 4509 torni
2750 4455 2770 4508 Ι
2799 4455 3148 4510 Collectionis
3179 4457 3357 4524 huius.
3380 4456 3608 4511 Circiter

2036 4542 2098 4580 ea
2132 4521 2376 4594 tempora
2432 4523 2665 4579 ﬂoruere
2719 4524 2991 4590 Widoncs,
3044 4526 3159 4581 sive
3193 4521 3477 4588 Gnidon“,
3511 4525 3604 4580 sed

2037 4597 2306 4678 incertum
2360 4611 2428 4650 an
2486 4594 2689 4665 aliquid
2730 4609 3015 4652 commune
3075 4609 3200 4654 cum
3250 4598 3355 4656 isto
3408 4597 3612 4660 habuea

2037 4674 2288 4790 rlntt.IIoc
2313 4743 2416 4799 est,
2451 4736 2716 4806 praecedit.

2109 4808 2134 4846 ε
2171 4805 2347 4860 Nimia
2385 4803 2762 4877 bteciicentia,
2784 4805 2924 4860 bone
2958 4805 3182 4877 Nigelle.
3235 4805 3438 4876 Nempe
3488 4803 3602 4877 ϐεξ-

2035 4892 2154 4946 sera
2183 4891 2284 4946 pro
2315 4891 2456 4946 u_xor
2504 4875 2756 4940 Caesaris,
2816 4891 2908 4931 seu
2947 4875 3216 4932 Ctesarea.
3256 4878 3312 4932 In
3366 4875 3602 4932 Historia

2039 4944 2300 5018 Miscella,
2333 4944 2548 5018 Carere
2575 4961 2712 5018 uxor
2733 4945 2936 5018 Persici
2968 4947 3110 5018 regis
3143 4956 3488 5018 memoratur.

2108 5017 2133 5056 δ
2174 5015 2439 5096 lmdovici
2462 5015 2540 5069 Pii
2563 5026 2619 5096 et
2645 5014 2876 5071 Juditha:
2909 5014 3166 5088 Augusta:
3195 5017 3358 5072 filius.
3385 5015 3596 5071 Calvum

2035 5085 2306 5166 appellare
2325 5085 2726 5140 consuevimus.
3002 5085 3020 5088 ⁷

2113 5167 2128 5196 ι
2173 5155 2306 5233 Acta
2333 5155 2448 5233 haec
2481 5164 2608 5209 sunt
2635 5154 2924 5233 anno
2964 5154 3191 5233 Carolus
3235 5165 3414 5233 autem
3442 5156 3489 5210 in
3517 5152 3592 5233 lu.

2033 5226 2360 5297 cemeditus
2406 5223 2583 5297 [uerat
2607 5240 2775 5297 anno;
2812 5225 2938 5289 825,
2973 5241 3037 5280 ac
3067 5228 3295 5297 proinde
3349 5235 3469 5297 tunc
3502 5223 3581 5274 vix

2037 5296 2370 5366 quadrimus.
2402 5293 2543 5366 Quin
2589 5295 2846 5364 puerulus
2877 5311 3027 5349 arma
3068 5293 3322 5366 ’petierit,
3358 5305 3411 5350 et
3438 5295 3588 5366 {erant

2039 5365 2248 5435 insequi
2296 5364 2618 5434 excupierit,
2659 5380 2854 5435 negare
2898 5364 3101 5430 nolim}
3133 5376 3191 5420 at
3235 5367 3394 5422 simul
3431 5364 3588 5435 feren-

2037 5434 2194 5508 dum,
2213 5443 2424 5508 poetam
2465 5446 2710 5490 nostrum
2735 5434 2825 5490 hic
2853 5435 3105 5500 blandiri,
3135 5452 3199 5492 ac
3229 5437 3404 5508 dulcia
3430 5434 3590 5508 dicere

2033 5500 2267 5587 Iuditbie
2295 5505 2570 5587 Augustas,
2619 5515 2802 5587 utper
2820 5520 2965 5587 _eam
2992 5521 3206 5587 quoque
3219 5506 3304 5587 _ab
3331 5500 3590 5587 exsilioili:

2035 5576 2271 5639 beretur,
2300 5571 2462 5644 atque
2491 5575 2545 5628 in
2567 5571 2795 5646 gratiam
2820 5571 3075 5632 Ludovici
3105 5571 3438 5638 restituatur.
3465 5571 3591 5640 L05!

2032 5659 2151 5716 quae
2181 5654 2497 5718 sequuntur.
