3856 6190
208 354 325 411 633

284 467 473 523 Judith
501 466 798 537 prudenter
825 466 1111 530 construit,
1145 474 1308 534 atque
1337 465 1469 536 tegit

208 555 434 612 Vimine
458 571 719 627 praeraso,
751 569 852 610 nec
875 570 980 610 non
1012 563 1066 610 et
1089 555 1285 610 tonsile
1309 555 1472 620 buxo,

283 647 537 702 Palleolis
563 647 750 716 cingit,
772 645 1118 716 linteolisque
1151 647 1301 718 tegit,

205 739 396 808 Atque
422 739 512 808 pio
534 739 648 809 regi
671 738 927 792 viridanti
958 739 1102 793 ruris
1128 738 1184 792 in
1215 739 1382 794 herba

235 813 243 820 ’
283 831 410 901 Ipsa
441 833 609 886 sedile
634 840 810 900 parat,
845 831 1064 885 ordinat
1101 841 1263 900 atque
1288 832 1473 900 dapes.

205 919 340 975 Mox
371 922 619 976 manibus
643 919 767 976 lotis
802 921 1006 988 Caesar,
1040 938 1132 977 seu
1160 921 1384 991 pulchra
1405 919 1607 994 jugalis

285 1013 498 1066 Aurato
524 1028 648 1066 ecce
672 1011 830 1067 thoro
862 1012 1186 1066 discubuere
1218 1011 1398 1066 simul.

209 1101 536 1158 Hlotharius
566 1103 808 1172 pulcher,
845 1101 1111 1158 Heroldus
1137 1112 1192 1157 et
1221 1103 1418 1173 hospes
1440 1110 1652 1159 amatus

284 1191 632 1248 Accumbunt
668 1210 890 1259 mensae,
925 1210 1050 1265 rege
1071 1194 1296 1263 jubente
1327 1196 1438 1266 pio.

207 1283 430 1340 Caztera
457 1285 736 1356 gramineo
769 1286 970 1340 residet
991 1301 1115 1341 nam
1147 1301 1274 1340 rure
1296 1283 1574 1353 juventus,

285 1376 396 1431 Per
417 1391 608 1431 nemus
630 1375 987 1433 umbriferum
1022 1393 1248 1451 corpora
1270 1379 1410 1435 lassa
1449 1379 1612 1434 fovet.

210 1465 444 1534 Pinguia
469 1475 607 1521 tosta
646 1465 828 1521 ferunt
851 1468 1080 1538 juvenes
1105 1485 1230 1523 mox
1257 1477 1383 1524 exta
1415 1467 1652 1524 ferarum
1678 1487 1693 1535 ;

288 1555 555 1611 Ctesareis
577 1555 808 1627 dapibus
833 1559 1001 1612 mixta
1037 1557 1212 1614 ferina
1248 1560 1374 1614 coit.

221 1647 449 1716 Aufugit
473 1657 592 1702 acta
619 1647 791 1703 fames
813 1649 1078 1720 dapibus;
1115 1652 1245 1705 dant
1265 1650 1454 1721 poeula
1482 1651 1693 1716 buccis,

283 1737 515 1792 Pellitur
541 1746 702 1808 atque
730 1739 850 1793 sitis
883 1739 999 1808 ipsa
1037 1739 1247 1810 liquore
1270 1742 1378 1812 pio.

209 1828 592 1898 Laztilicatque
610 1831 784 1885 bonus
810 1845 932 1885 mox
959 1840 1180 1901 pectora
1212 1831 1369 1888 fortia
1395 1833 1662 1892 Bacchus.

280 1920 561 1976 Lzetanter
583 1930 832 1991 repetunt
861 1921 1036 1977 aulica
1061 1933 1205 1978 tecta
1232 1925 1354 1980 viri.

207 2009 366 2064 Aulai
400 2019 463 2064 ut
487 2025 702 2074 venere,
733 2009 916 2065 fovent
936 2027 1058 2066 mox
1087 2013 1250 2068 corda
1280 2029 1305 2056 ιι
1333 2015 1511 2088 Lyaeo,

281 2099 349 2153 Et
378 2100 707 2169 vespertinis
736 2103 982 2172 pergitur
1007 2101 1198 2159 oﬂiciis
1223 2105 1273 2158 ι).

211 2189 308 2244 llis
334 2203 554 2260 quoque
580 2193 868 2247 transactis
890 2191 1049 2248 solite
1075 2193 1345 2265 digneque
1381 2205 1658 2262 vercnter,

278 2280 408 2335 Inde
443 2281 715 2350 palatinas
737 2279 853 2350 jam
876 2283 1092 2340 subiere
1120 2285 1333 2341 domus.

213 2371 359 2427 Ecce
383 2387 579 2428 manus
604 2373 886 2442 juvenum,
912 2383 1142 2432 venatus
1166 2392 1390 2433 munera
1415 2377 1628 2446 tollens,

280 2462 449 2517 Multa
483 2461 620 2529 ﬂuit,
652 2465 879 2535 cupiens
900 2466 1044 2538 regis
1075 2468 1268 2524 adesse
1303 2469 1492 2526 oculis.

207 2553 372 2610 IIillia
405 2570 692 2611 cervorum
717 2558 1056 2628 praegrandia
1089 2575 1295 2616 cornua
1316 2577 1532 2620 necnon

281 2645 550 2722 Ursorum
581 2647 827 2703 referunt
862 2657 1097 2721 tergora,
1133 2667 1228 2707 seu
1252 2654 1452 2724 capita.

206 2734 448 2799 Plurima
467 2739 762 2810 setigerum
789 2741 1056 2796 revehunt
1086 2751 1140 2798 et
1161 2758 1391 2815 corpora
1417 2757 1696 2816 aprorum,

277 2828 596 2902 Caprcolos,
623 2831 812 2888 damas
845 2832 954 2887 fert
976 2834 1184 2904 puerile
1208 2833 1396 2891 decus.

207 2923 296 2985 Ille
324 2924 452 2994 pius
478 2924 717 2993 praedam
748 2923 978 2984 famulos
1001 2927 1233 2996 partitus
1263 2928 1318 2982 in
1346 2943 1538 2986 omnes

279 3015 436 3071 ﬂore
461 3029 584 3082 suo,
613 3015 760 3072 clero
781 3031 909 3088 pars
938 3032 1156 3096 quoque
1181 3035 1375 3091 magna
1400 3021 1565 3078 cadit.

205 3107 425 3171 Interea
462 3107 731 3166 Heroldus
765 3125 888 3170 cum
928 3110 1055 3168 talia
1091 3120 1341 3170 cerneret
1373 3114 1593 3185 hospes,

271 3199 595 3256 Multimoda
622 3210 807 3258 versat
834 3209 1054 3274 pectore
1074 3203 1319 3259 consilia.

205 3290 375 3364 Regia
395 3293 523 3362 jura
549 3293 760 3359 videns,
791 3301 971 3370 stupet
993 3294 1386 3366 imperiumque
1409 3294 1700 3374 ﬁdemque,

275 3383 635 3457 Qﬂiciumque
665 3387 761 3448 Dei
791 3400 1010 3449 currere
1029 3386 1154 3456 jure
1184 3403 1302 3444 suo.

211 3475 322 3531 Sed
351 3476 567 3530 tandem
590 3475 829 3531 incertos
854 3477 1018 3548 tergit
1051 3477 1118 3534 de
1139 3486 1358 3546 pectore
1382 3487 1585 3546 motus,

273 3565 693 3634 Consiliumque
719 3567 884 3636 capit,
911 3568 1055 3638 quod
1080 3569 1223 3623 Deus
1253 3569 1367 3638 ipse
1397 3569 1569 3624 dedit.

208 3657 347 3722 Ecce
378 3656 486 3710 fide
520 3656 731 3725 plenus,
767 3658 879 3727 regi
926 3657 1042 3712 haec
1066 3673 1280 3730 quoque
1323 3661 1488 3715 verba
1515 3659 1783 3731 profatur,

274 3749 484 3821 Sponte
506 3766 602 3805 sua
634 3751 858 3806 veniens
885 3753 1120 3822 procidit
1145 3760 1271 3807 ante
1302 3754 1486 3824 pedes.

203 3841 386 3896 Caesar
406 3841 613 3911 opime,
643 3841 739 3896 Dei
773 3841 964 3907 cultor,
993 3851 1286 3914 rectorque
1303 3853 1539 3912 tuorum,

271 3931 424 4000 Quos
451 3933 547 3988 tibi
573 3935 951 4006 cunctipotens
980 3936 1208 3996 contulit
1229 3936 1369 3991 alme
1401 3936 1564 3996 Deus.

270 4101 298 4129 ι
330 4087 613 4163 Frequens
644 4092 845 4163 mentio
866 4092 1062 4148 Bacchi
1091 4100 1148 4148 et
1184 4093 1328 4162 Lyaei
1363 4091 1502 4163 apud
1534 4101 1780 4148 nostrum

202 4157 490 4234 Nigellum.
530 4161 610 4216 Ad
639 4161 755 4234 haec
781 4163 1020 4234 animum
1046 4157 1285 4226 adverte,
1315 4180 1382 4219 ne
1398 4157 1656 4234 'tempora
1686 4181 1783 4218 no-

201 4241 311 4282 stra
340 4231 574 4296 incuses,
606 4233 762 4302 quasi
786 4232 914 4303 olim
961 4235 1315 4303 temperantia
1343 4231 1543 4288 mensis
1566 4234 1780 4289 asside-

207 4309 306 4359 ret,
337 4316 484 4354 nunc
512 4311 688 4356 autem
719 4302 845 4358 inde
869 4302 1140 4358 exclusam
1179 4319 1285 4357 non
1317 4319 1440 4358 raro
1487 4319 1543 4359 se
1571 4303 1770 4358 doleat.

270 4371 299 4410 δ
337 4370 560 4444 Scilicet
588 4372 657 4444 ad
681 4373 1052 4444 vespertinum
1083 4372 1340 4441 cilicium,
1375 4375 1517 4443 quod
1545 4389 1643 4444 per
1673 4374 1782 4429 cle-

203 4455 320 4502 rum
340 4442 408 4511 in
440 4441 638 4511 templo
664 4442 1071 4504 decantabatur.

270 4522 294 4549 ε
339 4509 588 4566 Manibus
609 4511 812 4580 junctis
835 4528 895 4567 se
926 4514 1136 4568 tradere
1188 4512 1368 4578 alicui,
1411 4523 1495 4568 cst
1525 4513 1573 4568 ei
1605 4513 1780 4568 fideli-

201 4589 393 4652 tatem,
407 4581 900 4652 snbjcctionemque
920 4581 1230 4649 juramento
1255 4584 1494 4652 praestito
1516 4583 1784 4651 polliceri.

200 4648 589 4724 Ileroldum’se
637 4667 705 4724 ac
743 4648 964 4724 regnum
996 4653 1178 4713 Daniae
1221 4648 1566 4724 supposuisse
1604 4653 1782 4710 Ludo-

201 4722 323 4781 vico
367 4721 646 4793 Augusto,
693 4723 744 4777 in
781 4721 1066 4793 annalibus
1115 4721 1303 4793 eorum
1324 4721 1641 4791 'tempornm
1673 4739 1778 4777 non

200 4791 436 4861 reperio.
464 4791 620 4846 ’Νίκη
675 4794 816 4861 quod
869 4794 922 4846 in
979 4792 1098 4846 Vita
1144 4791 1381 4858 ejusdem
1437 4792 1781 4858 imperatoris

197 4860 560 4916 Astronomus
593 4860 783 4917 scribit
807 4861 876 4916 ad
905 4879 1103 4917 annum
1139 4863 1241 4918 8H
1270 4880 1282 4915 :
1317 4882 1335 4914 ‹
1379 4861 1684 4925 Ηθι·ἱοιί1ιιδ,
1711 4863 1779 4919 ad

197 4947 376 5004 quem!
393 4947 603 5004 summa
634 4933 803 5004 regni
819 4932 1090 5004 Danorum
1147 4934 1418 5004 pertinere
1444 5002 1453 5004 _
1469 4931 1775 5004 videbatur,

196 5011 257 5074 et!
285 5002 380 5074 qui
407 5003 616 5070 pridem
653 5020 682 5057 a
701 5001 838 5074 liliis
864 5001 1343 5074 Godefridi'regno
1367 5002 1553 5074 pulsus
1579 5001 1774 5074 fuerat,

197 5072 263 5144 ad
314 5073 702 5144 imperatorem
772 5072 1106 5144 Ludovicum
1167 5071 1475 5144 confugium
1529 5071 1676 5144 fecit,
1724 5079 1778 5127 et

195 5140 344 5208 juxta
374 5140 578 5195 morem
597 5142 925 5197 Francorum
950 5142 1195 5196 manibus
1219 5140 1362 5197 illius
1385 5158 1444 5196 se
1472 5142 1726 5205 tradidit;
1752 5162 1770 5194 ι

198 5226 305 5263 non
337 5213 713 5282 satis_aperte
765 5228 876 5273 rem
931 5211 1150 5278 ﬁrmat;
1184 5221 1268 5267 est
1311 5213 1456 5266 enim
1492 5210 1775 5265 verborum

199 5295 394 5352 sensus
422 5280 636 5344 dubius,
672 5298 769 5352 pro
803 5283 1000 5351 quibus
1043 5283 1383 5352 Eginhardus
1432 5282 1635 5334 habet:
1669 5299 1695 5332 ε.
1723 5289 1778 5334 et

198 5365 254 5404 se
280 5351 332 5403 in
360 5368 554 5406 manus
586 5351 728 5407 illius
753 5351 1170 5408 commendavit.
1211 5373 1228 5404 ι
1261 5352 1515 5406 Attamen
1564 5359 1774 5404 tantam

197 5418 404 5490 Nigella
432 5431 619 5477 nostro
662 5424 1039 5478 auctoritatem
1075 5438 1195 5478 esse
1226 5423 1459 5476 futuram
1512 5421 1767 5485 arbitror,

196 5489 402 5546 utrem
427 5490 497 5562 ali
525 5507 591 5546 eo
619 5493 959 5562 apertissime
1004 5489 1542 5562 narratamamplius
1571 5505 1771 5559 negare

198 5575 356 5615 nemo
393 5561 542 5615 velit.
601 5559 679 5617 Ac
724 5563 948 5618 nroinde
1006 5561 1373 5617 emendandus
1430 5559 1773 5616 Hermannus

197 5625 544 5704 Conringius,
583 5633 675 5704 qui
721 5625 821 5688 lib.
861 5650 902 5698 ι,
931 5649 1052 5702 cap.
1081 5633 1138 5698 4,
1171 5633 1238 5688 de
1266 5630 1605 5704 Finib._imp.
1638 5629 1775 5704 Ger-

199 5715 368 5767 man.,
404 5699 726 5764 'contendit,
793 5699 1134 5773 nequaquam
1201 5702 1300 5773 sub
1353 5700 1623 5773 Ludovico
1676 5699 1772 5754 Pio

201 5773 517 5830 translatam
544 5773 706 5829 fuisse
734 5771 955 5834 Daniam
981 5771 1033 5828 in
1076 5771 1164 5841 jus
1199 5771 1428 5842 imperii,
1457 5784 1768 5842 quanquam

1077 353 1166 408 DE
1203 353 1432 409 REBUS
1469 344 1716 410 GESTIS
1755 353 2078 410 LCDOVICI
2115 353 2223 409 PII.
2263 384 2335 394 --
2370 353 2500 408 LIB.
2541 351 2631 409 IV.

1830 473 1878 528 Α
1905 466 2080 520 Cerno
2114 468 2256 536 quod
2299 465 2547 536 insignis,
2597 465 2829 534 patiens,
2885 464 3174 537 fortisque,
3203 468 3450 539 piusque,

1809 4552 1861 4612 D

3381 355 3485 414 634

1978 557 2246 628 Armiger,
2278 566 2335 611 et
2371 556 2610 612 clemens
2639 557 2736 620 sis,
2765 557 3034 613 tribuente
3065 560 3197 614 Deo.

1909 648 2071 702 Dives
2094 662 2257 718 opum
2290 648 2541 713 nimium,
2573 661 2674 700 nec
2693 662 2799 702 non
2822 648 3050 719 largitor
3075 659 3356 720 egentum,

1978 739 2211 794 Blandus
2239 739 2516 810 subjectis,
2546 749 2707 808 atque
2734 741 2950 810 quietus
2980 742 3128 797 ades.

1907 831 2101 887 Omnia
2129 833 2392 887 virtutum
2431 832 2585 886 video
2612 833 2706 886 tibi
2728 834 2957 898 credita,
2985 833 3171 889 Cccsar

1981 923 2251 988 Flumina,
2281 923 2492 977 sidereo
2529 932 2748 993 pectora
2775 941 2900 979 rore
2924 926 3167 991 madent,

1906 1011 2055 1068 Colla
2087 1011 2221 1084 jugo
2247 1011 2449 1067 Christi
2475 1029 2542 1067 en
2571 1014 2842 1068 monitaus
2869 1030 2988 1069 mea
3041 1023 3222 1069 vestra
3276 1017 3489 1088 subegit

1978 1105 2189 1169 Suasio,
2228 1113 2283 1159 et
2305 1107 2526 1160 aeternis
2557 1107 2727 1160 traxit
2763 1108 2830 1161 ab
2861 1124 3030 1176 usque
3061 1108 3218 1163 focis.

1905 1194 2090 1264 Deque
2117 1210 2303 1250 errore
2327 1196 2469 1250 malo
2501 1205 2810 1265 memetque
2845 1199 3171 1268 domumque
3195 1201 3484 1256 subactam

1974 1287 2232 1352 Abstulit,
2269 1296 2324 1342 et
2351 1304 2481 1342 vero
2509 1296 2733 1358 pectora
2759 1287 2905 1342 fonte
2930 1290 3119 1359 replet.

1904 1377 2128 1448 Insuper
2157 1395 2223 1434 en
2248 1380 2403 1433 donis
2431 1380 2704 1448 variisque
2720 1377 2963 1446 juvatus,
2991 1390 3044 1436 et
3066 1385 3254 1450 armis,

1974 1467 2147 1524 Corde
2176 1469 2288 1524 Deo
2312 1470 2524 1539 plenus,
2560 1487 2756 1540 corpus
2787 1473 3026 1526 abundat
3055 1489 3175 1542 ope.

1904 1557 2054 1613 Talia
2087 1559 2208 1629 quis
2235 1561 2464 1625 faceret,
2499 1560 2552 1612 ni
2583 1558 2783 1613 Christi
2813 1561 3016 1630 ignitus
3040 1577 3229 1617 amore

1973 1647 2203 1716 Ingrata:
2239 1648 2383 1717 plebi
2414 1647 2598 1700 munia
2636 1655 2782 1701 tanta
2819 1647 3043 1703 ferens?

1903 1734 2076 1792 Credo
2102 1737 2348 1808 quidem,
2379 1737 2434 1791 in
2465 1737 2626 1792 terris
2651 1751 2746 1791 vos
2793 1753 2940 1794 nunc
2974 1747 3138 1810 caput
3170 1757 3290 1797 esse
3314 1743 3493 1800 bono-

3242 1831 3411 1904 Imm.

1975 1916 2360 1973 Christicolum
2399 1917 2611 1988 imperii
2649 1920 2750 1974 rite
2775 1926 2961 1974 tenere
2987 1919 3171 1977 decus.

1903 2008 2046 2063 Idola
2081 2017 2274 2063 cuncta
2309 2008 2440 2062 mihi
2470 2017 2531 2062 ut
2551 2008 2751 2063 cedunt
2784 2024 2884 2078 pro
2913 2011 3135 2065 nomine
3159 2010 3392 2077 Christi,

1974 2098 2174 2168 Sicque
2202 2107 2503 2170 potestates
2537 2102 2758 2156 nomine
2788 2103 2987 2173 quippe
3017 2111 3128 2159 tuo.

1901 2183 2071 2245 Cedat
2099 2187 2323 2259 jamque
2349 2201 2548 2260 potens
2578 2193 2784 2261 antiqui
2819 2193 2987 2263 gloria
3014 2194 3180 2260 saecli,

1972 2279 2110 2334 Dum
2137 2279 2282 2350 viget
2311 2280 2621 2351 imperium,
2645 2283 2810 2339 dante
2847 2284 3110 2348 Tonante,
3144 2295 3319 2342 tuum.

1898 2371 2063 2430 Forte
2088 2375 2284 2444 aliquis
2316 2375 2614 2445 :equandus
2638 2386 2756 2433 erat
2802 2379 2902 2434 tibi
2927 2396 3152 2438 munere
3194 2391 3250 2438 et
3275 2384 3443 2440 armis
3468 2403 3488 2443 :

1976 2467 2251 2525 Praecellis
2281 2478 2507 2526 cunctos
2536 2471 2633 2526 sed
2669 2487 2884 2542 quoque
2911 2488 3098 2530 amore
3121 2475 3238 2532 Dei.

1897 2559 2005 2616 Sed
2027 2559 2158 2631 quid
2186 2575 2346 2632 agam
2369 2559 2482 2630 jam
2507 2558 2623 2629 jam
2649 2562 2674 2616 τ
2705 2578 2806 2618 cur
2836 2578 2924 2621 me
2949 2578 3067 2620 mea
3097 2566 3260 2621 verba
3290 2574 3478 2622 retar-

1969 2743 2037 2797 Et
2061 2756 2312 2798 sermone
2345 2741 2500 2797 brevi
2521 2742 2753 2813 prodere
2785 2751 2932 2798 tanta
2963 2744 3109 2800 volo.
3209 2654 3411 2728 Idan”

1897 2833 2020 2890 Mox
2056 2834 2308 2889 manibus
2330 2832 2539 2902 junctis
2562 2834 2675 2905 regi
2703 2849 2762 2890 se
2788 2835 3012 2890 tradidit
3045 2836 3189 2892 ultro
3221 2849 3271 2902 ο,

1968 2927 2036 2982 Et
2064 2941 2251 2983 secum
2276 2941 2524 2997 regnum,
2552 2927 2700 2996 quod
2727 2926 2830 2981 sibi
2861 2925 2986 2996 jure
3013 2926 3133 2982 fuit.

1895 3017 2148 3090 Suscipe,
2185 3017 2392 3084 Caesar,
2423 3019 2522 3084 ait,
2560 3034 2670 3084 me,
2719 3032 2821 3074 nec
2847 3033 2954 3074 non
3010 3034 3176 3092 regna
3204 3019 3428 3078 subacta
3459 3042 3476 3076 :

1966 3109 2174 3181 Sponte
2200 3109 2312 3167 tuis
2333 3117 2537 3165 memet
2560 3107 2782 3184 confero
2803 3107 3060 3165 servitiis.

1816 3175 1862 3241 α
1892 3175 2076 3275 Caesar
2097 3228 2155 3274 at
2181 3219 2297 3288 ipse
2325 3233 2520 3272 manus
2563 3180 2822 3272 manibus
2851 3216 2878 3256 ά
2911 3217 3152 3288 suscepit
3179 3218 3425 3276 honestis
3450 3237 3466 3274 :

1959 3307 2268 3380 Iunguntur
2301 3307 2528 3362 Francis
2557 3307 2760 3362 Denica
2794 3321 2961 3376 regna
2991 3308 3117 3376 piis.

1890 3399 2013 3455 Mox
2045 3412 2260 3469 quoque
2289 3396 2472 3452 Cmsar
2493 3411 2662 3451 ovans
2686 3394 2982 3450 Francisco
3011 3408 3161 3452 more
3192 3406 3418 3452 veterno
3453 3407 3481 3437 ο

1959 3487 2064 3541 Dat
2086 3487 2188 3542 sibi
2227 3500 2445 3554 equum,
2485 3499 2587 3539 nec
2624 3500 2750 3548 non,
2778 3492 2838 3538 ut
2875 3485 3045 3550 solet,
3079 3501 3232 3540 arma
3263 3486 3282 3525 ί
3313 3485 3476 3545 simul

1888 3578 2048 3641 Festa
2089 3578 2204 3634 dies
2231 3577 2435 3632 iterum
2473 3575 2648 3646 surgit
2674 3583 2929 3630 renovata
2957 3577 3264 3641 nitescens.

1957 3668 2184 3732 Francis
2220 3677 2274 3722 ct
2311 3667 2475 3720 Denis
2512 3664 2888 3720 concelebrata
2926 3667 3118 3725 micat.

1889 3758 2096 3816 Interea
2127 3757 2310 3818 Caasar
2335 3755 2627 3810 Heroldum
2653 3755 2876 3826 jamque
2906 3755 3121 3813 ﬁdelem

1959 3849 2180 3904 Munere
2209 3850 2375 3904 donat
2397 3863 2561 3919 npum
2602 3863 2702 3918 pro
2729 3851 2932 3916 pietate
2965 3865 3084 3905 sua.

1885 3942 2032 3999 Illius
2057 3951 2142 3998 ast
2166 3955 2390 4015 pr0pter
2415 3942 2602 4004 tribuit
2630 3941 2732 4000 sibi
2768 3943 2793 3981 ε
2821 3942 3008 4011 prwlia
3046 3943 3214 4010 fines,

1884 4097 2188 4178 Ludovicus
2242 4096 2700 4178 Hamburgensem
2753 4097 3122 4178 episcopatum
3144 4113 3334 4178 _super
3364 4099 3480 4178 Da,

1884 4169 2046 4240 niam
2067 4183 2281 4240 qnqqne
2311 4167 2605 4240 instituerit
2628 4183 2641 4229 ;
2678 4167 2772 4240 sed
2794 4167 2851 4220 id
2879 4167 3110 4240 primum
3131 4167 3342 4240 factum
3360 4169 3480 4240 sub

1886 4236 2121 4292 Henrico
2152 4236 2209 4292 I'
2233 4238 2453 4308 Aucupe
2506 4236 2812 4308 Germanite
2836 4236 2981 4308 rcge.
3045 4237 3190 4290 Abiit
3241 4238 3471 4308 quidem-

1884 4308 2037 4362 brevi
2090 4307 2233 4361 leves
2284 4307 2336 4360 in
2367 4304 2528 4360 auras
2558 4304 2774 4358 Heroldi
2825 4305 2998 4371 fides;
3036 4304 3276 4362 attamen
3304 4307 3372 4361 ab
3399 4322 3476 4364 eo.

1886 4378 2068 4446 datam
2105 4377 2329 4446 credere
2355 4376 2618 4446 cogimur.

1957 4446 1985 4486 ἀ
2025 4445 2144 4515 Quo
2183 4446 2286 4515 ritu
2308 4442 2546 4515 jura'ntis
2571 4453 2973 4515 sacramentum
3001 4459 3031 4497 a
3056 4445 3355 4515 recipiente
3381 4460 3474 4499 ηις.

1889 4524 2016 4590 tum
2059 4513 2376 4590 habebatur.
2434 4514 2542 4590 ﬂes
2584 4522 2709 4569 nota
2767 4513 3013 4580 eruditis,
3073 4529 3137 4570 ac
3174 4513 3471 4590 propterea

1887 4585 2017 4641 mihi
2049 4601 2154 4639 non
2179 4583 2516 4640 illustramla.

1959 4667 1982 4698 ε
2006 4654 2182 4710 Heus!
2235 4655 2375 4709 bone
2417 4653 2731 4718 Hermolde,
2757 4653 2900 4708 aliud
2939 4661 3024 4710 est
3051 4662 3284 4720 veterno,
3318 4653 3470 4715 aliud

1885 4734 2107 4788 vetusto,
2130 4724 2274 4794 quod
2300 4740 2466 4779 unum
2514 4725 2697 4781 dicere
2723 4725 2958 4778 voluisti.

1964 4794 1982 4833 ί
2009 4795 2076 4849 Et
2105 4793 2192 4849 hic
2225 4804 2468 4852 veterum
2501 4794 2833 4850 Francorum
2875 4810 2991 4849 mos
3032 4793 3467 4849 animadvertem

1885 4865 2005 4919 dus.
2050 4865 2184 4920 Cum
2234 4865 2355 4939 quis
2383 4880 2480 4939 sua
2513 4867 2623 4937 regi
2664 4864 3004 4939 subjiciebat,
3045 4863 3358 4939 fidelitatem
3415 4865 3472 4925 ei

1884 4941 2228 5005 sacramento
2255 4934 2650 5005 'obstringen's,
2697 4934 2936 4989 vicissim
2983 4942 3037 4989 et
3088 4950 3184 4988 rex
3213 4934 3289 4988 illi
3322 4937 3468 4994 dona

1885 5004 2738 5092 conferebat,equum'praecipgie
2767 5013 2824 5092 et.
2848 5019 3019 5059 arma.
3063 5005 3184 5092 Quo
3217 5007 3469 5092 exempli:

1883 5083 2172 5131 contentus
2185 5073 3013 5143 ero.Fredegarii‘Contlnnator
3036 5076 3102 5136 ad
3131 5091 3332 5135 annum
3363 5073 3467 5134 76.5

1881 5145 1999 5198 haec
2030 5144 2190 5205 habet
2219 5162 2232 5198 :
2269 5163 2286 5195 ι
2319 5143 2662 5215 Rcmistanus
2684 5147 2750 5199 ad
2780 5160 2958 5215 regem
2989 5146 3233 5209 veniens,
3275 5162 3462 5202 sacra-

1883 5222 2067 5287 menta
2121 5215 2290 5271 multa
2329 5223 2382 5269 et
2418 5214 2596 5287 fidem
2627 5214 3032 5287 pratdielohregi
3073 5215 3298 5286 Pippino
3341 5231 3466 5285 pro-

1884 5283 2053 5355 misit,
2081 5292 2140 5355 ut
2167 5299 2384 5355 semper
2409 5284 2582 5340 ﬁdelis
2607 5283 2717 5339 tam
2753 5283 3012 5355 pracdicto
3055 5283 3189 5354 regi,
3219 5283 3376 5352 quam
3409 5293 3469 5343 et

1881 5351 2008 5406 ﬁliis
2048 5354 2158 5407 suis
2203 5351 2326 5408 esse
2355 5354 2594 5410 deberet.
2627 5351 2909 5410 Rex—vero
2943 5357 2993 5409 in
3022 5351 3174 5410 suain
3205 5351 3458 5406 ditionem

1878 5437 2003 5477 cum
2027 5425 2248 5492 recepit,
2269 5432 2323 5479 et
2343 5424 2508 5478 multa
2533 5440 2758 5479 munera
2789 5427 2902 5479 auri
2933 5435 2989 5479 et
3011 5424 3241 5493 argenti,
3260 5430 3313 5476 et
3337 5436 3466 5493 pre-

1881 5493 2019 5566 tiosa
2056 5490 2401 5560 vestimenta,
2441 5509 2608 5564 equos
2635 5504 2687 5551 et
2726 5511 2876 5550 arma
2920 5490 3196 5566 largiendo
3220 5505 3343 5545 eum
3377 5490 3466 5545 dia

1881 5564 2032 5618 tavit.
2071 5584 2090 5617 ι

1955 5636 1981 5673 ³
2013 5633 2215 5689 Sensus
2243 5650 2433 5704 parum
2464 5636 2800 5704 pchpicuns.
2824 5634 3091 5704 Incertum
3121 5645 3250 5684 num
3295 5629 3471 5704 signi-.

1883 5701 2046 5757 licet:
2081 5701 2260 5757 tribuit
2288 5705 2388 5757 sibi
2421 5701 2671 5773 ﬁnem—id
2710 5714 2792 5773 est
2842 5702 3114 5773 regionem
3152 5701 3457 5773 conterriti.

1883 5789 2005 5830 nam
2035 5775 2233 5831 Daniro
2275 5767 2457 5845 regno,
2494 5778 2707 5846 propter
2734 5771 2878 5826 illius
2907 5767 3120 5844 pratia,
3151 5771 3253 5828 hoc
3284 5780 3378 5828 est
3395 5787 3473 5832 ea
