3856 6190
178 287 304 344 63,

270 408 523 463 Prmfala:
553 409 754 475 fuerat,
792 411 1010 467 nomine
1029 411 1226 485 dignus
1253 431 1338 470 eo.

177 499 434 570 Pervigil
465 501 557 555 hic
585 501 780 556 solitus
806 509 1079 572 noctuque
1107 505 1299 574 dieque
1342 516 1619 561 sacratam—

265 590 510 664 Virginis
551 602 677 646 ante
702 608 854 648 aram
894 609 1036 664 saepe
1066 611 1257 668 rogare
1283 597 1483 662 Deum,

177 680 407 737 Idcirco
433 683 634 738 meruit
667 683 876 739 caelesti
907 699 1134 740 munere
1167 685 1340 744 fretus

267 773 562 844 Angelicos
582 773 730 829 cives
752 789 977 832 cernere
998 791 1140 846 sarpe
1167 775 1356 832 Sacer.

181 861 368 916 Nocte
406 863 626 931 quidem
653 864 904 934 quadam,
925 865 1149 935 psalmis
1179 863 1502 938 hymnisque
1528 873 1794 941 peractis,

266 953 404 1008 Cum
431 963 656 1025 cuperet
686 957 928 1011 membra
960 956 1101 1012 fessa
1132 957 1314 1014 locare
1344 962 1523 1026 thoro,

185 1047 485 1118 Templum
525 1063 762 1118 namque
787 1049 933 1104 videt
961 1051 1140 1106 subita
1165 1051 1469 1108 clarescere
1499 1053 1618 1110 luce

270 1141 345 1197 Ut
379 1141 480 1207 sol,
502 1149 558 1196 et
587 1143 807 1197 accendi
851 1143 963 1198 sole
993 1159 1182 1200 serena
1228 1147 1367 1202 dies.

189 1235 392 1306 Surgit
421 1235 488 1288 ab
524 1251 693 1304 usque
727 1235 908 1301 thoro,
945 1253 1166 1292 causam
1199 1254 1528 1310 cognoscere
1559 1240 1788 1308 mavult,

267 1325 501 1380 Lumine
535 1342 643 1396 quo
673 1336 823 1382 tanto
849 1328 1049 1399 fulgeat
1079 1331 1218 1386 alma
1256 1331 1470 1388 domus.

193 1416 366 1470 Forte
402 1416 594 1485 aquila:
632 1418 824 1472 similis
849 1421 1042 1488 pennis
1075 1430 1395 1491 prmtexerat
1418 1439 1611 1490 aram;

270 1507 388 1562 Non
420 1517 596 1562 tamen
636 1509 696 1563 in
718 1511 876 1565 terris
906 1511 1144 1581 gignitur
1170 1513 1286 1566 haec
1315 1514 1573 1569 volucris.

193 1603 458 1656 Rostrum
485 1610 601 1654 erat
633 1617 698 1655 ex
746 1619 880 1658 auro
899 1645 913 1667 ,
947 1620 1157 1672 gemma
1182 1606 1472 1676 pretiosior
1498 1608 1712 1678 unguis,

268 1695 336 1748 Et
375 1693 523 1748 color
563 1694 614 1747 in
653 1695 846 1764 pennis
871 1698 1076 1750 aethere
1111 1695 1266 1751 fusus
1297 1697 1469 1752 adest.

193 1791 290 1846 Ast
311 1789 490 1845 oculis
522 1789 611 1842 lux
641 1790 754 1858 ipsa
782 1791 964 1844 micat.
997 1789 1193 1860 Stupet
1221 1791 1334 1859 ipse
1364 1792 1640 1856 sacerdos,

265 1884 377 1938 Nec
406 1883 553 1936 valet
585 1883 816 1938 obtutus
845 1885 1065 1938 tendere
1104 1893 1296 1940 contra
1328 1900 1475 1940 suos.

200 1974 423 2028 nitatur
463 1973 767 2038 volucrem,
798 1976 1008 2043 pariter
1047 1977 1280 2030 miratur
1313 1985 1368 2031 et
1394 1977 1538 2044 alas,

265 2065 496 2120 Lumina
522 2065 813 2134 prmeipue,
839 2081 1038 2136 corpus
1059 2075 1116 2122 et
1139 2082 1302 2122 omne
1345 2067 1526 2123 simul.

196 2155 444 2226 Tamque
464 2156 563 2210 diu
591 2157 816 2222 residet,
840 2173 963 2214 cum
1005 2158 1130 2228 galli
1167 2159 1383 2230 garrula
1412 2168 1563 2216 terna

265 2247 384 2302 Vox
421 2255 670 2311 resonat,
697 2247 895 2304 fratres
917 2251 1124 2304 excitat
1143 2249 1347 2306 oflicio.

192 2340 322 2395 Inde
347 2340 532 2396 levans
563 2341 808 2396 miranda
853 2342 991 2398 ﬁdes
1019 2359 1076 2398 se
1106 2323 1302 2414 sponte
1324 2346 1563 2401 fenestra

263 2432 436 2488 Obvia
471 2433 715 2496 recludit,
755 2433 902 2488 laxat
933 2447 958 2474 α
989 2443 1046 2490 et
1083 2437 1161 2490 ire
1199 2435 1365 2492 foras.

190 2523 314 2596 Ipsa
344 2525 582 2579 abeunte
612 2525 790 2596 polos,
817 2526 1023 2595 pariter
1049 2526 1135 2581 lux
1170 2528 1285 2597 ipsa
1313 2531 1539 2585 recessit
1568 2549 1590 2584 ι

262 2615 502 2685 Apparet
527 2616 704 2670 civem
731 2617 854 2671 inde
885 2616 1052 2673 fuisse
1093 2617 1210 2673 Dei.

195 2707 468 2776 Tempore
495 2723 688 2778 nempe
717 2709 824 2764 alio
867 2709 1037 2764 crevit
1065 2710 1095 2748 ι)
1125 2711 1434 2768 didaseulus
1464 2713 1604 2768 idem
1622 2753 1644 2778 ,

266 2798 402 2852 Mira
430 2799 565 2852 satis
589 2800 787 2854 cecinit
809 2816 930 2870 qua:
960 2801 1088 2855 mihi
1119 2803 1273 2857 turba
1316 2803 1565 2858 fratrum.

194 2889 462 2945 Psalleret
488 2899 550 2944 ut
569 2890 732 2946 solito
755 2891 992 2961 praefata:
1018 2891 1163 2949 sedis
1189 2895 1258 2949 ad
1289 2909 1463 2959 aram,

265 2980 590 3050 Expendens
616 2981 888 3046 tenebras,
919 2984 1084 3038 corde
1109 2986 1340 3054 petendo
1378 2987 1565 3040 Deum.

194 3071 456 3142 Discipuli
491 3088 696 3138 secum,
723 3091 951 3145 quorum
983 3078 1226 3132 custodia
1270 3078 1444 3133 noctis

266 3165 571 3220 Servabant
596 3176 618 3204 ο
648 3166 787 3236 signi
825 3177 1064 3238 tempora
1091 3171 1399 3242 pervigiles.

1066 299 1154 354 DE
1193 299 1421 358 REBUS
1459 302 1703 360 GESTlS
1744 305 2070 364 LUDOVICI
2109 310 2216 365 PII.
2258 342 2328 352 -—
2361 313 2490 369 LIB.
2537 315 2626 371 Π.

1807 3138 1852 3199 C

1823 423 1868 480 Α
1967 419 2159 476 Fnltus
2180 422 2293 476 abit
2326 421 2559 488 famulis,
2589 425 2997 500 ingrediturque
3018 429 3127 502 pie.

1896 510 1967 566 Ut
1985 513 2211 581 pedibus
2242 523 2465 570 tenuere
2489 516 2688 583 solum,
2715 535 2842 576 mox
2867 521 3105 593 Virginis
3129 539 3280 579 aram

1967 604 2263 674 Relligione
2295 618 2500 678 petunt,
2532 619 2586 664 et
2624 626 2785 680 prece
2811 622 2936 668 vota
2965 625 3184 671 canunt.

1893 695 2134 754 Tramite
2181 715 2332 755 more
2378 702 2617 758 hominis
2656 719 2790 759 nam
2831 706 3123 761 culminad
3150 717 3350 765 caetera
3379 725 3477 781 po-

3185 798 3406 872 [scunt,

1845 951 1848 953 Α
1963 880 2071 935 Ore
2101 891 2299 937 sonant
2323 885 2513 947 verba,
2543 884 2739 940 ordine
2757 885 2996 958 dantque
3019 903 3230 958 preces.

1892 972 2122 1028 Dextera
2145 990 2273 1044 pars
2300 975 2434 1030 (edis
2461 976 2611 1031 Pauli
2639 994 2763 1032 nam
2804 995 3029 1036 munere
3057 982 3273 1052 gaudet,

1962 1065 2206 1122 Fulcitur
2226 1069 2363 1123 laeva
2390 1070 2614 1124 nomine
2635 1072 2832 1142 quippe
2862 1072 3030 1128 Petri.

1891 1154 2154 1228 Egregius
2174 1159 2365 1214 doctor
2388 1159 2536 1226 hinc,
2567 1160 2808 1231 claviger
2830 1163 2954 1218 inde
2985 1163 3266 1233 polorum;

1963 1250 2110 1306 Inter
2135 1260 2396 1323 utrosque
2418 1253 2583 1308 micat
2607 1253 2778 1310 Mater
2799 1256 2977 1325 opima
3007 1257 3120 1311 Dei.

1893 1343 2120 1398 Michael
2150 1346 2380 1401 mediam
2411 1348 2536 1409 sibi,
2578 1362 2676 1403 seu
2705 1364 2837 1404 crux
2865 1350 3106 1404 vindicat
3134 1352 3337 1418 aulam,

1965 1435 2165 1490 Ultima
2193 1435 2420 1492 Joannis
2451 1441 2649 1508 unguie
2685 1451 2706 1479 ε
2731 1439 2852 1494 laeta
2894 1441 3051 1494 nitet.

1892 1527 2003 1583 llos
2029 1531 2244 1603 quoque
2268 1531 2526 1585 caelicolas
2555 1533 2718 1588 terris
2748 1534 2952 1602 petiere
2977 1541 3226 1603 precatu,

1962 1619 2201 1686 Quorum
2235 1621 2446 1676 animas
2476 1633 2707 1677 cernunt
2735 1625 2931 1694 smpius
2957 1635 3084 1680 ante
3113 1626 3302 1680 Deum.

1891 1709 2026 1778 Quis
2068 1727 2190 1765 nam
2233 1712 2402 1768 idiota
2438 1712 2457 1752 ί
2503 1712 2644 1768 ferat
2677 1713 2933 1782 demens,
2963 1732 3068 1771 non
3101 1733 3329 1786 corpora
3379 1715 3473 1770 Pa.

1815 1775 1864 1836 Β
1918 1775 1933 1778 ν
2124 1802 2128 1806 ’
2919 1775 2930 1782 Π
3201 1775 3242 1882 .[
3263 1820 3406 1864 trum

1959 1894 2285 1952 Sanctorum
2315 1899 2514 1954 merito
2543 1915 2671 1954 rure
2706 1900 2931 1955 colenda
2963 1899 3080 1955 fore
3104 1941 3118 1965 ,

1884 1987 2019 2044 Cum
2048 1990 2190 2045 Deus
2221 1992 2273 2046 in
2305 1990 2526 2047 famulis
2558 1993 2752 2047 merito
2789 2000 3080 2047 veneretur
3112 1992 3330 2056 amatis,

1956 2080 2198 2147 Quorum
2229 2097 2328 2136 nos
2355 2083 2607 2152 precibus
2645 2081 2956 2137 seandimus
2985 2081 3091 2135 alta
3131 2081 3277 2154 poli?

1885 2168 1999 2224 Non
2023 2170 2166 2224 Deus
2197 2181 2281 2226 est
2310 2171 2523 2237 Petrus,
2554 2173 2652 2228 sed
2673 2171 2825 2229 Petri
2847 2173 3009 2228 credo
3033 2157 3254 2241 precatu

1955 2260 2104 2315 Noxa
2150 2261 2326 2316 delicti
2355 2277 2515 2333 posse
2559 2277 2749 2318 carere
2775 2263 2902 2317 mei.

1884 2350 2019 2406 Nam
2061 2359 2218 2407 tenus
2247 2368 2420 2422 usque
2448 2353 2549 2407 viri
2586 2359 2882 2423 properant
2911 2365 3007 2421 per
3037 2349 3233 2419 templa
3274 2348 3476 2415 Mariae,

1952 2440 2180 2515 Semper
2212 2452 2353 2500 tecta
2398 2459 2562 2514 super
2597 2445 2938 2514 discunperta
2973 2450 3178 2512 patent.

1883 2532 2130 2604 Expletis
2153 2535 2295 2591 votis
2337 2545 2584 2591 remeant
2614 2537 2683 2592 ad
2703 2536 2880 2591 sidera
2920 2551 3134 2592 sursum
3171 2553 3184 2589 :

1951 2623 2256 2695 Suscepere
2285 2643 2441 2682 suum
2471 2637 2612 2684 tecta
2654 2629 2863 2683 reclusa
2893 2628 3093 2682 locum.

1883 2714 1998 2771 Hoc
2022 2715 2191 2772 Sacer
2211 2719 2480 2788 aspiciens
2505 2719 2697 2790 pergit,
2732 2719 3018 2787 sociosque
3044 2718 3260 2782 revisit,

1954 2807 2057 2874 Qui
2083 2809 2386 2880 stupefacta
2423 2810 2514 2865 diu
2551 2819 2774 2880 pectora
2805 2826 2930 2865 rure
2965 2811 2990 2850 ε
3021 2818 3226 2866 tenent.

1885 2900 2124 2973 Surgite,
2147 2903 2225 2958 ait
2253 2903 2407 2969 socii,
2450 2918 2574 2957 nam
2615 2918 2737 2973 qua:
2767 2902 2988 2956 fortuna
3012 2902 3190 2970 coegit

1950 2995 2061 3050 Vos
2083 2994 2321 3049 dormire
2365 2994 2554 3060 modo,
2580 2995 2706 3048 dum
2738 2995 2968 3064 vigilare
2997 2994 3183 3048 deret?

1885 3085 2134 3157 Singuitu
2164 3087 2444 3158 quatiente
2472 3086 2656 3141 valent
2685 3087 2772 3140 vix
2814 3099 3064 3158 promere
3091 3086 3256 3140 verba
3277 3126 3292 3148 ,

1867 3235 1872 3240 ,
1951 3180 2276 3262 Ignotusque
2314 3179 2392 3238 rei
2422 3194 2484 3234 sc
2516 3178 2631 3234 fore
2654 3194 2848 3248 nempe
2879 3176 3080 3233 ferunt.

197 3256 337 3311 Ecce
386 3267 610 3326 repente
671 3272 870 3323 sonus,
928 3261 1191 3346 tonitrus,
1241 3255 1543 3344 ventusque
1584 3257 1786 3332 peruré
1879 3267 2000 3340 Eia,
2030 3255 2636 3334 ait,idstanterhoram
2668 3277 2988 3338 tempusque
3016 3277 3242 3324 notate:

1613 3366 1710 3409 ens

261 3435 519 3492 Concutit
545 3437 815 3492 instanter
841 3440 1006 3494 ardua
1036 3449 1177 3496 tecta
1207 3442 1417 3496 domus.
1539 3347 1611 3424 ἴε

192 3528 451 3600 Discipuli
479 3529 728 3586 cecidere
751 3531 888 3597 solo,
928 3535 1231 3604 trepidique
1253 3550 1350 3604 per
1379 3535 1556 3590 aulam

260 3619 502 3691 Corpora
529 3631 896 3692 prosternunt,
929 3641 1190 3694 mensque
1223 3627 1416 3680 timore
1445 3625 1598 3698 fugit.

194 3712 608 3783 intrepidusque
632 3713 801 3770 Sacer
839 3717 1032 3786 palmis
1057 3719 1124 3772 ad
1155 3717 1332 3784 sidera
1359 3720 1552 3790 pansis

262 3804 418 3859 Scire
447 3806 616 3874 cupit,
649 3822 826 3862 causae
852 3808 980 3876 quid
1005 3823 1171 3864 sonus
1197 3808 1287 3863 ille
1318 3807 1478 3864 ferat.

193 3896 395 3964 Aspicit
418 3895 562 3950 alma
593 3897 805 3967 aperire
842 3899 1032 3953 domus
1073 3913 1194 3953 mox
1225 3908 1369 3954 tecta
1395 3909 1649 3966 sacratae,

262 3989 639 4059 lntrantesque
668 3991 813 4045 videt
843 3999 956 4046 tres
975 4007 1190 4063 quoque
1230 3993 1437 4047 honore
1467 3993 1630 4049 viros.

194 4077 416 4134 Lumine
445 4078 710 4150 perfusos,
740 4083 966 4137 vestitos
994 4083 1238 4138 vestibus
1257 4083 1419 4149 albis,

261 4172 590 4228 Candidiora
623 4174 746 4230 nive
775 4190 1024 4248 corpora,
1057 4175 1198 4230 lacte
1224 4185 1406 4247 caput.

197 4261 408 4319 Tertius
443 4265 498 4317 in
527 4264 705 4318 medio
733 4265 916 4319 senior
945 4281 1178 4337 namque
1211 4266 1324 4338 ipse
1351 4267 1565 4323 duobus

263 4416 287 4443 ι
319 4403 512 4475 italiee
535 4421 680 4459 nunc
701 4406 746 4458 si
771 4405 937 4459 [ascia
963 4405 1136 4458 andar
1156 4406 1316 4475 ficari.

1951 3359 2114 3415 Forte
2145 3361 2281 3414 feret
2303 3363 2457 3415 nobis
2486 3363 2601 3415 haec
2628 3377 2846 3430 quoque
2881 3377 2970 3415 res
2997 3361 3162 3414 aliud.

1878 3450 2052 3520 Credo
2074 3451 2102 3492 ιι
2122 3492 2138 3516 ,
2171 3450 2272 3510 fuit
2299 3461 2478 3513 vatcs,
2509 3451 2811 3521 pnesulque
2840 3452 3047 3505 dicatus
3079 3452 3306 3515 honore,

1953 3537 2237 3612 Angelicus
2280 3543 2488 3597 revehit
2518 3559 2678 3613 quem
2705 3556 2918 3612 quoque
2947 3543 3000 3596 in
3024 3543 3193 3597 mihra
3229 3544 3454 3599 chorus.

1881 3635 2017 3689 Mira
2043 3620 2174 3690 fides
2195 3635 2410 3689 rerum!
2444 3633 2766 3689 Bonefacius
2797 3635 2810 3674 ί
2853 3633 3027 3688 almus
3066 3633 3122 3687 in
3155 3633 3247 3689 illo

1948 3721 2216 3796 Tempore
2242 3725 2496 3790 decessit,
2537 3739 2698 3794 quem
2727 3723 2898 3780 Sacer
2924 3725 3014 3778 ille
3051 3725 3223 3789 videt,

1881 3819 2078 3874 Ferrea
2119 3818 2407 3874 Frisonum
2435 3817 2639 3873 Christi
2667 3817 2794 3871 dum
2837 3817 3090 3887 dogmate
3111 3815 3276 3871 vellet

1948 3912 2222 3982 Frangere
2261 3909 2448 3975 corda,
2483 3911 2627 3964 viam
2655 3911 2722 3965 ad
2748 3908 2936 3964 cmlica
2979 3923 3142 3978 regna
3177 3908 3326 3962 dare.

1879 4001 2121 4057 Morbida
2167 4002 2306 4056 heu!
2356 3999 2625 4055 medicum
2694 4014 2818 4054 mox
2883 4013 3015 4068 gens
3060 3997 3320 4052 exstinxit
3360 3997 3472 4067 opi-

3179 4090 3370 4164 [munt

1949 4187 2181 4242 Vulnere
2211 4186 2408 4256 quippe
2434 4200 2534 4240 suo
2562 4200 2727 4256 regna
2765 4183 2978 4254 paravit
3005 4183 3076 4238 ei.

1877 4278 1974 4333 llic
2001 4292 2301 4349 properans
2341 4275 2532 4337 cmlos,
2577 4275 2725 4330 socio
2755 4274 3050 4327 comitante
3080 4270 3309 4342 gemello
3340 4270 3399 4333 i,.

1875 4421 1958 4467 est
1997 4412 2261 4479 glossema
2293 4409 2640 4464 Theotiseu-m
2675 4405 2849 4479 Heimi
2901 4404 3212 4479 Kizogeuer.
3259 4401 3483 4460 Sensus

262 4474 289 4512 δ
317 4473 502 4549 Nuper
527 4477 692 4549 etiam
715 4477 800 4549 gde
817 4476 1047 4549 organis
1081 4473 1322 4549 dixerat,
1348 4493 1466 4549 qua:
1501 4493 1772 4549 nunquam
1796 4486 1850 4545 D
1875 4492 1959 4536 est
1978 4473 2139 4547 :Ouis
2157 4490 2264 4533 tam
2295 4481 2517 4534 demens
2545 4486 2629 4532 est
2648 4487 2811 4547 atque
2833 4476 3102 4540 indoctus,
3125 4475 3472 4544 qnieorpora

1399 4562 1464 4601 ac
1508 4548 1639 4603 voce
1674 4548 1772 4603 Er-

200 4615 440 4668 moldus?
482 4614 589 4669 Pro
631 4616 761 4669 vidit
812 4617 902 4672 ille
955 4614 1088 4670 usus
1131 4627 1215 4670 est
1268 4631 1400 4670 voce
1437 4618 1627 4681 crevit,
1681 4620 1773 4673 dc-

197 4684 348 4739 durta
391 4701 586 4756 nempe
611 4702 641 4739 a
668 4703 822 4739 cerno
859 4704 878 4742 :
909 4685 1070 4754 idque
1114 4686 1376 4756 Prisciani
1424 4689 1770 4756 auctoritate,

198 4757 332 4823 apud
381 4755 543 4825 quem
570 4756 731 4811 verba
775 4757 1001 4811 Titinnii
1041 4758 1095 4812 in
1146 4755 1392 4812 Geminis
1431 4773 1444 4810 :
1489 4755 1660 4809 Simul
1715 4770 1772 4811 ut

194 4841 380 4892 pueras
430 4827 526 4879 has
556 4838 710 4882 noctu
738 4827 1004 4897 suspirare
1049 4827 1186 4881 crevi
1217 4840 1236 4879 :
1273 4827 1326 4881 id
1372 4836 1457 4882 est
1491 4827 1616 4880 vidi.
1666 4827 1772 4882 Sed

195 4911 393 4963 organa
437 4905 565 4949 ante
604 4897 936 4952 Ludovieum
972 4897 1126 4952 Pium
1162 4897 1391 4953 Francis
1427 4898 1650 4952 omnino
1692 4899 1776 4952 in-

196 4967 407 5038 cognita
446 4966 635 5030 fuisse,
652 4967 766 5035 jam
794 4983 958 5038 supra
989 4969 1224 5024 vidimus
1251 4984 1376 5024 cum
1405 4969 1634 5025 veritaze
1666 4969 1773 5023 mi-

194 5037 337 5090 nime
373 5038 704 5092 consentire.

262 5139 282 5166 ε
310 5127 502 5206 Petius
520 5129 778 5184 servabat.
803 5129 1227 5206 Q_uod_sequitur
1250 5133 1481 5203 signum,
1511 5140 1572 5186 ut
1609 5147 1772 5203 supra

196 5201 408 5271 monui,
455 5215 774 5271 campanam
815 5201 1100 5271 significat.

259 5265 286 5310 ἀ
315 5268 416 5326 Hic
443 5287 546 5344 pro
578 5265 841 5326 altaribus
866 5265 1176 5340 accipienda
1203 5281 1344 5326 sunt.

264 5373 288 5402 ⁸
319 5362 401 5418 ita
447 5365 501 5418 in
553 5381 656 5420 ms.
689 5364 955 5419 Cresareo.
997 5364 1105 5420 Pro
1136 5365 1366 5434 unguine
1395 5362 1641 5434 forsitan,
1678 5379 1771 5417 seu

197 5432 310 5504 oleo
341 5434 632 5490 benedicto
655 5451 721 5490 ex
751 5436 972 5504 lipsanis
1011 5436 1184 5490 sancti
1213 5432 1464 5488 Joannis.
1499 5433 1596 5487 llic
1623 5435 1765 5488 enim

202 5503 258 5559 ale
295 5505 540 5575 reliquiis
585 5503 898 5562 sanctorum
928 5507 998 5560 ibi
1029 5506 1322 5560 asservatis
1349 5506 1546 5575 agitur,
1589 5513 1650 5558 ut
1687 5520 1772 5559 se-

195 5577 410 5646 quentia
439 5577 698 5646 produnt,
734 5576 1115 5646 proditumque
1149 5576 1315 5630 etiam
1342 5583 1424 5629 est
1453 5590 1614 5644 supra
1643 5590 1767 5630 ver-

193 5642 273 5700 bis
301 5642 622 5711 illim—Pauli
646 5642 858 5702 inuitare
895 5642 1106 5712 gaudet.

265 5716 287 5759 ι
320 5717 499 5790 Super
521 5719 842 5774 vocabulum
874 5717 1034 5774 idiota
1069 5719 1121 5774 in
1157 5733 1259 5774 ms.
1293 5715 1479 5775 codice
1505 5718 1762 5787 scriptum

199 4537 428 4598 Francia
463 4546 641 4615 crevit.
692 4546 830 4611 Quid
883 4537 1014 4615 Ergo
1047 4547 1149 4600 sibi
1197 4537 1315 4600 vult

1879 4563 2192 4607 sanctorum
2223 4550 2444 4604 colenda
2495 4549 2682 4618 neget?

1953 4625 1977 4662 ⁵
2004 4622 2108 4676 Pro
2129 4623 2295 4686 nurui,
2325 4621 2377 4674 ni
2409 4615 2604 4673 fallor':
2629 4625 2724 4670 aut
2749 4617 3002 4670 mendum
3029 4615 3176 4686 latet.

1948 4693 1976 4732 ιι
2010 4691 2062 4746 Id
2087 4699 2172 4745 est
2203 4709 2215 4744 :
2257 4683 2539 4760 quantum,
2565 4687 2840 4760 existimo,
2865 4685 3193 4760 venerabilis
3237 4683 3326 4738 ille
3356 4684 3472 4760 v_ir,,

1880 4777 2041 4832 quem
2074 4754 2291 4816 deferri'
2320 4761 2387 4814 ad
2441 4759 2637 4832 cadum
2673 4757 2812 4832 vidi,
2843 4765 2925 4810 est
2970 4756 3167 4827 aliquis
3205 4754 3479 4832 sacerdos

1880 4825 2168 4903 ἐρίδαιρωί
2206 4845 2428 4903 munere
2451 4829 2563 4899 jam
2612 4825 2846 4899 fulgens,
2864 4840 3026 4897 quem
3063 4825 3240 4896 angeli
3267 4826 3322 4880 in
3361 4839 3468 4896 pan

1885 4902 2127 4957 radisnm
2159 4902 2384 4956 vehunt.
3150 4913 3153 4915 '

1958 4995 1976 5033 ί
2011 4993 2214 5062 Nempe
2234 4991 2621 5047 celeberrimus
2646 4989 2732 5062 illc
2767 4987 3205 5057 archiepiscopus
3224 4987 3474 5062 Δἰδῖοειημ

1887 5063 2050 5127 tinus,
2095 5056 2479 5117 et'Gcrmanim
2503 5061 2779 5132 apostolus
2805 5075 2868 5115 ac
2899 5056 3306 5132 martyr,‘c_ujtts
3334 5056 3466 5132 Pyth

1883 5133 2022 5189 tiosa
2061 5149 2209 5187 mors
2228 5133 2453 5202 contigit
2475 5127 2733 5202 in‘Frisia
2771 5143 2911 5184 anno
2941 5127 3147 5202 Christi
3172 5128 3298 5202 755,
3331 5127 3466 5202 licet

1883 5204 1972 5259 alii
2011 5203 2076 5257 ad
2103 5196 2494 5271 prmeedenlem
2520 5199 2620 5254 754
2652 5199 2908 5254 referant.
2944 5198 3287 5271 _l_lujus_Acta
3318 5196 3470 5265 apud

1885 5268 2214 5328 clarissimus
2243 5272 2626 5325 Bollandianos
2674 5271 2741 5323 ad
2768 5271 2910 5325 diem
2941 5269 2974 5323 5
3006 5268 3149 5322 Junii
3186 5274 3465 5338 prostant.

1881 5345 1958 5397 Ac
1995 5358 2092 5412 pro
2133 5350 2278 5398 terea
2330 5341 2496 5396 habes
2541 5356 2648 5410 quo
2703 5349 2943 5410 tempore
2981 5333 3323 5409 Argentorati
3355 5333 3458 5387 Πῶς

1882 5416 2057 5466 ruerit
2073 5358 2433 5466 'fPhcutramus
2463 5412 2599 5466 iste.
2631 5408 2784 5466 cuius
2815 5410 3049 5464 visiones
3079 5423 3108 5460 a
3157 5413 3310 5466 poeta
3359 5419 3458 5458 no~

1882 5408 2057 5485 ruerit
2073 5408 2114 5466 Τ
2121 5413 2433 5485 licutramus
2463 5408 2599 5485 iste,
2631 5408 2784 5485 cujus
2815 5408 3318 5485 visionesaupoeta
3359 5419 3465 5483 nos

1878 5492 1994 5537 stro
2026 5482 2324 5553 descriptas
2349 5473 2710 5538 cordatorum'
2723 5481 2997 5534 hominum
3039 5473 3242 5548 judieio
3267 5473 3465 5528 dimis~

1876 5569 1964 5611 sas
1993 5553 2133 5608 volo.

1946 5645 1959 5695 i
2002 5645 2194 5702 Nescio
2221 5661 2286 5700 an
2313 5645 2620 5714 quempiam
2647 5643 2807 5714 hujus
2836 5637 3299 5714 nominissocium
3327 5653 3463 5693 sam

1871 5719 1938 5773 eti
1971 5715 2228 5774 Bonifacii
2259 5711 2670 5786 innuat,'quem
2695 5711 2872 5769 tamen
2895 5712 3026 5766 Acta
3073 5711 3346 5779 ignorant.
3379 5726 3462 5766 an:
