3856 6190
376 318 481 375 tua
1291 299 1627 360 msrou
1669 299 1761 354 an
1788 282 1979 352 unus

2086 294 2228 351 DUM
2268 288 2730 350 VIENNENSESI.
3549 286 3652 341 ΕΗ

350 427 627 487 ~ecclesia
686 421 1220 493 archiepiscoporum
1281 414 1385 470 sibi
1447 411 1962 479 successoribusquc
1990 421 2039 479 Α
2065 406 2183 477 eius
2224 415 2460 464 aeternos
2506 406 2780 462 cruciatus
2808 404 3038 461 evadere
3067 401 3289 461 instruit
3313 445 3330 471 ,
3358 418 3423 460 ac
3456 402 3573 472 ipse
3600 404 3654 460 in

382 522 496 578 suis
521 508 779 575 canonica
805 511 1132 568 auctoritate
1158 506 1573 568 committimus,
1605 511 1772 573 atque
1806 498 1969 568 huius
2070 500 2155 554 die
2174 497 2364 569 iudicii
2387 498 2455 553 de
2480 498 2640 552 bonis
2659 497 2915 566 operibus
2941 496 3140 552 vestris
3181 497 3502 551 saeculorum
3551 494 3650 552 Do-

309 628 349 636 ”
384 605 789 669 constitutionis
810 608 1011 659 nostra:
1036 599 1316 655 decretum
1340 591 1722 664 suscriptionis
1746 589 1970 662 privile-
2070 592 2217 648 mino
2261 599 2525 663 perpetua
2574 592 2999 648 remunerandos
3055 589 3228 663 gloria
3274 593 3653 663 praesumam.

383 703 473 775 gio
501 700 844 756 roboramus.
869 692 1102 748 Pallium
1132 694 1402 761 pmterea
1418 684 1578 754 juxta
1624 680 1973 738 consuetudi-

385 772 510 849 nedr
564 789 847 858 antiquam
896 782 1177 840 sanctitati
1227 794 1341 835 sua:
1387 777 1656 839 dedimus,
1706 773 1853 843 quod
1896 772 1972 826 ita

384 872 774 946 concessimus,
819 879 963 935 sicut
1002 875 1433 947 prmdecessores
1478 866 1651 923 nostri
1676 865 1792 921 suis
1833 878 1974 935 prro-

385 973 767 1033 decessoribus
791 982 1137 1034 concessere,
1167 963 1581 1037 privilegierum
1602 974 1826 1015 suorum
1863 956 1977 1013 sci-

387 1070 517 1123 licet
542 1066 854 1137 integritate
896 1068 1132 1117 servata.
1180 1055 1351 1125 Cuius
1402 1050 1681 1113 dilectioni
1725 1047 1977 1119 quamvis

388 1161 493 1214 hoc
520 1148 700 1213 debito
723 1153 1187 1225 permitteremus,
1204 1155 1426 1225 propter
1445 1152 1659 1199 vestras
1679 1150 1860 1195 autem
1880 1154 1978 1209 pe-

390 1250 609 1303 titiones
635 1224 799 1316 super
829 1245 932 1299 hac
958 1255 1017 1296 re
1041 1224 1409 1311 ﬂagitantibus
1441 1234 1508 1290 ad
1538 1235 1799 1290 honorem
1821 1245 1978 1286 suum

390 1350 633 1395 nostram
679 1334 1034 1406 apostolicam
1059 1334 1233 1388 vicem
1260 1338 1316 1385 et
1346 1327 1727 1383 mretoritatcrn
1759 1324 1981 1394 insuper

388 1430 872 1490 accumulavimus,‘
901 1425 1043 1495 quod
1090 1430 1372 1491 nunquam
1400 1420 1514 1475 suis
1541 1417 1869 1489 permissum
1897 1421 1982 1469 est

388 1524 687 1595 prioribus.
721 1520 1001 1589 Quatenus
1035 1525 1092 1573 et
1112 1531 1211 1571 vos
1239 1514 1552 1570 confratres
1578 1520 1633 1565 et
1673 1506 1981 1583 coepiscopi

391 1594 648 1683 deinceps
676 1612 726 1668 ei
756 1609 1115 1666 reverentiam
1145 1605 1466 1677 ampliorem
1482 1601 1749 1658 exhibere
1773 1594 1979 1663 sciatis,

390 1718 448 1765 et
485 1709 539 1763 in
567 1723 699 1763 sana
732 1702 975 1761 doctrina
1005 1700 1249 1757 caelestis
1271 1694 1599 1753 eruditionis
1628 1694 1697 1748 ad
1744 1691 1984 1747 aediﬁca-

2070 682 2152 737 Ad
2211 680 2508 753 perfectam
2563 691 2748 738 autem
2801 690 2859 737 et
2917 683 3283 739 necessariam
3336 684 3660 740 eruditionis

2070 780 2271 828 vestrae
2290 772 2545 838 salutem,
2564 780 2626 827 ut
2643 773 3029 843 comperimus,
3056 788 3163 828 non
3182 773 3453 830 sufﬁciant
3470 778 3656 845 pauci,

2074 863 2165 932 qui
2202 862 2363 918 modo
2384 864 2678 919 constituti
2704 871 2850 929 sunt,
2876 862 3051 931 vobis,
3080 863 3343 935 episcopi,
3371 866 3500 936 quia
3536 865 3655 939 plu-

2076 971 2164 1010 rcs
2194 963 2325 1010 sunt
2373 954 2552 1011 adhuc
2586 956 2904 1027 gentilitatis
2949 970 3138 1012 errore
3188 957 3387 1015 ibidem
3430 959 3653 1026 detemi,

2077 1048 2148 1102 ad
2200 1061 2339 1116 quos
2378 1056 2608 1119 propter
2660 1048 2901 1118 inopiam
2955 1062 3268 1117 praeconum
3329 1049 3495 1104 divini
3539 1064 3659 1105 ver-

2076 1137 2133 1191 bi
2179 1135 2415 1192 nondum
2469 1137 2715 1208 pervenit
2761 1138 2955 1193 notitia
2995 1137 3217 1194 Christi.
3255 1138 3464 1196 idcirco
3515 1141 3658 1197 enim

2078 1237 2139 1281 ut
2196 1235 2477 1283 accrescat
2525 1224 2681 1283 turba
2727 1225 3007 1292 ﬁdelium,
3049 1229 3264 1285 studeat
3312 1229 3536 1285 solertia
3575 1244 3661 1285 ve-

2076 1327 2194 1374 stra
2245 1334 2347 1388 pro
2403 1318 2654 1374 mercede
2700 1326 2759 1373 et
2809 1317 3133 1373 remissione
3174 1327 3523 1388 peccatorum
3571 1333 3664 1374 ve-

2082 1419 2322 1466 strorum
2350 1410 2737 1465 adminiculum
2752 1418 2925 1479 atque
2946 1408 3205 1478 juvamen
3230 1410 3475 1482 praebere
3512 1426 3675 1468 reve-

2083 1503 2409 1559 rendissimo
2440 1501 2677 1575 Yrolpho
2705 1502 3137 1575 archiepiscopo,
3165 1513 3435 1575 quatenus
3464 1505 3671 1563 dudum

2085 1593 2195 1650 illic
2230 1595 2654 1653 constitutorum
2673 1593 3051 1675 episcoporum
3072 1611 3332 1652 numerus
3355 1588 3669 1667 impleatur.

2083 1689 2177 1757 qui
2208 1702 2446 1763 optigt-ne
2473 1688 2779 1754 constituti,
2806 1694 2861 1743 et
2898 1687 3057 1743 vobis
3104 1690 3447 1760 preter-isque
3475 1691 3669 1745 vestris

394 1799 596 1854 tionem
640 1804 879 1851 vestram
923 1800 984 1848 ut
1015 1791 1109 1847 lilii
1138 1790 1415 1862 sapientes
1471 1783 1760 1847 obeliatis,
1816 1789 1980 1852 atque
2010 1774 2055 1832 Β
2079 1787 2339 1851 poterunt
2358 1793 2480 1834 esse
2506 1776 2757 1849 prodent,
2807 1778 2851 1833 si
2880 1778 2949 1834 ad
2987 1780 3445 1835 restaurationem
3496 1780 3664 1835 eccle-

391 1905 487 1945 vos
508 1887 629 1943 laici
656 1887 938 1957 primates,
972 1890 1030 1938 et
1052 1880 1242 1953 vulgus
1265 1874 1640 1951 saluberrimis
1686 1869 1981 1946 praeceptis

386 1981 505 2035 auis
552 1993 658 2034 non
687 1977 838 2031 velut
863 1973 1095 2038 homini,
1121 1971 1218 2027 sed
1246 1980 1504 2038 tanquam
1535 1965 1649 2022 Deo
1679 1962 1965 2019 humiliter

392 2067 808 2139 obtemperetis,
832 2072 889 2120 et
916 2065 972 2119 in
998 2061 1105 2117 title
1122 2060 1422 2124 catholica,
1455 2068 1618 2128 quam
1647 2069 1755 2125 .per
1803 2052 1985 2108 Domi-

391 2176 523 2216 num
545 2159 730 2215 Iesum
760 2155 1038 2214 consecuti
1059 2154 1211 2217 estis,
1243 2152 1413 2208 fortes
1432 2147 1822 2221 permaneatis.
1848 2146 1982 2203 Nam

391 2251 561 2307 totius
587 2248 693 2305 doli
723 2248 922 2303 artifex
949 2232 1217 2310 diabolus,
1240 2241 1395 2311 cuius
1413 2241 1654 2296 dominio
1681 2247 1737 2295 et
1766 2237 1977 2309 pompis

396 2342 465 2396 in"
499 2340 829 2410 baptismate
853 2335 1273 2399 abrenuntiatis,
1298 2332 1572 2403 iactunam
1619 2340 1680 2385 et
1718 2330 1979 2385 damnum

391 2440 587 2489 vestra:
614 2426 869 2487 salutaris
899 2425 1263 2499 subreptionis
1291 2424 1515 2481 moleste
1540 2421 1769 2497 patitur,
1795 2434 1858 2476 ac
1884 2432 1981 2499 per

392 2519 577 2579 varias
604 2519 939 2589 bonasiones
979 2518 1189 2575 zizania
1208 2514 1457 2587 perﬁdia:
1478 2512 1798 2569 seminando
1837 2508 1983 2565 velut

386 2613 563 2667 multa
588 2609 789 2681 injuria
816 2610 1134 2674 baechatur,
1166 2618 1225 2662 et
1242 2595 1306 2661 ut
1329 2610 1572 2661 vestrum
1594 2603 1795 2673 aliquis
1827 2610 1982 2673 terga

390 2711 571 2759 vertat
595 2711 794 2759 sancta
824 2700 1149 2772 profess-icui
1173 2700 1513 2754 incessanter
1557 2695 1797 2751 molitur.
1834 2691 1983 2761 Qua-

390 2802 617 2865 propter
669 2807 812 2864 sape
838 2791 968 2847 dicti
1011 2788 1405 2861 archiepiscopi
1448 2785 1698 2841 videlicet
1745 2783 1983 2855 pastoris

394 2885 565 2939 vestri
590 2899 621 2937 a
653 2884 761 2939 Deo
786 2883 1042 2939 destinati
1072 2881 1506 2937 institutionibus
1531 2879 1794 2948 benignas
1823 2892 1988 2932 aures

395 2974 654 3044 prabete,
686 2974 780 3044 qui
810 2988 907 3028 vos
936 2981 992 3026 et
1011 2972 1309 3027 versutiam
1336 2962 1557 3029 θλίψει
1595 2983 1792 3027 cavere
1815 2965 1988 3036 atque

2084 1871 2290 1931 siarum
2340 1868 2565 1942 propter
2600 1885 2801 1927 nomen
2840 1868 3066 1929 Domini
3121 1871 3189 1928 de
3227 1871 3661 1941 possessionibus

2084 1965 2305 2028 vestris,
2354 1979 2492 2034 quas
2518 1961 2730 2017 reditus
2756 1963 3022 2032 dotesque
3071 1976 3260 2016 earum
3304 1961 3453 2015 fatua
3498 1962 3661 2016 divul-

2086 2066 2248 2131 gante
2267 2055 2541 2126 quondam
2566 2053 2733 2110 fuisse
2784 2054 3065 2120 noveritis,
3110 2057 3369 2108 aeternam
3401 2052 3659 2108 sufﬁcien-

2072 2150 2220 2213 tiam
2252 2146 2406 2205 vobis
2436 2154 2815 2218 comparantes
2852 2145 3057 2215 eisdem
3103 2143 3357 2205 ecclesiis
3409 2143 3508 2215 ipsi
3536 2160 3655 2200 cono

2086 2241 2296 2305 feratis,
2350 2240 2565 2295 idoneis
2604 2238 2739 2293 viris
2790 2238 2860 2293 ad
2911 2238 3016 2293 hoc
3059 2237 3425 2292 ministerium
3463 2234 3654 2299 electis,

2086 2331 2325 2386 maxime
2376 2329 2431 2384 in
2489 2328 2597 2383 illis
2620 2327 2786 2393 locis,
2834 2326 2884 2381 si
2933 2326 3309 2397 opportunitas
3362 2334 3419 2379 et
3464 2325 3657 2379 utilitas

2088 2421 2573 2487 c‘bmmendaverit,
2587 2419 2912 2477 ordinentur
2928 2410 3340 2480 antistites.‘ubi
3363 2416 3551 2481 indicia
3577 2429 3657 2490 ec:

2087 2514 2377 2577 etesiarum
2434 2522 2492 2570 et
2536 2512 2913 2591 mdiliciorutu
2947 2511 3106 2569 sedes
3156 2496 3498 2580 pontiﬁcales
3534 2508 3657 2563 aliut

2087 2606 2256 2662 fuisse
2277 2605 2683 2669 demonstrant;
2707 2603 2792 2659 sin
2826 2609 3009 2657 autem
3034 2602 3433 2658 illiussrbitrie
3451 2608 3504 2656 et
3536 2598 3659 2655 dell-

2087 2697 2377 2763 berati‘oni,
2412 2696 2505 2767 qui
2533 2694 2618 2751 vel
2648 2693 2741 2749 ubi
2770 2693 3128 2764 disponantur
3155 2692 3397 2764 episcopi
3425 2688 3659 2747 concedi-

2088 2804 2234 2855 mus,
2261 2787 2350 2845 cui
2371 2789 2549 2844 vicem
2570 2794 2812 2842 nostram
2843 2784 2986 2854 apud
3024 2798 3122 2840 vos
3143 2781 3497 2839 ecclesiastici
3523 2777 3654 2850 regi-

2089 2879 2255 2937 minis
2272 2894 2374 2949 per
2392 2876 2575 2933 omnia
2599 2874 2993 2931 commisimus.

1440 3096 3658 3126 Μ

1187 3266 1220 3311 a
1295 3234 1746 3317 EBG-EN"
1818 3237 2121 3315 PAPIB
2191 3238 2274 3313 ll
2351 3235 2887 3311 EPISTULA

1135 3400 1230 3457 AD
1288 3394 1727 3456 BERNARDUM
1799 3391 2243 3447 "IENNENSEM
2302 3387 2927 3447 ARCHIEPISCOPUM.

1817 3515 2029 3526 -ο

2043 3515 2266 3526 ..ξ-.-

467 3585 740 3659 Eugenius
791 3582 1077 3653 episcopus
1124 3594 1319 3634 servus
1376 3592 1654 3634 servorum
1717 3576 1813 3632 Dei
1839 3618 1856 3642 ,
1904 3592 1988 3632 re-
2015 3581 2060 3642 C
2094 3593 2159 3631 χι,
2187 3587 2480 3638 annorum,
2509 3566 2913 3626 venerabillbus
2948 3567 3084 3625 locis
3124 3578 3497 3643 competenter
3520 3576 3663 3641 apte-

396 3676 789 3732 verendissimo
843 3670 999 3725 fratri
1053 3668 1330 3725 Bernardo
1375 3667 1785 3739 archiepiscopo
1826 3668 1990 3722 Victr-

395 3765 575 3822 nensi.
1254 3828 1259 3833 ι

470 3852 798 3925 Congaudeo
824 3850 998 3916 valde,
1022 3848 1169 3920 quia,
1186 3849 1315 3904 licet
1334 3849 1387 3903 in
1417 3849 1686 3918 aliquibus
1715 3848 1983 3913 detentus,

396 3954 585 4000 tamen
631 3958 732 4016 pro
782 3957 979 4023 magno
1009 3940 1235 4012 apostoli
1268 3940 1417 3995 Petri
1446 3939 1641 3994 'amore
1688 3947 1987 4008 nostroque

398 4034 600 4089 littera:
652 4041 845 4087 vestrae
868 4031 1176 4087 sanctitatis
1206 4030 1362 4084 nobis
1411 4029 1636 4084 reddita:
1674 4041 1800 4084 sunt
1832 4048 1845 4083 :
1889 4043 1987 4099 per

397 4141 540 4198 quas
582 4124 721 4180 mire
772 4123 1123 4194 cognovimus
1165 4120 1381 4194 qualem
1411 4135 1541 4193 erga
1575 4106 1677 4177 nos
1729 4135 1987 4177 exercere

396 4217 722 4271 charitatem
754 4210 1094 4270 desideratis.
1126 4211 1281 4269 Unde
1321 4212 1608 4267 immemor
1651 4212 1824 4267 nostri
1871 4210 1987 4267 fore

390 4321 505 4360 non
534 4304 714 4368 debet,
738 4303 864 4374 quia
898 4311 1001 4358 tua:
1027 4301 1333 4358 dilectionis
1352 4300 1575 4357 allectus
1602 4301 1658 4356 in
1685 4302 1984 4357 visceribus

394 4397 604 4452 nostris
629 4394 847 4451 resedit.
874 4395 942 4450 Et
962 4394 1085 4451 ideo
1107 4408 1430 4466 quocunque
1457 4394 1576 4451 loco
1593 4393 1763 4451 fueris
1805 4393 1986 4466 profe-

385 4498 534 4552 ctus,
561 4487 628 4543 ad
654 4502 767 4543 rem
790 4482 1033 4544 ecclesiae
1060 4496 1167 4543 tua!
1189 4487 1579 4557 peragendam,
1630 4497 1881 4557 optamus
1922 4496 1984 4541 ut

390 4574 654 4647 clavigeri
689 4583 741 4629 te
767 4573 914 4631 Petri
941 4576 1164 4631 dextera
1193 4577 1554 4647 circumtegat
1582 4584 1743 4647 atque
1786 4577 1985 4646 guber-

390 4674 511 4722 ne’t.
542 4665 622 4721 De
643 4680 825 4730 causa,
879 4665 1051 4721 frater
1099 4666 1439 4733 charissime,
1489 4681 1649 4736 quam
1700 4656 1854 4722 nobis
1887 4682 1985 4738 per

388 4764 610 4809 vestras
630 4754 863 4825 syllabas
888 4756 1142 4811 intimare
1178 4757 1434 4823 curastis,
1472 4756 1577 4811 hoc
1605 4750 1802 4813 exinde
1841 4754 1985 4814 scire

390 4855 493 4898 vos
519 4845 786 4910 volumus,
841 4861 970 4916 qura
1012 4855 1274 4916 quantum
1314 4847 1592 4917 potuimus
1634 4854 1855 4903 recursu
1904 4847 1984 4904 le-

2091 3676 2212 3730 tur;
2239 3679 2416 3735 neque
2443 3678 2538 3729 xx,
2564 3660 2649 3717 vel
2677 3661 2840 3717 etiam
2876 3676 2982 3716 xxx
3022 3676 3295 3717 annorum
3343 3660 3666 3733 praescriptio

2091 3756 2371 3829 religionis
2400 3756 2650 3813 domibus
2684 3764 3006 3826 apponatur,
3034 3753 3131 3809 sed
3153 3754 3360 3810 solari.
3409 3765 3660 3810 annorum

2092 3849 2387 3911 curricula,
2437 3862 2550 3903 non
2580 3846 2753 3903 solum
2792 3847 2851 3901 in
2879 3845 3072 3917 legatis
3100 3854 3155 3900 et
3193 3846 3358 3901 rebus
3393 3842 3661 3901 exteriori~

2089 3948 2212 4012 bus,
2244 3945 2338 4000 sed
2385 3940 2552 3998 etiam
2598 3940 2652 3996 in
2691 3940 3104 3997 hmreditatibus
3139 3941 3313 3996 sacris
3337 3938 3524 3994 valeat.
3586 3937 3659 3992 Ex

2089 4053 2199 4107 quo
2249 4050 2348 4106 per
2402 4032 2746 4089 auctoritatis
2798 4038 2999 4087 nostra:
3042 4032 3237 4087 seriem
3280 4030 3440 4102 Quam
3480 4040 3662 4086 vestra:

2091 4125 2375 4198 dirigimus
2421 4123 2700 4187 charitati,
2729 4129 2791 4176 ut
2838 4122 2883 4176 si
2914 4128 3077 4177 causa
3108 4122 3185 4175 ita
3213 4131 3299 4177 est
3327 4122 3662 4192 quemadmo-

2087 4217 2215 4272 dum
2241 4223 2422 4272 vestra
2455 4213 2612 4269 nobis
2631 4210 2969 4268 denuntiavit
2992 4212 3242 4283 epistola,
3273 4223 3465 4268 vestrae
3498 4210 3661 4267 eccle-

2089 4307 2182 4362 sire
2211 4321 2331 4362 eam
2365 4319 2681 4361 concessam
2704 4319 2808 4358 non
2832 4301 3089 4359 dubitetis
3115 4321 3127 4356 :
3159 4302 3410 4358 similiter
3433 4312 3656 4357 vestrum

2084 4400 2248 4471 plane
2272 4399 2613 4470 privilegium
2643 4396 2797 4452 vobis
2842 4396 3291 4467 redintegratum,
3332 4396 3472 4467 quod
3517 4408 3652 4465 pric-

2086 4491 2402 4545 decessores
2430 4488 2603 4545 nostri
2636 4496 2830 4543 vestra:
2866 4487 2981 4543 sedi
3029 4498 3433 4553 concesserunt,
3476 4499 3654 4558 cogno-

2087 4583 2276 4637 scatis.
2305 4580 2492 4652 Neque
2520 4581 2665 4636 enim
2715 4578 2862 4634 aliud
2909 4595 3009 4635 nos
3031 4579 3175 4635 velle
3203 4581 3477 4644 debemus,
3502 4589 3647 4647 quam

2085 4670 2230 4741 quod
2260 4669 2333 4724 illi
2362 4666 2827 4741 irrel‘ragabilibus
2865 4668 3066 4740 regulis
3106 4668 3475 4724 firmaverunt.
3518 4662 3646 4720 Deus

2086 4763 2430 4834 omnipotens
2473 4771 2715 4819 vestrum
2742 4777 2956 4832 semper
2984 4771 3059 4841 et‘
3083 4761 3331 4817 ecclesia:
3364 4770 3544 4819 vestra:
3582 4752 3644 4810 ab

2085 4855 2337 4911 hostibus
2377 4855 2641 4912 honorem
2666 4854 2956 4910 custodiat.
2988 4852 3267 4923 Scriptum
3310 4869 3409 4925 per
3447 4861 3639 4907 manum

385 4931 598 4987 αίοηίθ
652 4931 798 4986 mam
826 4934 890 4988 ίη
945 4934 1163 4990 scriniis
1198 4937 1403 4991 ιὶοεῐνίε
1451 4936 1880 5006 ίητεδτίὲτὶῐῐιυεζ
1927 4949 1983 4996 et
2008 4959 2061 5018 ι)
2090 4932 2407 5018 Agathonis,
2447 4945 2644 5001 notarii
2691 4954 2746 5000 et
2782 4945 3075 5007 scriniarii,
3102 4944 3157 4999 in
3186 4959 3373 5000 mense
3395 4940 3548 5004 Julia,
3572 4939 3643 4993 in-

388 5025 658 5096 quidquid
693 5036 817 5096 post
848 5027 1227 5083 auctoritatem
1252 5029 1570 5096 Romanam,
1601 5031 1655 5085 in
1679 5030 1982 5089 lustiniana

388 5117 561 5172 etiam
601 5118 716 5189 lege
750 5121 1132 5190 comperimus,
1166 5127 1271 5174 tua:
1320 5120 1596 5175 sanctitati
1641 5136 1741 5192 per
1768 5115 1983 5179 nostrbs

386 5210 580 5279 apices
624 5210 958 5267 intimamus.
1010 5213 1081 5268 ln-
1118 5228 1237 5285 cap.
1292 5211 1391 5267 5H
1447 5212 1688 5282 ejusdem
1737 5215 1868 5285 legis
1905 5216 1980 5271 ita

388 5300 721 5359 invenimus.
769 5303 842 5361 Ut
878 5292 1171 5378 descriptio
1201 5305 1334 5380 [Pro
1365 5309 1723 5379 praescriptio.
1775 5307 1975 5382 Hard.]

468 5430 494 5456 ι
519 5417 760 5489 Epistola
788 5420 889 5475 sub
920 5420 1139 5475 nomine
1178 5421 1257 5476 Eu
1296 5422 1403 5476 enii
1456 5436 1608 5492 papre
1631 5421 1677 5476 ll
1728 5438 1761 5477 a
1812 5436 1978 5491 pseu-

468 5499 733 5543 conventu
782 5487 1075 5543 Parisiensi
1107 5489 1173 5543 ad
1219 5438 1535 5543 Michaelem
1593 5492 1974 5543 imperatorem

388 5485 733 5560 (inconventu
782 5487 1075 5545 Parisiensi
1107 5489 1173 5543 ad
1219 5485 1544 5546 Michaelenf
1593 5485 1974 5560 imperatorem

387 5557 462 5631 fle
499 5559 644 5631 cultu
672 5560 966 5631 imaginum
992 5560 1279 5631 rescripta.
1302 5570 1484 5616 exstat
1521 5561 1575 5614 in
1607 5557 1701 5631 illo
1739 5562 1969 5631 pseudo-

388 5620 576 5701 libdlo
597 5620 813 5701 synodi"
834 5620 1181 5693 Parisiensis:
1224 5620 1317 5701 qui
1349 5646 1492 5686 anno
1519 5630 1661 5687 1596
1687 5620 1809 5687 sine
1858 5631 1966 5687 ulla

388 5698 668 5751 mentione
689 5701 928 5756 auctoris
956 5709 1013 5756 et
1042 5700 1145 5756 loci
1179 5698 1322 5756 unde
1351 5711 1607 5774 acceptus
1638 5710 1783 5755 esset
1810 5703 1973 5758 emis-

2085 5035 2215 5090 dict.
2250 5034 2338 5089 15.
2365 5035 2393 5075 ιι
2416 5035 2558 5090 Bene
2586 5034 2780 5090 valete.

2153 5124 2288 5180 Data
2315 5140 2412 5180 vrn
2438 5124 2565 5180 Idus
2590 5123 2715 5180 Julii
2746 5140 2842 5195 per
2879 5139 3100 5178 manum
3128 5118 3346 5194 Georgii
3381 5119 3640 5179 bibliothe-

2080 5217 2214 5271 carii
2240 5229 2441 5272 sancta:
2468 5216 2614 5272 sedis
2634 5216 2965 5289 apostolicam,
2992 5210 3293 5286 imperante
3318 5215 3511 5271 domno
3526 5210 3639 5283 piis-

2079 5311 2218 5365 simo
2245 5318 2476 5380 augusto
2500 5308 2776 5365 Ludovico
2799 5308 3011 5377 imperii
3040 5305 3156 5376 ejus
3185 5322 3328 5361 anno
3358 5306 3392 5359 4
3422 5317 3467 5359 ε.

2076 5439 2169 5477 sus
2198 5433 2283 5477 est
2316 5423 2370 5477 in
2402 5422 2672 5493 lucemgcx
2700 5420 3059 5493 typographia
3106 5417 3461 5474 Wechcliana
3486 5413 3639 5472 Fraa-

2075 5493 2393 5549 col‘urtensi.
2420 5492 2547 5546 δίεν.
2580 5492 2699 5547 BIN.

2147 5565 2175 5603 δ
2199 5562 2356 5617 Falsa
2378 5563 2623 5618 indictio.

2146 5644 2171 5672 ο
2220 5632 2414 5688 Falsus
2465 5647 2663 5698 annos,
2709 5647 2832 5688 cum
2882 5630 3157 5701 Eugenius
3206 5631 3401 5687 sedere
3440 5621 3644 5700 αιραῦ

2075 5718 2223 5757 anno
2252 5703 2311 5755 ll
2351 5701 2630 5757 Ludovici.

2605 5823 2635 5840 κ
