3856 6190
205 245 306 312 It!

1069 402 2259 416 --————*_n-—

1243 247 1684 306 VALENTINUS
1722 243 2066 302 ΡΟΝἸἸΡΕΧ
2106 247 2462 306 ROMANUS.

3372 257 3479 311 N6

2375 406 2407 420 ε,
2431 407 2614 417 ι--ο-
2637 412 2641 416 .

1042 522 1072 561 ³
1112 517 1588 600 DECRETA
1647 518 2072 596 EUGENII
2137 520 2421 598 PA‘PE
2480 521 2585 597 Π.

1411 667 1506 724 EX
1545 665 1863 723 CONCILIO
1901 665 2277 725 RHEMENSL

266 969 368 1039 Qui
421 967 916 1033 excommunicato,
951 969 1126 1025 donec
1163 968 1233 1023 ab
1265 983 1334 1024 eo
1375 970 1472 1039 qui
1516 985 1640 1026 eum
1689 986 1784 1028 ex-

202 1064 714 1126 communicaverat,
765 1061 850 1117 vel
879 1063 948 1117 ab
975 1061 1084 1117 aiio
1111 1063 1437 1118 auctoritate
1475 1063 1624 1118 sedis
1656 1079 1785 1134 apo-

203 1155 402 1211 stolica:
449 1154 786 1218 absolvatur,
818 1153 1056 1207 scienter
1085 1155 1495 1208 communicare
1525 1170 1785 1224 pncsumo

203 1245 386 1314 pserit,
426 1242 1009 1297 excommunicationi:
1057 1243 1324 1298 sententia
1374 1243 1551 1314 ipsum
1610 1246 1782 1300 teneri

205 1349 502 1389 CCIISCIHIIS.

953 1402 1017 1458 ll.

265 1516 623 1585 Prceipimus
643 1515 923 1571 observari
959 1517 1130 1584 utqui
1169 1516 1222 1570 in
1253 1517 1450 1572 ordine
1494 1517 1785 1574 subdiaco-

205 1616 377 1670 natus,
409 1615 508 1658 aut
557 1621 741 1676 supra,
771 1621 1004 1661 uxorem
1054 1608 1330 1672 duxerint,
1385 1616 1480 1663 aut
1531 1610 1788 1666 concubi-

207 1713 292 1750 nas
343 1698 660 1762 habuerint,
693 1696 876 1752 officio
919 1698 1290 1754 ecclesiastico
1319 1709 1374 1754 et
1401 1699 1668 1756 beneficio
1696 1716 1789 1756 ca-

208 1793 370 1840 ream.

957 1855 1042 1911 lll.

268 1969 575 2025 Statuimus
621 1980 680 2024 ut
728 1970 1191 2037 sanctimoniales,
1245 1980 1302 2028 et
1351 1973 1610 2028 muiieres
1667 1989 1788 2044 quae

207 2060 478 2114 canonica:
509 2060 859 2140 nominantur
886 2068 942 2117 et
973 2061 1347 2132 irregulariter
1380 2064 1590 2129 vivunt,
1631 2063 1787 2132 juxta

205 2147 478 2206 beatorum
527 2150 805 2206 Benedicti
856 2161 912 2206 et
955 2151 1252 2222 Augustini
1296 2153 1556 2228 Regulam
1616 2156 1784 2210 vitam

1810 869 1864 928 Α

2635 856 2722 911 Ἦ.

1960 945 2148 1001 Nullus
2173 945 2227 999 in
2259 945 2526 1001 decanum
2553 946 2635 1002 vel
2662 948 3125 1016 archidiaconum,
3151 953 3257 1009 nisi
3285 955 3472 1013 diaco-

1886 1051 1990 1090 nus
2049 1036 2133 1090 vel
2167 1036 2472 1106 presbyter,
2499 1037 2802 1092 ordinetur.
2847 1039 2948 1105 Qui
2990 1042 3034 1096 si
3074 1045 3316 1101 ordinari
3345 1063 3474 1105 con-

1886 1126 2232 1196 tempserint,
2265 1126 2473 1181 honore
2505 1139 2758 1196 suscepto
2780 1132 3080 1199 privcntur.

2632 1217 2738 1271 VII.

1959 1307 2329 1363 Tcmerariam
2361 1309 2652 1364 multorum
2679 1311 2984 1375 audaciam,
3015 1314 3106 1382 qui
3147 1316 3214 1370 ad
3242 1317 3480 1374 detesta-

1885 1383 2023 1454 biles
2051 1401 2320 1454 nundinas
2352 1417 2421 1454 ex
2445 1402 2665 1454 condito
2696 1403 2882 1456 venire
2909 1402 3110 1467 solent,
3143 1406 3211 1458 ad
3242 1417 3482 1462 ostenta-

1888 1492 2091 1546 tionem
2150 1494 2346 1546 virium
2375 1509 2616 1554 suarum,
2653 1496 2876 1547 omnino
2901 1505 2953 1548 et
2995 1496 3095 1550 sub
3137 1499 3484 1554 anathemate

1887 1582 2004 1636 ﬁeri
2027 1583 2398 1651 prohibemus.
2431 1583 2582 1650 Quod
2607 1584 2651 1637 si
2682 1585 2804 1652 quis
2858 1585 3055 1640 ibidem
3097 1600 3344 1646 mortuus
3366 1589 3484 1646 fue-

1889 1673 1981 1739 rit,
2012 1675 2331 1743 pazniteutia
2380 1683 2435 1728 et
2474 1675 2731 1728 viaticum
2759 1675 2806 1728 ei
2845 1690 2953 1729 non
3002 1689 3252 1748 negetur,
3305 1680 3480 1735 eccle-

1888 1767 2108 1822 siastica
2141 1775 2320 1823 tamen
2367 1775 2556 1823 careat
2591 1767 2890 1836 sepultura.

2608 1857 2740 1912 V'lll.
3461 1911 3468 1918 .

1958 1949 2312 2005 Decrevimus
2338 1957 2399 2004 ut
2441 1949 2487 2004 si
2523 1949 2646 2020 quis
2674 1950 2726 2003 iu
2759 1948 3016 2004 clericum
3062 1949 3148 2003 vel
3193 1949 3246 2004 in
3289 1966 3480 2008 mona—

1889 2040 2054 2095 chum
2084 2041 2354 2098 violentas
2387 2057 2582 2097 manus
2604 2039 2874 2109 iniecerit,
2913 2041 3244 2096 anathemati
3295 2043 3480 2112 suhja.

1887 2142 2031 2199 ceat,
2061 2142 2116 2188 et
2146 2133 2325 2188 nullus
2367 2135 2744 2204 episcoporum
2779 2135 2930 2190 illum
2959 2144 3254 2205 praesumat
3295 2136 3479 2190 absol-

206 2253 348 2296 ηπ,
377 2243 432 2296 in
465 2243 659 2297 melius
691 2244 969 2312 corrigam
991 2215 1070 2298 α’
1097 2215 1410 2310 emenda“;
1439 2245 1786 2315 supernum,
1812 2251 1860 2309 Β
1888 2239 2036 2290 vere,
2079 2224 2182 2278 nisi
2207 2224 2400 2280 mortis
2431 2233 2664 2295 urgente
2685 2215 2953 2294 periculo,
2978 2226 3150 2281 donec
3179 2227 3480 2297 apostolico

206 2345 417 2404 temque
462 2334 696 2388 vestium
733 2343 790 2388 et
811 2334 1208 2390 inhonestatem
1234 2336 1510 2390 deserant.
1555 2335 1711 2402 Quod
1742 2337 1790 2392 si

206 2440 300 2482 non
329 2423 696 2494 imples'eriut,
723 2425 771 2480 si
791 2440 898 2494 qua
925 2425 1166 2495 ipsarum
1189 2439 1400 2480 mortua
1424 2425 1609 2492 fuerit,
1641 2426 1793 2481 Chrio

205 2517 500 2570 uiscerum
522 2523 707 2570 careat
731 2517 1029 2584 sepultura.
1053 2515 1412 2582 Prohibemus
1433 2517 1598 2574 etiam
1631 2531 1702 2572 ne
1732 2519 1788 2572 in

206 2605 512 2664 earumdem
545 2605 786 2676 collegiis
815 2605 1020 2676 aliqua,
1049 2607 1155 2662 nisi
1174 2622 1297 2676 quae
1327 2607 1648 2679 regulariter
1669 2608 1789 2664 fue-

209 2695 271 2752 rit
291 2696 526 2762 victura,
545 2697 860 2768 recipiatur.

941 2811 1030 2866 Π.

266 2921 625 2976 Decrevtmus
671 2931 731 2976 ut
756 2921 881 2978 laici
909 2921 1279 2978 ecclesiastica
1329 2922 1548 2992 negotia
1601 2924 1790 2980 termi-

209 3023 327 3066 nare
348 3025 458 3066 nou
485 3021 835 3082 prtesumant.
955 3081 999 3136 γ

268 3172 610 3227 seueritate
639 3173 932 3242 apostolica
973 3173 1324 3244 prohibemus
1359 3183 1419 3230 ut
1461 3175 1656 3232 nullus"
1687 3177 1784 3233 ad-

205 3269 421 3316 vocatus
449 3271 648 3332 praeter
674 3263 766 3332 jus
804 3273 861 3319 et
887 3264 1209 3320 beneficium
1238 3267 1542 3335 antiquitus
1579 3266 1780 3337 aliquid

205 3351 298 3405 sibi
329 3353 578 3422 arripere
605 3353 690 3408 vel
720 3365 990 3424 usurpare
1027 3366 1337 3425 prmsumat.
1387 3357 1540 3424 Quod
1585 3357 1630 3411 si
1661 3358 1784 3427 quis

207 3454 384 3496 contra
437 3445 542 3498 hoc
566 3448 936 3514 attentaverit,
990 3445 1424 3502 Christianorum
1469 3456 1654 3503 careat
1697 3465 1783 3504 sc-

207 3535 433 3601 pultura.

1891 2324 2252 2386 prteseutetur
2276 2315 2544 2385 aspectui.
2641 2383 2710 2438 Ν

1958 2473 2284 2531 lnnovamus
2309 2483 2368 2530 ut
2399 2476 2446 2531 si
2472 2475 2593 2546 quis
2631 2491 2728 2546 pro
2757 2476 2847 2530 vin
2867 2475 2993 2530 iicta
3016 2474 3099 2531 vel
3133 2492 3166 2531 ο
3187 2476 3259 2529 iio
3292 2477 3474 2545 ignem

1888 2567 2236 2637 apposuerit,
2293 2567 2378 2621 vel
2436 2567 2631 2641 apponi
2690 2561 2914 2630 fecerit,
2964 2582 3070 2620 non
3123 2565 3476 2632 absolvatur,

1886 2655 1991 2709 nisi
2057 2656 2276 2720 damno,
2330 2656 2418 2710 cui
2479 2655 2742 2716 intulerit.
2805 2657 3102 2710 secundum
3159 2653 3477 2710 facultatem

1883 2759 2036 2800 suam
2060 2739 2511 2813 rcSarcito,juret
2549 2761 2607 2799 se
2649 2743 2878 2801 ulterius
2924 2746 3102 2816 ignem
3154 2762 3258 2800 non
3313 2761 3481 2818 appco

1885 2831 2117 2890 siturum
2169 2850 2182 2888 :
2235 2840 2289 2888 et
2332 2831 2651 2905 pmnit'entia
2705 2834 2755 2889 ei
2810 2834 2998 2901 detur,
3056 2845 3116 2890 nt
3170 2835 3480 2910 Hierosoly-

1886 2925 2012 2992 mis,
2065 2933 2159 2980 aut
2200 2926 2254 2980 in
2285 2923 2568 2996 Hispania,
2617 2927 2672 2981 in
2724 2928 2949 2983 servitio
2984 2928 3079 2984 Ι)ρί
3127 2945 3224 2999 per
3277 2946 3480 2986 annum

1885 3015 2170 3086 pmniteat.
2659 3087 2699 3141 ἶ

1956 3173 2307 3244 Praecipimus
2352 3185 2414 3231 ut
2448 3191 2551 3246 pro
2572 3176 2887 3233 chrismatis
2911 3186 2965 3233 et
2991 3177 3094 3232 olci
3126 3179 3267 3233 sacri
3295 3188 3348 3235 et
3393 3192 3480 3235 se-

1884 3263 2116 3333 pulturae
2141 3265 2458 3334 acceptione
2495 3266 2698 3320 nullum
2733 3267 2976 3335 pretium
2994 3268 3258 3336 exigatur.

2636 3357 2708 3412 XI

1954 3447 2309 3518 Przecipimus
2349 3463 2420 3506 ne
2458 3449 2806 3505 conductitiis
2853 3448 3182 3520 presbyteris
3231 3449 3480 3506 ecclesia

1891 3541 2318 3598 committantur.

272 3656 295 3685 ο
321 3644 449 3700 Haec
477 3645 696 3702 decreta
735 3648 802 3703 ad
834 3647 1132 3721 Eugenium
1163 3649 1225 3704 ill
1268 3664 1460 3721 magna
1514 3667 1578 3706 ex
1628 3660 1782 3722 parte
1817 3661 2083 3723 spectant.

880 3759 884 3762 .
2071 3759 3478 3807 Em~
3466 3783 3473 3790 .

1438 3908 1606 3952 auso
1651 3893 1880 3952 omum
1923 3909 2300 3953 ncccxxvn.

1079 4017 2592 4201 VALENTINUS

1473 4274 1818 4332 PONTIFEX
1857 4275 2214 4334 ltOMANUS.

1657 4391 2010 4406 _

615 4463 1058 4548 ΝΟΤῙΤΙΑ
1135 4470 1678 4548 HISTORI'CA
1764 4470 1858 4546 ΙΝ

1950 4461 2642 4547 VALENTINUM
2721 4471 3097 4549 PAPAM.

1103 4605 1267 4669 (Apud
1294 4606 1474 4664 Dianai,
1497 4603 1676 4654 (ωιτη.
1698 4602 1816 4653 Coll.
1844 4600 2097 4663 Ampliss.,
2125 4608 2163 4651 t.
2189 4599 2316 4663 XIV,
2343 4614 2458 4666 pag.
2477 4602 2612 4665 501.)

282 4785 310 4818 ι
338 4773 650 4831 Valentinus
685 4776 903 4831 natione
932 4774 1231 4840 Romanus,
1283 4789 1351 4830 ex
1399 4780 1558 4844 patre
1602 4774 1786 4839 Petro,
1814 4775 1868 4834 D
1893 4781 1947 4827 et
1974 4773 2044 4826 ob
2073 4773 2249 4827 studia
2279 4772 2672 4828 elementorum
2716 4771 2902 4826 solerti
2944 4773 3208 4842 magistro
3245 4774 3486 4830 traditus

215 4866 278 4923 de
303 4869 524 4938 regione
555 4865 655 4921 Via
693 4865 822 4932 lata,
857 4868 998 4923 sedit
1022 4866 1138 4921 dies
1170 4863 1550 4936 quadraginta,
1581 4877 1789 4936 magme

216 4961 551 5026 sanctitatis,
617 4975 932 5031 magnaque
992 4959 1343 5014 beatitudinis
1399 4959 1484 5013 vir
1534 4959 1640 5014 iste
1672 4973 1787 5014 tre-

213 5049 416 5118 pictus,
453 5057 508 5104 et
535 5048 774 5120 Spiritus
801 5050 972 5104 sancti
1007 5047 1260 5119 perfusus
1289 5049 1463 5120 gratia
1495 5049 1711 5103 mansit.

251 5200 258 5210 _
283 5141 381 5209 Qui
411 5143 537 5196 dum
568 5143 623 5196 in
641 5141 752 5196 hac
780 5141 1019 5195 Romana
1050 5141 1206 5206 urbe,
1235 5156 1375 5211 quae,
1407 5141 1514 5195 Deo
1544 5149 1787 5204 auctore,

217 5231 407 5285 summi
471 5232 762 5286 sacerdotii
819 5239 875 5285 et
936 5231 1132 5300 regalis
1190 5231 1529 5286 excellentiae
1587 5231 1788 5285 retinet

218 5321 545 5389 dignitatem,
599 5322 666 5376 ab
704 5321 951 5391 ingenuis
981 5333 1034 5375 et
1067 5322 1170 5390 piis
1199 5323 1513 5392 parentibus
1549 5321 1784 5392 genitus,

289 5438 315 5466 ι
351 5427 678 5484 Valentinus.
720 5431 920 5486 Omnes
945 5432 1054 5486 fere
1089 5431 1309 5486 annales
1339 5432 1692 5494 Francorum,
1733 5440 1793 5486 ut

219 5509 374 5565 supra
417 5501 920 5572 dixitattestantur
963 5503 1259 5572 Eugenium
1295 5517 1440 5556 anno
1464 5502 1567 5556 827
1593 5502 1790 5572 defun-

219 5576 360 5636 ctum
388 5585 527 5624 esse.
556 5570 673 5636 Quo
704 5586 886 5625 mense
915 5570 1129 5633 olzierit,
1167 5573 1309 5626 inter
1339 5587 1395 5626 se
1419 5573 1652 5626 variant.
1682 5571 1791 5627 Nos

221 5632 400 5701 igitur,
438 5632 784 5694 Anastasium
827 5642 1019 5703 secuti,
1058 5632 1270 5695 initium
1303 5641 1569 5696 Valentini
1599 5641 1664 5695 ad
1694 5657 1791 5694 an-

227 5713 342 5753 ιιιιι
371 5709 575 5764 Christi
603 5707 706 5765 837
733 5720 892 5781 atque
927 5712 1269 5766 undecimum
1297 5711 1522 5782 Augusti
1555 5711 1791 5767 refersit-

1896 4872 2074 4928 esset,
2122 4879 2307 4919 sacros
2361 4864 2558 4918 divina:
2601 4863 2735 4933 legis
2780 4864 2962 4933 apices
3007 4865 3192 4933 capaci
3243 4865 3483 4920 ubertim

1895 4969 2059 5009 sensu
2110 4954 2362 5018 rimabat,
2395 4962 2450 5007 et
2479 4953 2678 5025 ingenii
2719 4954 2982 5008 memoria
3023 4954 3313 5009 retinebat.
3351 4955 3482 5009 Ina-

1895 5060 1996 5102 nes
2021 5061 2086 5101 ac
2111 5055 2296 5116 turpes
2323 5057 2615 5114 puerorum
2652 5045 2809 5100 ludos
2836 5060 2988 5100 more
3015 5045 3274 5101 nobilium
3305 5047 3482 5099 evita-

1892 5135 2003 5190 bat.
2037 5136 2221 5190 Nullas
2244 5151 2310 5190 ex
2339 5150 2434 5190 ore
2456 5134 2672 5205 proprio
2693 5135 3022 5206 incongruas
3045 5145 3140 5188 aut
3160 5135 3485 5189 inhonestus

1894 5227 2105 5281 fabulas
2146 5225 2475 5295 proferebat.
2515 5225 2794 5296 Nullisque
2824 5227 3025 5282 illicitis
3055 5240 3277 5296 operum
3303 5224 3476 5277 actic-

1900 5319 2062 5373 nibus
2094 5319 2366 5374 utebatur.
2401 5318 2508 5373 Sed
2543 5319 2611 5373 ab
2645 5319 2761 5389 ipso
2785 5319 3046 5388 primva
3077 5317 3316 5372 infantiae
3345 5313 3485 5367 flore

1897 5432 2022 5486 dum
2051 5447 2170 5486 esse
2202 5441 2472 5501 putamus.
2505 5431 2586 5487 0b
2615 5433 2874 5487 virtutum
2907 5432 3136 5500 insignia
3159 5444 3280 5482 eum
3309 5442 3338 5479 a
3371 5425 3473 5501 Pa»-

1895 5503 2078 5557 slzbale
2122 5497 2374 5572 pontifice
2409 5519 2474 5557 ex
2511 5503 2838 5557 subdiacono
2867 5497 3108 5572 creatum
3137 5513 3256 5572 esse
3285 5497 3476 5572 archi-

1897 5567 2181 5626 diaconu‘m
2253 5573 2419 5628 refert
2477 5573 2816 5627 Anastasius.
2885 5570 3021 5620 Aliis
3086 5567 3474 5636 quadraginta,

1897 5642 2018 5765 ﬁliis
2046 5644 2132 5696 vix
2175 5642 2398 5713 triginta
2445 5644 2636 5699 diebus
2681 5639 3053 5709 pontificatum
3097 5637 3286 5691 tenuit.
3338 5637 3479 5694 Savo

1963 5727 2016 5765 κ.

1963 5727 2016 5766 Ν.
