3856 6190
395 211 498 260 687

1682 197 1956 260 ΝΟἸἹΤΙΑ
1996 194 2380 259 HISTORICA.

3556 191 3654 250 ιιι

395 326 498 396 pia:
530 319 809 379 modestia:
838 335 900 377 ac
930 319 1210 376 sobrietati
1239 316 1472 381 deditus,
1510 325 1562 370 ct
1597 314 1859 386 praeclaro
1897 314 1979 370 di-
2007 319 2057 376 Α
2083 313 2295 382 placata
2334 308 2590 377 maiestas
2634 323 2793 377 quem
2832 323 2899 363 ex
2942 304 3268 362 sacerdotali
3307 307 3386 362 eis
3415 307 3654 380 catalogo

397 417 542 471 vina:
605 411 978 484 inspirationis
1025 409 1216 478 spiritu
1269 406 1502 479 plenus,
1558 406 1700 460 inter
1753 415 1980 459 cunctas

397 508 688 561 verborum
745 512 906 571 atque
945 499 1244 570 prudentiae
1292 495 1550 567 phaleras
1597 494 1737 550 labia
1766 504 1982 563 compta

398 593 641 664 gerebat.
689 587 983 657 Praecipitis
1017 602 1233 656 quoque
1260 586 1561 640 dictionum
1588 585 1780 654 c0piis,
1810 595 1866 638 et
1894 584 1978 638 lu-

399 683 576 740 ciﬂuis
628 695 853 750 operum
900 677 1112 732 meritis
1161 676 1494 746 patefaciens
1541 676 1840 746 elegantem
1896 676 1980 730 sui

398 774 641 842 corporis
686 780 941 826 mentem.
990 768 1296 822 Prarsertim
1345 782 1491 830 cum,
1540 769 1695 836 juxta
1721 765 1980 820 eximiam

399 863 636 920 doctoris
667 861 905 932 gentium
933 874 1142 923 vocem,
1171 851 1293 912 sine
1319 857 1615 940 od‘ensione
1643 873 1701 911 se
1727 857 1980 911 omnibus

397 958 639 1018 ovanter,
666 952 956 1020 animoque
979 950 1256 1021 praebebat
1275 949 1528 1018 benigno.
1548 946 1757 1001 Nemini
1781 945 1979 1015 quippe

396 1043 802 1102 contrarietatis
829 1041 1146 1097 scandalum
1188 1049 1417 1109 ponens,
1449 1038 1686 1093 debitum
1723 1035 1978 1106 perfecta:

397 1135 706 1193 dilectionis
735 1132 1048 1202 impendere
1077 1130 1341 1200 proximis
1380 1128 1563 1182 animo
1598 1137 1818 1181 strenuo
1852 1141 1979 1194 pro-

393 1227 638 1282 curabat.
687 1223 863 1290 Atque
905 1222 1062 1291 juxta
1110 1219 1406 1274 Dominica:
1454 1219 1602 1272 vocis
1649 1226 1977 1287 praeceptum

392 1315 606 1370 lumbos
655 1311 905 1366 castitate
948 1309 1292 1381 prmcinctos,
1338 1315 1393 1362 et
1433 1307 1684 1361 lucernas
1717 1305 1770 1360 in
1803 1306 1979 1360 mani-

394 1406 496 1462 bus
524 1404 768 1474 gestabat
811 1401 1081 1464 ardentes,
1122 1401 1289 1454 verbo
1327 1397 1536 1454 scilicet
1562 1396 1863 1451 luculenter
1891 1409 1977 1449 re—

395 1497 604 1568 fulgens
632 1537 647 1561 ,
700 1503 756 1550 et
810 1503 932 1548 actu
991 1493 1254 1546 doctrina:
1303 1489 1514 1560 pariter
1573 1501 1801 1542 munere
1850 1497 1974 1541 cum

395 1584 684 1655 magniﬁco
712 1581 959 1651 exemplo
991 1579 1276 1634 laudabilis
1301 1579 1507 1648 judicio
1537 1575 1881 1633 coruscahat.

2081 401 2383 474 eligendum
2406 415 2606 455 arcano
2627 415 2736 454 sua:
2758 399 3012 470 potentiae
3041 407 3170 452 nutu
3194 398 3528 463 ostenderet,
3556 401 3655 454 nisi

2081 509 2223 555 eum,
2258 508 2418 563 quem
2453 493 2525 547 ab
2552 492 2683 562 ipsis
2710 491 2902 545 matris
2923 491 3179 546 uberibus
3203 499 3282 546 tot
3310 506 3474 561 supra
3505 491 3657 546 dictis

2081 585 2341 638 virtutum
2383 583 2574 652 copiis,
2615 590 2670 636 et
2699 580 3067 651 pulcherrimo
3113 580 3487 634 doctrinarum
3536 581 3660 636 ﬁoro

2080 683 2386 739 ornaverat,
2436 681 2602 742 atque
2635 680 2971 726 constantem
2995 679 3050 724 et
3078 670 3290 726 ﬁdelem
3317 671 3373 725 in
3397 672 3654 728 omnibus

2079 767 2180 822 sibi
2203 767 2478 820 alumnum
2507 763 2788 827 nutrierat,
2817 763 3195 818 sacratissima:
3222 763 3368 818 sedis
3390 772 3655 818 rectorem

2080 855 2380 911 tribueret?

2148 946 2405 1002 Collectis
2440 945 2608 1017 igitur
2632 946 2688 1000 in
2718 959 2884 1000 unum
2926 941 3328 999 venerabilibus
3363 945 3656 1016 episcopis,

2077 1045 2135 1091 et
2158 1036 2407 1107 gloriosis
2434 1035 2800 1090 Romanorum
2826 1033 3165 1103 proceribus,
3188 1035 3449 1104 omnique
3469 1036 3659 1105 ampla:

2077 1129 2229 1184 urbis
2268 1127 2466 1198 popqu
2515 1127 2568 1180 in
2615 1125 2820 1195 palatio
2871 1124 3245 1190 Lateranensi,
3281 1134 3341 1180 ut
3375 1129 3518 1196 quod
3547 1128 3655 1197 jam

2078 1219 2229 1276 cordi
2265 1219 2479 1274 cmlitus
2504 1216 2801 1272 revelatum
2828 1216 3056 1285 aequiter
3079 1230 3272 1270 omnes
3294 1218 3580 1282 tenebant,
3607 1218 3656 1272 in

2077 1327 2185 1367 uno
2235 1311 2527 1366 multorum
2576 1309 2752 1363 sonitu
2801 1319 3105 1373 resonaret,
3153 1309 3318 1363 unius
3361 1309 3658 1364 voluntatis

2077 1418 2343 1459 consensu
2407 1400 2626 1456 fortiter
2699 1399 3059 1454 acclamatum
3117 1407 3204 1454 est
3247 1416 3261 1453 :
3313 1399 3656 1455 Valentinum

2076 1493 2480 1550 salictissimum
2526 1490 2974 1545 archidiaconum
3024 1490 3171 1544 sedis
3215 1490 3526 1559 apostolica
3582 1491 3659 1547 di-

2074 1599 2255 1654 gnum,
2289 1580 2634 1636 Valentinum
2673 1579 2872 1634 summi
2907 1577 3256 1649 pontiﬁcatus
3289 1579 3461 1634 infula
3493 1581 3658 1637 decc-

467 1677 713 1746 Superna
751 1687 965 1744 quoque
1003 1672 1096 1727 Dei
1137 1672 1432 1739 auxiliante
1461 1671 1682 1735 virtute,
1713 1685 1836 1724 cum
1858 1669 1972 1739 jam
2001 1667 2048 1726 B
2077 1675 2326 1731 randum.

395 1768 635 1841 perfecte
664 1767 877 1822 initium
904 1764 1225 1834 sumpsisset
1250 1763 1448 1828 mtatis,
1477 1770 1532 1817 et
1559 1762 1729 1834 ipsius
1755 1762 1973 1816 honita»

393 1858 464 1912 tis
484 1867 646 1927 atque
673 1856 985 1927 sagacitatis
1016 1853 1172 1908 favor
1200 1853 1360 1924 longe
1389 1853 1602 1922 lateque
1633 1851 1812 1907 thuris
1837 1851 1971 1906 odo-

389 1946 542 2003 riferi
582 1950 754 2001 instar
798 1944 1072 2015 ﬂagraret,
1113 1951 1168 1996 et
1199 1957 1360 1997 aures
1389 1942 1690 1997 beatissimi
1725 1941 1974 2012 prmsulis

387 2040 491 2110 pia
531 2037 809 2092 memoria:
851 2037 1034 2092 domui
1082 2033 1360 2090 Paschalis
1399 2048 1471 2088 ex
1513 2033 1751 2088 ﬁdelium
1799 2032 1973 2088 relatu

387 2127 628 2182 veridico
659 2127 1011 2182 enucleanter
1038 2125 1328 2196 pulsasset,
1358 2133 1593 2191 eumque
1613 2161 1627 2186 ,
1659 2128 1718 2175 ut
1742 2120 1972 2192 p0pulus

391 2219 754 2286 coliaudabat,
800 2220 918 2275 fore
953 2219 1009 2273 in
1039 2219 1291 2273 omnibus
1322 2215 1583 2270 illustrem
1617 2223 1675 2270 et
1707 2214 1970 2285 inclytum

387 2313 659 2368 veraciter
702 2312 1000 2377 didicisset,
1049 2326 1177 2366 mox
1225 2310 1376 2364 illum
1423 2322 1521 2379 per
1563 2307 1971 2364 ecclesiasticos

387 2402 590 2473 gradus
619 2401 688 2457 ad
725 2402 1150 2456 subdiacouatus
1191 2394 1450 2455 honorem
1490 2398 1738 2468 provexit
1772 2414 1839 2454 ex
1867 2397 1972 2460 La-

387 2491 664 2547 teranensi
705 2488 928 2562 palatii),
963 2493 1020 2546 et
1053 2491 1156 2546 sibi
1187 2483 1462 2546 deservire
1500 2490 1774 2560 praecepit.
1805 2481 1971 2559 Cujus

387 2584 822 2640 conversationis
876 2591 932 2638 et
984 2575 1260 2652 patientia:
1302 2581 1468 2634 vitam
1517 2595 1582 2635 ac
1626 2588 1804 2634 mores
1852 2579 1970 2650 ipse

384 2689 710 2744 agnoscens,
742 2673 900 2729 valde
930 2672 1082 2728 illum
1126 2687 1239 2743 pra:
1267 2671 1480 2726 exteris
1512 2669 1790 2742 diligebat.
1819 2667 1966 2724 Prm-

385 2766 564 2822 dictus
593 2775 772 2820 autem
804 2765 910 2828 vir,
943 2765 1118 2836 gratia
1145 2765 1377 2834 desuper
1405 2763 1589 2819 divina
1615 2763 1849 2829 favente,
1880 2761 1967 2817 cui

385 2871 445 2912 se
470 2865 584 2911 tota
613 2856 812 2912 mentis
844 2855 1132 2910 devotione
1165 2856 1480 2927 integraque
1507 2855 1709 2909 virtute
1737 2848 1969 2908 devove-

386 2955 492 3013 rat,
532 2946 804 3009 veritatis,
852 2953 910 2999 et
951 2945 1230 3013 sapientiae
1260 2944 1450 3014 plenus
1478 2942 1682 2997 lumine
1711 2955 1967 2996 corusca-

2146 1763 2241 1819 His
2280 1764 2462 1833 itaque
2498 1761 2752 1818 meliiﬂue
2789 1763 2968 1828 dictis,
3001 1770 3106 1818 una
3133 1777 3261 1818 mox
3291 1779 3482 1820 omnes
3508 1766 3660 1836 pacis

2073 1855 2452 1925 conjunctione
2481 1865 2765 1912 manentes
2801 1857 2868 1912 ad
2891 1858 3179 1913 ecclesiam
3204 1867 3408 1915 sancta
3442 1859 3540 1916 Dei
3572 1878 3656 1934 ge-

2073 1951 2288 2005 nitricis
2331 1965 2650 2021 semperque
2681 1951 2909 2021 virginis
2952 1950 3136 2007 Maria:
3183 1952 3416 2008 dominae
3457 1964 3656 2011 nostra:

2073 2056 2229 2097 socer
2267 2042 2608 2107 clericorum,
2650 2050 2707 2097 et
2734 2042 3103 2097 Romanorum
3140 2051 3398 2114 prooeres
3449 2047 3656 2116 pariter

2073 2147 2198 2188 cum
2247 2133 2444 2204 populo
2484 2141 2842 2204 properantes
2883 2133 3210 2204 multiplices
3254 2146 3379 2190 eum
3424 2137 3654 2192 Domino

2073 2231 2254 2292 grates
2279 2237 2345 2277 ac
2376 2222 2564 2277 laudes
2597 2222 2911 2278 reddentem
2939 2237 3091 2277 more
3113 2221 3279 2277 solito
3305 2223 3650 2280 invenerunt.

2072 2309 2243 2377 Quem
2284 2309 2430 2364 illico
2458 2309 2687 2364 multum
2727 2325 2794 2366 ac
2838 2309 3044 2366 diutius
3087 2312 3438 2378 renitentem,
3488 2327 3656 2386 seque

2071 2401 2208 2456 tanti
2235 2401 2509 2472 regiminis
2540 2398 2659 2455 fore
2679 2400 3037 2470 incongruum
3060 2415 3194 2456 voce
3220 2410 3442 2456 strenua
3469 2404 3652 2473 profo-

2071 2497 2304 2554 nentom,
2346 2487 2502 2544 alma
2538 2488 2714 2559 plebis
2744 2496 2801 2544 et
2835 2489 2972 2545 laetis
3001 2490 3288 2560 utriusque
3308 2491 3516 2547 militiae
3541 2492 3648 2548 Ro»

2069 2594 2354 2635 manorum
2383 2579 2591 2635 eiectus
2615 2587 2702 2636 est
2722 2580 2948 2636 vocibus
2976 2582 3030 2637 in
3051 2584 3182 2638 sede
3208 2582 3546 2654 pontiﬁcum.
3576 2585 3652 2640 Ae

2069 2671 2266 2728 deinde
2284 2672 2566 2743 condignis
2592 2672 2777 2746 gloriae
2801 2673 3072 2739 laudibus,
3111 2684 3169 2730 et
3206 2675 3434 2732 honoris
3463 2678 3651 2747 ampli-

2069 2765 2254 2820 tudine
2283 2763 2353 2819 ad
2392 2763 2760 2820 Lateranense
2795 2767 3190 2836 patriarchium
3219 2768 3288 2822 ab
3327 2769 3464 2838 ipsis
3488 2770 3649 2825 dedu—

2067 2865 2208 2922 ctus,
2233 2863 2290 2913 et
2314 2855 2367 2910 in
2391 2856 2687 2926 pontiﬁcali
2712 2865 2797 2914 est
2822 2858 3030 2928 positus
3055 2859 3269 2914 throno.
3295 2858 3466 2930 Cujus
3490 2875 3648 2917 om.

2069 2958 2153 3003 ter
2189 2939 2258 3004 ab
2295 2948 2443 3004 omni
2486 2939 2854 3006 Romanorum
2886 2961 3075 3006 senatu
3106 2953 3333 3023 pedibus
3360 2953 3646 3016 osculans.

383 3010 498 3094 bat.
553 3038 686 3094 Erat
730 3038 877 3092 enim
925 3010 1179 3092 sermone
1229 3010 1461 3090 affabilis
1488 3075 1503 3100 ,
1553 3026 1798 3090 doctrina
1847 3033 1960 3092 cla-
1990 3010 2038 3074 (ἶ
2067 3046 2127 3096 et
2154 3039 2406 3096 omnibus
2439 3055 2561 3111 quae
2600 3041 2867 3112 explenda
2897 3041 3064 3099 erant
3096 3010 3198 3100 rite
3235 3059 3301 3100 ac
3328 3010 3646 3104 venerantet-

385 3143 500 3192 rus,
542 3126 692 3181 vultu
721 3125 1066 3196 conspicuus,
1099 3133 1156 3180 et
1199 3124 1342 3180 inter
1397 3121 1595 3179 fratres
1643 3124 1732 3194 pia
1796 3123 1963 3180 dero-

349 3217 532 3280 .tioue
585 3218 859 3273 modestus
884 3257 900 3282 ,
951 3217 1321 3286 proximisque
1365 3214 1558 3270 ﬁdelis.
1622 3209 1793 3270 Nullis
1834 3231 1966 3274 vero

382 3325 464 3376 se,
511 3309 707 3379 quibus
735 3307 932 3378 aliquis
962 3308 1046 3363 vel
1085 3308 1276 3362 leviter
1309 3308 1750 3373 contristaretur,
1782 3308 1964 3380 sagaci

381 3409 603 3471 pectore
639 3399 830 3465 fultus,
871 3399 1104 3470 negotiis
1150 3397 1481 3468 implicabat.
1525 3397 1660 3453 Cum
1702 3408 1964 3468 praeterea

383 3506 505 3545 cum
532 3499 610 3545 tot
632 3491 811 3557 bonis,
841 3491 1118 3559 tantisque
1140 3505 1367 3560 operum
1395 3490 1628 3555 meritis,
1656 3491 1966 3560 prmstantis

383 3580 630 3650 corporis
681 3578 910 3634 formam
961 3579 1264 3652 elegantem
1323 3579 1437 3648 jam
1493 3581 1670 3635 dictus
1720 3580 1965 3650 pontifex

381 3677 739 3738 ornatumque
784 3669 1095 3740 inspiceret,
1135 3670 1356 3726 ievitam
1403 3672 1547 3726 sedis
1599 3688 1712 3727 suae
1751 3682 1972 3744 aposth

384 3751 503 3811 licze
547 3757 906 3812 consecravit.
959 3753 1080 3824 Cui,
1122 3759 1193 3814 ob
1241 3773 1352 3814 sua:
1397 3757 1521 3814 vita:
1565 3763 1819 3816 meritum
1857 3770 1966 3833 quo

385 3847 667 3916 splendide
711 3845 986 3909 rutilabat,
1018 3855 1075 3900 et
1112 3848 1180 3902 ab
1202 3849 1350 3902 omni
1381 3848 1625 3905 ecclesia:
1660 3850 1837 3918 plebe,
1877 3861 1963 3908 at-

384 3951 492 4004 que
532 3935 735 4006 inclyto
766 3935 1132 3990 Romanorum
1175 3936 1372 4006 populo
1416 3946 1560 3992 coetu
1599 3939 1800 4010 ingenti
1841 3941 1963 3996 dili-

383 4026 610 4097 gebatur
649 4039 860 4090 amore,
910 4026 1052 4081 bona
1095 4037 1150 4080 et
1191 4025 1450 4082 beneﬁcia
1504 4029 1672 4082 multa
1725 4030 1964 4099 largiﬁue

383 4118 632 4182 contulit,
682 4133 917 4189 eumque
963 4119 1306 4188 postmodum
1337 4119 1778 4177 archidiaconum
1815 4121 1959 4179 fecit.

383 4209 502 4276 Quo
554 4223 685 4264 sane
727 4207 957 4278 prmsule
1001 4207 1220 4264 Christo
1250 4205 1474 4275 iubente
1513 4209 1753 4266 culmina
1799 4227 1964 4269 scan-

381 4301 542 4354 dente
593 4299 832 4354 caelestia
860 4339 875 4361 ,
920 4299 1193 4371 Eugenius
1243 4311 1372 4358 tunc
1416 4301 1712 4374 pontiﬁcali
1761 4315 1846 4360 est
1891 4306 1961 4362 ab

377 4389 630 4442 omnibus
657 4388 898 4442 elevatus
924 4389 977 4443 in
1009 4390 1237 4455 honore,
1265 4399 1321 4446 et
1351 4393 1562 4462 positus
1589 4395 1641 4449 in
1672 4395 1798 4450 sede
1829 4411 1958 4466 apo.

377 4481 588 4536 stolica.
620 4481 719 4548 Qui
748 4497 870 4537 eum
897 4484 1129 4548 cunctis,
1160 4499 1280 4555 quae
1317 4487 1570 4551 diximus,
1604 4489 1761 4542 bonis
1793 4491 1955 4544 deco-

379 4577 555 4623 ratum
581 4569 879 4626 lucuieuter
903 4587 1226 4642 agnoscens,
1249 4576 1397 4629 omni
1423 4577 1547 4630 vitae
1575 4591 1687 4630 sua:
1714 4584 1958 4647 tempore

379 4657 824 4713 cbarissimorum
863 4660 982 4716 vice
1028 4662 1272 4727 retinuit,
1302 4671 1358 4718 et
1381 4665 1530 4718 velut
1557 4673 1713 4734 pater
1739 4669 1959 4738 proprio

380 4744 493 4800 ﬁlio
531 4747 698 4801 corde
731 4749 1110 4818 congaudebat
1152 4750 1343 4817 alacri,
1386 4755 1606 4822 suisque
1649 4757 1957 4824 aspectibus

381 4833 530 4886 illum
574 4835 791 4890 assidue
829 4839 1132 4895 consistere
1173 4841 1444 4911 cupiebat.
1477 4841 1710 4898 Peracto
1738 4860 1866 4901 vero
1891 4862 1957 4902 ac

380 4924 638 4981 divinitus
672 4925 824 4982 ﬁnito
858 4927 1017 4996 hujus
1051 4931 1298 4999 przesuiis
1322 4932 1460 4987 lucis
1490 4937 1822 4992 transeuntis
1851 4945 1957 4993 ter-

380 5013 547 5079 mino,
590 5014 659 5068 ad
691 5029 860 5072 sacra
897 5017 1048 5073 sedis
1087 5018 1324 5075 culmina
1365 5022 1545 5079 omnis
1587 5023 1954 5084 Romanorum

378 5110 574 5168 coetus,
604 5103 812 5160 crebris
841 5105 1129 5162 Dominum
1155 5107 1378 5180 jejuniis
1406 5119 1462 5166 et
1495 5111 1834 5171 orationibus
1862 5118 1954 5172 de-

377 5208 629 5261 precans,
673 5204 736 5249 ut
761 5197 885 5267 quis
927 5205 1092 5253 tantae
1136 5201 1282 5256 sedis
1325 5202 1533 5258 honore
1575 5203 1770 5276 dignus
1815 5205 1952 5261 foret

372 5295 565 5340 eorum
625 5287 877 5344 sensibus
932 5289 1173 5346 revelare
1232 5292 1563 5364 dignaretur.
1611 5295 1718 5352 Sed
1767 5296 1949 5351 divina“

2065 3133 2328 3209 peractis,
2352 3149 2544 3205 magna
2580 3135 2868 3200 sobrietas,
2905 3151 3100 3208 magna
3128 3137 3182 3192 in
3210 3138 3380 3195 totius
3407 3154 3572 3196 sexus
3594 3151 3647 3197 et

2066 3226 2248 3284 atatis
2275 3226 2473 3298 populo
2498 3226 2684 3281 laetitia
2711 3227 2934 3283 mansit.
2959 3227 3197 3299 Eiusque
3225 3234 3645 3290 mntionis

2068 3315 2157 3374 die
2178 3329 2374 3371 sereno
2394 3315 2508 3386 jam
2537 3315 2907 3382 illucescente,
2933 3332 3058 3373 cum
3086 3318 3292 3374 lumine
3309 3321 3428 3391 jam
3447 3323 3642 3379 dictum

2068 3406 2364 3462 antistitem
2392 3406 2462 3461 ad
2490 3407 2632 3462 beati
2661 3407 2807 3462 Petri
2848 3408 3214 3478 apostolorum
3257 3412 3524 3483 principis
3557 3428 3641 3469 ce-

2067 3497 2287 3552 clesiam
2306 3511 2498 3552 omnes
2520 3499 2726 3569 pariter
2750 3498 2978 3554 Romani
3009 3516 3039 3554 a
3069 3501 3272 3571 palatio
3297 3503 3638 3562 deducensth

2065 3603 2190 3643 eum
2220 3587 2502 3657 majestate
2530 3589 2710 3643 divina
2744 3590 3043 3648 auxiliante
3068 3591 3122 3647 in
3147 3591 3260 3648 alto
3287 3594 3482 3651 throno
3502 3610 3636 3652 sult-

2066 3692 2212 3734 mum
2239 3695 2627 3735 consecravere
2654 3681 2990 3754 pontiﬁcem.

2134 3768 2236 3836 Qui
2279 3785 2406 3824 mox
2439 3769 2688 3826 aimiﬁca:
2727 3766 2870 3828 sedis
2907 3769 3144 3830 culmina
3181 3775 3454 3832 scandens
3501 3775 3629 3832 beam

2063 3858 2212 3916 Petri
2237 3861 2464 3932 apostoli
2491 3869 2546 3918 et
2568 3863 2808 3920 ccclestis
2829 3867 2979 3937 regni
3004 3867 3279 3938 clavigeri,
3312 3866 3511 3924 divinis
3530 3866 3629 3922 Deo

2065 3947 2317 4017 laudibus
2343 3959 2400 4006 et
2424 3952 2710 4008 sacriﬁciis
2749 3955 2838 4025 pie
2876 3956 3094 4022 oblatis,
3145 3957 3326 4026 amplo
3352 3967 3408 4013 et
3435 3958 3626 4030 magni-

2065 4037 2170 4094 ﬁco
2233 4037 2600 4098 Romanorum
2651 4051 2796 4098 cetu
2843 4045 2911 4100 ad
2961 4047 3225 4116 palatium
3271 4063 3397 4103 cum
3441 4046 3624 4118 ingenti

2065 4129 2262 4199 gaudio
2285 4129 2588 4196 remeavit;
2619 4139 2783 4201 atque
2809 4133 3127 4191 lautissimis
3159 4136 3390 4207 dapibus
3420 4135 3627 4204 sumptis

2067 4219 2565 4276 amantissimorum
2611 4222 2798 4278 multis
2827 4230 2883 4277 et
2913 4224 3140 4280 diversis
3174 4241 3458 4281 munerum
3487 4223 3627 4278 donis

2066 4325 2275 4366 sacram
2300 4310 2510 4380 plebem
2550 4321 2605 4367 ct
2648 4322 2895 4369 senatum
2924 4315 3297 4386 populumque
3341 4315 3624 4370 Romanum

2063 4403 2267 4472 Optime
2303 4401 2528 4475 [opime]
2575 4404 2784 4459 ditavit.
2825 4406 2957 4460 Erat
2998 4407 3195 4477 quippe
3227 4407 3526 4476 dapsilitate
3553 4404 3623 4456 iu-

2064 4491 2256 4564 clytus,
2289 4496 2499 4550 actione
2524 4497 2852 4567 praecipuus,
2885 4509 3137 4553 sermone
3166 4498 3492 4561 luculentus,
3520 4510 3622 4549 om-

2063 4585 2224 4639 nibus
2246 4587 2620 4654 eompassione
2643 4589 2942 4656 proximus,
2969 4597 3023 4642 et
3054 4589 3292 4660 inopiam
3322 4585 3616 4644 sustinenti-

2063 4675 2164 4729 bus
2191 4686 2551 4746 opportunum
2577 4679 2842 4734 instanter
2867 4680 3116 4735 solatium
3145 4683 3410 4751 praebens.

2127 4766 2333 4835 Quibus
2393 4768 2786 4839 multiplicibus
2847 4770 3008 4824 bonis
3063 4781 3312 4836 ornatus,
3353 4772 3420 4825 ad
3470 4762 3614 4825 colle

2058 4856 2160 4910 stia
2207 4856 2427 4912 Christo
2476 4867 2724 4924 vocante,
2777 4861 3022 4930 corporis
3073 4873 3365 4930 oppressus
3397 4855 3614 4913 molestia

2057 4946 2206 5001 exitu
2262 4948 2504 5016 pretioso
2558 4949 2848 5016 transivit,
2899 4959 3064 5022 atque
3111 4965 3237 5005 cum
3293 4944 3608 5006 desiderabiii

2055 5036 2459 5107 beatissimique
2480 5039 2663 5110 operis
2696 5039 2874 5096 fructu
2915 5043 2985 5098 ad
3026 5049 3375 5113 conspectum
3415 5049 3608 5095 summa

2056 5126 2355 5196 maiestatis
2374 5129 2527 5186 lactus
2555 5132 2819 5198 ascendit,
2861 5147 3093 5202 regnans
3123 5142 3177 5188 et
3212 5132 3482 5188 exsultans
3507 5137 3611 5182 cunt

2058 5215 2287 5271 Domino
2311 5233 2544 5288 semper.

1653 5501 2331 5536 *ι’-ψ-
