3856 6190
288 254 393 313 633

967 253 1054 307 ne
1095 252 1538 308 POENITENTIA
1580 216 1764 306 ILlBR'l
1805 253 1860 306 v.

1965 283 1978 291 -
2018 251 2413 307 HALITGARII
2453 253 2840 309 ΡΒᾸΞΡΑΤΙΟ.

3423 260 3525 316 ϐὗι

283 371 432 426 inter
456 383 518 422 se
542 365 920 435 discrepantia,
952 375 1007 420 et
1031 366 1228 420 nullius
1261 365 1582 420 auctoritate
1619 365 1854 428 sull‘ulta,
1888 369 1934 426 Α
1962 363 2196 433 perfecta
2225 364 2507 419 charitatis
2532 366 2755 419 scientia
2804 376 2889 420 tua
2918 367 3252 436 reSplendcat
3280 379 3522 438 pectora,

282 469 344 514 ut
372 457 466 513 vix
492 465 712 528 prepter
731 455 1127 510 dissonaan
1171 457 1382 524 possint
1428 456 1683 510 discerni.
1711 455 1862 511 Unde

282 552 347 607 ﬁt
387 559 454 603 ut
507 556 896 604 camuri-entes
942 549 1009 602 ad
1045 548 1339 602 remedium
1370 547 1721 614 paenitentia,
1752 555 1861 602 tam

280 656 383 712 pro
413 640 680 695 librorum
712 637 1048 702 confusione,
1094 653 1259 706 quam
1311 638 1475 691 etiam
1517 652 1617 706 pro
1665 637 1864 707 ingenii

285 731 572 794 tarditate,
629 728 936 782 nullatenus
981 727 1062 781 eis
1110 727 1322 782 valeant
1368 727 1672 781 subvenire.
1721 726 1864 793 Qua-

281 829 532 890 propter,
546 817 868 873 charissime
884 815 1069 880 frater,
1089 817 1194 870 noli
1217 825 1267 870 te
1283 818 1456 885 ipsum
1475 817 1630 871 nobis
1643 830 1860 886 negare,

283 911 380 979 qui
418 923 637 978 semper
667 907 721 960 in
751 907 949 961 divinis
985 906 1193 960 ardenti
1220 907 1411 975 animo
1443 905 1760 976 disciplinis,
1801 920 1865 959 ac

281 999 475 1054 solerti
511 1012 638 1051 cura
664 995 1070 1064 Scripturarum
1100 996 1564 1059 meditationibus,
1585 995 1866 1066 perlectis-

279 1093 430 1146 simo
459 1090 574 1144 otio
600 1088 850 1144 ﬂoruisti.
877 1087 1089 1156 Arripe,
1121 1103 1328 1157 qumso,
1359 1089 1474 1143 sine
1494 1086 1866 1142 excusationis

278 1179 456 1235 verbo
481 1177 640 1246 hujus
659 1178 885 1233 sarcina:
903 1178 1145 1246 pondus,
1171 1192 1202 1231 a
1225 1192 1310 1233 me
1335 1179 1553 1247 quidem
1575 1177 1668 1232 tibi
1699 1177 1868 1245 impo-

281 1272 475 1334 situm,
505 1270 598 1325 sed
626 1285 656 1322 a
690 1269 936 1333 Domino,
965 1267 1118 1338 cujus
1145 1283 1278 1322 onus
1328 1267 1433 1322 lere
1476 1277 1574 1333 est,
1622 1266 1864 1334 levigan-

279 1359 438 1414 dum.
472 1359 590 1413 Noli
623 1360 838 1423 timere,
875 1374 1049 1428 neque
1074 1357 1332 1414 formides
1361 1357 1521 1428 hujus
1541 1357 1721 1428 operis
1749 1374 1866 1411 ma-

279 1452 644 1521 gnitudinem,
690 1451 786 1506 sed
817 1451 1047 1505 ﬁdenter
1087 1451 1318 1514 accede;
1371 1451 1497 1520 quia
1543 1449 1718 1504 aderit
1746 1449 1863 1512 tibi,

279 1543 376 1611 qui
411 1541 580 1596 dixit:
602 1540 759 1610 Aperi
781 1557 838 1596 os
860 1549 1030 1605 tuum,
1053 1549 1100 1594 et
1125 1556 1217 1610 ego
1243 1538 1533 1610 adimplebo
1559 1538 1712 1592 illud.
1748 1537 1867 1594 Scis

280 1631 437 1685 enim
466 1631 669 1699 optime
694 1629 878 1698 parvis
903 1644 1069 1699 parva
1115 1627 1380 1693 sutlicere,
1406 1644 1505 1683 nec
1527 1629 1593 1682 ad
1623 1643 1864 1683 mensam

1963 455 2280 510 charissime
2307 454 2494 510 frater.
2528 456 2676 511 Vale.

2033 545 2260 600 Domino
2283 554 2340 600 et
2356 546 2648 602 venerabili
2674 547 2825 601 Patri
2844 548 2897 602 in
2922 547 3136 605 Christo
3156 551 3320 606 anm
3347 551 3527 610 archi-

1963 637 2234 707 episcopo,
2264 637 2628 694 Haurcmws
2667 639 2922 694 minimus
2951 639 3151 695 Christi
3183 639 3419 698 famulus
3437 657 3529 698 sa-

1963 728 2147 783 intem.

2033 817 2348 887 Postquam,
2375 819 2678 874 venerande
2699 819 2880 885 Pater,
2926 821 3156 876 directas
3180 823 3527 881 beatitudinis

1965 912 2156 959 vestra:
2197 906 2380 974 accepi
2424 906 2654 972 litteras,
2703 908 2893 976 quibus
2936 924 3021 962 me
3065 910 3270 964 hortari
3319 913 3524 981 dignati

1963 993 2110 1055 estis,
2139 1009 2206 1048 ne
2231 995 2428 1049 mentis
2456 1011 2680 1050 acumen
2707 997 2866 1051 inerti
2892 1000 3230 1068 torpentique
3247 1001 3362 1056 otio
3402 1005 3527 1058 sub-

1964 1084 2254 1148 mitterem,
2279 1086 2374 1140 sed
2398 1087 2688 1158 cognitioni
2730 1103 2792 1142 ac
2815 1091 3146 1146 meditationi
3177 1094 3416 1162 quotidie
3439 1111 3528 1149 sa-

1966 1189 2072 1228 crae
2098 1175 2391 1244 Scriptura:
2436 1191 2522 1230 me
2550 1176 2834 1247 vigilanter
2861 1180 3151 1246 traderem,
3183 1191 3238 1237 et
3281 1183 3522 1254 insuper,

1965 1279 2032 1320 ex
2053 1273 2363 1321 sanctorum
2389 1267 2631 1333 Patrum,
2666 1284 3037 1340 canonumque
3075 1275 3380 1339 sententiis,
3403 1275 3524 1329 Pte-

1967 1355 2300 1410 nitentialem
2344 1355 2399 1409 in
2448 1372 2556 1411 uno
2593 1358 2862 1412 volumine
2913 1375 3257 1432 aggregarem
3287 1381 3300 1418 :
3336 1365 3530 1419 durum

1966 1445 2164 1515 quippe
2191 1446 2324 1500 mihi
2357 1454 2416 1500 et
2458 1447 2612 1503 valde
2661 1449 2892 1514 dillicile,
2939 1454 3381 1523 tremendumque
3430 1457 3535 1510 hoc

1966 1549 2178 1603 quoque
2203 1533 2303 1588 fuit
2325 1535 2628 1604 imperium,
2649 1546 2708 1590 ut
2728 1539 2868 1592 hanc
2889 1542 3217 1610 susciperem
3239 1545 3530 1611 sarcinam,

1967 1641 2128 1694 quam
2159 1642 2190 1680 a
2219 1627 2571 1695 prudentibus
2600 1643 2867 1697 cognosco
2894 1631 3160 1686 relictam.
3207 1633 3536 1704 Multumque

276 1728 688 1792 magnatorum,
704 1735 1001 1790 pauperum
1024 1720 1237 1775 turbam
1262 1734 1421 1788 posse
1441 1719 1720 1774 accedere.
1744 1718 1862 1774 Noli
1891 1723 1936 1782 B
1967 1718 2176 1772 renisus
2204 1733 2321 1773 sum
2347 1718 2608 1774 voluntati
2636 1728 2850 1785 vestrae,
2877 1737 2984 1775 non
3036 1723 3182 1777 velut
3228 1727 3534 1792 procaciter

280 1820 390 1863 tuae
415 1809 714 1863 devotionis
738 1810 889 1863 nobis
924 1808 1243 1862 subtrahere
1284 1808 1586 1862 scientiam.
1630 1808 1749 1862 Noli
1775 1823 1864 1862 ac-

277 1913 514 1954 censam
541 1899 596 1953 in
621 1906 676 1954 te
696 1901 796 1954 sub
821 1899 1002 1952 modio
1035 1913 1236 1968 ponere
1284 1898 1586 1963 lucernam,
1613 1901 1706 1953 sed
1727 1915 1864 1968 prte-

279 1988 439 2044 celso
455 2003 576 2042 eam
596 2003 961 2057 superponere
973 1987 1312 2052 candelabro,
1332 1987 1579 2044 utluceat
1595 1989 1862 2054 omnibus,

281 2080 381 2150 qui
411 2079 466 2134 in
499 2080 658 2136 domo
685 2079 782 2132 Dei
809 2087 937 2134 sunt
965 2077 1223 2134 fratribus
1254 2079 1382 2143 tuis,
1404 2086 1459 2132 et
1491 2077 1676 2148 profer
1712 2078 1866 2133 nobis

278 2169 456 2223 veluti
477 2169 658 2223 scriba
683 2169 895 2233 doctus,
927 2168 1068 2237 quod
1090 2166 1342 2237 accepisti
1363 2181 1394 2219 a
1415 2167 1662 2221 Domino.
1678 2166 1864 2221 Aderit

280 2259 385 2313 tibi
435 2258 596 2328 hujus
647 2257 846 2312 laboris
877 2257 1068 2311 itinere
1096 2256 1238 2310 illius
1285 2257 1476 2327 gratia,
1521 2256 1610 2324 qui
1659 2255 1861 2310 duobus

275 2349 562 2421 discipulis
597 2347 858 2414 euntibus,
882 2348 1088 2402 tertium
1112 2364 1167 2402 se
1188 2349 1385 2401 socium
1423 2346 1629 2400 addidit
1667 2346 1720 2400 in
1753 2346 1855 2412 via,

280 2450 333 2494 et
356 2441 565 2509 aperuit
580 2439 688 2493 illis
709 2454 938 2504 sensum,
954 2447 1009 2491 ut
1029 2447 1238 2492 sanctas
1257 2436 1594 2508 intelligerent
1621 2435 1857 2506 Scriptu-

285 2549 401 2586 ras.
431 2532 665 2602 Spiritus
691 2531 1005 2601 paraclitus,
1043 2531 1192 2586 omni
1239 2530 1484 2585 veritatis
1503 2528 1769 2593 doctrina,
1800 2536 1855 2584 et

1967 1807 2150 1871 durus,
2182 1808 2277 1862 sed
2305 1809 2533 1878 proprize
2554 1808 2884 1864 inﬁrmitatis
2919 1811 3246 1866 admonitus.
3295 1814 3408 1870 Hac
3451 1824 3536 1871 et-

1965 1897 2109 1951 enim
2135 1912 2266 1952 cura
2290 1898 2550 1953 sollicitus
2575 1899 2940 1953 necessarium
2971 1901 3117 1966 duxi,
3146 1909 3205 1955 ut
3225 1902 3534 1972 aliquandiu

1966 2001 2053 2042 me
2079 2002 2110 2040 a
2140 1986 2412 2042 scribendi
2466 1989 2767 2042 temeritate
2817 1991 3221 2058 suspenderem.
3275 1991 3381 2046 Sed
3406 1995 3534 2063 quia

1967 2078 2106 2132 sicut
2133 2077 2390 2146 perpendi
2420 2077 2648 2148 injuncti
2689 2079 2870 2148 operis
2920 2071 3305 2146 difﬁcultatem,
3357 2084 3431 2137 ita
3480 2092 3534 2138 et

1969 2165 2296 2238 injungentis
2353 2168 2764 2235 auctoritatem;
2822 2184 2922 2225 nec
2983 2170 3159 2237 volui,
3212 2187 3313 2227 nec
3374 2173 3532 2228 debui

1967 2271 2352 2327 usquequaque
2378 2256 2632 2312 resistere
2666 2276 2680 2310 :
2721 2266 2904 2313 certus
2945 2259 3071 2328 quia
3110 2260 3533 2318 imbecillitatem

1962 2360 2141 2400 meam
2167 2345 2335 2400 multo
2360 2345 2591 2414 amplius
2629 2356 2810 2403 vestra
2846 2346 3124 2418 adjuvaret
3173 2352 3534 2421 praecipientis

1961 2436 2214 2506 dignitas,
2241 2451 2403 2505 quam
2433 2447 2756 2509 aggravaret
2797 2454 2934 2496 meae
2973 2441 3288 2512 ignorantiae
3311 2441 3533 2500 ditIicul-

1961 2537 2061 2582 tas.
2085 2527 2288 2585 Valete.

1633 2775 2161 2856 PR/EFATl-O

1400 2953 1489 3008 DE
1527 2949 1999 3008 ΡίΕΝἰΤΕΝΤΙᾸΞ
2041 2951 2430 3009 UTILITATE.

363 3176 625 3246 Quamvis
643 3175 947 3247 originalia,
977 3177 1032 3232 in
1051 3177 1386 3247 baptismatis
1414 3191 1656 3241 munere,
1685 3177 1861 3248 gratia
1889 3182 1933 3244 (ζ
1963 3191 2093 3246 pore
2117 3191 2528 3246 consequamur.
2562 3174 2670 3230 Sed
2709 3173 2975 3244 quomodo
3019 3172 3114 3228 lilii
3141 3173 3256 3241 Dei,
3285 3178 3523 3246 quandiu

289 3267 606 3322 Hediatoris
631 3275 824 3322 cuncta
869 3266 1071 3322 aboleri
1121 3269 1385 3323 veraciter
1420 3269 1714 3324 credantur
1740 3283 1866 3338 pec-

291 3367 416 3412 cata
449 3376 474 3412 :~
494 3358 620 3426 quia
657 3355 851 3412 sufﬁcit
898 3357 987 3411 illa
1028 3358 1138 3412 sola
1183 3358 1444 3427 spiritalis
1493 3357 1860 3428 regeneratio;

286 3455 532 3501 attamen
577 3460 701 3500 cum
741 3454 959 3502 ventum
1001 3447 1164 3502 fuerit
1205 3449 1274 3502 ad
1306 3455 1518 3502 nitatem
1564 3462 1685 3518 quae
1727 3463 1864 3517 prse-

286 3546 510 3609 ceptum
557 3538 671 3608 jam
699 3539 859 3608 capit,
912 3547 968 3593 et
1015 3539 1168 3594 subdi
1213 3547 1394 3608 potest
1439 3538 1570 3611 legis
1617 3539 1861 3610 imperio,

285 3627 699 3697 suscipiendum
741 3635 827 3682 est
865 3627 1062 3682 bellum
1085 3637 1273 3684 contra
1310 3629 1462 3696 vitia,
1489 3638 1544 3684 et
1569 3631 1862 3701 gerendum

285 3716 515 3778 acriter,
542 3730 611 3768 ne
630 3714 822 3769 iterum
845 3718 1135 3772 reducatur
1162 3717 1230 3772 ad
1251 3718 1574 3774 damnabilia
1617 3727 1860 3789 peccata.

284 3804 611 3860 Paucissimi
636 3814 815 3860 autem
846 3813 974 3859 sunt
1001 3815 1163 3861 tantm
1208 3806 1498 3872 felicitatis,
1530 3818 1591 3863 ut
1635 3809 1704 3863 ab
1747 3809 1863 3880 ipsa

286 3896 520 3949 ineunte
540 3894 928 3962 adolescentia,
955 3897 1100 3951 nulla
1124 3897 1446 3952 damnabilia
1467 3909 1686 3968 peccata
1709 3917 1860 3956 com-

284 3985 536 4048 mittant,
567 3984 651 4039 vel
685 3984 739 4039 in
789 3983 1028 4056 ﬂagitiis,
1071 3985 1151 4040 vel
1188 3987 1244 4042 in
1290 3987 1633 4053 facinoribus,
1681 3988 1766 4043 vel
1807 3990 1861 4043 in

283 4073 618 4139 homicidiis,
647 4074 730 4128 vel
760 4075 816 4129 in
838 4074 1059 4131 nefariae
1105 4075 1420 4148 cujusquam
1447 4077 1738 4148 impietatis
1775 4093 1862 4132 er-

283 4177 452 4216 rore:
483 4163 578 4215 sed
603 4178 794 4232 magna
835 4164 1059 4234 Spiritus
1087 4165 1336 4234 largitate
1381 4167 1746 4223 necessarium
1778 4175 1862 4223 est

281 4252 600 4321 opprimere
627 4253 887 4322 quidquid
914 4254 968 4309 in
995 4256 1073 4310 eis
1099 4265 1293 4326 potest,
1324 4266 1416 4312 aut
1440 4259 1860 4327 potuitcarnalis

281 4341 579 4396 delectatio
626 4342 912 4398 deminari.
948 4345 1096 4400 Tunc
1138 4346 1319 4416 itaque
1364 4347 1507 4403 victa
1541 4349 1666 4403 vitia
1695 4349 1860 4419 depu-

281 4431 457 4484 tanda
500 4440 644 4498 sunt,
686 4449 810 4488 cum
859 4434 955 4490 Dei
1011 4451 1195 4492 amore
1228 4438 1535 4504 vincuntur,
1566 4455 1724 4509 quem
1755 4440 1856 4494 nisi

277 4520 432 4575 Deus
463 4521 578 4589 ipse
602 4537 707 4576 non
736 4524 916 4591 donat,
958 4540 1058 4581 nec
1101 4526 1276 4592 aliter,
1329 4528 1431 4582 nisi
1458 4543 1554 4597 per
1601 4529 1856 4584 Mediato-
1883 4519 1933 4576 D

277 4625 402 4665 rem
433 4609 530 4664 Dei
559 4619 614 4664 et
635 4613 911 4668 hominum
938 4613 1119 4671 Jesum
1140 4615 1432 4685 Christum,
1463 4621 1553 4688 qui
1576 4619 1748 4677 factus
1771 4628 1856 4677 est

275 4704 561 4774 particeps
587 4703 930 4758 mortalitatis
960 4712 1180 4771 nostrae,
1218 4713 1278 4758 ut
1324 4721 1422 4761 nos
1465 4709 1751 4778 participes
1777 4711 1856 4766 fa-

273 4799 435 4846 ceret
485 4791 784 4846 divinitatis
832 4809 960 4848 su:e.
1007 4794 1410 4862 Verumtamen,
1463 4797 1515 4852 in
1558 4799 1703 4867 gravi
1725 4799 1853 4869 jugo

274 4885 428 4955 quod
457 4886 691 4954 positum
719 4895 804 4943 est
827 4902 987 4958 super
1029 4886 1166 4943 ﬁlios
1202 4888 1392 4954 Adam,
1417 4905 1447 4944 a
1477 4889 1561 4945 die
1587 4891 1764 4948 exitus
1788 4892 1853 4945 de

273 4984 478 5030 ventre
524 4976 714 5031 matris
764 4992 950 5034 eorum
997 4993 1166 5048 usque
1200 4980 1436 5043 indiem
1484 4981 1770 5052 sepultura:
1801 4981 1853 5035 in

277 5073 516 5119 matrem
542 5067 805 5133 omnium,
835 5075 889 5124 et
920 5069 1034 5138 jam
1074 5069 1176 5126 hoc
1225 5071 1426 5127 malum
1476 5072 1858 5128 miserabiliter

274 5155 575 5224 reperitur.
603 5156 834 5228 ideoque
865 5159 1031 5214 sobrii
1075 5160 1266 5226 simus,
1297 5170 1457 5233 atque
1502 5163 1858 5233 intelligamus

272 5245 425 5298 hanc
450 5243 616 5298 vitam
647 5246 711 5300 de
751 5255 974 5315 peccato
1014 5247 1104 5302 illo
1152 5248 1315 5304 nimis
1349 5249 1554 5304 nefario
1609 5253 1754 5322 quod
1800 5251 1854 5305 in

271 5332 536 5402 paradiso
557 5344 922 5406 perpetratum
953 5345 1054 5404 est,
1087 5337 1285 5393 factam
1325 5339 1480 5394 nobis
1508 5355 1627 5395 esse
1671 5355 1857 5411 poena-

273 5421 423 5484 lem;
454 5429 730 5494 totumque
756 5427 897 5495 quod
923 5429 1204 5484 nobiscum
1227 5429 1422 5501 agitur,
1450 5445 1555 5484 non
1582 5433 1854 5499 pertinere

274 5511 386 5566 nisi
432 5513 503 5566 ad
551 5513 674 5569 novi
721 5517 901 5571 saeculi
948 5519 1320 5574 haereditatem
1361 5534 1557 5572 novam
1599 5537 1612 5572 :
1658 5529 1719 5575 ut
1765 5521 1854 5574 hic

274 5606 510 5674 pignore
529 5615 772 5676 accepto,
794 5608 940 5674 illud,
961 5608 1113 5679 cujus
1133 5611 1235 5665 hoc
1262 5623 1454 5678 pignus
1476 5621 1577 5673 est,
1605 5625 1698 5667 suo
1723 5620 1848 5664 tem-

1967 3267 2269 3322 mortaliter
2292 3267 2499 3332 vivunt,
2523 3281 2647 3321 cum
2669 3274 2842 3319 morte
2861 3262 3184 3335 conﬂigunt:
3215 3274 3270 3320 et
3294 3267 3396 3336 sic,
3423 3269 3523 3340 spi-

1967 3356 2076 3410 ritu
2103 3355 2196 3409 Dei
2223 3355 2548 3419 excitantur,
2571 3362 2626 3408 et
2646 3362 2898 3422 tanquam
2926 3352 3018 3406 ﬁlii
3042 3354 3135 3408 Dei
3161 3355 3450 3424 proﬁciunt
3464 3357 3532 3414 ad

1965 3444 2254 3498 Dominum
2279 3458 2293 3498 :
2319 3451 2378 3496 ut
2406 3444 2568 3497 etiam
2587 3440 2792 3511 Spiritu
2825 3450 3031 3507 sancto,
3061 3454 3384 3513 aggravante
3413 3461 3524 3501 cor-

1965 3547 2097 3603 pore
2145 3530 2504 3600 corruptibili,
2549 3539 2805 3599 tanquam
2849 3530 2944 3584 ﬁlii
2987 3531 3284 3600 hominum,
3318 3534 3373 3588 in
3416 3535 3535 3606 qui~

1965 3625 2192 3682 busdam
2237 3623 2487 3680 humanis
2537 3622 2772 3677 motibus
2809 3621 3062 3678 deﬁciant
3111 3623 3177 3678 ad
3209 3609 3454 3695 .Seipsos,
3480 3634 3528 3680 et

1962 3717 2084 3773 ideo
2105 3724 2347 3786 peccent.
2373 3714 2605 3769 interest
2628 3713 2845 3783 quidem
2872 3720 3151 3782 quantum,
3192 3729 3368 3784 neque
3390 3715 3532 3770 enim

1962 3825 2121 3865 omne
2137 3816 2419 3881 peccatum
2462 3808 2669 3862 crimen
2691 3815 2794 3872 est,
2819 3807 2912 3862 sed
2933 3820 3094 3863 omne
3113 3808 3317 3862 crimen
3338 3823 3532 3878 pecca-

1965 3910 2077 3956 tum
2099 3909 2200 3956 est.
2236 3899 2556 3956 Sanctorum
2591 3899 2773 3969 itaque
2816 3897 3096 3954 hominum
3115 3898 3307 3965 vitam,
3343 3913 3450 3970 qua
3480 3897 3534 3953 in

1964 3993 2065 4046 hac
2090 4000 2264 4045 morte
2285 3990 2503 4055 vivitur,
2529 3989 2645 4044 sine
2670 3989 2896 4044 crimine
2941 3988 3171 4044 inveniri
3201 4003 3381 4058 posse,
3413 3989 3534 4044 sine

1961 4091 2187 4154 peccato
2212 4088 2391 4136 autem
2419 4095 2713 4149 nunquam,
2742 4087 2802 4134 ut
2842 4080 2920 4134 ait
2950 4098 2962 4132 :
2990 4078 3049 4134 Si
3075 4079 3364 4133 dixerimus
3408 4079 3534 4149 quia

1957 4181 2222 4242 peccatum
2251 4188 2354 4224 non
2374 4170 2644 4233 habemus,
2667 4185 2760 4221 nos
2782 4168 2919 4239 ipsos
2939 4167 3315 4231 seducimus,et
3342 4166 3529 4219 veritas

1958 4266 2014 4319 in
2039 4264 2185 4317 nobis
2220 4279 2323 4316 non
2356 4271 2451 4316 est.
2484 4261 2661 4316 Unum
2688 4267 2867 4313 tamen
2914 4272 3014 4325 pro
3060 4255 3229 4310 altero
3254 4256 3533 4310 consuevit

1957 4369 2161 4424 ponere
2187 4351 2484 4419 Scriptura.
2515 4350 2573 4402 In
2602 4347 2814 4402 actione
2849 4353 3026 4399 autem
3060 4344 3408 4413 pmnitentiae,
3435 4344 3529 4398 ubi

1959 4443 2062 4498 tale
2079 4441 2422 4496 commissum
2453 4447 2536 4492 est
2562 4437 2793 4498 crimen,
2815 4445 2874 4490 ut
2897 4433 2943 4489 is
2979 4449 3009 4488 a
3040 4433 3240 4488 Christi
3280 4448 3528 4503 corpore,

1959 4534 2053 4604 qui
2084 4532 2376 4597 commisit,
2401 4537 2703 4600 separetur,
2744 4543 2850 4582 non
2881 4535 2990 4581 tam
3030 4524 3422 4582 consideranda
3445 4533 3531 4579 est

1959 4640 2212 4686 mensura
2241 4623 2500 4694 temporis
2537 4636 2699 4692 quam
2744 4618 2962 4683 doloris,
2996 4618 3100 4673 Cor
3133 4626 3308 4671 autem
3337 4616 3530 4670 contri-

1959 4725 2069 4769 tum
2095 4723 2142 4768 et
2169 4711 2500 4767 humiliatum
2522 4709 2664 4764 Deus
2708 4725 2812 4762 non
2841 4709 3056 4778 spernit.
3104 4704 3245 4760 Sane
3267 4703 3392 4774 quia
3420 4703 3530 4772 ple—

1959 4819 2188 4875 rumque
2209 4802 2364 4859 dolor
2380 4801 2602 4856 alterius
2627 4797 2808 4854 cordis
2826 4796 3070 4854 occultus
3090 4803 3172 4851 est
3186 4793 3367 4860 alteri,
3381 4801 3529 4848 recte

1959 4897 2357 4952 constituuntur
2377 4904 2616 4963 tempora
2636 4890 2967 4962 ptenitentiae
2989 4890 3056 4944 ab
3072 4889 3158 4944 his
3175 4887 3266 4958 qui
3287 4895 3529 4958 praesunt

1958 4987 2231 5049 Ecclesiis,
2255 4993 2316 5040 ut
2336 4983 2566 5040 satisﬁat
2609 4984 2771 5039 etiam
2820 4979 3093 5047 Ecclesiae,
3126 4980 3180 5035 in
3204 4994 3310 5050 qua
3340 4978 3528 5035 remit—

1960 5084 2145 5132 tuntur
2172 5083 2414 5146 peccata.
2458 5075 2618 5145 Ergo,
2676 5090 2797 5130 cum
2827 5081 2975 5128 tanta
3004 5078 3087 5127 est
3111 5070 3267 5142 plaga
3295 5068 3523 5139 peccati,

1961 5176 2021 5221 ut
2048 5167 2440 5222 medicamenta
2465 5165 2708 5236 corporis
2749 5174 2804 5220 et
2846 5163 3122 5236 sanguinis
3159 5160 3371 5218 Domini
3415 5159 3528 5214 sint

1962 5255 2270 5318 diﬁ‘crenda,
2306 5254 2629 5310 auctoritate
2653 5253 2914 5308 antistitis
2935 5253 3095 5307 debet
3121 5266 3180 5306 se
3200 5250 3430 5320 quisque
3453 5245 3525 5300 ab

1962 5343 2154 5398 altario
2167 5357 2445 5398 removere
2466 5343 2532 5397 ad
2555 5342 2816 5413 agendam
2836 5341 3229 5410 pmnitentiam,
3253 5346 3306 5392 et
3329 5338 3520 5391 eadem

1959 5433 2282 5502 auctoritate
2300 5431 2668 5496 reconciliari;
2697 5433 2802 5486 hoc
2828 5440 2910 5486 est
2937 5431 3080 5486 enim
3103 5441 3300 5495 corpus
3317 5431 3373 5479 et
3394 5439 3523 5480 san-

1959 5523 2175 5592 guinem
2198 5521 2409 5576 Domini
2441 5521 2656 5592 indigne
2682 5520 2946 5589 accipere,
2993 5518 3037 5571 si
3064 5529 3128 5570 eo
3156 5523 3394 5582 tempore
3427 5527 3520 5567 ac-

1958 5616 2121 5684 cipiat
2141 5630 2246 5684 quo
2264 5613 2640 5683 pmnitentiam
2667 5611 2824 5665 debet
2850 5622 3026 5679 agere.
3051 5605 3184 5658 Nam
3209 5605 3318 5674 ipsa
3343 5603 3533 5692 pmnij
