3856 6190
319 237 422 293 655

1262 231 1664 290 IlALlTGARll
1705 227 2008 286 EPISCOPI
2050 221 2578 284 CAMERACENSIS

3458 223 3560 280 6'56

315 355 506 420 rentia,
534 353 749 424 quando
775 353 933 422 digna
964 308 1228 406 estcausa
1270 358 1329 404 ut
1353 349 1648 404 secundum
1677 358 1883 402 morem
1913 346 1963 404 Α
2060 341 2280 396 Secreta
2311 352 2525 409 quoque
2574 335 2942 391 satisfactione
2972 334 3108 391 solvi
3149 334 3402 391 mortalia
3444 339 3558 393 cri-

318 443 572 501 Eoclesiae
591 452 802 514 agatur,
825 443 1140 513 plerumque
1166 440 1486 494 inﬁrmitate
1524 454 1631 492 non
1659 437 1838 508 agitur
1867 454 1882 491 :

315 532 444 604 quia
471 541 526 588 et
569 532 744 603 pudor
765 532 929 586 timor
970 537 1054 584 est
1083 528 1420 599 displicendi,
1450 527 1577 582 dum
1602 527 1724 596 plus
1746 525 1888 580 dele-

314 632 427 680 ctat
437 623 708 678 hominem
721 621 1052 677 existimatio
1066 634 1227 688 quam
1242 616 1450 687 justitia
1467 631 1571 686 qua
1587 631 1646 671 se
1661 616 1887 686 quisque

313 713 561 769 humiliat
581 711 912 781 paenitendo.
942 708 1250 762 Meminerit
1294 706 1404 772 ille,
1433 706 1740 775 quicunque
1777 712 1882 769 est,

313 804 438 874 quia
459 802 604 857 "Deus
629 799 860 872 superbis
886 798 1100 862 resistit,
1127 795 1412 850 humilibus
1437 805 1612 850 autem
1637 794 1730 848 dat
1765 811 1888 864 gra-

308 895 459 950 tiam.
502 891 644 959 Quid
687 890 830 944 enim
869 896 953 943 est
985 887 1317 959 perversius,
1357 884 1554 954 quidve
1595 883 1881 949 infelicius,

311 999 476 1056 quam
497 983 564 1038 de
592 983 711 1052 ipso
737 979 978 1043 vulnere,
1007 979 1150 1047 quod
1196 979 1365 1032 latere
1401 991 1504 1032 non
1537 985 1733 1046 potest,
1777 992 1884 1031 non

309 1077 654 1139 erubescere,
704 1080 759 1128 et
787 1072 854 1127 de
899 1071 1132 1142 ligatura
1173 1069 1294 1139 plus
1332 1069 1690 1124 erubescere?
1717 1067 1885 1123 Nemo

309 1165 602 1218 arbitretur
625 1171 911 1233 prepterea
943 1176 1000 1214 se
1027 1159 1310 1214 consilium
1341 1159 1558 1214 salubre
1586 1156 1744 1226 hujus
1771 1170 1886 1226 pm-

308 1255 551 1310 nitentia:
598 1255 793 1309 debere
844 1259 1223 1315 contemnere;
1277 1249 1402 1318 quia
1459 1247 1694 1303 advertit
1747 1245 1886 1301 forte

309 1345 565 1413 novitque
596 1343 663 1396 ad
713 1341 899 1396 altaris
943 1347 1278 1396 sacramenta
1327 1338 1605 1401 accedere,
1653 1352 1883 1407 quorum

308 1451 416 1490 non
438 1436 652 1504 ignorat
681 1433 810 1487 talia
840 1433 1066 1487 erimina
1099 1432 1240 1500 apud
1286 1446 1344 1485 se
1398 1430 1651 1484 retinere.
1702 1429 1884 1484 Corri-

307 1533 507 1595 guntur
531 1525 678 1578 enim
709 1524 881 1590 multi,
907 1532 966 1578 ut
993 1523 1186 1577 Petrus
1221 1539 1234 1574 :
1273 1520 1428 1576 multi
1477 1521 1796 1586 tolerantur,
1823 1529 1884 1576 ut

305 1616 490 1670 Judas.
519 1615 669 1669 Multi
710 1615 1047 1678 neseiuntur,
1074 1612 1245 1666 donec
1283 1611 1468 1666 veniat
1512 1611 1790 1676 Dominus,
1827 1619 1883 1665 ot

1990 434 2136 488 mina
2173 447 2281 487 non
2309 446 2500 500 negem
2531 447 2544 484 :
2574 438 2780 485 mutato
2809 430 2961 500 prius
2987 431 3234 485 saeculari
3262 431 3476 500 habitu,
3503 442 3558 489 et

1988 523 2259 579 indefesso
2295 507 2568 592 religionis
2594 522 2795 586 studio,
2850 535 2948 589 per
2982 522 3109 577 vita:
3135 524 3558 592 wrrectionem,

1987 624 2042 669 et
2059 612 2198 684 jugi,
2229 613 2337 666 imo
2364 619 2625 681 perpetuo
2654 611 2820 676 luctu,
2845 611 3138 665 miserante
3161 611 3294 677 Deo,
3328 614 3402 668 ita
3426 614 3564 669 dun—

1988 713 2137 760 taxat
2164 712 2222 759 ut
2248 704 2522 758 contraria
2558 717 2656 772 pro
2679 703 2766 757 his
2793 718 2912 772 quas
2939 704 3167 772 poenitet
3200 712 3344 776 agat.
3369 705 3564 773 Quoti-

1985 799 2143 852 diana
2167 812 2298 851 vero
2325 796 2570 865 leviaque
2597 802 2838 865 peccata,
2881 795 3000 849 sine
3035 795 3235 863 quibus
3276 798 3391 852 hac
3444 799 3560 853 vita

1984 907 2092 946 non
2117 891 2346 954 ducitur,
2372 889 2650 943 Dominica
2677 888 2920 943 oratione
2946 897 3267 959 purgantur,
3322 905 3558 960 quorum

1985 981 2285 1045 estdicere
2325 997 2337 1033 :
2371 977 2535 1032 Pater
2560 986 2753 1042 noster,
2779 978 2868 1048 qui
2898 994 2952 1030 es
2973 978 3027 1030 in
3048 976 3209 1042 cazlis,
3238 987 3295 1032 et
3323 979 3555 1049 reliqua.

1987 1072 2087 1128 Ubi
2116 1071 2312 1127 dicitur
2342 1087 2355 1124 :
2391 1069 2601 1123 Dimitte
2639 1068 2784 1121 nobis
2808 1067 2982 1120 debita
3014 1077 3231 1133 nostra;
3285 1069 3413 1137 quia
3443 1070 3558 1138 ipsa

1985 1163 2325 1232 eleemosyna
2356 1168 2458 1224 est,
2505 1159 2722 1213 veniam
2751 1158 2953 1211 homini
2999 1159 3205 1228 petenti
3251 1158 3554 1228 ignoscere.

1986 1253 2137 1308 Unde
2186 1251 2446 1307 Dominus
2491 1250 2569 1304 ait
2606 1267 2618 1302 :
2665 1248 2801 1302 Date
2839 1247 3250 1318 eleemosynam,
3289 1257 3339 1302 et
3379 1249 3557 1303 omnia

1985 1344 2180 1399 munda
2216 1351 2334 1397 sunt
2373 1342 2532 1396 vobis.

2055 1434 2218 1488 Multa
2270 1433 2436 1503 igitur
2490 1446 2687 1502 genera
2746 1437 2873 1486 sunt
2911 1430 3394 1500 eleemosynarum,
3437 1445 3555 1500 quae

1983 1540 2106 1579 cum
2152 1523 2409 1589 facimus,
2459 1524 2805 1593 adjuvamur,
2856 1529 2915 1575 ut
2977 1520 3321 1575 dimittantur
3365 1529 3552 1575 nostra

1982 1623 2200 1684 peccata
2231 1655 2244 1679 ,
2303 1613 2397 1668 sed
2454 1629 2518 1670 ea
2565 1613 2698 1668 nihil
2757 1621 2843 1667 est
2887 1611 3100 1680 majus,
3155 1629 3318 1681 quam
3358 1617 3554 1684 (quan—

307 1706 572 1761 illuminct
592 1705 904 1760 abscondita
938 1703 1304 1768 tenebrarum,
1325 1710 1381 1757 et
1407 1700 1718 1757 manifestet
1738 1703 1882 1771 cogi-
1911 1697 1958 1755 B
1985 1705 2074 1776 do)
2102 1719 2169 1758 ex
2199 1705 2363 1760 corde
2397 1704 2724 1758 dimittimus
2777 1703 2918 1772 quod
2954 1705 3008 1758 in
3041 1718 3140 1758 nos
3167 1705 3396 1773 quisque
3427 1719 3556 1774 peo-

309 1801 540 1855 tationes
564 1799 830 1853 eordium.

373 1886 484 1941 Nos
505 1902 632 1941 vero
657 1900 986 1954 quemquam
1008 1900 1039 1938 a
1067 1885 1445 1939 communione
1468 1883 1756 1954 prohibere
1774 1898 1880 1937 non

303 1992 610 2047 possumus,
643 1975 891 2046 quamvis
917 1975 1034 2029 hare
1060 1974 1354 2044 prohibitio
1383 1974 1620 2029 nondum
1644 1973 1716 2027 sit
1738 1987 1881 2026 mor-

305 2067 447 2131 talis,
472 2066 567 2122 sed
592 2063 936 2119 medicinalis
961 2082 972 2117 :
1001 2064 1107 2119 nisi
1128 2071 1220 2118 aut
1242 2070 1431 2134 sponte
1452 2061 1760 2117 confessus:
1787 2067 1880 2114 aut

303 2160 358 2214 in
385 2144 565 2227 aliquo
591 2158 706 2212 sive
733 2155 999 2222 saeculari,
1025 2156 1138 2210 sive
1166 2154 1538 2210 ecclesiastico
1557 2153 1762 2224 judicio
1787 2167 1877 2206 ac-

300 2259 549 2305 cusatum
580 2259 744 2318 atque
769 2247 1094 2302 convictum.
1111 2246 1370 2314 Plerique
1396 2253 1574 2299 autem
1598 2244 1879 2298 attendunt

301 2339 500 2394 multos
544 2339 598 2392 in
643 2337 777 2407 ipsis
810 2336 1106 2391 honoribus
1131 2334 1536 2399 ecclesiasticis,
1563 2332 1879 2403 praeposito-

301 2443 422 2483 rum
471 2434 526 2480 et
550 2426 920 2481 ministrorum
961 2441 1068 2480 non
1109 2431 1473 2495 congruenter
1515 2423 1701 2476 vivere
1756 2437 1876 2476 ser—

299 2517 551 2574 monibus
599 2525 655 2571 et
705 2517 1083 2582 sacramentis,
1132 2531 1252 2585 qua:
1294 2530 1391 2585 per
1420 2530 1513 2570 eos
1539 2513 1750 2585 p0pulis
1778 2513 1877 2568 mi-

301 2612 621 2666 nistrantur.
673 2609 720 2666 Ο
768 2609 998 2664 miseros
1044 2609 1311 2674 homines,
1334 2607 1532 2676 quibus
1559 2619 1584 2646 ι
1616 2606 1875 2660 intuendo

298 2702 576 2758 Christum
605 2699 998 2756 obliviscuntur
1024 2719 1036 2755 :
1062 2701 1156 2771 qui
1185 2709 1241 2756 et
1271 2709 1420 2755 tanto
1447 2706 1573 2754 ante
1601 2697 1871 2768 prmdixit,

297 2800 359 2846 ut
385 2791 488 2861 legi
509 2790 603 2845 Dei
629 2791 808 2860 potius
835 2790 1254 2861 obtemperetur,
1298 2805 1460 2860 quam
1504 2788 1752 2844 imitandi
1795 2787 1874 2842 vi-

299 2882 530 2935 deantur
557 2879 658 2945 illi,
686 2881 778 2949 qui
807 2895 928 2949 quae
957 2881 1144 2935 dicunt
1169 2897 1274 2936 non
1307 2880 1530 2946 faciunt,
1566 2888 1622 2934 et
1654 2878 1875 2933 tradito-

298 2987 412 3027 rem
437 2987 594 3027 suum
621 2971 859 3027 tolerans
880 2986 1050 3041 usque
1073 2973 1128 3026 in
1153 2971 1336 3038 ﬁnem,
1363 2972 1527 3026 etiam
1553 2972 1620 3027 ad
1645 2964 1885 3043 evange-~

1983 1794 2147 1848 cavit.

2053 1883 2190 1938 Sunt
2215 1891 2392 1935 autem
2423 1881 2669 1950 quaedam
2698 1890 2918 1950 peccata
2955 1897 3076 1951 qua:
3103 1890 3366 1952 putantur
3390 1882 3552 1938 levis-

1981 1975 2140 2037 sima,
2193 1974 2297 2028 nisi
2324 1974 2380 2027 in
2419 1972 2719 2041 Scripturis
2747 1974 3259 2029 demonstrarentur
3297 1975 3552 2044 opinione

1979 2067 2251 2136 graviora.
2294 2065 2425 2132 Quis
2467 2065 2612 2118 enim
2656 2065 2924 2118 dicentem
2965 2063 3122 2118 fratri
3183 2079 3303 2130 suo,
3361 2064 3549 2130 Fatue,

1980 2172 2133 2212 reum
2175 2157 2435 2226 gehennae
2488 2161 2721 2223 putaret,
2788 2154 2892 2208 nisi
2925 2154 3137 2208 Veritas
3163 2154 3421 2208 diceret?
3447 2154 3552 2208 Aut

1977 2249 2100 2318 quis
2126 2247 2422 2302 :estimaret
2447 2260 2609 2314 quam
2645 2259 2899 2314 magnum
2926 2258 3048 2298 esse
3075 2251 3383 2313 peccatum,
3437 2243 3550 2298 dies

1976 2339 2286 2403 observare,
2318 2351 2552 2401 menses,
2589 2342 2645 2390 et
2667 2350 2857 2400 annos,
2908 2342 2963 2389 et
2989 2342 3250 2404 tempora,
3299 2333 3548 2389 sieutob—

1975 2437 2194 2486 servant
2221 2429 2312 2498 qui
2335 2428 2499 2483 certis
2525 2427 2736 2492 diebus,
2767 2427 2880 2481 sive
2905 2427 3202 2491 mensibus,
3233 2426 3346 2480 sive
3369 2428 3545 2492 annis,

1973 2521 2160 2577 volunt
2188 2520 2271 2574 vel
2314 2519 2504 2573 nolunt
2539 2517 2741 2587 aliquid
2789 2517 3065 2581 inchoare,
3116 2517 3222 2571 nisi
3249 2516 3545 2586 Apostolus

1975 2611 2219 2667 diceret:
2251 2608 2428 2663 Timeo
2472 2624 2593 2674 vos,
2653 2623 2716 2660 ne
2749 2607 2862 2660 sine
2899 2622 3060 2660 causa
3108 2595 3452 2660 laboraverim
3493 2608 3544 2660 in

1971 2703 2135 2758 vobis.

2047 2795 2219 2863 Quam
2246 2795 2416 2850 multa
2468 2800 2596 2850 sunt
2630 2793 2738 2848 alia
2785 2800 3027 2864 peccata,
3088 2793 3204 2849 sive
3242 2794 3298 2848 in
3332 2793 3545 2864 loquen-

1973 2889 2041 2944 do
2088 2888 2158 2944 de
2209 2887 2372 2942 rebus
2429 2895 2485 2942 et
2529 2887 2762 2957 negotiis
2803 2883 3016 2941 alienis‘
3047 2901 3167 2955 quas
3225 2887 3294 2942 ad
3349 2895 3404 2942 te
3443 2901 3544 2940 non

1975 2978 2245 3048 pertinet:
2275 2977 2388 3032 sive
2437 2976 2492 3030 in
2539 2992 2679 3031 vano
2717 2977 3004 3041 caehinno,
3047 2977 3160 3031 sive
3200 2977 3254 3030 in
3295 2977 3427 3047 ipsis
3459 2992 3542 3032 es-

295 3063 570 3118 lizandum
599 3078 721 3118 eum
742 3063 954 3118 caeteris
976 3063 1142 3118 misit.
1159 3062 1370 3134 Aliquis
1388 3062 1528 3119 forte
1554 3063 1870 3133 desperatus
1895 3051 1948 3114 D
1975 3067 2072 3131 eis,
2119 3083 2240 3137 qua:
2286 3066 2356 3121 ad
2404 3067 2790 3121 necessitatem
2817 3066 2976 3136 hujus
3008 3066 3132 3120 vitse
3155 3075 3443 3137 parantur,
3489 3067 3544 3122 in

297 3155 442 3210 dicat
474 3173 486 3208 :
515 3155 626 3226 Ego
648 3153 761 3223 jam
790 3155 1098 3225 baptizatus
1133 3155 1188 3209 in
1235 3152 1472 3219 Christo,
1502 3169 1532 3207 a
1554 3168 1660 3222 quo
1687 3153 1870 3212 omnia

295 3250 516 3312 peccata
529 3243 804 3311 prmterita
833 3243 966 3297 mihi
985 3243 1207 3298 dimissa
1233 3251 1376 3310 sunt,
1394 3243 1516 3297 vilis
1541 3241 1715 3298 factus
1728 3257 1866 3310 sum,

294 3332 456 3387 nimis
482 3333 686 3388 iterans
707 3335 822 3388 vias
845 3349 1013 3400 meas,
1039 3342 1093 3390 et
1112 3335 1263 3390 canis
1285 3335 1560 3390 horribilis
1583 3335 1754 3392 oculis
1777 3337 1870 3392 Dei

293 3437 591 3478 conversus
623 3424 690 3478 ad
713 3426 980 3480 vomitum
1013 3442 1189 3481 suum.
1237 3425 1353 3491 Quo
1405 3425 1555 3479 abibo
1605 3443 1639 3480 a
1681 3428 1870 3497 spiritu

292 3513 428 3581 ejus,
461 3523 508 3566 et
531 3531 562 3567 a
589 3514 726 3582 facie
752 3515 864 3584 ejus
885 3533 987 3586 quo
1014 3517 1256 3586 fugiam?
1283 3515 1398 3583 Quo
1440 3516 1644 3571 frater?
1672 3517 1775 3572 nisi
1801 3517 1870 3572 ad

293 3605 410 3672 ejus
458 3607 890 3662 misericordiam
940 3609 1291 3678 paenitendo,
1348 3608 1500 3677 cujus
1545 3617 1867 3677 potestatem

293 3695 564 3764 peccando
591 3703 1014 3765 contempseras.
1031 3696 1301 3766 Quidquid
1324 3697 1469 3751 enim
1493 3697 1707 3763 feceris,
1725 3713 1870 3768 quas-

291 3798 504 3853 cunque
525 3785 853 3853 peccaveris,
879 3785 1054 3840 adhuc
1076 3787 1130 3839 in
1160 3787 1268 3840 vita
1292 3801 1384 3852 es;
1414 3787 1556 3842 unde
1575 3795 1628 3842 te
1647 3788 1867 3843 omnino

293 3873 552 3940 auferret,
584 3876 631 3930 si
658 3889 850 3930 sanare
875 3875 1061 3930 nollet.

362 3963 590 4034 Oportet
612 3965 784 4035 igitur
807 3966 871 4020 ad
892 3967 1265 4036 pmnitentiam
1291 3968 1549 4023 accedere
1575 3985 1696 4024 cum
1719 3971 1865 4026 omni

293 4056 510 4121 fiducia,
534 4064 590 4111 et
625 4072 692 4112 ex
737 4056 840 4112 fide
879 4058 1102 4112 credere
1152 4058 1518 4113 indubitanter
1549 4061 1865 4129 poenitentia

289 4147 490 4202 aboleri
515 4163 677 4218 posse
702 4157 942 4217 peccata,
975 4148 1186 4204 etiamsi
1215 4150 1268 4204 in
1299 4150 1490 4204 ultimo
1517 4152 1643 4206 vita:
1669 4153 1864 4219 spiritu

288 4238 573 4291 commissa
592 4237 874 4307 pmniteat,
897 4247 956 4292 et
980 4238 1192 4309 publica
1237 4239 1620 4298 lamentatione
1642 4254 1863 4312 peccata

289 4327 584 4394 prodantur
615 4329 779 4397 :quia
811 4330 1146 4400 propositum
1181 4331 1299 4398 Dei,
1353 4347 1460 4402 quo
1487 4333 1729 4389 decrevit
1755 4335 1864 4390 sal-

288 4430 414 4470 vare
438 4417 580 4486 quod
610 4418 864 4486 perierat,
890 4399 999 4474 stat
1026 4420 1318 4488 immobile,
1362 4399 1417 4477 et
1450 4424 1590 4490 ideo,
1617 4427 1743 4495 quia
1771 4441 1864 4480 vo—
1891 4399 1943 4459 D

289 4506 469 4562 Iuntas
489 4505 606 4574 ejus
632 4522 738 4561 non
766 4516 1028 4573 mutatur,
1071 4511 1187 4566 sive
1238 4514 1616 4569 emendatione
1649 4516 1790 4580 vitae,
1817 4515 1863 4570 si

289 4605 500 4667 tempus
555 4599 895 4666 conceditur,
956 4601 1068 4654 sive
1118 4602 1345 4671 supplici
1404 4604 1764 4670 confessione,
1815 4609 1862 4661 si

287 4690 541 4742 continuo
577 4689 680 4743 vita
709 4690 1017 4755 excuditur,
1051 4691 1205 4746 venia
1232 4703 1587 4760 peccatorum
1635 4694 1863 4750 ﬁdeliter

287 4786 643 4843 praisumatur
665 4778 732 4832 ab
757 4778 870 4844 illo,
898 4781 987 4850 qui
1023 4796 1124 4834 non
1147 4780 1256 4834 vult
1289 4792 1513 4836 mortem
1553 4786 1858 4852 peccatoris,

287 4864 375 4915 sed
398 4873 453 4916 ut
477 4876 808 4920 convertatur
835 4886 866 4922 a
893 4871 1180 4939 perditione
1217 4873 1530 4941 paenitendo,
1559 4883 1608 4927 et
1626 4873 1857 4931 salvatus

287 4955 617 5010 miseratione
657 4957 754 5011 Dei
778 4960 930 5014 riunt.
955 4961 1285 5016 Certissima
1309 4972 1435 5017 sunt
1456 4974 1510 5019 et
1532 4964 1860 5024 ﬁdelissima

286 5043 468 5100 claves
492 5044 768 5114 Ecclesiae,
796 5050 981 5119 quibus
997 5051 1340 5123 quodcunque
1373 5055 1428 5109 in
1457 5065 1597 5112 terra
1619 5057 1855 5128 solvitur,

286 5137 444 5190 etiam
468 5138 525 5192 in
549 5137 676 5192 calo
704 5139 933 5194 solutum
953 5143 1296 5212 promittitur.

355 5225 483 5284 llaec
539 5227 684 5285 dicta
739 5239 867 5285 sunt
919 5231 984 5287 de
1031 5233 1245 5303 publica
1302 5237 1704 5308 satisfactione,
1751 5257 1855 5312 qua

286 5321 516 5391 quisque
540 5321 880 5378 humiliando
902 5337 980 5388 se,
1020 5337 1126 5378 non
1167 5326 1340 5382 solum
1369 5343 1554 5386 coram
1594 5333 1856 5401 Ecclesia,

286 5427 406 5479 qua:
434 5413 598 5468 habet
624 5413 827 5468 clavem
856 5413 1006 5486 regni
1033 5415 1318 5487 calorum,
1352 5421 1408 5476 in
1450 5437 1554 5492 qua
1578 5423 1646 5480 ﬁt
1674 5425 1861 5482 remis-

285 5507 364 5559 sio
385 5517 746 5574 peccatorum.

353 5629 383 5656 ιι
411 5617 452 5671 Ε
457 5630 574 5674 orte
595 5622 684 5692 qui
705 5622 818 5693 nos,
854 5624 934 5680 vel
960 5626 1050 5698 qui
1077 5624 1233 5680 alios.

1971 3157 2165 3228 quibus
2199 3165 2284 3212 est
2340 3157 2550 3213 avidior
2600 3158 2904 3228 appetitus;
2967 3158 3082 3211 sive
3137 3160 3194 3212 in
3251 3159 3545 3215 vendendis

1970 3262 2026 3305 et
2070 3251 2314 3306 emendis
2350 3250 2511 3306 rebus
2543 3269 2556 3304 :
2587 3251 2871 3305 charitatis
2895 3259 2951 3305 et
2972 3250 3222 3306 utilitatis
3246 3259 3373 3308 vota
3420 3267 3543 3323 per-

1970 3358 2125 3398 versa
2135 3383 2148 3397 .

2042 3435 2181 3490 Sunt
2210 3443 2264 3491 et
2291 3436 2395 3490 alia
2432 3435 2803 3506 hujuscemodi
2827 3445 3074 3506 peccata,
3113 3452 3234 3507 qua:
3263 3436 3400 3491 ﬁunt
3421 3450 3542 3491 ver-

1969 3527 2161 3581 borum
2197 3527 2602 3594 offensionibus,
2661 3537 2715 3583 et
2761 3529 3174 3599 cogitationum,
3222 3527 3428 3584 Jacobo
3459 3530 3538 3583 di-

1969 3628 2126 3673 cente
2157 3619 2402 3687 apostolo
2446 3637 2458 3671 :
2494 3618 2557 3673 In
2597 3618 2774 3673 multis
2819 3622 2956 3673 enim
2993 3619 3310 3689 o/fendimus
3349 3636 3538 3674 omnes.

1969 3707 2194 3777 Oportet
2242 3708 2484 3776 quotidie
2547 3709 2843 3778 crebroque
2902 3724 3191 3764 exoremus
3242 3710 3308 3764 ad
3369 3709 3541 3765 Domi-

1966 3814 2116 3863 num,
2162 3807 2322 3866 atque
2371 3798 2614 3853 dicamus
2647 3817 2660 3852 :
2702 3799 2915 3852 Dimitte
2945 3797 3093 3852 nobis
3116 3799 3291 3852 debita
3317 3808 3494 3852 nostra
3515 3837 3532 3864 ,

1967 3905 2068 3945 nec
2098 3876 2155 3943 in
2206 3903 2272 3944 eo
2317 3888 2460 3958 quod
2519 3890 2766 3959 sequitur
2802 3891 3174 3945 mentiamur:
3205 3891 3338 3943 sicut
3379 3899 3426 3942 et
3452 3903 3539 3942 nos

1967 3980 2279 4034 dimittimus
2323 3979 2646 4034 debitoribus
2670 3981 2862 4035 nostris
2893 3995 3030 4051 :pro
3053 3980 3250 4049 quibus
3273 3981 3438 4035 etiam
3459 3994 3540 4033 sa-

1967 4071 2170 4126 crificia
2220 4071 2684 4141 eleemosynarum
2739 4081 2793 4126 et
2842 4071 3176 4142 jejuniorum
3212 4086 3315 4142 pro
3339 4072 3538 4150 viribus

1965 4162 2161 4218 offerre
2188 4179 2295 4217 non
2326 4172 2518 4218 cesset.

2036 4254 2142 4308 Pro
2195 4254 2302 4309 illis
2327 4270 2456 4326 ergo
2483 4255 2720 4324 peccatis
2741 4270 2860 4325 quas
2899 4256 3031 4327 legis
3052 4257 3340 4328 tlecalogus
3366 4255 3527 4311 conti-

1967 4353 2081 4410 net,
2129 4351 2183 4400 et
2209 4346 2275 4400 de
2301 4347 2495 4414 quibus
2530 4343 2822 4414 ApOStolus
2850 4347 2947 4412 ait,
2987 4348 3127 4417 quod
3173 4364 3333 4419 neque
3367 4347 3531 4410 avari,

1970 4453 2131 4506 neque
2153 4453 2387 4507 rapaces,
2413 4454 2575 4508 neque
2597 4437 2846 4503 adulteri,
2870 4455 3030 4509 neque
3053 4438 3406 4492 masculorum
3421 4454 3538 4491 con-

1965 4528 2240 4589 cubitores,
2267 4536 2399 4592 etc.,
2426 4528 2675 4598 quoniam
2697 4529 2785 4599 qui
2807 4528 2936 4582 talia
2985 4539 3165 4600 agunt,
3207 4545 3423 4598 regnum
3448 4527 3538 4582 Dei

1967 4633 2070 4670 non
2097 4616 2451 4686 possidebunt.
2481 4615 2573 4670 llla
2599 4617 2742 4672 actio
2767 4618 3099 4686 paenitentiae
3136 4618 3418 4672 subeunda
3437 4627 3534 4681 est,

1964 4707 2020 4761 in
2055 4723 2161 4777 qua
2211 4705 2467 4775 majorem
2497 4709 2552 4762 in
2599 4725 2656 4764 se
2707 4710 2934 4778 quisque
2963 4710 3314 4763 severitatem
3344 4710 3538 4763 debeat

1962 4814 2240 4866 exercere,
2274 4811 2329 4855 ut
2353 4820 2384 4855 a
2403 4803 2570 4872 seipse
2590 4802 2886 4871 judicatus,
2910 4818 3012 4856 non
3016 4802 3289 4871 judicetur
3309 4819 3342 4855 a
3368 4800 3538 4855 Domi-

1963 4906 2031 4943 no
2064 4903 2081 4942 :
2123 4905 2242 4959 quas
2282 4891 2423 4946 actio
2449 4891 2782 4961 poenitentiae
2817 4901 2942 4946 tune
2967 4893 3072 4945 erit
3101 4890 3338 4962 perfecta
3372 4900 3427 4946 et
3449 4907 3538 4946 ac-

1965 4978 2266 5047 ceptabilis,
2311 4980 2358 5034 si
2409 4981 2718 5036 ascenderit
2750 4981 2914 5036 homo
2939 4981 3228 5036 adversum
3283 4995 3342 5036 se
3371 4982 3536 5036 tribu-

1963 5069 2053 5123 nal
2111 5071 2312 5126 mentis
2364 5087 2497 5137 suae,
2550 5080 2607 5127 et
2670 5072 3015 5127 constituerit
3065 5087 3126 5128 se
3185 5081 3310 5127 ante
3347 5071 3536 5128 faciem

1967 5181 2144 5231 suam,
2169 5183 2234 5221 ne
2265 5166 2367 5240 hoc
2398 5167 2448 5222 ei
2491 5178 2677 5238 postea
2700 5167 2815 5233 ﬁat,
2849 5169 2990 5224 sicut
3013 5169 3377 5224 comminatur
3404 5170 3538 5224 Dens

1965 5259 2261 5329 peccatori,
2299 5267 2463 5328 atque
2488 5259 2561 5313 ita
2600 5260 2895 5314 constituto
2927 5259 2979 5313 in
3009 5259 3169 5314 corde
3192 5258 3424 5327 judicio,
3447 5259 3538 5313 ad-

1966 5347 2038 5402 sit
2086 5349 2390 5404 accusatrix
2428 5349 2704 5420 cogitatio,
2735 5351 2888 5405 testis
2910 5349 3267 5415 conscientia,
3294 5347 3535 5404 carnifex

1967 5440 2165 5494 timor:
2199 5440 2391 5497 deinde
2427 5443 2650 5514 sanguis
2670 5443 2864 5497 anima:
2895 5442 3205 5498 conﬁtentis
3225 5458 3324 5514 per
3359 5443 3536 5515 laery-

1965 5547 2082 5596 mas
2125 5531 2378 5604 proﬂuat.
2429 5513 2712 5590 Postremo
2739 5533 2793 5588 in
2817 5533 3144 5590 conscientia
3169 5513 3268 5588 sua
3305 5547 3367 5594 se
3401 5513 3535 5589 ibdi-
