3856 6190
301 362 404 418 657

1290 355 1378 409 DE
1415 354 1862 411 PtENlTENTlA
1898 355 2094 410 LIBRI'
2124 355 2188 409 V.
2225 387 2295 397 —
2333 355 2460 411 LIB.
2503 357 2548 411 l.’

3441 361 3546 418 638

298 488 464 545 gnum
480 471 684 542 iudicet
708 468 1115 541 participatione
1136 468 1380 535 corporis
1405 475 1460 520 et
1478 468 1754 537 sanguinis
1777 467 1881 522 Do-
1907 473 1959 531 Α
1986 467 2091 523 Sed
2120 471 2254 524 sciat
2276 487 2306 524 a
2339 470 2632 538 majoribus
2679 471 2876 526 nostris
2905 488 2973 527 ex
2998 482 3306 530 sanctorum
3335 485 3556 531 senten-

301 563 454 618 mini.
482 559 744 616 Versetur
766 567 894 614 ante
926 556 1112 612 oculos
1149 557 1327 626 imago
1357 555 1522 609 futuri
1554 555 1766 625 judicii,
1794 565 1876 621 ut,

300 670 424 712 cum
454 654 545 707 alii
570 652 836 708 accedunt
872 651 939 705 ad
972 649 1142 704 altare
1164 649 1277 712 Dei,
1303 663 1411 716 quo
1436 649 1551 716 ipse
1577 662 1685 701 non
1726 662 1880 703 acce-

301 745 400 809 dit,
427 743 630 813 cogitet
649 757 812 812 quam
835 741 905 795 sit
924 737 1387 795 contremiscenda
1415 751 1578 808 pinna
1604 752 1731 806 qua,
1759 753 1882 807 per-

298 835 624 907 cipientihus
645 833 764 888 aliis
785 833 950 886 vitam
969 839 1247 895 aeternam,
1286 829 1379 883 alii
1409 829 1464 882 in
1488 837 1717 883 mortem
1745 843 1882 898 prae-

300 927 598 998 cipitantur
618 935 900 979 :eternam.

370 1019 678 1073 Mensuram
704 1024 888 1070 autem
939 1013 1198 1084 temporis
1223 1012 1277 1066 in
1316 1012 1520 1082 agenda
1557 1011 1880 1080 poenitentia

301 1109 507 1164 idcirco
529 1122 634 1161 non
664 1107 796 1160 satis
822 1112 1024 1158 attente
1047 1102 1330 1172 praeﬁgunt
1360 1115 1598 1155 canones
1622 1115 1721 1170 pro
1747 1115 1884 1154 uno-

301 1213 518 1269 quoque
577 1197 827 1260 crimine,
875 1194 970 1249 sed
1013 1193 1189 1263 magis
1236 1193 1290 1246 in
1339 1191 1568 1246 arbitrio
1621 1191 1883 1247 antistitis

305 1285 716 1353 relinquendum
776 1291 1038 1345 statuunt,
1085 1282 1212 1351 quia
1239 1281 1381 1351 apud
1412 1280 1586 1335 Deum
1631 1296 1736 1335 non
1770 1289 1882 1334 tam

302 1376 446 1430 valet
489 1391 742 1429 mensura
782 1375 1042 1443 temperis
1073 1389 1236 1442 quam
1288 1372 1510 1428 doloris.
1558 1372 1669 1428 Nec
1716 1373 1881 1428 absti-

301 1464 486 1518 nentia
534 1470 745 1517 tantum
783 1463 1044 1527 ciborum,
1078 1462 1173 1517 sed
1198 1461 1544 1516 mortiﬁcatio
1596 1462 1775 1532 potius
1801 1463 1881 1516 vi-

305 1553 535 1623 tiorum-

371 1640 604 1712 PrOpter
637 1643 780 1712 quod
805 1650 1046 1713 tempora
1067 1643 1421 1713 paenitentiae,
1453 1643 1555 1698 (ide
1577 1651 1639 1696 et
1663 1658 1886 1698 conver-

302 1735 519 1793 satione
543 1736 922 1806 poenitentium
954 1735 1314 1790 abbrevianda
1343 1735 1682 1804 praecipiunt,
1713 1744 1768 1790 et
1791 1751 1885 1790 nec

1983 561 2072 614 tiis
2089 575 2207 615 esse
2237 560 2518 614 collectam
2553 578 2566 614 :
2602 575 2632 613 a
2657 576 2742 616 me
2763 562 2979 630 quidem
3006 573 3338 633 excerptam,
3368 581 3435 620 ne
3477 567 3556 622 ni-

1982 651 2087 704 mia
2127 651 2438 720 prolixitate
2486 653 2881 724 negligentibus
2941 654 3555 713 lectoribusfastidium

1981 751 2284 810 generaret.

2052 832 2316 887 Libellum
2359 833 2425 887 de
2467 833 2614 888 vitiis
2660 841 2783 889 octo
2809 835 3220 904 principalibus,
3259 849 3560 906 eorumque

1984 925 2237 979 remediis
2290 942 2304 977 :
2350 939 2510 993 quem
2570 926 2625 980 in
2686 926 2836 981 libris
2897 926 3185 998 Gregorii,
3249 927 3558 1000 Augustini,

1984 1031 2084 1071 nec
2149 1032 2256 1070 non
2311 1015 2561 1086 Prosperi
2613 1018 2978 1086 excerpsimus
3003 1059 3016 1084 ,
3061 1019 3113 1072 in
3177 1019 3360 1090 capite
3415 1035 3557 1090 prae-

1983 1106 2254 1175 ponimus,
2295 1114 2418 1175 post
2467 1104 2835 1174 praefationem
2866 1108 3026 1172 hanc,
3072 1123 3234 1178 quam
3280 1109 3558 1179 excerpsi-
3649 1105 3662 1112 ’

1986 1211 2126 1249 IDUS.

2059 1283 2339 1340 Secundus
2372 1286 2590 1355 quidem
2615 1285 2826 1342 libellus
2873 1287 3115 1340 continet
3139 1289 3207 1341 de
3237 1287 3348 1342 vita
3381 1288 3557 1342 activa

1985 1385 2041 1430 et
2067 1377 2478 1447 contemplativa
2518 1393 2686 1449 pauca
2733 1376 2987 1446 capitula,
3033 1391 3134 1432 nec
3169 1392 3277 1432 non
3317 1385 3372 1432 et
3409 1379 3559 1446 prin-

1986 1466 2237 1535 cipalium
2281 1467 2539 1522 virtutum
2599 1468 2838 1522 nomina.
2890 1466 3008 1538 ipsa
3059 1467 3277 1537 quidem
3329 1483 3407 1523 ex.
3439 1483 3562 1521 san-

1986 1567 2194 1613 ctorum
2252 1558 2472 1613 Patrum
2522 1559 2694 1614 dictis.
2737 1559 2984 1614 collecta.
3044 1559 3284 1626 Quorum
3340 1560 3556 1613 nomina

1986 1647 2140 1716 cujus
2185 1657 2308 1703 sunt
2362 1649 2664 1713 sententias,
2704 1661 2729 1688 α
2775 1649 2827 1702 ἰη
2872 1650 3211 1720 marginibus
3259 1650 3558 1718 posuimus,

1984 1748 2206 1810 propter
2238 1739 2605 1809 prolixitatem
2628 1739 2904 1793 vitandam
2935 1740 3354 1809 repetendorum
3383 1740 3559 1792 nomi-

299 1826 576 1897 gligentia:
609 1826 942 1895 protelanda.
974 1825 1202 1879 Exstant
1223 1832 1404 1880 tamen
1432 1841 1531 1894 pro
1560 1827 1879 1895 quibusdam
1907 1825 1956 1883 B
1983 1845 2112 1884 num
2139 1846 2153 1881 :
2179 1839 2321 1884 etne
2342 1828 2772 1899 aliquisinvidus
2802 1828 2959 1882 nobis
3001 1828 3268 1882 vocitaret
3303 1826 3565 1895 compila-

301 1917 479 1988 culpis
507 1918 651 1971 modi
679 1917 1082 1987 pmnitentiaein
1113 1917 1410 1972 canonibus
1436 1918 1694 1986 impositi,
1721 1916 1880 1986 juxta

301 2009 450 2080 quod
474 2017 686 2064 caeteras
731 2008 1130 2078 perpendendze
1160 2017 1285 2064 sunt
1310 2009 1518 2077 culpae:
1550 2024 1674 2064 cum
1709 2010 1781 2064 sit
1802 2009 1880 2063 fa-

302 2099 409 2155 cile
441 2113 541 2168 per
563 2099 784 2154 eosdem
808 2099 997 2155 modos
1021 2099 1312 2154 vindictam
1328 2107 1383 2152 et
1410 2113 1694 2153 censuram
1721 2114 1882 2154 cano-

304 2204 432 2242 num
456 2189 749 2243 aestimare.

373 2279 528 2335 Hanc
580 2288 762 2334 autem
820 2280 1102 2350 epistolam
1142 2294 1301 2334 nemo
1345 2281 1560 2349 quidem
1607 2279 1882 2334 existimet

306 2385 486 2424 meam
519 2388 533 2423 :
568 2385 636 2424 ne
665 2369 741 2424 illi
767 2385 866 2439 pro
897 2371 1166 2440 parvitate
1211 2371 1443 2424 nominis
1500 2371 1604 2424 mei
1635 2369 1878 2424 vilescat.

1988 1931 2158 1975 torem
2167 1960 2180 1973 .

2060 2009 2273 2064 Tertius
2301 2009 2370 2064 de
2395 2011 2584 2067 ordine
2613 1988 3018 2081 pmnitentium,
3074 2025 3194 2066 cum
3225 2010 3557 2074 nominibus,

1987 2101 2128 2154 unde
2149 2108 2394 2170 sumptus
2423 2109 2525 2166 est,
2549 2101 2922 2156 conciliorum.

2058 2187 2294 2254 Quartus
2310 2202 2437 2244 vero
2462 2189 2529 2243 de
2545 2187 2765 2258 judiciis
2785 2189 3070 2244 laicorum.

2059 2276 2290 2344 Quintus
2315 2277 2382 2332 de
2410 2277 2693 2334 ordinibus
2731 2277 3076 2343 clericorum,
3103 2285 3161 2331 et
3185 2277 3250 2332 de
3266 2273 3491 2342 regulis,
3518 2274 3565 2329 si

1989 2369 2345 2434 deviaverint,
2382 2370 2642 2439 ipsorum.

380 2517 406 2545 ι
440 2504 499 2558 ln
523 2518 625 2558 ms.
659 2510 784 2556 sunt
813 2502 1028 2556 nomina
1057 2511 1336 2557 auctorum
1382 2501 1574 2570 posita,
1626 2499 1718 2554 sed
1773 2513 1878 2554 non
1917 2497 2202 2554 citationes
2249 2499 2514 2554 librorum
2565 2500 2650 2556 vel
2703 2501 2959 2571 capitum,
3009 2517 3144 2572 quas
3215 2500 3410 2556 alicubi
3474 2503 3568 2557 ad-

305 2575 606 2648 junximus.
643 2573 826 2627 Csars.

1563 2850 1865 2927 LIBER
1934 2845 2350 2926 PRIMUS.

838 3093 1066 3153 CAPUT
1101 3093 1393 3149 PRIMUM.

424 3187 501 3241 De
536 3195 650 3239 octo
673 3184 1046 3255 pn'ncipalibus
1077 3185 1234 3250 vitiis,
1271 3193 1317 3238 et
1342 3183 1480 3236 unde
1513 3183 1776 3236 oriuntur.

383 3277 627 3333 Paradisi
670 3275 878 3346 gaudiis
938 3283 1223 3344 postquam
1268 3273 1548 3343 expulsum
1597 3281 1680 3327 est
1723 3286 1893 3343 genus

317 3370 636 3432 humanum,
667 3377 691 3406 α
723 3376 851 3420 octo
889 3365 1190 3420 criminalia
1231 3366 1282 3419 in
1327 3364 1468 3420 ﬁlios
1498 3363 1628 3418 Ada:
1655 3363 1895 3434 origina-

319 3459 440 3514 liter
469 3457 816 3512 dominantur
843 3456 993 3510 vitia.
1040 3454 1170 3522 Qua:
1204 3455 1306 3510 nisi
1335 3469 1433 3526 per
1455 3453 1686 3526 gratiam
1714 3452 1894 3507 Salva-

323 3549 454 3604 toris
483 3562 546 3601 ac
565 3547 818 3616 baptismi
849 3545 1217 3600 renovationis
1244 3545 1465 3600 minime
1492 3543 1755 3599 abolenda
1782 3558 1896 3598 cre-

315 3641 526 3696 damus.
561 3638 713 3694 Unde
759 3640 948 3694 beatus
980 3638 1006 3676 δ
1036 3637 1332 3708 Gregorius
1353 3638 1406 3690 in
1430 3636 1768 3706 expositione
1793 3631 1894 3690 Job

318 3729 574 3802 loquitur.
603 3727 744 3784 Vitia
773 3730 968 3798 quippe
999 3729 1288 3794 tentantia,
1337 3743 1456 3797 quae
1482 3727 1738 3782 invisibili
1768 3741 1896 3782 con-

318 3831 403 3872 tra
429 3833 531 3874 nos
558 3818 743 3889 praelio
781 3830 802 3857 ο
836 3818 1154 3888 repugnanti
1191 3832 1350 3886 super
1381 3831 1438 3872 se
1465 3815 1732 3886 superbiae
1754 3815 1896 3868 mili-

321 3916 437 3963 tant
464 3925 478 3960 :
514 3907 615 3961 alia
650 3922 800 3962 more
829 3906 1027 3961 ducum
1054 3914 1316 3976 praeeunt,
1368 3906 1475 3962 alia
1506 3920 1659 3960 more
1683 3905 1894 3960 exerci-

320 4007 408 4054 tus
432 3997 854 4067 subsequuntur.

387 4089 510 4159 Ipsa
539 4103 772 4157 namque
799 4088 1053 4143 vitiorum
1092 4088 1280 4160 regina
1326 4088 1596 4158 superbia,
1651 4102 1773 4142 cum
1804 4087 1896 4143 de-

319 4180 526 4234 victum
569 4179 726 4248 plene
772 4194 866 4233 cor
903 4180 1128 4248 ceperit,
1169 4195 1294 4234 mox
1318 4179 1446 4234 illud
1469 4186 1677 4248 septem
1700 4177 1897 4247 princi-

320 4272 530 4341 palibus
573 4272 734 4336 vitiis,
776 4271 928 4341 quasi
961 4272 1282 4340 quibusdam
1331 4272 1445 4328 suis
1473 4271 1702 4326 ducibus
1733 4271 1895 4326 deva-

320 4362 570 4415 standum
623 4362 788 4416 tradit
817 4381 830 4415 :
856 4377 991 4430 quos
1037 4361 1284 4417 videlicet
1304 4362 1468 4418 duces
1507 4363 1782 4417 exercitus
1809 4378 1895 4417 se-

1912 3094 1956 3156 C
1989 3089 2218 3144 rationis
2241 3088 2506 3160 praelium,
2560 3087 2770 3160 Spiritu
2795 3088 3128 3159 septiformis
3155 3091 3343 3160 gratia
3378 3092 3570 3162 plenus

1993 3180 2159 3233 venit.
2218 3177 2322 3234 Sed
2352 3180 2553 3234 habent
2591 3187 2780 3235 contra
2829 3194 2929 3234 nos
2955 3179 3070 3236 haec
3099 3180 3311 3251 singula
3353 3183 3570 3238 exerci-

1996 3278 2108 3323 tum
2145 3285 2299 3324 suum
2308 3310 2321 3324 .

2067 3359 2201 3414 Nam
2233 3361 2299 3416 de
2325 3361 2471 3415 inani
2501 3360 2672 3430 gloria
2697 3361 2814 3414 haec
2859 3361 3110 3414 oriuntur
3143 3379 3156 3413 :
3187 3361 3574 3432 inobedientia,

1991 3449 2323 3520 jactanetia,
2377 3450 2713 3520 hypocrisis,
2783 3450 3191 3514 contentiones,
3243 3453 3575 3521 pertinaciae,

1997 3539 2302 3604 discordiae,
2335 3548 2390 3594 et
2410 3540 2707 3594 novitatum
2732 3540 3201 3611 prazsumptioues.

2067 3633 2144 3687 De
2173 3633 2371 3688 invidia
2389 3633 2632 3688 nascitur
2651 3633 2856 3698 odium,
2880 3634 3204 3699 susurratio,
3226 3634 3569 3703 detractatio,

1997 3724 2288 3781 exsultatio
2311 3725 2368 3780 in
2389 3719 2638 3780 adversis
2665 3725 2924 3794 proximi,
2947 3723 3166 3780 alllictio
3177 3733 3358 3781 autem
3375 3727 3428 3781 in
3451 3742 3573 3797 pre-

1997 3814 2190 3884 speris.

2068 3907 2144 3961 De
2165 3906 2244 3960 ira
2275 3905 2626 3975 proferuntur
2653 3905 2802 3974 rima,
2838 3915 3018 3962 tumor
3045 3909 3265 3973 mentis,
3295 3916 3576 3964 contume-

1997 3998 2106 4063 liae,
2138 3997 2370 4062 clamor,
2398 3997 2714 4071 indignatio,
2745 3998 3114 4068 blasphemiae.

2067 4086 2143 4144 De
2169 4089 2390 4145 tristitia
2421 4091 2666 4145 nascitur
2693 4089 2922 4154 malitia,
2958 4103 3176 4151 rancor,
3220 4087 3576 4157 pusillanimis

1999 4188 2099 4244 tas,
2130 4181 2458 4249 desperatio,
2487 4189 2672 4250 torpor
2697 4181 2842 4234 circa
2864 4187 3155 4248 praecepta,
3185 4177 3398 4247 vagatio
3426 4191 3576 4231 men—

1999 4270 2070 4324 tis
2104 4284 2231 4339 erga
2262 4269 2468 4324 illicita.
3539 4329 3544 4334 '

2069 4359 2148 4412 De
2174 4357 2396 4410 avaritia
2420 4357 2670 4410 oriuntur
2680 4354 3126 4425 proditio,.l‘raus,
3145 4353 3377 4419 fallacia,
3391 4353 3576 4424 perju-

319 4455 524 4525 quitur,
548 4454 675 4524 quia
705 4468 771 4508 ex
792 4455 872 4509 eis
894 4453 1082 4523 procul
1112 4453 1274 4508 dubio
1294 4453 1612 4523 importunae
1638 4453 1894 4509 vitiorum
1922 4437 1973 4496 Β
1999 4447 2102 4513 ria,
2127 4447 2460 4516 inquietudo.
2493 4447 2560 4501 Et
2583 4455 2773 4502 contra
2801 4445 3574 4502 misericordiamobduratiov

320 4543 692 4599 multitudines
721 4544 990 4603 oriuntur.
1029 4543 1181 4609 Quod
1222 4542 1414 4597 melius
1442 4543 1803 4607 ostendimus,
1848 4541 1894 4597 si

320 4637 460 4706 ipsos
493 4637 658 4691 duces
695 4646 852 4706 atque
889 4636 1183 4701 exercitus,
1227 4642 1287 4688 ut
1319 4650 1628 4704 possumus,
1671 4651 1893 4690 enume-

320 4727 488 4782 rando
512 4725 871 4796 proferamus.

387 4816 563 4870 Radix
593 4818 788 4887 quippe
827 4817 1006 4872 cuncti
1037 4815 1162 4871 mali
1193 4815 1447 4886 superbia
1494 4824 1582 4871 est
1610 4832 1623 4867 :
1657 4815 1723 4870 de
1763 4831 1894 4886 qua,

318 4903 599 4977 Scriptura
637 4917 946 4975 attestante,
979 4910 1178 4964 dicitur
1205 4927 1218 4962 :
1249 4909 1472 4962 Initium
1505 4909 1674 4962 omnis
1695 4909 1898 4979 peccati

317 4999 576 5068 superbia.
608 5000 684 5055 De
710 5001 811 5054 hac
838 5016 1051 5070 quoque
1101 5000 1370 5056 virulenta
1405 5001 1611 5064 radice,
1675 5007 1894 5069 septem

319 5091 634 5162 principalia
664 5093 791 5146 vitia
818 5092 1197 5162 proferuntur:
1229 5093 1465 5158 scilicet,
1487 5094 1664 5147 inanis
1694 5092 1896 5162 gloria,

320 5181 542 5249 invidia,
589 5183 831 5249 tristitia,
873 5184 1123 5249 avaritia,
1182 5185 1386 5239 ventris
1410 5184 1697 5254 ingluvies,
1741 5183 1899 5236 luxu—

321 5271 418 5325 Iia.
451 5270 587 5325 Nam
625 5273 751 5341 quia
781 5275 866 5328 his
896 5284 1101 5343 septem
1127 5276 1392 5343 superbiae
1414 5274 1559 5329 vitiis
1587 5289 1686 5328 nos
1711 5281 1897 5341 captos

318 5359 507 5428 doluit,
538 5362 742 5418 idcirco
768 5363 1096 5435 Redemptor
1127 5372 1311 5420 noster
1338 5365 1405 5419 ad
1438 5364 1736 5434 spiritualis
1765 5364 1898 5418 libe-

385 5522 412 5590 ξι
456 5509 591 5566 Octo
632 5514 951 5590 principalia
994 5516 1128 5590 vitia
1177 5523 1464 5590 numerant
1487 5513 1898 5590 _Tlieodulp_hus

314 5585 1061 5654 cpiscopus-'_Aurelianensis
1109 5586 1267 5654 epist.
1324 5586 1393 5640 ad
1454 5585 1690 5648 clerum;
1749 5585 1889 5639 Eva-

317 5651 470 5730 ἕτίυὲ
509 5652 576 5706 ad
616 5652 1089 5730 Annatoliumtlib.
1119 5651 1206 5730 _ile
1253 5663 1397 5730 octo
1423 5655 1666 5730 vitiosis“
1689 5656 1889 5730 cogita-

321 5722 587 5788 tionibus;
636 5722 692 5779 S.
734 5724 925 5800 Nilus,
956 5726 1046 5780 lib.
1100 5726 1166 5780 de
1195 5737 1315 5782 octo
1357 5726 1560 5782 vitiosis
1590 5722 1888 5781 affectioni-

1997 4557 2095 4597 ues
2123 4541 2320 4597 cordis.

2068 4633 2145 4689 De
2199 4634 2405 4689 ventris
2470 4632 2704 4704 ingluvie
2742 4641 3086 4704 propagatur
3133 4633 3312 4702 inepta
3369 4633 3575 4701 iustitia,

1997 4726 2328 4793 scurrilitas,
2378 4725 2718 4781 immunditia
2745 4765 2760 4792 ,
2809 4725 3238 4798 multiloquium,
3307 4726 3578 4782 hebetudo

1998 4834 2192 4874 sensus
2211 4818 2354 4873 circa
2384 4817 2820 4886 intelligentiam.

2071 4908 2146 4962 De
2171 4907 2386 4961 luxuria
2406 4914 2700 4976 generatur
2721 4906 2936 4961 caecitas
2962 4907 3182 4972 mentis,
3213 4907 3578 4964 inconsidera-

2000 5001 2096 5066 tio,
2124 4999 2506 5066 inconstantia,
2535 4999 2914 5069 praecipitatio,
2939 5015 3092 5055 amor
3119 5000 3222 5063 sui,
3251 5000 3435 5055 odium
3456 4999 3573 5066 Dei,

1998 5090 2222 5146 allectus
2247 5092 2530 5160 praesentis
2555 5090 2763 5156 saeculi,
2786 5091 2984 5146 horror
3011 5099 3192 5145 autem
3217 5089 3302 5145 vel
3323 5090 3573 5161 despera-

1999 5179 2073 5233 lin
2108 5179 2298 5232 futuri.

2068 5267 2205 5334 Quia
2233 5283 2360 5339 ergo
2387 5277 2594 5338 septem
2645 5267 3127 5338 principaliavitia
3172 5275 3374 5320 tantam
3419 5263 3486 5318 de
3513 5278 3573 5318 se

1998 5359 2252 5414 vitiorum
2283 5361 2685 5416 multitudinem
2728 5360 3009 5430 proferunt
3047 5380 3058 5412 :
3092 5376 3212 5414 cum
3241 5359 3308 5411 ad
3346 5371 3442 5411 cor
3476 5369 3578 5411 ve-

1999 5516 2118 5625 bug,
2136 5515 2493 5672 (ξὶρῧέἷιδῐίιεη.
2523 5586 2574 5639 ἰη
2599 5601 2714 5656 cap.
2741 5601 2904 5639 xxxnt
2923 5583 3045 5646 Job,
3074 5583 3166 5638 lib.
3185 5597 3314 5638 XXXI
3345 5581 3572 5654 Norat,

1999 5672 2119 5764 mg.
2136 5656 2457 5795 Sifotlregor.
2491 5727 2667 5781 Editio
2698 5726 3184 5795 liom.,.rcgnanti.
