  <div class='ocr_page' id='page_1' title='image "/cluster/home/n/w/nwhite01/storage/ocr_20150623/105/hvd.32044054759709/335.png"; bbox 0 0 3856 6190; ppageno 0'>
   <div class='ocr_carea' id='block_1_1' title="bbox 289 374 393 430">
    <p class='ocr_par' dir='ltr' id='par_1_1' title="bbox 289 374 393 430">
     <span class='ocr_line' id='line_1_1' title="bbox 289 374 393 430; baseline 0 0"><span class='ocrx_word' id='word_1_1' title='bbox 289 374 393 430; x_wconf 82' lang='lat'><strong>659</strong></span> 
     </span>
    </p>
   </div>
   <div class='ocr_carea' id='block_1_2' title="bbox 1243 371 2551 433">
    <p class='ocr_par' dir='ltr' id='par_1_2' title="bbox 1243 371 2551 433">
     <span class='ocr_line' id='line_1_2' title="bbox 1243 371 2551 433; baseline 0.005 -7"><span class='ocrx_word' id='word_1_2' title='bbox 1243 371 1636 427; x_wconf 67' lang='lat' dir='ltr'><strong>HALITGABII</strong></span> <span class='ocrx_word' id='word_1_3' title='bbox 1674 373 1979 433; x_wconf 73' lang='lat' dir='ltr'><strong>EPlSCOPl</strong></span> <span class='ocrx_word' id='word_1_4' title='bbox 2016 374 2551 433; x_wconf 71' lang='lat' dir='ltr'><strong>CAMERACENSB</strong></span> 
     </span>
    </p>
   </div>
   <div class='ocr_carea' id='block_1_3' title="bbox 3417 383 3525 439">
    <p class='ocr_par' dir='ltr' id='par_1_3' title="bbox 3417 383 3525 439">
     <span class='ocr_line' id='line_1_3' title="bbox 3417 383 3525 439; baseline 0 -2"><span class='ocrx_word' id='word_1_5' title='bbox 3417 383 3525 439; x_wconf 67' lang='grc' dir='ltr'><strong>ϐω</strong></span> 
     </span>
    </p>
   </div>
   <div class='ocr_carea' id='block_1_4' title="bbox 288 486 3532 563">
    <p class='ocr_par' dir='ltr' id='par_1_4' title="bbox 288 486 3532 563">
     <span class='ocr_line' id='line_1_4' title="bbox 288 486 3532 563; baseline -0.001 -14"><span class='ocrx_word' id='word_1_6' title='bbox 288 495 469 558; x_wconf 84' lang='lat' dir='ltr'><strong>niunt,</strong></span> <span class='ocrx_word' id='word_1_7' title='bbox 480 492 635 563; x_wconf 88' lang='lat' dir='ltr'><strong>quasi</strong></span> <span class='ocrx_word' id='word_1_8' title='bbox 648 490 1023 561; x_wconf 85' lang='lat' dir='ltr'><strong>subsequentis</strong></span> <span class='ocrx_word' id='word_1_9' title='bbox 1042 492 1319 547; x_wconf 72' lang='lat' dir='ltr'><strong>exercitus</strong></span> <span class='ocrx_word' id='word_1_10' title='bbox 1332 502 1580 548; x_wconf 84' lang='lat' dir='ltr'><strong>catervas</strong></span> <span class='ocrx_word' id='word_1_11' title='bbox 1606 492 1847 549; x_wconf 86' lang='lat' dir='ltr'><strong>trahunt.</strong></span> <span class='ocrx_word' id='word_1_12' title='bbox 1878 492 1928 551; x_wconf 78' lang='grc' dir='ltr'>Α</span> <span class='ocrx_word' id='word_1_13' title='bbox 1953 486 2207 541; x_wconf 77' lang='lat' dir='ltr'><strong>mundum</strong></span> <span class='ocrx_word' id='word_1_14' title='bbox 2225 527 2239 553; x_wconf 91' lang='lat'><strong>,</strong></span> <span class='ocrx_word' id='word_1_15' title='bbox 2270 498 2321 541; x_wconf 80' lang='lat' dir='ltr'><strong>et</strong></span> <span class='ocrx_word' id='word_1_16' title='bbox 2345 505 2438 557; x_wconf 80' lang='lat' dir='ltr'><strong>per</strong></span> <span class='ocrx_word' id='word_1_17' title='bbox 2463 499 2734 559; x_wconf 72' lang='lat' dir='ltr'><strong>peccatum</strong></span> <span class='ocrx_word' id='word_1_18' title='bbox 2759 506 2932 557; x_wconf 81' lang='lat' dir='ltr'><strong>mors,</strong></span> <span class='ocrx_word' id='word_1_19' title='bbox 2961 501 3011 544; x_wconf 86' lang='lat' dir='ltr'><strong>et</strong></span> <span class='ocrx_word' id='word_1_20' title='bbox 3036 494 3112 547; x_wconf 75' lang='lat' dir='ltr'><strong>ita</strong></span> <span class='ocrx_word' id='word_1_21' title='bbox 3140 495 3198 546; x_wconf 86' lang='lat' dir='ltr'><strong>in</strong></span> <span class='ocrx_word' id='word_1_22' title='bbox 3224 509 3404 549; x_wconf 70' lang='lat' dir='ltr'><strong>omnes</strong></span> <span class='ocrx_word' id='word_1_23' title='bbox 3434 498 3532 553; x_wconf 79' lang='lat' dir='ltr'><strong>ho.</strong></span> 
     </span>
    </p>
   </div>
   <div class='ocr_carea' id='block_1_5' title="bbox 287 582 1856 655">
    <p class='ocr_par' dir='ltr' id='par_1_5' title="bbox 287 582 1856 655">
     <span class='ocr_line' id='line_1_5' title="bbox 287 582 1856 655; baseline 0.003 -15"><span class='ocrx_word' id='word_1_24' title='bbox 287 584 586 654; x_wconf 75' lang='lat' dir='ltr'><strong>Esquibus</strong></span> <span class='ocrx_word' id='word_1_25' title='bbox 611 582 1077 652; x_wconf 86' lang='lat' dir='ltr'><strong>videlicetseptem</strong></span> <span class='ocrx_word' id='word_1_26' title='bbox 1090 584 1328 653; x_wconf 63' lang='lat' dir='ltr'><strong>quisque</strong></span> <span class='ocrx_word' id='word_1_27' title='bbox 1355 586 1682 655; x_wconf 78' lang='lat' dir='ltr'><strong>spiritualia,</strong></span> <span class='ocrx_word' id='word_1_28' title='bbox 1720 590 1856 644; x_wconf 83' lang='lat' dir='ltr'><strong>duo-</strong></span> 
     </span>
    </p>
   </div>
   <div class='ocr_carea' id='block_1_6' title="bbox 289 677 1854 751">
    <p class='ocr_par' dir='ltr' id='par_1_6' title="bbox 289 677 1854 751">
     <span class='ocr_line' id='line_1_6' title="bbox 289 677 1854 751; baseline 0.002 -14"><span class='ocrx_word' id='word_1_29' title='bbox 289 696 397 751; x_wconf 87' lang='lat' dir='ltr'><strong>que</strong></span> <span class='ocrx_word' id='word_1_30' title='bbox 438 679 674 736; x_wconf 73' lang='lat' dir='ltr'><strong>carnalia</strong></span> <span class='ocrx_word' id='word_1_31' title='bbox 704 686 851 733; x_wconf 89' lang='lat' dir='ltr'><strong>sunt.</strong></span> <span class='ocrx_word' id='word_1_32' title='bbox 898 677 1004 733; x_wconf 87' lang='lat' dir='ltr'><strong>Sed</strong></span> <span class='ocrx_word' id='word_1_33' title='bbox 1032 680 1453 750; x_wconf 82' lang='lat' dir='ltr'><strong>unumquodque</strong></span> <span class='ocrx_word' id='word_1_34' title='bbox 1489 696 1679 739; x_wconf 86' lang='lat' dir='ltr'><strong>eorum</strong></span> <span class='ocrx_word' id='word_1_35' title='bbox 1704 692 1854 739; x_wconf 80' lang='lat' dir='ltr'><strong>tanta</strong></span> 
     </span>
    </p>
   </div>
   <div class='ocr_carea' id='block_1_7' title="bbox 288 768 1856 840">
    <p class='ocr_par' dir='ltr' id='par_1_7' title="bbox 288 768 1856 840">
     <span class='ocr_line' id='line_1_7' title="bbox 288 768 1856 840; baseline 0.002 -15"><span class='ocrx_word' id='word_1_36' title='bbox 288 770 390 825; x_wconf 83' lang='lat' dir='ltr'><strong>sibi</strong></span> <span class='ocrx_word' id='word_1_37' title='bbox 419 768 737 840; x_wconf 79' lang='lat' dir='ltr'><strong>cognatione</strong></span> <span class='ocrx_word' id='word_1_38' title='bbox 754 768 999 839; x_wconf 76' lang='lat' dir='ltr'><strong>jungitur</strong></span> <span class='ocrx_word' id='word_1_39' title='bbox 1041 776 1102 823; x_wconf 90' lang='lat' dir='ltr'><strong>ut</strong></span> <span class='ocrx_word' id='word_1_40' title='bbox 1126 785 1233 825; x_wconf 92' lang='lat' dir='ltr'><strong>non</strong></span> <span class='ocrx_word' id='word_1_41' title='bbox 1256 770 1362 824; x_wconf 89' lang='lat' dir='ltr'><strong>nisi</strong></span> <span class='ocrx_word' id='word_1_42' title='bbox 1401 786 1570 825; x_wconf 90' lang='lat' dir='ltr'><strong>unum</strong></span> <span class='ocrx_word' id='word_1_43' title='bbox 1590 772 1657 827; x_wconf 88' lang='lat' dir='ltr'><strong>de</strong></span> <span class='ocrx_word' id='word_1_44' title='bbox 1681 772 1856 828; x_wconf 89' lang='lat' dir='ltr'><strong>altero</strong></span> 
     </span>
    </p>
   </div>
   <div class='ocr_carea' id='block_1_8' title="bbox 286 858 1857 932">
    <p class='ocr_par' dir='ltr' id='par_1_8' title="bbox 286 858 1857 932">
     <span class='ocr_line' id='line_1_8' title="bbox 286 858 1857 932; baseline 0.003 -16"><span class='ocrx_word' id='word_1_45' title='bbox 286 859 611 932; x_wconf 71' lang='lat' dir='ltr'><strong>proferatur.</strong></span> <span class='ocrx_word' id='word_1_46' title='bbox 662 858 844 913; x_wconf 82' lang='lat' dir='ltr'><strong>Prima</strong></span> <span class='ocrx_word' id='word_1_47' title='bbox 873 872 1108 928; x_wconf 84' lang='lat' dir='ltr'><strong>namque</strong></span> <span class='ocrx_word' id='word_1_48' title='bbox 1150 862 1416 931; x_wconf 69' lang='lat' dir='ltr'><strong>superbiae</strong></span> <span class='ocrx_word' id='word_1_49' title='bbox 1447 863 1661 918; x_wconf 86' lang='lat' dir='ltr'><strong>soboles</strong></span> <span class='ocrx_word' id='word_1_50' title='bbox 1683 864 1857 921; x_wconf 87' lang='lat' dir='ltr'><strong>inanis</strong></span> 
     </span>
    </p>
   </div>
   <div class='ocr_carea' id='block_1_9' title="bbox 286 950 1853 1026">
    <p class='ocr_par' dir='ltr' id='par_1_9' title="bbox 286 950 1853 1026">
     <span class='ocr_line' id='line_1_9' title="bbox 286 950 1853 1026; baseline 0.002 -19"><span class='ocrx_word' id='word_1_51' title='bbox 286 959 371 1007; x_wconf 88' lang='lat' dir='ltr'><strong>est</strong></span> <span class='ocrx_word' id='word_1_52' title='bbox 397 950 566 1020; x_wconf 85' lang='lat' dir='ltr'><strong>gloria</strong></span> <span class='ocrx_word' id='word_1_53' title='bbox 598 968 611 1003; x_wconf 91' lang='lat'><strong>:</strong></span> <span class='ocrx_word' id='word_1_54' title='bbox 643 966 763 1019; x_wconf 66' lang='lat' dir='ltr'><strong>quae</strong></span> <span class='ocrx_word' id='word_1_55' title='bbox 792 951 920 1005; x_wconf 87' lang='lat' dir='ltr'><strong>dum</strong></span> <span class='ocrx_word' id='word_1_56' title='bbox 940 966 1253 1021; x_wconf 70' lang='lat' dir='ltr'><strong>oppressam</strong></span> <span class='ocrx_word' id='word_1_57' title='bbox 1280 963 1519 1009; x_wconf 83' lang='lat' dir='ltr'><strong>mentem</strong></span> <span class='ocrx_word' id='word_1_58' title='bbox 1529 957 1853 1026; x_wconf 85' lang='lat' dir='ltr'><strong>corruperit,</strong></span> 
     </span>
    </p>
   </div>
   <div class='ocr_carea' id='block_1_10' title="bbox 287 1039 1858 1110">
    <p class='ocr_par' dir='ltr' id='par_1_10' title="bbox 287 1039 1858 1110">
     <span class='ocr_line' id='line_1_10' title="bbox 287 1039 1858 1110; baseline 0.004 -13"><span class='ocrx_word' id='word_1_59' title='bbox 287 1054 409 1097; x_wconf 80' lang='lat' dir='ltr'><strong>mox</strong></span> <span class='ocrx_word' id='word_1_60' title='bbox 431 1039 687 1095; x_wconf 82' lang='lat' dir='ltr'><strong>invidiam</strong></span> <span class='ocrx_word' id='word_1_61' title='bbox 717 1039 909 1110; x_wconf 78' lang='lat' dir='ltr'><strong>gignit.</strong></span> <span class='ocrx_word' id='word_1_62' title='bbox 933 1039 1069 1107; x_wconf 83' lang='lat' dir='ltr'><strong>Quia</strong></span> <span class='ocrx_word' id='word_1_63' title='bbox 1096 1041 1352 1099; x_wconf 73' lang='lat' dir='ltr'><strong>nimirum</strong></span> <span class='ocrx_word' id='word_1_64' title='bbox 1384 1045 1510 1100; x_wconf 89' lang='lat' dir='ltr'><strong>dum</strong></span> <span class='ocrx_word' id='word_1_65' title='bbox 1536 1047 1659 1101; x_wconf 84' lang='lat' dir='ltr'><strong>vani</strong></span> <span class='ocrx_word' id='word_1_66' title='bbox 1684 1048 1858 1103; x_wconf 91' lang='lat' dir='ltr'><strong>nomi-</strong></span> 
     </span>
    </p>
   </div>
   <div class='ocr_carea' id='block_1_11' title="bbox 285 1129 1856 1209">
    <p class='ocr_par' dir='ltr' id='par_1_11' title="bbox 285 1129 1856 1209">
     <span class='ocr_line' id='line_1_11' title="bbox 285 1129 1856 1209; baseline 0.008 -24"><span class='ocrx_word' id='word_1_67' title='bbox 285 1130 375 1185; x_wconf 90' lang='lat' dir='ltr'><strong>nis</strong></span> <span class='ocrx_word' id='word_1_68' title='bbox 390 1129 685 1199; x_wconf 81' lang='lat' dir='ltr'><strong>potentiam</strong></span> <span class='ocrx_word' id='word_1_69' title='bbox 708 1130 933 1201; x_wconf 88' lang='lat' dir='ltr'><strong>appetit,</strong></span> <span class='ocrx_word' id='word_1_70' title='bbox 968 1146 1041 1186; x_wconf 85' lang='lat' dir='ltr'><strong>ne</strong></span> <span class='ocrx_word' id='word_1_71' title='bbox 1061 1131 1184 1201; x_wconf 86' lang='lat' dir='ltr'><strong>quis</strong></span> <span class='ocrx_word' id='word_1_72' title='bbox 1194 1131 1341 1190; x_wconf 82' lang='lat' dir='ltr'><strong>hanc</strong></span> <span class='ocrx_word' id='word_1_73' title='bbox 1358 1134 1497 1192; x_wconf 79' lang='lat' dir='ltr'><strong>alius</strong></span> <span class='ocrx_word' id='word_1_74' title='bbox 1516 1136 1741 1209; x_wconf 84' lang='lat' dir='ltr'><strong>adipisci</strong></span> <span class='ocrx_word' id='word_1_75' title='bbox 1764 1154 1856 1197; x_wconf 82' lang='lat' dir='ltr'><strong>va-</strong></span> 
     </span>
    </p>
   </div>
   <div class='ocr_carea' id='block_1_12' title="bbox 284 1220 695 1286">
    <p class='ocr_par' dir='ltr' id='par_1_12' title="bbox 284 1220 695 1286">
     <span class='ocr_line' id='line_1_12' title="bbox 284 1220 695 1286; baseline 0.002 -12"><span class='ocrx_word' id='word_1_76' title='bbox 284 1220 413 1286; x_wconf 90' lang='lat' dir='ltr'><strong>leat,</strong></span> <span class='ocrx_word' id='word_1_77' title='bbox 442 1220 695 1276; x_wconf 84' lang='lat' dir='ltr'><strong>tabescit.</strong></span> 
     </span>
    </p>
   </div>
   <div class='ocr_carea' id='block_1_13' title="bbox 353 1312 1856 1390">
    <p class='ocr_par' dir='ltr' id='par_1_13' title="bbox 353 1312 1856 1390">
     <span class='ocr_line' id='line_1_13' title="bbox 353 1312 1856 1390; baseline 0.007 -21"><span class='ocrx_word' id='word_1_78' title='bbox 353 1312 560 1369; x_wconf 84' lang='lat' dir='ltr'><strong>Invidia</strong></span> <span class='ocrx_word' id='word_1_79' title='bbox 589 1329 807 1384; x_wconf 78' lang='lat' dir='ltr'><strong>quoque</strong></span> <span class='ocrx_word' id='word_1_80' title='bbox 834 1315 971 1370; x_wconf 82' lang='lat' dir='ltr'><strong>iram</strong></span> <span class='ocrx_word' id='word_1_81' title='bbox 995 1326 1239 1385; x_wconf 83' lang='lat' dir='ltr'><strong>generat.</strong></span> <span class='ocrx_word' id='word_1_82' title='bbox 1466 1325 1856 1390; x_wconf 83' lang='lat' dir='ltr'><strong>quantointer—</strong></span> 
     </span>
    </p>
   </div>
   <div class='ocr_carea' id='block_1_14' title="bbox 283 1403 1853 1477">
    <p class='ocr_par' dir='ltr' id='par_1_14' title="bbox 283 1403 1853 1477">
     <span class='ocr_line' id='line_1_14' title="bbox 283 1403 1853 1477; baseline 0.007 -16"><span class='ocrx_word' id='word_1_83' title='bbox 283 1419 356 1461; x_wconf 91' lang='lat' dir='ltr'><strong>no</strong></span> <span class='ocrx_word' id='word_1_84' title='bbox 395 1403 585 1460; x_wconf 84' lang='lat' dir='ltr'><strong>livoris</strong></span> <span class='ocrx_word' id='word_1_85' title='bbox 631 1403 854 1460; x_wconf 78' lang='lat' dir='ltr'><strong>vulnere</strong></span> <span class='ocrx_word' id='word_1_86' title='bbox 891 1405 1105 1462; x_wconf 87' lang='lat' dir='ltr'><strong>animus</strong></span> <span class='ocrx_word' id='word_1_87' title='bbox 1147 1409 1443 1477; x_wconf 82' lang='lat' dir='ltr'><strong>sauciatur,</strong></span> <span class='ocrx_word' id='word_1_88' title='bbox 1495 1421 1648 1469; x_wconf 88' lang='lat' dir='ltr'><strong>tanto</strong></span> <span class='ocrx_word' id='word_1_89' title='bbox 1689 1416 1853 1471; x_wconf 88' lang='lat' dir='ltr'><strong>etiam</strong></span> 
     </span>
    </p>
   </div>
   <div class='ocr_carea' id='block_1_15' title="bbox 283 1495 1856 1578">
    <p class='ocr_par' dir='ltr' id='par_1_15' title="bbox 283 1495 1856 1578">
     <span class='ocr_line' id='line_1_15' title="bbox 283 1495 1856 1578; baseline 0.009 -28"><span class='ocrx_word' id='word_1_90' title='bbox 283 1495 641 1552; x_wconf 76' lang='lat' dir='ltr'><strong>mansuetudo</strong></span> <span class='ocrx_word' id='word_1_91' title='bbox 683 1496 1086 1567; x_wconf 73' lang='lat' dir='ltr'><strong>tranquilitatis</strong></span> <span class='ocrx_word' id='word_1_92' title='bbox 1119 1499 1406 1557; x_wconf 77' lang='lat' dir='ltr'><strong>amittitur.</strong></span> <span class='ocrx_word' id='word_1_93' title='bbox 1458 1503 1528 1560; x_wconf 84' lang='lat' dir='ltr'><strong>Et</strong></span> <span class='ocrx_word' id='word_1_94' title='bbox 1548 1506 1674 1575; x_wconf 84' lang='lat' dir='ltr'><strong>quia</strong></span> <span class='ocrx_word' id='word_1_95' title='bbox 1700 1507 1856 1578; x_wconf 85' lang='lat' dir='ltr'><strong>quasi</strong></span> 
     </span>
    </p>
   </div>
   <div class='ocr_carea' id='block_1_16' title="bbox 283 1584 1857 1664">
    <p class='ocr_par' dir='ltr' id='par_1_16' title="bbox 283 1584 1857 1664">
     <span class='ocr_line' id='line_1_16' title="bbox 283 1584 1857 1664; baseline 0.009 -23"><span class='ocrx_word' id='word_1_96' title='bbox 283 1584 478 1642; x_wconf 83' lang='lat' dir='ltr'><strong>dolens</strong></span> <span class='ocrx_word' id='word_1_97' title='bbox 492 1587 798 1642; x_wconf 84' lang='lat' dir='ltr'><strong>membrum</strong></span> <span class='ocrx_word' id='word_1_98' title='bbox 823 1589 1079 1660; x_wconf 82' lang='lat' dir='ltr'><strong>tangitur,</strong></span> <span class='ocrx_word' id='word_1_99' title='bbox 1118 1591 1321 1648; x_wconf 82' lang='lat' dir='ltr'><strong>idcirco</strong></span> <span class='ocrx_word' id='word_1_100' title='bbox 1341 1595 1598 1664; x_wconf 68' lang='lat' dir='ltr'><strong>oppositae</strong></span> <span class='ocrx_word' id='word_1_101' title='bbox 1627 1597 1857 1654; x_wconf 85' lang='lat' dir='ltr'><strong>actionis</strong></span> 
     </span>
    </p>
   </div>
   <div class='ocr_carea' id='block_1_17' title="bbox 284 1674 1433 1747">
    <p class='ocr_par' dir='ltr' id='par_1_17' title="bbox 284 1674 1433 1747">
     <span class='ocr_line' id='line_1_17' title="bbox 284 1674 1433 1747; baseline 0.009 -20"><span class='ocrx_word' id='word_1_102' title='bbox 284 1690 481 1731; x_wconf 85' lang='lat' dir='ltr'><strong>manus</strong></span> <span class='ocrx_word' id='word_1_103' title='bbox 500 1674 649 1731; x_wconf 83' lang='lat' dir='ltr'><strong>velut</strong></span> <span class='ocrx_word' id='word_1_104' title='bbox 680 1677 903 1746; x_wconf 80' lang='lat' dir='ltr'><strong>gravius</strong></span> <span class='ocrx_word' id='word_1_105' title='bbox 939 1692 1129 1747; x_wconf 88' lang='lat' dir='ltr'><strong>pressa</strong></span> <span class='ocrx_word' id='word_1_106' title='bbox 1178 1684 1433 1737; x_wconf 79' lang='lat' dir='ltr'><strong>sentitur.</strong></span> 
     </span>
    </p>
   </div>
   <div class='ocr_carea' id='block_1_18' title="bbox 356 1763 1851 1845">
    <p class='ocr_par' dir='ltr' id='par_1_18' title="bbox 356 1763 1851 1845">
     <span class='ocr_line' id='line_1_18' title="bbox 356 1763 1851 1845; baseline 0.01 -26"><span class='ocrx_word' id='word_1_107' title='bbox 356 1763 436 1819; x_wconf 79' lang='lat' dir='ltr'><strong>Ex</strong></span> <span class='ocrx_word' id='word_1_108' title='bbox 466 1763 551 1818; x_wconf 89' lang='lat' dir='ltr'><strong>ira</strong></span> <span class='ocrx_word' id='word_1_109' title='bbox 564 1780 776 1835; x_wconf 82' lang='lat' dir='ltr'><strong>quoque</strong></span> <span class='ocrx_word' id='word_1_110' title='bbox 789 1767 1008 1825; x_wconf 80' lang='lat' dir='ltr'><strong>tristitia</strong></span> <span class='ocrx_word' id='word_1_111' title='bbox 1028 1770 1205 1827; x_wconf 88' lang='lat' dir='ltr'><strong>oritur</strong></span> <span class='ocrx_word' id='word_1_112' title='bbox 1239 1772 1647 1840; x_wconf 75' lang='lat' dir='ltr'><strong>:Quiaturbsta</strong></span> <span class='ocrx_word' id='word_1_113' title='bbox 1677 1793 1851 1845; x_wconf 83' lang='lat' dir='ltr'><strong>mens,</strong></span> 
     </span>
    </p>
   </div>
   <div class='ocr_carea' id='block_1_19' title="bbox 1953 579 3536 657">
    <p class='ocr_par' dir='ltr' id='par_1_19' title="bbox 1953 579 3536 657">
     <span class='ocr_line' id='line_1_19' title="bbox 1953 579 3536 657; baseline 0.008 -25"><span class='ocrx_word' id='word_1_114' title='bbox 1953 580 2116 635; x_wconf 80' lang='lat' dir='ltr'><strong>mines</strong></span> <span class='ocrx_word' id='word_1_115' title='bbox 2138 582 2487 651; x_wconf 75' lang='lat' dir='ltr'><strong>pertransivit.</strong></span> <span class='ocrx_word' id='word_1_116' title='bbox 2509 601 2529 634; x_wconf 74' lang='grc' dir='ltr'><strong>ι</strong></span> <span class='ocrx_word' id='word_1_117' title='bbox 2568 579 2811 651; x_wconf 80' lang='lat' dir='ltr'><strong>Superba</strong></span> <span class='ocrx_word' id='word_1_118' title='bbox 2835 582 3088 639; x_wconf 73' lang='lat' dir='ltr'><strong>voluntas</strong></span> <span class='ocrx_word' id='word_1_119' title='bbox 3110 583 3239 640; x_wconf 84' lang='lat' dir='ltr'><strong>facit</strong></span> <span class='ocrx_word' id='word_1_120' title='bbox 3264 586 3368 641; x_wconf 86' lang='lat' dir='ltr'><strong>Dei</strong></span> <span class='ocrx_word' id='word_1_121' title='bbox 3388 602 3536 657; x_wconf 70' lang='lat' dir='ltr'><strong>pra-</strong></span> 
     </span>
    </p>
   </div>
   <div class='ocr_carea' id='block_1_20' title="bbox 1954 670 3322 741">
    <p class='ocr_par' dir='ltr' id='par_1_20' title="bbox 1954 670 3322 741">
     <span class='ocr_line' id='line_1_20' title="bbox 1954 670 3322 741; baseline 0.003 -15"><span class='ocrx_word' id='word_1_122' title='bbox 1954 677 2108 738; x_wconf 68' lang='lat' dir='ltr'><strong>cepm</strong></span> <span class='ocrx_word' id='word_1_123' title='bbox 2136 671 2437 735; x_wconf 76' lang='lat' dir='ltr'><strong>contemni,</strong></span> <span class='ocrx_word' id='word_1_124' title='bbox 2467 679 2522 726; x_wconf 85' lang='lat' dir='ltr'><strong>et</strong></span> <span class='ocrx_word' id='word_1_125' title='bbox 2550 686 2616 726; x_wconf 72' lang='lat' dir='ltr'><strong>ex</strong></span> <span class='ocrx_word' id='word_1_126' title='bbox 2645 670 2852 741; x_wconf 85' lang='lat' dir='ltr'><strong>angelis</strong></span> <span class='ocrx_word' id='word_1_127' title='bbox 2875 672 3144 730; x_wconf 73' lang='lat' dir='ltr'><strong>dmmones</strong></span> <span class='ocrx_word' id='word_1_128' title='bbox 3172 673 3322 730; x_wconf 74' lang='lat' dir='ltr'><strong>fecit.</strong></span> 
     </span>
    </p>
   </div>
   <div class='ocr_carea' id='block_1_21' title="bbox 2024 758 3528 832">
    <p class='ocr_par' dir='ltr' id='par_1_21' title="bbox 2024 758 3528 832">
     <span class='ocr_line' id='line_1_21' title="bbox 2024 758 3528 832; baseline 0.008 -21"><span class='ocrx_word' id='word_1_129' title='bbox 2024 758 2367 828; x_wconf 76' lang='lat' dir='ltr'><strong>Quapropter</strong></span> <span class='ocrx_word' id='word_1_130' title='bbox 2416 760 2636 814; x_wconf 77' lang='lat' dir='ltr'><strong>audiant</strong></span> <span class='ocrx_word' id='word_1_131' title='bbox 2683 761 2938 830; x_wconf 82' lang='lat' dir='ltr'><strong>superbi:</strong></span> <span class='ocrx_word' id='word_1_132' title='bbox 2993 763 3121 832; x_wconf 82' lang='lat' dir='ltr'><strong>quia</strong></span> <span class='ocrx_word' id='word_1_133' title='bbox 3171 772 3299 819; x_wconf 89' lang='lat' dir='ltr'><strong>sunt</strong></span> <span class='ocrx_word' id='word_1_134' title='bbox 3343 768 3528 823; x_wconf 74' lang='lat' dir='ltr'><strong>ornnia</strong></span> 
     </span>
    </p>
   </div>
   <div class='ocr_carea' id='block_1_22' title="bbox 1955 848 3527 923">
    <p class='ocr_par' dir='ltr' id='par_1_22' title="bbox 1955 848 3527 923">
     <span class='ocr_line' id='line_1_22' title="bbox 1955 848 3527 923; baseline 0.006 -24"><span class='ocrx_word' id='word_1_135' title='bbox 1955 848 2268 903; x_wconf 82' lang='lat' dir='ltr'><strong>transitoria</strong></span> <span class='ocrx_word' id='word_1_136' title='bbox 2315 864 2437 919; x_wconf 68' lang='lat' dir='ltr'><strong>qua:</strong></span> <span class='ocrx_word' id='word_1_137' title='bbox 2478 850 2810 916; x_wconf 89' lang='lat' dir='ltr'><strong>ambiuntur,</strong></span> <span class='ocrx_word' id='word_1_138' title='bbox 2854 858 2912 907; x_wconf 89' lang='lat' dir='ltr'><strong>et</strong></span> <span class='ocrx_word' id='word_1_139' title='bbox 2953 859 3155 906; x_wconf 66' lang='lat' dir='ltr'><strong>aiterna</strong></span> <span class='ocrx_word' id='word_1_140' title='bbox 3210 868 3333 922; x_wconf 69' lang='lat' dir='ltr'><strong>qua:</strong></span> <span class='ocrx_word' id='word_1_141' title='bbox 3397 869 3527 923; x_wconf 85' lang='lat' dir='ltr'><strong>per-</strong></span> 
     </span>
    </p>
   </div>
   <div class='ocr_carea' id='block_1_23' title="bbox 1954 937 3530 1013">
    <p class='ocr_par' dir='ltr' id='par_1_23' title="bbox 1954 937 3530 1013">
     <span class='ocr_line' id='line_1_23' title="bbox 1954 937 3530 1013; baseline 0.002 -21"><span class='ocrx_word' id='word_1_142' title='bbox 1954 937 2174 992; x_wconf 88' lang='lat' dir='ltr'><strong>duntur.</strong></span> <span class='ocrx_word' id='word_1_143' title='bbox 2212 939 2281 992; x_wconf 86' lang='lat' dir='ltr'><strong>Et</strong></span> <span class='ocrx_word' id='word_1_144' title='bbox 2312 938 2442 993; x_wconf 92' lang='lat' dir='ltr'><strong>illud</strong></span> <span class='ocrx_word' id='word_1_145' title='bbox 2472 956 2485 991; x_wconf 95' lang='lat'><strong>:</strong></span> <span class='ocrx_word' id='word_1_146' title='bbox 2522 938 2703 993; x_wconf 89' lang='lat' dir='ltr'><strong>Omnis</strong></span> <span class='ocrx_word' id='word_1_147' title='bbox 2741 939 2831 1009; x_wconf 96' lang='lat' dir='ltr'><strong>qui</strong></span> <span class='ocrx_word' id='word_1_148' title='bbox 2866 956 2925 994; x_wconf 84' lang='lat' dir='ltr'><strong>se.</strong></span> <span class='ocrx_word' id='word_1_149' title='bbox 2957 939 3192 1013; x_wconf 36' lang='lat' dir='ltr'><strong>exaltari,</strong></span> <span class='ocrx_word' id='word_1_150' title='bbox 3221 942 3530 998; x_wconf 66' lang='grc' dir='ltr'><strong>ἁδυπὶᾶώὸ-</strong></span> 
     </span>
    </p>
   </div>
   <div class='ocr_carea' id='block_1_24' title="bbox 1953 1027 3531 1099">
    <p class='ocr_par' dir='ltr' id='par_1_24' title="bbox 1953 1027 3531 1099">
     <span class='ocr_line' id='line_1_24' title="bbox 1953 1027 3531 1099; baseline 0.003 -17"><span class='ocrx_word' id='word_1_151' title='bbox 1953 1038 2062 1082; x_wconf 79' lang='lat' dir='ltr'><strong>tur.</strong></span> <span class='ocrx_word' id='word_1_152' title='bbox 2092 1028 2160 1084; x_wconf 80' lang='lat' dir='ltr'><strong>Et</strong></span> <span class='ocrx_word' id='word_1_153' title='bbox 2187 1028 2380 1085; x_wconf 80' lang='lat' dir='ltr'><strong>iterum</strong></span> <span class='ocrx_word' id='word_1_154' title='bbox 2412 1047 2425 1082; x_wconf 93' lang='lat'><strong>:</strong></span> <span class='ocrx_word' id='word_1_155' title='bbox 2458 1027 2599 1094; x_wconf 73' lang='lat' dir='ltr'><strong>Quid</strong></span> <span class='ocrx_word' id='word_1_156' title='bbox 2621 1028 2854 1099; x_wconf 75' lang='lat' dir='ltr'><strong>superbit</strong></span> <span class='ocrx_word' id='word_1_157' title='bbox 2883 1040 3054 1095; x_wconf 84' lang='lat' dir='ltr'><strong>terra,</strong></span> <span class='ocrx_word' id='word_1_158' title='bbox 3092 1040 3147 1086; x_wconf 81' lang='lat' dir='ltr'><strong>et</strong></span> <span class='ocrx_word' id='word_1_159' title='bbox 3169 1032 3339 1085; x_wconf 79' lang='lat' dir='ltr'><strong>cinis?</strong></span> <span class='ocrx_word' id='word_1_160' title='bbox 3365 1032 3439 1086; x_wconf 78' lang='lat' dir='ltr'><strong>Et</strong></span> <span class='ocrx_word' id='word_1_161' title='bbox 3464 1033 3531 1086; x_wconf 77' lang='lat' dir='ltr'><strong>il-</strong></span> 
     </span>
    </p>
   </div>
   <div class='ocr_carea' id='block_1_25' title="bbox 1954 1120 3528 1193">
    <p class='ocr_par' dir='ltr' id='par_1_25' title="bbox 1954 1120 3528 1193">
     <span class='ocr_line' id='line_1_25' title="bbox 1954 1120 3528 1193; baseline 0.003 -19"><span class='ocrx_word' id='word_1_162' title='bbox 1954 1120 2089 1176; x_wconf 85' lang='lat' dir='ltr'><strong>Iud:</strong></span> <span class='ocrx_word' id='word_1_163' title='bbox 2133 1122 2265 1177; x_wconf 75' lang='lat' dir='ltr'><strong>Ante</strong></span> <span class='ocrx_word' id='word_1_164' title='bbox 2307 1121 2517 1175; x_wconf 76' lang='lat' dir='ltr'><strong>ruinam</strong></span> <span class='ocrx_word' id='word_1_165' title='bbox 2561 1120 2884 1176; x_wconf 68' lang='lat' dir='ltr'><strong>excitabitur</strong></span> <span class='ocrx_word' id='word_1_166' title='bbox 3212 1124 3283 1179; x_wconf 79' lang='lat' dir='ltr'><strong>Et</strong></span> <span class='ocrx_word' id='word_1_167' title='bbox 3319 1143 3333 1178; x_wconf 93' lang='lat'><strong>:</strong></span> <span class='ocrx_word' id='word_1_168' title='bbox 3382 1124 3528 1179; x_wconf 79' lang='lat' dir='ltr'><strong>Deus</strong></span> 
     </span>
    </p>
   </div>
   <div class='ocr_carea' id='block_1_26' title="bbox 1954 1212 3526 1284">
    <p class='ocr_par' dir='ltr' id='par_1_26' title="bbox 1954 1212 3526 1284">
     <span class='ocr_line' id='line_1_26' title="bbox 1954 1212 3526 1284; baseline 0.001 -16"><span class='ocrx_word' id='word_1_169' title='bbox 1954 1213 2064 1268; x_wconf 86' lang='lat' dir='ltr'><strong>alta</strong></span> <span class='ocrx_word' id='word_1_170' title='bbox 2111 1231 2143 1269; x_wconf 87' lang='lat' dir='ltr'><strong>a</strong></span> <span class='ocrx_word' id='word_1_171' title='bbox 2191 1212 2345 1284; x_wconf 63' lang='lat' dir='ltr'><strong>longi:</strong></span> <span class='ocrx_word' id='word_1_172' title='bbox 2389 1214 2669 1284; x_wconf 78' lang='lat' dir='ltr'><strong>cognoscit.</strong></span> <span class='ocrx_word' id='word_1_173' title='bbox 2722 1213 2800 1268; x_wconf 88' lang='lat' dir='ltr'><strong>De</strong></span> <span class='ocrx_word' id='word_1_174' title='bbox 2847 1223 3036 1269; x_wconf 71' lang='lat' dir='ltr'><strong>eorum</strong></span> <span class='ocrx_word' id='word_1_175' title='bbox 3085 1228 3305 1284; x_wconf 80' lang='lat' dir='ltr'><strong>quoque</strong></span> <span class='ocrx_word' id='word_1_176' title='bbox 3346 1217 3526 1284; x_wconf 76' lang='lat' dir='ltr'><strong>capite</strong></span> 
     </span>
    </p>
   </div>
   <div class='ocr_carea' id='block_1_27' title="bbox 1955 1300 3525 1372">
    <p class='ocr_par' dir='ltr' id='par_1_27' title="bbox 1955 1300 3525 1372">
     <span class='ocr_line' id='line_1_27' title="bbox 1955 1300 3525 1372; baseline 0.001 -15"><span class='ocrx_word' id='word_1_177' title='bbox 1955 1302 2168 1358; x_wconf 77' lang='lat' dir='ltr'><strong>diabolo</strong></span> <span class='ocrx_word' id='word_1_178' title='bbox 2187 1302 2446 1372; x_wconf 72' lang='lat' dir='ltr'><strong>scriptum</strong></span> <span class='ocrx_word' id='word_1_179' title='bbox 2474 1309 2559 1357; x_wconf 88' lang='lat' dir='ltr'><strong>est</strong></span> <span class='ocrx_word' id='word_1_180' title='bbox 2583 1318 2598 1353; x_wconf 90' lang='lat'><strong>:</strong></span> <span class='ocrx_word' id='word_1_181' title='bbox 2626 1300 2747 1372; x_wconf 83' lang='lat' dir='ltr'><strong>Ipse</strong></span> <span class='ocrx_word' id='word_1_182' title='bbox 2772 1311 2849 1357; x_wconf 87' lang='lat' dir='ltr'><strong>est</strong></span> <span class='ocrx_word' id='word_1_183' title='bbox 2872 1317 2963 1356; x_wconf 74' lang='lat' dir='ltr'><strong>rex</strong></span> <span class='ocrx_word' id='word_1_184' title='bbox 2995 1318 3154 1372; x_wconf 84' lang='lat' dir='ltr'><strong>super</strong></span> <span class='ocrx_word' id='word_1_185' title='bbox 3181 1319 3358 1359; x_wconf 80' lang='lat' dir='ltr'><strong>omnes</strong></span> <span class='ocrx_word' id='word_1_186' title='bbox 3387 1303 3525 1371; x_wconf 75' lang='lat' dir='ltr'><strong>ﬁlios</strong></span> 
     </span>
    </p>
   </div>
   <div class='ocr_carea' id='block_1_28' title="bbox 1953 1393 2229 1464">
    <p class='ocr_par' dir='ltr' id='par_1_28' title="bbox 1953 1393 2229 1464">
     <span class='ocr_line' id='line_1_28' title="bbox 1953 1393 2229 1464; baseline -0.014 -13"><span class='ocrx_word' id='word_1_187' title='bbox 1953 1393 2229 1464; x_wconf 67' lang='lat' dir='ltr'><strong>superbiae.</strong></span> 
     </span>
    </p>
   </div>
   <div class='ocr_carea' id='block_1_29' title="bbox 2023 1482 3525 1556">
    <p class='ocr_par' dir='ltr' id='par_1_29' title="bbox 2023 1482 3525 1556">
     <span class='ocr_line' id='line_1_29' title="bbox 2023 1482 3525 1556; baseline 0.003 -19"><span class='ocrx_word' id='word_1_188' title='bbox 2023 1484 2052 1525; x_wconf 72' lang='grc' dir='ltr'><strong>ἀ</strong></span> <span class='ocrx_word' id='word_1_189' title='bbox 2093 1502 2114 1535; x_wconf 76' lang='grc' dir='ltr'><strong>ι</strong></span> <span class='ocrx_word' id='word_1_190' title='bbox 2140 1482 2259 1539; x_wconf 82' lang='lat' dir='ltr'><strong>Jam</strong></span> <span class='ocrx_word' id='word_1_191' title='bbox 2287 1499 2431 1539; x_wconf 83' lang='lat' dir='ltr'><strong>nunc</strong></span> <span class='ocrx_word' id='word_1_192' title='bbox 2456 1482 2736 1538; x_wconf 76' lang='lat' dir='ltr'><strong>videamus</strong></span> <span class='ocrx_word' id='word_1_193' title='bbox 2763 1485 2959 1554; x_wconf 86' lang='lat' dir='ltr'><strong>quibus</strong></span> <span class='ocrx_word' id='word_1_194' title='bbox 2988 1483 3206 1540; x_wconf 78' lang='lat' dir='ltr'><strong>indiciis</strong></span> <span class='ocrx_word' id='word_1_195' title='bbox 3227 1487 3401 1556; x_wconf 81' lang='lat' dir='ltr'><strong>possit</strong></span> <span class='ocrx_word' id='word_1_196' title='bbox 3429 1503 3525 1543; x_wconf 87' lang='lat' dir='ltr'><strong>su-</strong></span> 
     </span>
    </p>
   </div>
   <div class='ocr_carea' id='block_1_30' title="bbox 1955 1573 3528 1647">
    <p class='ocr_par' dir='ltr' id='par_1_30' title="bbox 1955 1573 3528 1647">
     <span class='ocr_line' id='line_1_30' title="bbox 1955 1573 3528 1647; baseline 0.004 -19"><span class='ocrx_word' id='word_1_197' title='bbox 1955 1574 2140 1646; x_wconf 91' lang='lat' dir='ltr'><strong>perbia</strong></span> <span class='ocrx_word' id='word_1_198' title='bbox 2166 1573 2516 1644; x_wconf 86' lang='lat' dir='ltr'><strong>deprehendi.</strong></span> <span class='ocrx_word' id='word_1_199' title='bbox 2540 1592 2559 1627; x_wconf 77' lang='grc' dir='ltr'><strong>ι</strong></span> <span class='ocrx_word' id='word_1_200' title='bbox 2578 1573 2730 1631; x_wconf 88' lang='lat' dir='ltr'><strong>Unde</strong></span> <span class='ocrx_word' id='word_1_201' title='bbox 2749 1576 2910 1645; x_wconf 90' lang='lat' dir='ltr'><strong>paulo</strong></span> <span class='ocrx_word' id='word_1_202' title='bbox 2931 1583 3053 1646; x_wconf 90' lang='lat' dir='ltr'><strong>post</strong></span> <span class='ocrx_word' id='word_1_203' title='bbox 3076 1577 3355 1647; x_wconf 86' lang='lat' dir='ltr'><strong>sequitur:</strong></span> <span class='ocrx_word' id='word_1_204' title='bbox 3378 1597 3399 1629; x_wconf 73' lang='grc' dir='ltr'><strong>ι</strong></span> <span class='ocrx_word' id='word_1_205' title='bbox 3423 1578 3528 1633; x_wconf 63' lang='lat' dir='ltr'><strong>lla»</strong></span> 
     </span>
    </p>
   </div>
   <div class='ocr_carea' id='block_1_31' title="bbox 1956 1663 3522 1735">
    <p class='ocr_par' dir='ltr' id='par_1_31' title="bbox 1956 1663 3522 1735">
     <span class='ocr_line' id='line_1_31' title="bbox 1956 1663 3522 1735; baseline 0.001 -15"><span class='ocrx_word' id='word_1_206' title='bbox 1956 1663 2102 1722; x_wconf 78' lang='lat' dir='ltr'><strong>bitus</strong></span> <span class='ocrx_word' id='word_1_207' title='bbox 2120 1677 2333 1734; x_wconf 85' lang='lat' dir='ltr'><strong>quoque</strong></span> <span class='ocrx_word' id='word_1_208' title='bbox 2351 1670 2409 1718; x_wconf 91' lang='lat' dir='ltr'><strong>et</strong></span> <span class='ocrx_word' id='word_1_209' title='bbox 2429 1663 2671 1719; x_wconf 84' lang='lat' dir='ltr'><strong>incessus</strong></span> <span class='ocrx_word' id='word_1_210' title='bbox 2690 1663 2889 1734; x_wconf 88' lang='lat' dir='ltr'><strong>pedum</strong></span> <span class='ocrx_word' id='word_1_211' title='bbox 2912 1665 3177 1735; x_wconf 86' lang='lat' dir='ltr'><strong>superbos</strong></span> <span class='ocrx_word' id='word_1_212' title='bbox 3196 1665 3522 1722; x_wconf 83' lang='lat' dir='ltr'><strong>ostendunt:</strong></span> 
     </span>
    </p>
   </div>
   <div class='ocr_carea' id='block_1_32' title="bbox 1956 1752 3523 1823">
    <p class='ocr_par' dir='ltr' id='par_1_32' title="bbox 1956 1752 3523 1823">
     <span class='ocr_line' id='line_1_32' title="bbox 1956 1752 3523 1823; baseline 0.004 -17"><span class='ocrx_word' id='word_1_213' title='bbox 1956 1767 2189 1821; x_wconf 82' lang='lat' dir='ltr'><strong>quorum</strong></span> <span class='ocrx_word' id='word_1_214' title='bbox 2224 1760 2405 1809; x_wconf 80' lang='lat' dir='ltr'><strong>erecta</strong></span> <span class='ocrx_word' id='word_1_215' title='bbox 2443 1753 2657 1818; x_wconf 79' lang='lat' dir='ltr'><strong>cervix,</strong></span> <span class='ocrx_word' id='word_1_216' title='bbox 2697 1752 2866 1811; x_wconf 70' lang='lat' dir='ltr'><strong>facies</strong></span> <span class='ocrx_word' id='word_1_217' title='bbox 2902 1762 3091 1822; x_wconf 86' lang='lat' dir='ltr'><strong>torva,</strong></span> <span class='ocrx_word' id='word_1_218' title='bbox 3134 1764 3316 1811; x_wconf 89' lang='lat' dir='ltr'><strong>truces</strong></span> <span class='ocrx_word' id='word_1_219' title='bbox 3352 1758 3523 1823; x_wconf 86' lang='lat' dir='ltr'><strong>oculi,</strong></span> 
     </span>
    </p>
   </div>
   <div class='ocr_carea' id='block_1_33' title="bbox 283 1839 3527 1927">
    <p class='ocr_par' dir='ltr' id='par_1_33' title="bbox 283 1839 3527 1927">
     <span class='ocr_line' id='line_1_33' title="bbox 283 1839 3527 1927; baseline 0.002 -18"><span class='ocrx_word' id='word_1_220' title='bbox 283 1869 394 1924; x_wconf 89' lang='lat' dir='ltr'><strong>quo</strong></span> <span class='ocrx_word' id='word_1_221' title='bbox 440 1855 496 1910; x_wconf 92' lang='lat' dir='ltr'><strong>in</strong></span> <span class='ocrx_word' id='word_1_222' title='bbox 526 1857 716 1914; x_wconf 67' lang='lat' dir='ltr'><strong>orrb&#39;ne</strong></span> <span class='ocrx_word' id='word_1_223' title='bbox 763 1873 823 1914; x_wconf 89' lang='lat' dir='ltr'><strong>se</strong></span> <span class='ocrx_word' id='word_1_224' title='bbox 858 1863 1125 1927; x_wconf 84' lang='lat' dir='ltr'><strong>concutit,</strong></span> <span class='ocrx_word' id='word_1_225' title='bbox 1156 1877 1224 1917; x_wconf 88' lang='lat' dir='ltr'><strong>eo</strong></span> <span class='ocrx_word' id='word_1_226' title='bbox 1272 1839 1571 1921; x_wconf 87' lang='lat' dir='ltr'><strong>addicendo</strong></span> <span class='ocrx_word' id='word_1_227' title='bbox 1623 1839 1852 1924; x_wconf 50' lang='lat' dir='ltr'><strong>conten;</strong></span> <span class='ocrx_word' id='word_1_228' title='bbox 1879 1839 1926 1898; x_wconf 73' lang='grc' dir='ltr'><strong>Β</strong></span> <span class='ocrx_word' id='word_1_229' title='bbox 1953 1849 2009 1897; x_wconf 66' lang='grc'><strong>⁸⁸</strong></span> <span class='ocrx_word' id='word_1_230' title='bbox 2035 1855 2219 1896; x_wconf 61' lang='lat' dir='ltr'><strong>sermo</strong></span> <span class='ocrx_word' id='word_1_231' title='bbox 2248 1840 2531 1907; x_wconf 64' lang='grc' dir='ltr'><strong>ίθηίδῦίθν</strong></span> <span class='ocrx_word' id='word_1_232' title='bbox 2558 1841 2759 1897; x_wconf 64' lang='lat' dir='ltr'><strong>“dam</strong></span> <span class='ocrx_word' id='word_1_233' title='bbox 2785 1843 3097 1914; x_wconf 57' lang='lat' dir='ltr'><strong>superbiam</strong></span> <span class='ocrx_word' id='word_1_234' title='bbox 3123 1843 3394 1910; x_wconf 60' lang='lat' dir='ltr'><strong>Clamanti</strong></span> <span class='ocrx_word' id='word_1_235' title='bbox 3427 1846 3527 1900; x_wconf 66' lang='grc' dir='ltr'><strong>δυ·</strong></span> 
     </span>
    </p>
   </div>
   <div class='ocr_carea' id='block_1_34' title="bbox 282 1944 1847 2027">
    <p class='ocr_par' dir='ltr' id='par_1_34' title="bbox 282 1944 1847 2027">
     <span class='ocr_line' id='line_1_34' title="bbox 282 1944 1847 2027; baseline 0.012 -30"><span class='ocrx_word' id='word_1_236' title='bbox 282 1944 380 1998; x_wconf 90' lang='lat' dir='ltr'><strong>dit.</strong></span> <span class='ocrx_word' id='word_1_237' title='bbox 429 1945 498 2000; x_wconf 87' lang='lat' dir='ltr'><strong>Et</strong></span> <span class='ocrx_word' id='word_1_238' title='bbox 537 1962 662 2003; x_wconf 90' lang='lat' dir='ltr'><strong>cum</strong></span> <span class='ocrx_word' id='word_1_239' title='bbox 712 1949 1052 2006; x_wconf 88' lang='lat' dir='ltr'><strong>dulcedinem</strong></span> <span class='ocrx_word' id='word_1_240' title='bbox 1111 1954 1521 2024; x_wconf 85' lang='lat' dir='ltr'><strong>tranquillitatis</strong></span> <span class='ocrx_word' id='word_1_241' title='bbox 1587 1959 1847 2027; x_wconf 84' lang='lat' dir='ltr'><strong>amiserit,</strong></span> 
     </span>
    </p>
   </div>
   <div class='ocr_carea' id='block_1_35' title="bbox 282 2034 1853 2118">
    <p class='ocr_par' dir='ltr' id='par_1_35' title="bbox 282 2034 1853 2118">
     <span class='ocr_line' id='line_1_35' title="bbox 282 2034 1853 2118; baseline 0.012 -30"><span class='ocrx_word' id='word_1_242' title='bbox 282 2034 421 2089; x_wconf 81' lang='lat' dir='ltr'><strong>nihil</strong></span> <span class='ocrx_word' id='word_1_243' title='bbox 441 2035 583 2093; x_wconf 86' lang='lat' dir='ltr'><strong>hanc</strong></span> <span class='ocrx_word' id='word_1_244' title='bbox 611 2038 715 2093; x_wconf 90' lang='lat' dir='ltr'><strong>nisi</strong></span> <span class='ocrx_word' id='word_1_245' title='bbox 745 2054 815 2097; x_wconf 79' lang='lat' dir='ltr'><strong>ex</strong></span> <span class='ocrx_word' id='word_1_246' title='bbox 835 2043 1249 2110; x_wconf 85' lang='lat' dir='ltr'><strong>perturbatione</strong></span> <span class='ocrx_word' id='word_1_247' title='bbox 1279 2046 1616 2118; x_wconf 84' lang='lat' dir='ltr'><strong>subsequens</strong></span> <span class='ocrx_word' id='word_1_248' title='bbox 1649 2064 1853 2106; x_wconf 66' lang='lat' dir='ltr'><strong>mceror</strong></span> 
     </span>
    </p>
   </div>
   <div class='ocr_carea' id='block_1_36' title="bbox 282 2135 477 2194">
    <p class='ocr_par' dir='ltr' id='par_1_36' title="bbox 282 2135 477 2194">
     <span class='ocr_line' id='line_1_36' title="bbox 282 2135 477 2194; baseline -0.005 -13"><span class='ocrx_word' id='word_1_249' title='bbox 282 2135 477 2194; x_wconf 66' lang='lat' dir='ltr'><strong>pascit.</strong></span> 
     </span>
    </p>
   </div>
   <div class='ocr_carea' id='block_1_37' title="bbox 353 2222 1852 2304">
    <p class='ocr_par' dir='ltr' id='par_1_37' title="bbox 353 2222 1852 2304">
     <span class='ocr_line' id='line_1_37' title="bbox 353 2222 1852 2304; baseline 0.011 -29"><span class='ocrx_word' id='word_1_250' title='bbox 353 2222 599 2278; x_wconf 87' lang='lat' dir='ltr'><strong>Tristitia</strong></span> <span class='ocrx_word' id='word_1_251' title='bbox 646 2240 862 2296; x_wconf 87' lang='lat' dir='ltr'><strong>quoque</strong></span> <span class='ocrx_word' id='word_1_252' title='bbox 922 2229 995 2284; x_wconf 81' lang='lat' dir='ltr'><strong>ad</strong></span> <span class='ocrx_word' id='word_1_253' title='bbox 1053 2230 1339 2287; x_wconf 81' lang='lat' dir='ltr'><strong>avaritiam</strong></span> <span class='ocrx_word' id='word_1_254' title='bbox 1393 2233 1662 2304; x_wconf 80' lang='lat' dir='ltr'><strong>dirigitur.</strong></span> <span class='ocrx_word' id='word_1_255' title='bbox 1717 2234 1852 2302; x_wconf 83' lang='lat' dir='ltr'><strong>Quia</strong></span> 
     </span>
    </p>
   </div>
   <div class='ocr_carea' id='block_1_38' title="bbox 266 2314 1855 2381">
    <p class='ocr_par' dir='ltr' id='par_1_38' title="bbox 266 2314 1855 2381">
     <span class='ocr_line' id='line_1_38' title="bbox 266 2314 1855 2381; baseline 0.009 -14"><span class='ocrx_word' id='word_1_256' title='bbox 266 2314 413 2367; x_wconf 85' lang='lat' dir='ltr'><strong>dum</strong></span> <span class='ocrx_word' id='word_1_257' title='bbox 464 2314 751 2370; x_wconf 83' lang='lat' dir='ltr'><strong>confusum</strong></span> <span class='ocrx_word' id='word_1_258' title='bbox 799 2333 897 2373; x_wconf 90' lang='lat' dir='ltr'><strong>cor</strong></span> <span class='ocrx_word' id='word_1_259' title='bbox 949 2320 1153 2375; x_wconf 84' lang='lat' dir='ltr'><strong>bonum</strong></span> <span class='ocrx_word' id='word_1_260' title='bbox 1203 2321 1408 2378; x_wconf 55' lang='lat' dir='ltr'><strong>latitia</strong></span> <span class='ocrx_word' id='word_1_261' title='bbox 1454 2324 1601 2381; x_wconf 90' lang='lat' dir='ltr'><strong>intus</strong></span> <span class='ocrx_word' id='word_1_262' title='bbox 1657 2326 1855 2381; x_wconf 85' lang='lat' dir='ltr'><strong>amise-</strong></span> 
     </span>
    </p>
   </div>
   <div class='ocr_carea' id='block_1_39' title="bbox 282 2403 1855 2481">
    <p class='ocr_par' dir='ltr' id='par_1_39' title="bbox 282 2403 1855 2481">
     <span class='ocr_line' id='line_1_39' title="bbox 282 2403 1855 2481; baseline 0.011 -26"><span class='ocrx_word' id='word_1_263' title='bbox 282 2403 374 2469; x_wconf 86' lang='lat' dir='ltr'><strong>rit,</strong></span> <span class='ocrx_word' id='word_1_264' title='bbox 404 2404 547 2459; x_wconf 91' lang='lat' dir='ltr'><strong>unde</strong></span> <span class='ocrx_word' id='word_1_265' title='bbox 587 2407 855 2462; x_wconf 88' lang='lat' dir='ltr'><strong>consolari</strong></span> <span class='ocrx_word' id='word_1_266' title='bbox 907 2409 1120 2476; x_wconf 89' lang='lat' dir='ltr'><strong>debeat,</strong></span> <span class='ocrx_word' id='word_1_267' title='bbox 1155 2411 1288 2467; x_wconf 80' lang='lat' dir='ltr'><strong>foris</strong></span> <span class='ocrx_word' id='word_1_268' title='bbox 1323 2414 1537 2481; x_wconf 65' lang='lat' dir='ltr'><strong>quaerit.</strong></span> <span class='ocrx_word' id='word_1_269' title='bbox 1588 2414 1663 2470; x_wconf 82' lang='lat' dir='ltr'><strong>Et</strong></span> <span class='ocrx_word' id='word_1_270' title='bbox 1701 2425 1855 2473; x_wconf 87' lang='lat' dir='ltr'><strong>tanto</strong></span> 
     </span>
    </p>
   </div>
   <div class='ocr_carea' id='block_1_40' title="bbox 283 2493 1854 2576">
    <p class='ocr_par' dir='ltr' id='par_1_40' title="bbox 283 2493 1854 2576">
     <span class='ocr_line' id='line_1_40' title="bbox 283 2493 1854 2576; baseline 0.01 -30"><span class='ocrx_word' id='word_1_271' title='bbox 283 2493 454 2564; x_wconf 88' lang='lat' dir='ltr'><strong>magis</strong></span> <span class='ocrx_word' id='word_1_272' title='bbox 501 2496 772 2551; x_wconf 75' lang='lat' dir='ltr'><strong>exteriora</strong></span> <span class='ocrx_word' id='word_1_273' title='bbox 835 2497 977 2554; x_wconf 92' lang='lat' dir='ltr'><strong>bona</strong></span> <span class='ocrx_word' id='word_1_274' title='bbox 1040 2499 1263 2570; x_wconf 87' lang='lat' dir='ltr'><strong>adipisci</strong></span> <span class='ocrx_word' id='word_1_275' title='bbox 1303 2502 1599 2571; x_wconf 88' lang='lat' dir='ltr'><strong>desiderat,</strong></span> <span class='ocrx_word' id='word_1_276' title='bbox 1650 2514 1854 2576; x_wconf 88' lang='lat' dir='ltr'><strong>quanto</strong></span> 
     </span>
    </p>
   </div>
   <div class='ocr_carea' id='block_1_41' title="bbox 280 2584 1853 2664">
    <p class='ocr_par' dir='ltr' id='par_1_41' title="bbox 280 2584 1853 2664">
     <span class='ocr_line' id='line_1_41' title="bbox 280 2584 1853 2664; baseline 0.012 -28"><span class='ocrx_word' id='word_1_277' title='bbox 280 2584 538 2653; x_wconf 85' lang='lat' dir='ltr'><strong>gaudium</strong></span> <span class='ocrx_word' id='word_1_278' title='bbox 601 2602 710 2642; x_wconf 91' lang='lat' dir='ltr'><strong>non</strong></span> <span class='ocrx_word' id='word_1_279' title='bbox 765 2588 969 2658; x_wconf 79' lang='lat' dir='ltr'><strong>habet,</strong></span> <span class='ocrx_word' id='word_1_280' title='bbox 1030 2591 1100 2646; x_wconf 92' lang='lat' dir='ltr'><strong>ad</strong></span> <span class='ocrx_word' id='word_1_281' title='bbox 1166 2594 1311 2664; x_wconf 88' lang='lat' dir='ltr'><strong>quod</strong></span> <span class='ocrx_word' id='word_1_282' title='bbox 1370 2595 1699 2654; x_wconf 90' lang='lat' dir='ltr'><strong>intrinsecus</strong></span> <span class='ocrx_word' id='word_1_283' title='bbox 1761 2613 1853 2656; x_wconf 78' lang='lat' dir='ltr'><strong>re-</strong></span> 
     </span>
    </p>
   </div>
   <div class='ocr_carea' id='block_1_42' title="bbox 280 2685 1471 2743">
    <p class='ocr_par' dir='ltr' id='par_1_42' title="bbox 280 2685 1471 2743">
     <span class='ocr_line' id='line_1_42' title="bbox 280 2685 1471 2743; baseline 0.013 -15"><span class='ocrx_word' id='word_1_284' title='bbox 280 2685 488 2731; x_wconf 86' lang='lat' dir='ltr'><strong>currat.</strong></span> <span class='ocrx_word' id='word_1_285' title='bbox 1466 2738 1471 2743; x_wconf 88' lang='lat'><strong>.</strong></span> 
     </span>
    </p>
   </div>
   <div class='ocr_carea' id='block_1_43' title="bbox 348 2766 1854 2839">
    <p class='ocr_par' dir='ltr' id='par_1_43' title="bbox 348 2766 1854 2839">
     <span class='ocr_line' id='line_1_43' title="bbox 348 2766 1854 2839; baseline 0.009 -18"><span class='ocrx_word' id='word_1_286' title='bbox 348 2766 598 2824; x_wconf 70' lang='lat' dir='ltr'><strong>Postbaac</strong></span> <span class='ocrx_word' id='word_1_287' title='bbox 622 2785 753 2825; x_wconf 91' lang='lat' dir='ltr'><strong>vero</strong></span> <span class='ocrx_word' id='word_1_288' title='bbox 775 2771 881 2828; x_wconf 93' lang='lat' dir='ltr'><strong>duo</strong></span> <span class='ocrx_word' id='word_1_289' title='bbox 909 2773 1147 2830; x_wconf 90' lang='lat' dir='ltr'><strong>carnalia</strong></span> <span class='ocrx_word' id='word_1_290' title='bbox 1173 2775 1324 2839; x_wconf 85' lang='lat' dir='ltr'><strong>vitia,</strong></span> <span class='ocrx_word' id='word_1_291' title='bbox 1355 2776 1410 2832; x_wconf 91' lang='lat' dir='ltr'><strong>id</strong></span> <span class='ocrx_word' id='word_1_292' title='bbox 1435 2785 1520 2833; x_wconf 91' lang='lat' dir='ltr'><strong>est</strong></span> <span class='ocrx_word' id='word_1_293' title='bbox 1537 2778 1745 2835; x_wconf 81' lang='lat' dir='ltr'><strong>ventris</strong></span> <span class='ocrx_word' id='word_1_294' title='bbox 1773 2779 1854 2835; x_wconf 83' lang='lat' dir='ltr'><strong>in-</strong></span> 
     </span>
    </p>
   </div>
   <div class='ocr_carea' id='block_1_44' title="bbox 281 2853 1855 2941">
    <p class='ocr_par' dir='ltr' id='par_1_44' title="bbox 281 2853 1855 2941">
     <span class='ocr_line' id='line_1_44' title="bbox 281 2853 1855 2941; baseline 0.011 -33"><span class='ocrx_word' id='word_1_295' title='bbox 281 2853 488 2926; x_wconf 85' lang='lat' dir='ltr'><strong>gluvies</strong></span> <span class='ocrx_word' id='word_1_296' title='bbox 528 2863 585 2912; x_wconf 91' lang='lat' dir='ltr'><strong>et</strong></span> <span class='ocrx_word' id='word_1_297' title='bbox 627 2858 862 2927; x_wconf 77' lang='lat' dir='ltr'><strong>luxuria,</strong></span> <span class='ocrx_word' id='word_1_298' title='bbox 919 2871 1228 2932; x_wconf 88' lang='lat' dir='ltr'><strong>supersunt.</strong></span> <span class='ocrx_word' id='word_1_299' title='bbox 1282 2864 1390 2922; x_wconf 90' lang='lat' dir='ltr'><strong>Sed</strong></span> <span class='ocrx_word' id='word_1_300' title='bbox 1441 2870 1650 2925; x_wconf 90' lang='lat' dir='ltr'><strong>cunctis</strong></span> <span class='ocrx_word' id='word_1_301' title='bbox 1685 2868 1855 2941; x_wconf 91' lang='lat' dir='ltr'><strong>liquet</strong></span> 
     </span>
    </p>
   </div>
   <div class='ocr_carea' id='block_1_45' title="bbox 282 2947 1854 3022">
    <p class='ocr_par' dir='ltr' id='par_1_45' title="bbox 282 2947 1854 3022">
     <span class='ocr_line' id='line_1_45' title="bbox 282 2947 1854 3022; baseline 0.01 -24"><span class='ocrx_word' id='word_1_302' title='bbox 282 2947 427 3015; x_wconf 85' lang='lat' dir='ltr'><strong>quod</strong></span> <span class='ocrx_word' id='word_1_303' title='bbox 470 2948 539 3003; x_wconf 90' lang='lat' dir='ltr'><strong>de</strong></span> <span class='ocrx_word' id='word_1_304' title='bbox 582 2950 787 3005; x_wconf 86' lang='lat' dir='ltr'><strong>ventris</strong></span> <span class='ocrx_word' id='word_1_305' title='bbox 811 2951 1048 3021; x_wconf 90' lang='lat' dir='ltr'><strong>ingluvie</strong></span> <span class='ocrx_word' id='word_1_306' title='bbox 1071 2952 1286 3010; x_wconf 78' lang='lat' dir='ltr'><strong>luxuria</strong></span> <span class='ocrx_word' id='word_1_307' title='bbox 1312 2957 1577 3022; x_wconf 90' lang='lat' dir='ltr'><strong>nascitur,</strong></span> <span class='ocrx_word' id='word_1_308' title='bbox 1633 2960 1762 3013; x_wconf 91' lang='lat' dir='ltr'><strong>dum</strong></span> <span class='ocrx_word' id='word_1_309' title='bbox 1798 2961 1854 3014; x_wconf 88' lang='lat' dir='ltr'><strong>in</strong></span> 
     </span>
    </p>
   </div>
   <div class='ocr_carea' id='block_1_46' title="bbox 282 3036 1855 3118">
    <p class='ocr_par' dir='ltr' id='par_1_46' title="bbox 282 3036 1855 3118">
     <span class='ocr_line' id='line_1_46' title="bbox 282 3036 1855 3118; baseline 0.01 -28"><span class='ocrx_word' id='word_1_310' title='bbox 282 3037 398 3106; x_wconf 89' lang='lat' dir='ltr'><strong>ipsa</strong></span> <span class='ocrx_word' id='word_1_311' title='bbox 416 3036 796 3095; x_wconf 89' lang='lat' dir='ltr'><strong>distributione</strong></span> <span class='ocrx_word' id='word_1_312' title='bbox 821 3042 1189 3099; x_wconf 89' lang='lat' dir='ltr'><strong>membrorum</strong></span> <span class='ocrx_word' id='word_1_313' title='bbox 1217 3047 1394 3101; x_wconf 89' lang='lat' dir='ltr'><strong>ventri</strong></span> <span class='ocrx_word' id='word_1_314' title='bbox 1416 3048 1668 3118; x_wconf 86' lang='lat' dir='ltr'><strong>genitalia</strong></span> <span class='ocrx_word' id='word_1_315' title='bbox 1686 3061 1712 3089; x_wconf 75' lang='grc' dir='ltr'><strong>ι</strong></span> <span class='ocrx_word' id='word_1_316' title='bbox 1727 3048 1855 3104; x_wconf 86' lang='lat' dir='ltr'><strong>sub-</strong></span> 
     </span>
    </p>
   </div>
   <div class='ocr_carea' id='block_1_47' title="bbox 282 3127 1851 3195">
    <p class='ocr_par' dir='ltr' id='par_1_47' title="bbox 282 3127 1851 3195">
     <span class='ocr_line' id='line_1_47' title="bbox 282 3127 1851 3195; baseline 0.01 -15"><span class='ocrx_word' id='word_1_317' title='bbox 282 3127 411 3183; x_wconf 75' lang='lat' dir='ltr'><strong>nixa</strong></span> <span class='ocrx_word' id='word_1_318' title='bbox 465 3127 770 3183; x_wconf 89' lang='lat' dir='ltr'><strong>videantur.</strong></span> <span class='ocrx_word' id='word_1_319' title='bbox 828 3129 982 3189; x_wconf 86' lang='lat' dir='ltr'><strong>Unde</strong></span> <span class='ocrx_word' id='word_1_320' title='bbox 1024 3133 1150 3188; x_wconf 86' lang='lat' dir='ltr'><strong>dum</strong></span> <span class='ocrx_word' id='word_1_321' title='bbox 1191 3149 1359 3189; x_wconf 81' lang='lat' dir='ltr'><strong>unum</strong></span> <span class='ocrx_word' id='word_1_322' title='bbox 1419 3136 1721 3194; x_wconf 83' lang='lat' dir='ltr'><strong>inordinate</strong></span> <span class='ocrx_word' id='word_1_323' title='bbox 1767 3155 1851 3195; x_wconf 84' lang='lat' dir='ltr'><strong>re-</strong></span> 
     </span>
    </p>
   </div>
   <div class='ocr_carea' id='block_1_48' title="bbox 1952 1928 3524 2000">
    <p class='ocr_par' dir='ltr' id='par_1_48' title="bbox 1952 1928 3524 2000">
     <span class='ocr_line' id='line_1_48' title="bbox 1952 1928 3524 2000; baseline 0.003 -15"><span class='ocrx_word' id='word_1_324' title='bbox 1952 1944 2111 1985; x_wconf 80' lang='lat' dir='ltr'><strong>mana</strong></span> <span class='ocrx_word' id='word_1_325' title='bbox 2133 1928 2289 1999; x_wconf 80' lang='lat' dir='ltr'><strong>jura,</strong></span> <span class='ocrx_word' id='word_1_326' title='bbox 2317 1930 2603 2000; x_wconf 85' lang='lat' dir='ltr'><strong>divinaque</strong></span> <span class='ocrx_word' id='word_1_327' title='bbox 2628 1930 2962 1988; x_wconf 88' lang='lat' dir='ltr'><strong>confundunt</strong></span> <span class='ocrx_word' id='word_1_328' title='bbox 2989 1951 3006 1988; x_wconf 85' lang='lat'><strong>:</strong></span> <span class='ocrx_word' id='word_1_329' title='bbox 3043 1934 3345 1989; x_wconf 83' lang='lat' dir='ltr'><strong>honoribus</strong></span> <span class='ocrx_word' id='word_1_330' title='bbox 3370 1935 3524 1990; x_wconf 84' lang='lat' dir='ltr'><strong>intu-</strong></span> 
     </span>
    </p>
   </div>
   <div class='ocr_carea' id='block_1_49' title="bbox 1952 2021 3524 2096">
    <p class='ocr_par' dir='ltr' id='par_1_49' title="bbox 1952 2021 3524 2096">
     <span class='ocr_line' id='line_1_49' title="bbox 1952 2021 3524 2096; baseline 0.005 -21"><span class='ocrx_word' id='word_1_331' title='bbox 1952 2028 2198 2078; x_wconf 86' lang='lat' dir='ltr'><strong>mescunt</strong></span> <span class='ocrx_word' id='word_1_332' title='bbox 2213 2061 2231 2088; x_wconf 87' lang='lat'><strong>,</strong></span> <span class='ocrx_word' id='word_1_333' title='bbox 2256 2021 2434 2079; x_wconf 83' lang='lat' dir='ltr'><strong>aliena-</strong></span> <span class='ocrx_word' id='word_1_334' title='bbox 2455 2023 2674 2093; x_wconf 77' lang='lat' dir='ltr'><strong>rapiunt</strong></span> <span class='ocrx_word' id='word_1_335' title='bbox 2691 2062 2711 2089; x_wconf 82' lang='lat'><strong>,</strong></span> <span class='ocrx_word' id='word_1_336' title='bbox 2735 2032 2794 2079; x_wconf 83' lang='lat' dir='ltr'><strong>et</strong></span> <span class='ocrx_word' id='word_1_337' title='bbox 2821 2024 3029 2096; x_wconf 87' lang='lat' dir='ltr'><strong>seipsos</strong></span> <span class='ocrx_word' id='word_1_338' title='bbox 3051 2026 3317 2096; x_wconf 70' lang='lat' dir='ltr'><strong>superbia:</strong></span> <span class='ocrx_word' id='word_1_339' title='bbox 3338 2042 3524 2083; x_wconf 80' lang='lat' dir='ltr'><strong>corru-</strong></span> 
     </span>
    </p>
   </div>
   <div class='ocr_carea' id='block_1_50' title="bbox 1950 2113 3525 2186">
    <p class='ocr_par' dir='ltr' id='par_1_50' title="bbox 1950 2113 3525 2186">
     <span class='ocr_line' id='line_1_50' title="bbox 1950 2113 3525 2186; baseline 0.004 -20"><span class='ocrx_word' id='word_1_340' title='bbox 1950 2113 2028 2183; x_wconf 89' lang='lat' dir='ltr'><strong>pti</strong></span> <span class='ocrx_word' id='word_1_341' title='bbox 2062 2114 2251 2171; x_wconf 84' lang='lat' dir='ltr'><strong>morbo</strong></span> <span class='ocrx_word' id='word_1_342' title='bbox 2285 2129 2393 2170; x_wconf 86' lang='lat' dir='ltr'><strong>non</strong></span> <span class='ocrx_word' id='word_1_343' title='bbox 2431 2115 2671 2184; x_wconf 87' lang='lat' dir='ltr'><strong>capiunt.</strong></span> <span class='ocrx_word' id='word_1_344' title='bbox 2707 2115 2805 2170; x_wconf 88' lang='lat' dir='ltr'><strong>Est</strong></span> <span class='ocrx_word' id='word_1_345' title='bbox 2833 2116 2977 2171; x_wconf 88' lang='lat' dir='ltr'><strong>enim</strong></span> <span class='ocrx_word' id='word_1_346' title='bbox 3006 2124 3062 2170; x_wconf 90' lang='lat' dir='ltr'><strong>et</strong></span> <span class='ocrx_word' id='word_1_347' title='bbox 3087 2117 3306 2172; x_wconf 84' lang='lat' dir='ltr'><strong>occulta</strong></span> <span class='ocrx_word' id='word_1_348' title='bbox 3332 2132 3525 2186; x_wconf 83' lang='lat' dir='ltr'><strong>super-</strong></span> 
     </span>
    </p>
   </div>
   <div class='ocr_carea' id='block_1_51' title="bbox 1951 2202 3522 2276">
    <p class='ocr_par' dir='ltr' id='par_1_51' title="bbox 1951 2202 3522 2276">
     <span class='ocr_line' id='line_1_51' title="bbox 1951 2202 3522 2276; baseline 0.003 -21"><span class='ocrx_word' id='word_1_349' title='bbox 1951 2202 2060 2265; x_wconf 87' lang='lat' dir='ltr'><strong>bia,</strong></span> <span class='ocrx_word' id='word_1_350' title='bbox 2088 2217 2208 2271; x_wconf 73' lang='lat' dir='ltr'><strong>qua:</strong></span> <span class='ocrx_word' id='word_1_351' title='bbox 2229 2202 2573 2272; x_wconf 83' lang='lat' dir='ltr'><strong>proﬁcientes</strong></span> <span class='ocrx_word' id='word_1_352' title='bbox 2600 2203 2988 2272; x_wconf 90' lang='lat' dir='ltr'><strong>aliquantulum</strong></span> <span class='ocrx_word' id='word_1_353' title='bbox 3018 2206 3230 2261; x_wconf 88' lang='lat' dir='ltr'><strong>occulte</strong></span> <span class='ocrx_word' id='word_1_354' title='bbox 3257 2207 3522 2276; x_wconf 81' lang='lat' dir='ltr'><strong>captivat:</strong></span> 
     </span>
    </p>
   </div>
   <div class='ocr_carea' id='block_1_52' title="bbox 1950 2293 3525 2363">
    <p class='ocr_par' dir='ltr' id='par_1_52' title="bbox 1950 2293 3525 2363">
     <span class='ocr_line' id='line_1_52' title="bbox 1950 2293 3525 2363; baseline 0.004 -18"><span class='ocrx_word' id='word_1_355' title='bbox 1950 2306 2089 2362; x_wconf 88' lang='lat' dir='ltr'><strong>ques</strong></span> <span class='ocrx_word' id='word_1_356' title='bbox 2124 2293 2180 2348; x_wconf 86' lang='lat' dir='ltr'><strong>in</strong></span> <span class='ocrx_word' id='word_1_357' title='bbox 2212 2293 2540 2363; x_wconf 77' lang='lat' dir='ltr'><strong>profundum</strong></span> <span class='ocrx_word' id='word_1_358' title='bbox 2576 2293 2857 2354; x_wconf 81' lang='lat' dir='ltr'><strong>malorum</strong></span> <span class='ocrx_word' id='word_1_359' title='bbox 2895 2294 3243 2351; x_wconf 74' lang='lat' dir='ltr'><strong>fraudulenta</strong></span> <span class='ocrx_word' id='word_1_360' title='bbox 3285 2297 3525 2351; x_wconf 83' lang='lat' dir='ltr'><strong>domina-</strong></span> 
     </span>
    </p>
   </div>
   <div class='ocr_carea' id='block_1_53' title="bbox 1953 2382 3521 2459">
    <p class='ocr_par' dir='ltr' id='par_1_53' title="bbox 1953 2382 3521 2459">
     <span class='ocr_line' id='line_1_53' title="bbox 1953 2382 3521 2459; baseline 0.004 -23"><span class='ocrx_word' id='word_1_361' title='bbox 1953 2382 2102 2438; x_wconf 89' lang='lat' dir='ltr'><strong>tione</strong></span> <span class='ocrx_word' id='word_1_362' title='bbox 2131 2383 2433 2452; x_wconf 73' lang='lat' dir='ltr'><strong>przecipitat</strong></span> <span class='ocrx_word' id='word_1_363' title='bbox 2459 2402 2472 2438; x_wconf 92' lang='lat'><strong>:</strong></span> <span class='ocrx_word' id='word_1_364' title='bbox 2513 2392 2573 2440; x_wconf 87' lang='lat' dir='ltr'><strong>et</strong></span> <span class='ocrx_word' id='word_1_365' title='bbox 2602 2399 2672 2439; x_wconf 90' lang='lat' dir='ltr'><strong>ne</strong></span> <span class='ocrx_word' id='word_1_366' title='bbox 2704 2400 2941 2456; x_wconf 84' lang='lat' dir='ltr'><strong>unquam</strong></span> <span class='ocrx_word' id='word_1_367' title='bbox 2972 2387 3184 2455; x_wconf 88' lang='lat' dir='ltr'><strong>possint</strong></span> <span class='ocrx_word' id='word_1_368' title='bbox 3210 2400 3521 2459; x_wconf 74' lang='lat' dir='ltr'><strong>exsurgere,</strong></span> 
     </span>
    </p>
   </div>
   <div class='ocr_carea' id='block_1_54' title="bbox 1946 2470 3525 2545">
    <p class='ocr_par' dir='ltr' id='par_1_54' title="bbox 1946 2470 3525 2545">
     <span class='ocr_line' id='line_1_54' title="bbox 1946 2470 3525 2545; baseline 0.003 -19"><span class='ocrx_word' id='word_1_369' title='bbox 1946 2470 2147 2543; x_wconf 88' lang='lat' dir='ltr'><strong>jugiter</strong></span> <span class='ocrx_word' id='word_1_370' title='bbox 2173 2472 2363 2529; x_wconf 90' lang='lat' dir='ltr'><strong>calcat.</strong></span> <span class='ocrx_word' id='word_1_371' title='bbox 2396 2472 2523 2528; x_wconf 90' lang='lat' dir='ltr'><strong>Inde</strong></span> <span class='ocrx_word' id='word_1_372' title='bbox 2551 2482 2668 2540; x_wconf 92' lang='lat' dir='ltr'><strong>est,</strong></span> <span class='ocrx_word' id='word_1_373' title='bbox 2701 2474 2832 2545; x_wconf 90' lang='lat' dir='ltr'><strong>quid</strong></span> <span class='ocrx_word' id='word_1_374' title='bbox 2859 2474 2913 2529; x_wconf 90' lang='lat' dir='ltr'><strong>bi</strong></span> <span class='ocrx_word' id='word_1_375' title='bbox 2941 2489 3080 2543; x_wconf 90' lang='lat' dir='ltr'><strong>quos</strong></span> <span class='ocrx_word' id='word_1_376' title='bbox 3108 2476 3354 2544; x_wconf 74' lang='lat' dir='ltr'><strong>superba:</strong></span> <span class='ocrx_word' id='word_1_377' title='bbox 3380 2491 3525 2532; x_wconf 89' lang='lat' dir='ltr'><strong>men-</strong></span> 
     </span>
    </p>
   </div>
   <div class='ocr_carea' id='block_1_55' title="bbox 1953 2562 3524 2636">
    <p class='ocr_par' dir='ltr' id='par_1_55' title="bbox 1953 2562 3524 2636">
     <span class='ocr_line' id='line_1_55' title="bbox 1953 2562 3524 2636; baseline 0.004 -19"><span class='ocrx_word' id='word_1_378' title='bbox 1953 2563 2023 2617; x_wconf 88' lang='lat' dir='ltr'><strong>tis</strong></span> <span class='ocrx_word' id='word_1_379' title='bbox 2070 2562 2222 2619; x_wconf 90' lang='lat' dir='ltr'><strong>tabes</strong></span> <span class='ocrx_word' id='word_1_380' title='bbox 2266 2563 2555 2634; x_wconf 89' lang='lat' dir='ltr'><strong>purulenta</strong></span> <span class='ocrx_word' id='word_1_381' title='bbox 2601 2565 2932 2636; x_wconf 87' lang='lat' dir='ltr'><strong>corruperit,</strong></span> <span class='ocrx_word' id='word_1_382' title='bbox 2983 2566 3259 2621; x_wconf 87' lang='lat' dir='ltr'><strong>seniorum</strong></span> <span class='ocrx_word' id='word_1_383' title='bbox 3306 2583 3524 2623; x_wconf 82' lang='lat' dir='ltr'><strong>suorum</strong></span> 
     </span>
    </p>
   </div>
   <div class='ocr_carea' id='block_1_56' title="bbox 1951 2653 3524 2730">
    <p class='ocr_par' dir='ltr' id='par_1_56' title="bbox 1951 2653 3524 2730">
     <span class='ocr_line' id='line_1_56' title="bbox 1951 2653 3524 2730; baseline 0.006 -24"><span class='ocrx_word' id='word_1_384' title='bbox 1951 2668 2058 2707; x_wconf 92' lang='lat' dir='ltr'><strong>non</strong></span> <span class='ocrx_word' id='word_1_385' title='bbox 2090 2653 2379 2709; x_wconf 84' lang='lat' dir='ltr'><strong>observant</strong></span> <span class='ocrx_word' id='word_1_386' title='bbox 2406 2654 2689 2725; x_wconf 89' lang='lat' dir='ltr'><strong>imperata,</strong></span> <span class='ocrx_word' id='word_1_387' title='bbox 2720 2656 2814 2711; x_wconf 90' lang='lat' dir='ltr'><strong>sed</strong></span> <span class='ocrx_word' id='word_1_388' title='bbox 2837 2656 3099 2727; x_wconf 75' lang='lat' dir='ltr'><strong>iudicant.</strong></span> <span class='ocrx_word' id='word_1_389' title='bbox 3118 2657 3194 2714; x_wconf 90' lang='lat' dir='ltr'><strong>De</strong></span> <span class='ocrx_word' id='word_1_390' title='bbox 3220 2659 3334 2714; x_wconf 90' lang='lat' dir='ltr'><strong>suis</strong></span> <span class='ocrx_word' id='word_1_391' title='bbox 3361 2659 3524 2730; x_wconf 75' lang='lat' dir='ltr'><strong>negli-</strong></span> 
     </span>
    </p>
   </div>
   <div class='ocr_carea' id='block_1_57' title="bbox 1953 2743 3515 2816">
    <p class='ocr_par' dir='ltr' id='par_1_57' title="bbox 1953 2743 3515 2816">
     <span class='ocr_line' id='line_1_57' title="bbox 1953 2743 3515 2816; baseline 0.003 -18"><span class='ocrx_word' id='word_1_392' title='bbox 1953 2743 2148 2814; x_wconf 86' lang='lat' dir='ltr'><strong>gentiis</strong></span> <span class='ocrx_word' id='word_1_393' title='bbox 2181 2744 2480 2816; x_wconf 88' lang='lat' dir='ltr'><strong>objurgati,</strong></span> <span class='ocrx_word' id='word_1_394' title='bbox 2521 2754 2615 2800; x_wconf 91' lang='lat' dir='ltr'><strong>aut</strong></span> <span class='ocrx_word' id='word_1_395' title='bbox 2663 2745 2954 2812; x_wconf 88' lang='lat' dir='ltr'><strong>rebellant,</strong></span> <span class='ocrx_word' id='word_1_396' title='bbox 2997 2757 3091 2803; x_wconf 82' lang='lat' dir='ltr'><strong>aut</strong></span> <span class='ocrx_word' id='word_1_397' title='bbox 3136 2760 3515 2803; x_wconf 88' lang='lat' dir='ltr'><strong>murmurant:</strong></span> 
     </span>
    </p>
   </div>
   <div class='ocr_carea' id='block_1_58' title="bbox 1953 2835 3522 2909">
    <p class='ocr_par' dir='ltr' id='par_1_58' title="bbox 1953 2835 3522 2909">
     <span class='ocr_line' id='line_1_58' title="bbox 1953 2835 3522 2909; baseline 0.003 -19"><span class='ocrx_word' id='word_1_398' title='bbox 1953 2836 2020 2891; x_wconf 89' lang='lat' dir='ltr'><strong>de</strong></span> <span class='ocrx_word' id='word_1_399' title='bbox 2056 2835 2175 2890; x_wconf 85' lang='lat' dir='ltr'><strong>loco</strong></span> <span class='ocrx_word' id='word_1_400' title='bbox 2203 2837 2471 2909; x_wconf 87' lang='lat' dir='ltr'><strong>superiori</strong></span> <span class='ocrx_word' id='word_1_401' title='bbox 2498 2838 2817 2907; x_wconf 88' lang='lat' dir='ltr'><strong>deceptant,</strong></span> <span class='ocrx_word' id='word_1_402' title='bbox 2847 2837 3091 2908; x_wconf 64' lang='lat' dir='ltr'><strong>praeferri</strong></span> <span class='ocrx_word' id='word_1_403' title='bbox 3122 2854 3184 2895; x_wconf 90' lang='lat' dir='ltr'><strong>se</strong></span> <span class='ocrx_word' id='word_1_404' title='bbox 3211 2839 3522 2894; x_wconf 89' lang='lat' dir='ltr'><strong>melioribus</strong></span> 
     </span>
    </p>
   </div>
   <div class='ocr_carea' id='block_1_59' title="bbox 1954 2925 3520 2998">
    <p class='ocr_par' dir='ltr' id='par_1_59' title="bbox 1954 2925 3520 2998">
     <span class='ocr_line' id='line_1_59' title="bbox 1954 2925 3520 2998; baseline 0.002 -19"><span class='ocrx_word' id='word_1_405' title='bbox 1954 2925 2237 2991; x_wconf 73' lang='lat' dir='ltr'><strong>aﬂ‘ectaut,</strong></span> <span class='ocrx_word' id='word_1_406' title='bbox 2281 2941 2408 2982; x_wconf 90' lang='lat' dir='ltr'><strong>suas</strong></span> <span class='ocrx_word' id='word_1_407' title='bbox 2447 2928 2747 2983; x_wconf 91' lang='lat' dir='ltr'><strong>sententias</strong></span> <span class='ocrx_word' id='word_1_408' title='bbox 2790 2929 3095 2998; x_wconf 89' lang='lat' dir='ltr'><strong>procaciter</strong></span> <span class='ocrx_word' id='word_1_409' title='bbox 3130 2927 3374 2998; x_wconf 74' lang='lat' dir='ltr'><strong>iactant,</strong></span> <span class='ocrx_word' id='word_1_410' title='bbox 3419 2943 3520 2982; x_wconf 90' lang='lat' dir='ltr'><strong>non</strong></span> 
     </span>
    </p>
   </div>
   <div class='ocr_carea' id='block_1_60' title="bbox 1955 3018 3518 3089">
    <p class='ocr_par' dir='ltr' id='par_1_60' title="bbox 1955 3018 3518 3089">
     <span class='ocr_line' id='line_1_60' title="bbox 1955 3018 3518 3089; baseline 0.001 -17"><span class='ocrx_word' id='word_1_411' title='bbox 1955 3026 2176 3073; x_wconf 86' lang='lat' dir='ltr'><strong>servant</strong></span> <span class='ocrx_word' id='word_1_412' title='bbox 2217 3018 2273 3073; x_wconf 92' lang='lat' dir='ltr'><strong>in</strong></span> <span class='ocrx_word' id='word_1_413' title='bbox 2311 3019 2572 3089; x_wconf 90' lang='lat' dir='ltr'><strong>obsequio</strong></span> <span class='ocrx_word' id='word_1_414' title='bbox 2603 3023 2984 3074; x_wconf 85' lang='lat' dir='ltr'><strong>reverentiam.</strong></span> <span class='ocrx_word' id='word_1_415' title='bbox 3025 3019 3151 3074; x_wconf 77' lang='lat' dir='ltr'><strong>Haec</strong></span> <span class='ocrx_word' id='word_1_416' title='bbox 3181 3030 3307 3075; x_wconf 91' lang='lat' dir='ltr'><strong>sunt</strong></span> <span class='ocrx_word' id='word_1_417' title='bbox 3334 3035 3518 3089; x_wconf 87' lang='lat' dir='ltr'><strong>super-</strong></span> 
     </span>
    </p>
   </div>
   <div class='ocr_carea' id='block_1_61' title="bbox 1954 3108 3521 3181">
    <p class='ocr_par' dir='ltr' id='par_1_61' title="bbox 1954 3108 3521 3181">
     <span class='ocr_line' id='line_1_61' title="bbox 1954 3108 3521 3181; baseline 0.002 -18"><span class='ocrx_word' id='word_1_418' title='bbox 1954 3108 2058 3164; x_wconf 70' lang='lat' dir='ltr'><strong>bia:</strong></span> <span class='ocrx_word' id='word_1_419' title='bbox 2092 3110 2322 3165; x_wconf 90' lang='lat' dir='ltr'><strong>tumoris</strong></span> <span class='ocrx_word' id='word_1_420' title='bbox 2353 3110 2581 3175; x_wconf 88' lang='lat' dir='ltr'><strong>indicia,</strong></span> <span class='ocrx_word' id='word_1_421' title='bbox 2617 3111 2814 3181; x_wconf 88' lang='lat' dir='ltr'><strong>quibus</strong></span> <span class='ocrx_word' id='word_1_422' title='bbox 2843 3111 2991 3168; x_wconf 87' lang='lat' dir='ltr'><strong>Deus</strong></span> <span class='ocrx_word' id='word_1_423' title='bbox 3014 3109 3327 3179; x_wconf 83' lang='lat' dir='ltr'><strong>offenditur,</strong></span> <span class='ocrx_word' id='word_1_424' title='bbox 3357 3121 3413 3168; x_wconf 92' lang='lat' dir='ltr'><strong>et</strong></span> <span class='ocrx_word' id='word_1_425' title='bbox 3442 3113 3521 3166; x_wconf 89' lang='lat' dir='ltr'><strong>his</strong></span> 
     </span>
    </p>
   </div>
   <div class='ocr_carea' id='block_1_62' title="bbox 279 3179 1849 3293">
    <p class='ocr_par' dir='ltr' id='par_1_62' title="bbox 279 3179 1849 3293">
     <span class='ocr_line' id='line_1_62' title="bbox 279 3179 1849 3293; baseline 0.008 -16"><span class='ocrx_word' id='word_1_426' title='bbox 279 3179 700 3287; x_wconf 31' lang='lat' dir='ltr'><strong>ﬁcitur-{walled</strong></span> <span class='ocrx_word' id='word_1_427' title='bbox 750 3179 981 3293; x_wconf 57' lang='grc' dir='ltr'><strong>ρνοω(</strong></span> <span class='ocrx_word' id='word_1_428' title='bbox 1005 3226 1171 3284; x_wconf 85' lang='lat' dir='ltr'><strong>dubio</strong></span> <span class='ocrx_word' id='word_1_429' title='bbox 1222 3229 1294 3285; x_wconf 86' lang='lat' dir='ltr'><strong>ad</strong></span> <span class='ocrx_word' id='word_1_430' title='bbox 1346 3179 1721 3288; x_wconf 40' lang='lat' dir='ltr'><strong>continue-alui;</strong></span> <span class='ocrx_word' id='word_1_431' title='bbox 1756 3179 1849 3289; x_wconf 61' lang='grc' dir='ltr'><strong>ἑξ-</strong></span> 
     </span>
    </p>
   </div>
   <div class='ocr_carea' id='block_1_63' title="bbox 1956 3179 2932 3293">
    <p class='ocr_par' dir='ltr' id='par_1_63' title="bbox 1956 3179 2932 3272">
     <span class='ocr_line' id='line_1_63' title="bbox 1956 3179 2932 3272; baseline 0.002 -17"><span class='ocrx_word' id='word_1_432' title='bbox 1956 3199 2117 3257; x_wconf 86' lang='lat' dir='ltr'><strong>malis</strong></span> <span class='ocrx_word' id='word_1_433' title='bbox 2139 3201 2385 3259; x_wconf 78' lang='lat' dir='ltr'><strong>diabolus</strong></span> <span class='ocrx_word' id='word_1_434' title='bbox 2412 3209 2598 3272; x_wconf 88' lang='lat' dir='ltr'><strong>pastus</strong></span> <span class='ocrx_word' id='word_1_435' title='bbox 2625 3179 2880 3258; x_wconf 77' lang='lat' dir='ltr'><strong>exsultat.</strong></span> <span class='ocrx_word' id='word_1_436' title='bbox 2912 3222 2932 3256; x_wconf 75' lang='grc' dir='ltr'><strong>ι</strong></span> 
     </span>
    </p>
   </div>
   <div class='ocr_carea' id='block_1_64' title="bbox 279 3310 499 3367">
    <p class='ocr_par' dir='ltr' id='par_1_64' title="bbox 279 3310 499 3367">
     <span class='ocr_line' id='line_1_64' title="bbox 279 3310 499 3367; baseline -0.005 -1"><span class='ocrx_word' id='word_1_437' title='bbox 279 3310 499 3367; x_wconf 86' lang='lat' dir='ltr'><strong>citatur.</strong></span> 
     </span>
    </p>
   </div>
   <div class='ocr_carea' id='block_1_65' title="bbox 347 3401 1853 3480">
    <p class='ocr_par' dir='ltr' id='par_1_65' title="bbox 347 3401 1853 3480">
     <span class='ocr_line' id='line_1_65' title="bbox 347 3401 1853 3480; baseline 0.011 -24"><span class='ocrx_word' id='word_1_438' title='bbox 347 3401 496 3458; x_wconf 75' lang='lat' dir='ltr'><strong>Bene</strong></span> <span class='ocrx_word' id='word_1_439' title='bbox 523 3412 704 3459; x_wconf 87' lang='lat' dir='ltr'><strong>autem</strong></span> <span class='ocrx_word' id='word_1_440' title='bbox 733 3404 901 3461; x_wconf 73' lang='lat' dir='ltr'><strong>duces</strong></span> <span class='ocrx_word' id='word_1_441' title='bbox 924 3407 1207 3463; x_wconf 80' lang='lat' dir='ltr'><strong>exhortari</strong></span> <span class='ocrx_word' id='word_1_442' title='bbox 1232 3409 1362 3466; x_wconf 82' lang='lat' dir='ltr'><strong>dicti</strong></span> <span class='ocrx_word' id='word_1_443' title='bbox 1393 3421 1547 3480; x_wconf 90' lang='lat' dir='ltr'><strong>sunt,</strong></span> <span class='ocrx_word' id='word_1_444' title='bbox 1579 3415 1853 3472; x_wconf 85' lang='lat' dir='ltr'><strong>exercitus</strong></span> 
     </span>
    </p>
   </div>
   <div class='ocr_carea' id='block_1_66' title="bbox 277 3490 1854 3575">
    <p class='ocr_par' dir='ltr' id='par_1_66' title="bbox 277 3490 1854 3575">
     <span class='ocr_line' id='line_1_66' title="bbox 277 3490 1854 3575; baseline 0.009 -28"><span class='ocrx_word' id='word_1_445' title='bbox 277 3490 509 3558; x_wconf 78' lang='lat' dir='ltr'><strong>ululare,</strong></span> <span class='ocrx_word' id='word_1_446' title='bbox 545 3508 657 3563; x_wconf 79' lang='lat' dir='ltr'><strong>qua</strong></span> <span class='ocrx_word' id='word_1_447' title='bbox 687 3495 863 3565; x_wconf 86' lang='lat' dir='ltr'><strong>prima</strong></span> <span class='ocrx_word' id='word_1_448' title='bbox 899 3497 1030 3552; x_wconf 85' lang='lat' dir='ltr'><strong>vitia</strong></span> <span class='ocrx_word' id='word_1_449' title='bbox 1068 3498 1306 3569; x_wconf 74' lang='lat' dir='ltr'><strong>deceptae</strong></span> <span class='ocrx_word' id='word_1_450' title='bbox 1342 3504 1509 3558; x_wconf 86' lang='lat' dir='ltr'><strong>menti</strong></span> <span class='ocrx_word' id='word_1_451' title='bbox 1552 3505 1707 3575; x_wconf 88' lang='lat' dir='ltr'><strong>quasi</strong></span> <span class='ocrx_word' id='word_1_452' title='bbox 1752 3506 1854 3561; x_wconf 81' lang='lat' dir='ltr'><strong>sub</strong></span> 
     </span>
    </p>
   </div>
   <div class='ocr_carea' id='block_1_67' title="bbox 277 3585 1855 3666">
    <p class='ocr_par' dir='ltr' id='par_1_67' title="bbox 277 3585 1855 3666">
     <span class='ocr_line' id='line_1_67' title="bbox 277 3585 1855 3666; baseline 0.008 -27"><span class='ocrx_word' id='word_1_453' title='bbox 277 3585 512 3654; x_wconf 87' lang='lat' dir='ltr'><strong>quadam</strong></span> <span class='ocrx_word' id='word_1_454' title='bbox 545 3586 756 3643; x_wconf 85' lang='lat' dir='ltr'><strong>ratione</strong></span> <span class='ocrx_word' id='word_1_455' title='bbox 789 3603 850 3645; x_wconf 91' lang='lat' dir='ltr'><strong>se</strong></span> <span class='ocrx_word' id='word_1_456' title='bbox 896 3589 1181 3657; x_wconf 82' lang='lat' dir='ltr'><strong>inserunt;</strong></span> <span class='ocrx_word' id='word_1_457' title='bbox 1233 3593 1329 3648; x_wconf 86' lang='lat' dir='ltr'><strong>sed</strong></span> <span class='ocrx_word' id='word_1_458' title='bbox 1374 3594 1687 3661; x_wconf 88' lang='lat' dir='ltr'><strong>innumera,</strong></span> <span class='ocrx_word' id='word_1_459' title='bbox 1735 3611 1855 3666; x_wconf 73' lang='lat' dir='ltr'><strong>qua:</strong></span> 
     </span>
    </p>
   </div>
   <div class='ocr_carea' id='block_1_68' title="bbox 276 3681 1853 3758">
    <p class='ocr_par' dir='ltr' id='par_1_68' title="bbox 276 3681 1853 3758">
     <span class='ocr_line' id='line_1_68' title="bbox 276 3681 1853 3758; baseline 0.007 -25"><span class='ocrx_word' id='word_1_460' title='bbox 276 3687 599 3750; x_wconf 76' lang='lat' dir='ltr'><strong>seqtusntur,</strong></span> <span class='ocrx_word' id='word_1_461' title='bbox 636 3681 764 3737; x_wconf 86' lang='lat' dir='ltr'><strong>dum</strong></span> <span class='ocrx_word' id='word_1_462' title='bbox 797 3683 939 3738; x_wconf 77' lang='lat' dir='ltr'><strong>hanc</strong></span> <span class='ocrx_word' id='word_1_463' title='bbox 981 3692 1037 3741; x_wconf 89' lang='lat' dir='ltr'><strong>et</strong></span> <span class='ocrx_word' id='word_1_464' title='bbox 1071 3700 1288 3741; x_wconf 85' lang='lat' dir='ltr'><strong>omnem</strong></span> <span class='ocrx_word' id='word_1_465' title='bbox 1329 3686 1597 3743; x_wconf 72' lang='lat' dir='ltr'><strong>insaniam</strong></span> <span class='ocrx_word' id='word_1_466' title='bbox 1643 3698 1853 3758; x_wconf 84' lang='lat' dir='ltr'><strong>pertra-</strong></span> 
     </span>
    </p>
   </div>
   <div class='ocr_carea' id='block_1_69' title="bbox 279 3771 1525 3841">
    <p class='ocr_par' dir='ltr' id='par_1_69' title="bbox 279 3771 1525 3841">
     <span class='ocr_line' id='line_1_69' title="bbox 279 3771 1525 3841; baseline 0.006 -16"><span class='ocrx_word' id='word_1_467' title='bbox 279 3771 444 3837; x_wconf 78' lang='lat' dir='ltr'><strong>hunt,</strong></span> <span class='ocrx_word' id='word_1_468' title='bbox 476 3772 637 3841; x_wconf 86' lang='lat' dir='ltr'><strong>quasi</strong></span> <span class='ocrx_word' id='word_1_469' title='bbox 665 3773 885 3829; x_wconf 85' lang='lat' dir='ltr'><strong>bestiali-</strong></span> <span class='ocrx_word' id='word_1_470' title='bbox 905 3774 1144 3831; x_wconf 87' lang='lat' dir='ltr'><strong>clamore</strong></span> <span class='ocrx_word' id='word_1_471' title='bbox 1170 3775 1525 3832; x_wconf 69' lang='lat' dir='ltr'><strong>couﬁmdmtt.</strong></span> 
     </span>
    </p>
   </div>
   <div class='ocr_carea' id='block_1_70' title="bbox 900 3863 1235 3920">
    <p class='ocr_par' dir='ltr' id='par_1_70' title="bbox 900 3863 1235 3920">
     <span class='ocr_line' id='line_1_70' title="bbox 900 3863 1235 3920; baseline -0.006 -1"><span class='ocrx_word' id='word_1_472' title='bbox 900 3863 1128 3920; x_wconf 86' lang='lat' dir='ltr'><strong>CAPUT</strong></span> <span class='ocrx_word' id='word_1_473' title='bbox 1170 3865 1235 3919; x_wconf 88' lang='lat' dir='ltr'><strong>ll.</strong></span> 
     </span>
    </p>
   </div>
   <div class='ocr_carea' id='block_1_71' title="bbox 788 3950 1333 4024">
    <p class='ocr_par' dir='ltr' id='par_1_71' title="bbox 788 3950 1333 4024">
     <span class='ocr_line' id='line_1_71' title="bbox 788 3950 1333 4024; baseline 0.007 -19"><span class='ocrx_word' id='word_1_474' title='bbox 788 3950 867 4005; x_wconf 80' lang='lat' dir='ltr'><strong>De</strong></span> <span class='ocrx_word' id='word_1_475' title='bbox 900 3952 1024 4006; x_wconf 80' lang='lat' dir='ltr'><strong>vitio</strong></span> <span class='ocrx_word' id='word_1_476' title='bbox 1058 3954 1333 4024; x_wconf 64' lang='lat' dir='ltr'><strong>superbire.</strong></span> 
     </span>
    </p>
   </div>
   <div class='ocr_carea' id='block_1_72' title="bbox 351 4039 1851 4115">
    <p class='ocr_par' dir='ltr' id='par_1_72' title="bbox 351 4039 1851 4115">
     <span class='ocr_line' id='line_1_72' title="bbox 351 4039 1851 4115; baseline 0.004 -19"><span class='ocrx_word' id='word_1_477' title='bbox 351 4039 772 4096; x_wconf 88' lang='lat' dir='ltr'><strong>Consideremus</strong></span> <span class='ocrx_word' id='word_1_478' title='bbox 806 4054 936 4112; x_wconf 88' lang='lat' dir='ltr'><strong>ergo</strong></span> <span class='ocrx_word' id='word_1_479' title='bbox 969 4055 1092 4111; x_wconf 76' lang='lat' dir='ltr'><strong>qum</strong></span> <span class='ocrx_word' id='word_1_480' title='bbox 1124 4057 1302 4097; x_wconf 70' lang='lat' dir='ltr'><strong>cauete</strong></span> <span class='ocrx_word' id='word_1_481' title='bbox 1335 4043 1674 4113; x_wconf 65' lang='lat' dir='ltr'><strong>praecedant,</strong></span> <span class='ocrx_word' id='word_1_482' title='bbox 1714 4061 1851 4115; x_wconf 88' lang='lat' dir='ltr'><strong>quas</strong></span> 
     </span>
    </p>
   </div>
   <div class='ocr_carea' id='block_1_73' title="bbox 277 4130 1852 4203">
    <p class='ocr_par' dir='ltr' id='par_1_73' title="bbox 277 4130 1852 4203">
     <span class='ocr_line' id='line_1_73' title="bbox 277 4130 1852 4203; baseline 0.004 -19"><span class='ocrx_word' id='word_1_483' title='bbox 277 4130 409 4186; x_wconf 82' lang='lat' dir='ltr'><strong>vitia</strong></span> <span class='ocrx_word' id='word_1_484' title='bbox 439 4130 856 4201; x_wconf 80' lang='lat' dir='ltr'><strong>subsequantur.</strong></span> <span class='ocrx_word' id='word_1_485' title='bbox 888 4131 979 4186; x_wconf 83' lang='lat' dir='ltr'><strong>Ait</strong></span> <span class='ocrx_word' id='word_1_486' title='bbox 1005 4132 1150 4187; x_wconf 91' lang='lat' dir='ltr'><strong>enim</strong></span> <span class='ocrx_word' id='word_1_487' title='bbox 1175 4132 1410 4203; x_wconf 81' lang='lat' dir='ltr'><strong>Prosper</strong></span> <span class='ocrx_word' id='word_1_488' title='bbox 1437 4135 1464 4174; x_wconf 70' lang='grc' dir='ltr'><strong><em>ι)</em></strong></span> <span class='ocrx_word' id='word_1_489' title='bbox 1490 4152 1503 4188; x_wconf 91' lang='lat'><strong>:</strong></span> <span class='ocrx_word' id='word_1_490' title='bbox 1534 4153 1553 4186; x_wconf 73' lang='grc' dir='ltr'><strong>ι</strong></span> <span class='ocrx_word' id='word_1_491' title='bbox 1581 4134 1761 4201; x_wconf 86' lang='lat' dir='ltr'><strong>Quod,</strong></span> <span class='ocrx_word' id='word_1_492' title='bbox 1792 4144 1852 4191; x_wconf 89' lang='lat' dir='ltr'><strong>ut</strong></span> 
     </span>
    </p>
   </div>
   <div class='ocr_carea' id='block_1_74' title="bbox 277 4221 1850 4293">
    <p class='ocr_par' dir='ltr' id='par_1_74' title="bbox 277 4221 1850 4293">
     <span class='ocr_line' id='line_1_74' title="bbox 277 4221 1850 4293; baseline 0.004 -17"><span class='ocrx_word' id='word_1_493' title='bbox 277 4222 592 4280; x_wconf 84' lang='lat' dir='ltr'><strong>credibilius</strong></span> <span class='ocrx_word' id='word_1_494' title='bbox 624 4223 892 4289; x_wconf 85' lang='lat' dir='ltr'><strong>videatur,</strong></span> <span class='ocrx_word' id='word_1_495' title='bbox 932 4221 1215 4293; x_wconf 80' lang='lat' dir='ltr'><strong>Scriptura</strong></span> <span class='ocrx_word' id='word_1_496' title='bbox 1260 4222 1442 4278; x_wconf 79' lang='lat' dir='ltr'><strong>divina</strong></span> <span class='ocrx_word' id='word_1_497' title='bbox 1475 4226 1721 4280; x_wconf 88' lang='lat' dir='ltr'><strong>consulta</strong></span> <span class='ocrx_word' id='word_1_498' title='bbox 1759 4241 1850 4282; x_wconf 85' lang='lat' dir='ltr'><strong>re—</strong></span> 
     </span>
    </p>
   </div>
   <div class='ocr_carea' id='block_1_75' title="bbox 278 4312 1850 4384">
    <p class='ocr_par' dir='ltr' id='par_1_75' title="bbox 278 4312 1850 4384">
     <span class='ocr_line' id='line_1_75' title="bbox 278 4312 1850 4384; baseline 0.003 -16"><span class='ocrx_word' id='word_1_499' title='bbox 278 4313 563 4383; x_wconf 90' lang='lat' dir='ltr'><strong>spondeat.</strong></span> <span class='ocrx_word' id='word_1_500' title='bbox 596 4333 616 4366; x_wconf 79' lang='grc'><strong>)</strong></span> <span class='ocrx_word' id='word_1_501' title='bbox 650 4312 802 4370; x_wconf 88' lang='lat' dir='ltr'><strong>Unde</strong></span> <span class='ocrx_word' id='word_1_502' title='bbox 830 4316 1054 4384; x_wconf 60' lang='lat' dir='ltr'><strong>quaesita</strong></span> <span class='ocrx_word' id='word_1_503' title='bbox 1084 4315 1338 4383; x_wconf 88' lang='lat' dir='ltr'><strong>protulit,</strong></span> <span class='ocrx_word' id='word_1_504' title='bbox 1369 4315 1557 4371; x_wconf 85' lang='lat' dir='ltr'><strong>dicens</strong></span> <span class='ocrx_word' id='word_1_505' title='bbox 1584 4333 1600 4374; x_wconf 89' lang='lat'><strong>:</strong></span> <span class='ocrx_word' id='word_1_506' title='bbox 1633 4316 1850 4372; x_wconf 80' lang='lat' dir='ltr'><strong>Initium</strong></span> 
     </span>
    </p>
   </div>
   <div class='ocr_carea' id='block_1_76' title="bbox 276 4402 1850 4476">
    <p class='ocr_par' dir='ltr' id='par_1_76' title="bbox 276 4402 1850 4476">
     <span class='ocr_line' id='line_1_76' title="bbox 276 4402 1850 4476; baseline 0.003 -19"><span class='ocrx_word' id='word_1_507' title='bbox 276 4403 445 4457; x_wconf 81' lang='lat' dir='ltr'><strong>omnis</strong></span> <span class='ocrx_word' id='word_1_508' title='bbox 491 4403 691 4474; x_wconf 80' lang='lat' dir='ltr'><strong>peccati</strong></span> <span class='ocrx_word' id='word_1_509' title='bbox 733 4403 996 4475; x_wconf 75' lang='lat' dir='ltr'><strong>superbia.</strong></span> <span class='ocrx_word' id='word_1_510' title='bbox 1051 4402 1169 4463; x_wconf 80' lang='lat' dir='ltr'><strong>Non</strong></span> <span class='ocrx_word' id='word_1_511' title='bbox 1217 4403 1443 4476; x_wconf 80' lang='lat' dir='ltr'><strong>alicujus</strong></span> <span class='ocrx_word' id='word_1_512' title='bbox 1463 4447 1478 4471; x_wconf 93' lang='lat'><strong>,</strong></span> <span class='ocrx_word' id='word_1_513' title='bbox 1529 4407 1627 4462; x_wconf 87' lang='lat' dir='ltr'><strong>sed</strong></span> <span class='ocrx_word' id='word_1_514' title='bbox 1670 4405 1850 4464; x_wconf 86' lang='lat' dir='ltr'><strong>omnis</strong></span> 
     </span>
    </p>
   </div>
   <div class='ocr_carea' id='block_1_77' title="bbox 2555 3310 2901 3367">
    <p class='ocr_par' dir='ltr' id='par_1_77' title="bbox 2555 3310 2901 3367">
     <span class='ocr_line' id='line_1_77' title="bbox 2555 3310 2901 3367; baseline -0.006 0"><span class='ocrx_word' id='word_1_515' title='bbox 2555 3310 2785 3367; x_wconf 81' lang='lat' dir='ltr'><strong>CAPUT</strong></span> <span class='ocrx_word' id='word_1_516' title='bbox 2813 3311 2901 3366; x_wconf 83' lang='lat' dir='ltr'><strong>Ill.</strong></span> 
     </span>
    </p>
   </div>
   <div class='ocr_carea' id='block_1_78' title="bbox 2408 3402 3055 3474">
    <p class='ocr_par' dir='ltr' id='par_1_78' title="bbox 2408 3402 3055 3474">
     <span class='ocr_line' id='line_1_78' title="bbox 2408 3402 3055 3474; baseline 0 -17"><span class='ocrx_word' id='word_1_517' title='bbox 2408 3402 2486 3457; x_wconf 85' lang='lat' dir='ltr'><strong>De</strong></span> <span class='ocrx_word' id='word_1_518' title='bbox 2520 3404 2747 3458; x_wconf 84' lang='lat' dir='ltr'><strong>remedio</strong></span> <span class='ocrx_word' id='word_1_519' title='bbox 2780 3403 3055 3474; x_wconf 76' lang='lat' dir='ltr'><strong>superbiw.</strong></span> 
     </span>
    </p>
   </div>
   <div class='ocr_carea' id='block_1_79' title="bbox 2022 3490 3521 3566">
    <p class='ocr_par' dir='ltr' id='par_1_79' title="bbox 2022 3490 3521 3566">
     <span class='ocr_line' id='line_1_79' title="bbox 2022 3490 3521 3566; baseline 0.002 -20"><span class='ocrx_word' id='word_1_520' title='bbox 2022 3490 2328 3559; x_wconf 76' lang='lat' dir='ltr'><strong>Humilitas,</strong></span> <span class='ocrx_word' id='word_1_521' title='bbox 2365 3493 2627 3549; x_wconf 83' lang='lat' dir='ltr'><strong>virtutum</strong></span> <span class='ocrx_word' id='word_1_522' title='bbox 2659 3494 2899 3549; x_wconf 83' lang='lat' dir='ltr'><strong>omnium</strong></span> <span class='ocrx_word' id='word_1_523' title='bbox 2941 3504 3134 3561; x_wconf 84' lang='lat' dir='ltr'><strong>mater,</strong></span> <span class='ocrx_word' id='word_1_524' title='bbox 3157 3496 3373 3566; x_wconf 78' lang='lat' dir='ltr'><strong>penitus</strong></span> <span class='ocrx_word' id='word_1_525' title='bbox 3398 3511 3521 3551; x_wconf 86' lang='lat' dir='ltr'><strong>con—</strong></span> 
     </span>
    </p>
   </div>
   <div class='ocr_carea' id='block_1_80' title="bbox 1950 3581 3523 3656">
    <p class='ocr_par' dir='ltr' id='par_1_80' title="bbox 1950 3581 3523 3656">
     <span class='ocr_line' id='line_1_80' title="bbox 1950 3581 3523 3656; baseline 0.003 -21"><span class='ocrx_word' id='word_1_526' title='bbox 1950 3581 2082 3636; x_wconf 86' lang='lat' dir='ltr'><strong>terit</strong></span> <span class='ocrx_word' id='word_1_527' title='bbox 2128 3583 2437 3652; x_wconf 82' lang='lat' dir='ltr'><strong>superbiam</strong></span> <span class='ocrx_word' id='word_1_528' title='bbox 2458 3623 2473 3648; x_wconf 92' lang='lat'><strong>,</strong></span> <span class='ocrx_word' id='word_1_529' title='bbox 2525 3583 2979 3654; x_wconf 86' lang='lat' dir='ltr'><strong>quemadmodum</strong></span> <span class='ocrx_word' id='word_1_530' title='bbox 3028 3584 3310 3656; x_wconf 86' lang='lat' dir='ltr'><strong>Scriptura</strong></span> <span class='ocrx_word' id='word_1_531' title='bbox 3360 3594 3523 3640; x_wconf 80' lang='lat' dir='ltr'><strong>testa-</strong></span> 
     </span>
    </p>
   </div>
   <div class='ocr_carea' id='block_1_81' title="bbox 1951 3670 3522 3745">
    <p class='ocr_par' dir='ltr' id='par_1_81' title="bbox 1951 3670 3522 3745">
     <span class='ocr_line' id='line_1_81' title="bbox 1951 3670 3522 3745; baseline 0.004 -20"><span class='ocrx_word' id='word_1_532' title='bbox 1951 3680 2078 3726; x_wconf 81' lang='lat' dir='ltr'><strong>tur:</strong></span> <span class='ocrx_word' id='word_1_533' title='bbox 2111 3670 2296 3727; x_wconf 75' lang='lat' dir='ltr'><strong>Omnis</strong></span> <span class='ocrx_word' id='word_1_534' title='bbox 2332 3676 2422 3745; x_wconf 86' lang='lat' dir='ltr'><strong>qui</strong></span> <span class='ocrx_word' id='word_1_535' title='bbox 2460 3691 2516 3729; x_wconf 89' lang='lat' dir='ltr'><strong>se</strong></span> <span class='ocrx_word' id='word_1_536' title='bbox 2553 3674 2796 3729; x_wconf 84' lang='lat' dir='ltr'><strong>humiliat</strong></span> <span class='ocrx_word' id='word_1_537' title='bbox 2819 3716 2834 3739; x_wconf 84' lang='lat'><strong>.</strong></span> <span class='ocrx_word' id='word_1_538' title='bbox 2873 3676 3207 3731; x_wconf 71' lang='lat' dir='ltr'><strong>exaltabitur.</strong></span> <span class='ocrx_word' id='word_1_539' title='bbox 3259 3678 3367 3732; x_wconf 86' lang='lat' dir='ltr'><strong>Et:</strong></span> <span class='ocrx_word' id='word_1_540' title='bbox 3399 3675 3522 3732; x_wconf 78' lang='lat' dir='ltr'><strong>Clo-</strong></span> 
     </span>
    </p>
   </div>
   <div class='ocr_carea' id='block_1_82' title="bbox 1951 3763 3523 3840">
    <p class='ocr_par' dir='ltr' id='par_1_82' title="bbox 1951 3763 3523 3840">
     <span class='ocr_line' id='line_1_82' title="bbox 1951 3763 3523 3840; baseline 0.005 -24"><span class='ocrx_word' id='word_1_541' title='bbox 1951 3763 2087 3817; x_wconf 75' lang='lat' dir='ltr'><strong>riarn</strong></span> <span class='ocrx_word' id='word_1_542' title='bbox 2112 3764 2356 3833; x_wconf 75' lang='lat' dir='ltr'><strong>prwcedit</strong></span> <span class='ocrx_word' id='word_1_543' title='bbox 2385 3766 2674 3822; x_wconf 79' lang='lat' dir='ltr'><strong>humilitas.</strong></span> <span class='ocrx_word' id='word_1_544' title='bbox 2706 3766 2774 3822; x_wconf 87' lang='lat' dir='ltr'><strong>Et</strong></span> <span class='ocrx_word' id='word_1_545' title='bbox 2800 3769 2998 3824; x_wconf 85' lang='lat' dir='ltr'><strong>iterum</strong></span> <span class='ocrx_word' id='word_1_546' title='bbox 3028 3786 3043 3824; x_wconf 93' lang='lat'><strong>:</strong></span> <span class='ocrx_word' id='word_1_547' title='bbox 3073 3768 3155 3822; x_wconf 81' lang='lat' dir='ltr'><strong>Ad</strong></span> <span class='ocrx_word' id='word_1_548' title='bbox 3183 3786 3333 3840; x_wconf 86' lang='lat' dir='ltr'><strong>quem</strong></span> <span class='ocrx_word' id='word_1_549' title='bbox 3360 3771 3523 3840; x_wconf 74' lang='lat' dir='ltr'><strong>respi-</strong></span> 
     </span>
    </p>
   </div>
   <div class='ocr_carea' id='block_1_83' title="bbox 1951 3857 3523 3933">
    <p class='ocr_par' dir='ltr' id='par_1_83' title="bbox 1951 3857 3523 3933">
     <span class='ocr_line' id='line_1_83' title="bbox 1951 3857 3523 3933; baseline 0.003 -21"><span class='ocrx_word' id='word_1_550' title='bbox 1951 3857 2119 3923; x_wconf 82' lang='lat' dir='ltr'><strong>ciam,</strong></span> <span class='ocrx_word' id='word_1_551' title='bbox 2168 3859 2270 3913; x_wconf 84' lang='lat' dir='ltr'><strong>nisi</strong></span> <span class='ocrx_word' id='word_1_552' title='bbox 2316 3860 2385 3913; x_wconf 83' lang='lat' dir='ltr'><strong>ad</strong></span> <span class='ocrx_word' id='word_1_553' title='bbox 2423 3860 2704 3927; x_wconf 84' lang='lat' dir='ltr'><strong>humilem,</strong></span> <span class='ocrx_word' id='word_1_554' title='bbox 2745 3872 2795 3916; x_wconf 82' lang='lat' dir='ltr'><strong>et</strong></span> <span class='ocrx_word' id='word_1_555' title='bbox 2831 3863 3095 3933; x_wconf 89' lang='lat' dir='ltr'><strong>quietum,</strong></span> <span class='ocrx_word' id='word_1_556' title='bbox 3128 3873 3179 3916; x_wconf 85' lang='lat' dir='ltr'><strong>et</strong></span> <span class='ocrx_word' id='word_1_557' title='bbox 3217 3872 3523 3917; x_wconf 78' lang='lat' dir='ltr'><strong>trementem</strong></span> 
     </span>
    </p>
   </div>
   <div class='ocr_carea' id='block_1_84' title="bbox 1950 3950 3524 4024">
    <p class='ocr_par' dir='ltr' id='par_1_84' title="bbox 1950 3950 3524 4024">
     <span class='ocr_line' id='line_1_84' title="bbox 1950 3950 3524 4024; baseline 0.003 -23"><span class='ocrx_word' id='word_1_558' title='bbox 1950 3963 2215 4003; x_wconf 79' lang='lat' dir='ltr'><strong>sermones</strong></span> <span class='ocrx_word' id='word_1_559' title='bbox 2250 3965 2390 4004; x_wconf 82' lang='lat' dir='ltr'><strong>meos</strong></span> <span class='ocrx_word' id='word_1_560' title='bbox 2414 3950 2440 4004; x_wconf 74' lang='grc'><em>7</em></span> <span class='ocrx_word' id='word_1_561' title='bbox 2471 3950 2580 4005; x_wconf 88' lang='lat' dir='ltr'><strong>Et:</strong></span> <span class='ocrx_word' id='word_1_562' title='bbox 2617 3950 2761 4007; x_wconf 88' lang='lat' dir='ltr'><strong>Deus</strong></span> <span class='ocrx_word' id='word_1_563' title='bbox 2792 3951 3014 4006; x_wconf 85' lang='lat' dir='ltr'><strong>humilia</strong></span> <span class='ocrx_word' id='word_1_564' title='bbox 3051 3954 3279 4024; x_wconf 80' lang='lat' dir='ltr'><strong>respicit.</strong></span> <span class='ocrx_word' id='word_1_565' title='bbox 3318 3965 3342 3992; x_wconf 72' lang='grc' dir='ltr'>ε</span> <span class='ocrx_word' id='word_1_566' title='bbox 3374 3952 3524 4010; x_wconf 82' lang='lat' dir='ltr'><strong>Unde</strong></span> 
     </span>
    </p>
   </div>
   <div class='ocr_carea' id='block_1_85' title="bbox 1950 4040 3522 4119">
    <p class='ocr_par' dir='ltr' id='par_1_85' title="bbox 1950 4040 3522 4119">
     <span class='ocr_line' id='line_1_85' title="bbox 1950 4040 3522 4119; baseline 0.004 -23"><span class='ocrx_word' id='word_1_567' title='bbox 1950 4040 2247 4112; x_wconf 87' lang='lat' dir='ltr'><strong>Gregorius</strong></span> <span class='ocrx_word' id='word_1_568' title='bbox 2296 4044 2509 4115; x_wconf 89' lang='lat' dir='ltr'><strong>inquit:</strong></span> <span class='ocrx_word' id='word_1_569' title='bbox 2566 4045 2791 4102; x_wconf 90' lang='lat' dir='ltr'><strong>Dicatur</strong></span> <span class='ocrx_word' id='word_1_570' title='bbox 2833 4061 2965 4117; x_wconf 80' lang='lat' dir='ltr'><strong>ergo</strong></span> <span class='ocrx_word' id='word_1_571' title='bbox 3011 4048 3306 4104; x_wconf 89' lang='lat' dir='ltr'><strong>humilibus</strong></span> <span class='ocrx_word' id='word_1_572' title='bbox 3333 4090 3349 4113; x_wconf 91' lang='lat'><strong>,</strong></span> <span class='ocrx_word' id='word_1_573' title='bbox 3398 4047 3522 4119; x_wconf 84' lang='lat' dir='ltr'><strong>quia</strong></span> 
     </span>
    </p>
   </div>
   <div class='ocr_carea' id='block_1_86' title="bbox 1948 4132 3517 4204">
    <p class='ocr_par' dir='ltr' id='par_1_86' title="bbox 1948 4132 3517 4204">
     <span class='ocr_line' id='line_1_86' title="bbox 1948 4132 3517 4204; baseline 0.002 -16"><span class='ocrx_word' id='word_1_574' title='bbox 1948 4132 2076 4187; x_wconf 88' lang='lat' dir='ltr'><strong>dum</strong></span> <span class='ocrx_word' id='word_1_575' title='bbox 2115 4149 2181 4189; x_wconf 88' lang='lat' dir='ltr'><strong>se</strong></span> <span class='ocrx_word' id='word_1_576' title='bbox 2211 4134 2500 4204; x_wconf 84' lang='lat' dir='ltr'><strong>dejiciunt,</strong></span> <span class='ocrx_word' id='word_1_577' title='bbox 2528 4137 2597 4192; x_wconf 91' lang='lat' dir='ltr'><strong>ad</strong></span> <span class='ocrx_word' id='word_1_578' title='bbox 2634 4138 2728 4193; x_wconf 85' lang='lat' dir='ltr'><strong>Dei</strong></span> <span class='ocrx_word' id='word_1_579' title='bbox 2769 4138 3174 4194; x_wconf 88' lang='lat' dir='ltr'><strong>similitudinem</strong></span> <span class='ocrx_word' id='word_1_580' title='bbox 3204 4140 3517 4194; x_wconf 86' lang='lat' dir='ltr'><strong>ascendunt.</strong></span> 
     </span>
    </p>
   </div>
   <div class='ocr_carea' id='block_1_87' title="bbox 1949 4223 3518 4299">
    <p class='ocr_par' dir='ltr' id='par_1_87' title="bbox 1949 4223 3518 4299">
     <span class='ocr_line' id='line_1_87' title="bbox 1949 4223 3518 4299; baseline 0.003 -22"><span class='ocrx_word' id='word_1_581' title='bbox 1949 4223 2015 4277; x_wconf 87' lang='lat' dir='ltr'><strong>Et</strong></span> <span class='ocrx_word' id='word_1_582' title='bbox 2042 4241 2055 4277; x_wconf 91' lang='lat'><strong>:</strong></span> <span class='ocrx_word' id='word_1_583' title='bbox 2088 4223 2231 4292; x_wconf 79' lang='lat' dir='ltr'><strong>Quid</strong></span> <span class='ocrx_word' id='word_1_584' title='bbox 2255 4227 2561 4283; x_wconf 87' lang='lat' dir='ltr'><strong>humilitate</strong></span> <span class='ocrx_word' id='word_1_585' title='bbox 2587 4228 2913 4284; x_wconf 83' lang='lat' dir='ltr'><strong>sublimius?</strong></span> <span class='ocrx_word' id='word_1_586' title='bbox 2938 4244 3058 4299; x_wconf 69' lang='lat' dir='ltr'><strong>qum</strong></span> <span class='ocrx_word' id='word_1_587' title='bbox 3087 4229 3213 4283; x_wconf 90' lang='lat' dir='ltr'><strong>dum</strong></span> <span class='ocrx_word' id='word_1_588' title='bbox 3244 4244 3303 4283; x_wconf 86' lang='lat' dir='ltr'><strong>se</strong></span> <span class='ocrx_word' id='word_1_589' title='bbox 3332 4228 3387 4282; x_wconf 92' lang='lat' dir='ltr'><strong>in</strong></span> <span class='ocrx_word' id='word_1_590' title='bbox 3418 4229 3518 4282; x_wconf 84' lang='lat' dir='ltr'><strong>ima</strong></span> 
     </span>
    </p>
   </div>
   <div class='ocr_carea' id='block_1_88' title="bbox 1949 4317 3520 4390">
    <p class='ocr_par' dir='ltr' id='par_1_88' title="bbox 1949 4317 3520 4390">
     <span class='ocr_line' id='line_1_88' title="bbox 1949 4317 3520 4390; baseline 0.001 -18"><span class='ocrx_word' id='word_1_591' title='bbox 1949 4317 2236 4388; x_wconf 85' lang='lat' dir='ltr'><strong>deprimit,</strong></span> <span class='ocrx_word' id='word_1_592' title='bbox 2277 4321 2487 4376; x_wconf 85' lang='lat' dir='ltr'><strong>auctori</strong></span> <span class='ocrx_word' id='word_1_593' title='bbox 2526 4337 2624 4376; x_wconf 91' lang='lat' dir='ltr'><strong>suo</strong></span> <span class='ocrx_word' id='word_1_594' title='bbox 2666 4322 2905 4376; x_wconf 86' lang='lat' dir='ltr'><strong>manenti</strong></span> <span class='ocrx_word' id='word_1_595' title='bbox 2945 4336 3108 4390; x_wconf 89' lang='lat' dir='ltr'><strong>super</strong></span> <span class='ocrx_word' id='word_1_596' title='bbox 3144 4335 3355 4375; x_wconf 87' lang='lat' dir='ltr'><strong>summa</strong></span> <span class='ocrx_word' id='word_1_597' title='bbox 3397 4336 3520 4374; x_wconf 86' lang='lat' dir='ltr'><strong>con-</strong></span> 
     </span>
    </p>
   </div>
   <div class='ocr_carea' id='block_1_89' title="bbox 1940 4404 3519 4483">
    <p class='ocr_par' dir='ltr' id='par_1_89' title="bbox 1940 4404 3519 4483">
     <span class='ocr_line' id='line_1_89' title="bbox 1940 4404 3519 4483; baseline 0.003 -21"><span class='ocrx_word' id='word_1_598' title='bbox 1940 4404 2206 4478; x_wconf 84' lang='lat' dir='ltr'><strong>jungitur.</strong></span> <span class='ocrx_word' id='word_1_599' title='bbox 2237 4409 2337 4465; x_wconf 88' lang='lat' dir='ltr'><strong>Est</strong></span> <span class='ocrx_word' id='word_1_600' title='bbox 2364 4418 2544 4466; x_wconf 85' lang='lat' dir='ltr'><strong>tamen</strong></span> <span class='ocrx_word' id='word_1_601' title='bbox 2573 4411 2721 4466; x_wconf 89' lang='lat' dir='ltr'><strong>aliud</strong></span> <span class='ocrx_word' id='word_1_602' title='bbox 2759 4411 2904 4483; x_wconf 89' lang='lat' dir='ltr'><strong>quod</strong></span> <span class='ocrx_word' id='word_1_603' title='bbox 2939 4412 2992 4465; x_wconf 90' lang='lat' dir='ltr'><strong>in</strong></span> <span class='ocrx_word' id='word_1_604' title='bbox 3030 4412 3112 4466; x_wconf 88' lang='lat' dir='ltr'><strong>eis</strong></span> <span class='ocrx_word' id='word_1_605' title='bbox 3142 4411 3340 4467; x_wconf 89' lang='lat' dir='ltr'><strong>debeat</strong></span> <span class='ocrx_word' id='word_1_606' title='bbox 3366 4420 3519 4467; x_wconf 82' lang='lat' dir='ltr'><strong>caute</strong></span> 
     </span>
    </p>
   </div>
   <div class='ocr_carea' id='block_1_90' title="bbox 276 4494 3519 4590">
    <p class='ocr_par' dir='ltr' id='par_1_90' title="bbox 276 4494 3519 4590">
     <span class='ocr_line' id='line_1_90' title="bbox 276 4494 3519 4590; baseline 0.002 -41"><span class='ocrx_word' id='word_1_607' title='bbox 276 4494 525 4561; x_wconf 84' lang='lat' dir='ltr'><strong>peccati:</strong></span> <span class='ocrx_word' id='word_1_608' title='bbox 570 4494 849 4563; x_wconf 81' lang='lat' dir='ltr'><strong>quomodo.</strong></span> <span class='ocrx_word' id='word_1_609' title='bbox 879 4509 987 4549; x_wconf 86' lang='lat' dir='ltr'><strong>non</strong></span> <span class='ocrx_word' id='word_1_610' title='bbox 1027 4494 1200 4549; x_wconf 84' lang='lat' dir='ltr'><strong>solum</strong></span> <span class='ocrx_word' id='word_1_611' title='bbox 1241 4503 1521 4564; x_wconf 84' lang='lat' dir='ltr'><strong>peccatum</strong></span> <span class='ocrx_word' id='word_1_612' title='bbox 1562 4504 1646 4551; x_wconf 89' lang='lat' dir='ltr'><strong>est</strong></span> <span class='ocrx_word' id='word_1_613' title='bbox 1686 4497 1841 4566; x_wconf 87' lang='lat' dir='ltr'><strong>ipsa;</strong></span> <span class='ocrx_word' id='word_1_614' title='bbox 1871 4533 1924 4590; x_wconf 83' lang='lat' dir='ltr'><strong>D</strong></span> <span class='ocrx_word' id='word_1_615' title='bbox 1949 4501 2195 4571; x_wconf 88' lang='lat' dir='ltr'><strong>pensari,</strong></span> <span class='ocrx_word' id='word_1_616' title='bbox 2229 4502 2354 4570; x_wconf 87' lang='lat' dir='ltr'><strong>quia</strong></span> <span class='ocrx_word' id='word_1_617' title='bbox 2383 4517 2529 4573; x_wconf 70' lang='lat' dir='ltr'><strong>smpe</strong></span> <span class='ocrx_word' id='word_1_618' title='bbox 2566 4500 2783 4573; x_wconf 86' lang='lat' dir='ltr'><strong>quidem</strong></span> <span class='ocrx_word' id='word_1_619' title='bbox 2821 4504 3144 4558; x_wconf 87' lang='lat' dir='ltr'><strong>humilitatis</strong></span> <span class='ocrx_word' id='word_1_620' title='bbox 3178 4505 3519 4573; x_wconf 77' lang='lat' dir='ltr'><strong>decipiuntur</strong></span> 
     </span>
    </p>
   </div>
   <div class='ocr_carea' id='block_1_91' title="bbox 277 4584 3521 4666">
    <p class='ocr_par' dir='ltr' id='par_1_91' title="bbox 277 4584 3521 4666">
     <span class='ocr_line' id='line_1_91' title="bbox 277 4584 3521 4666; baseline 0.003 -28"><span class='ocrx_word' id='word_1_621' title='bbox 277 4585 370 4639; x_wconf 91' lang='lat' dir='ltr'><strong>sed</strong></span> <span class='ocrx_word' id='word_1_622' title='bbox 408 4586 572 4641; x_wconf 88' lang='lat' dir='ltr'><strong>etiam</strong></span> <span class='ocrx_word' id='word_1_623' title='bbox 606 4596 628 4625; x_wconf 76' lang='grc' dir='ltr'><strong>ο</strong></span> <span class='ocrx_word' id='word_1_624' title='bbox 661 4584 867 4639; x_wconf 89' lang='lat' dir='ltr'><strong>nullum</strong></span> <span class='ocrx_word' id='word_1_625' title='bbox 898 4595 1183 4656; x_wconf 87' lang='lat' dir='ltr'><strong>peccatum</strong></span> <span class='ocrx_word' id='word_1_626' title='bbox 1222 4586 1335 4642; x_wconf 83' lang='lat' dir='ltr'><strong>ﬁeri</strong></span> <span class='ocrx_word' id='word_1_627' title='bbox 1370 4595 1581 4658; x_wconf 86' lang='lat' dir='ltr'><strong>potest,</strong></span> <span class='ocrx_word' id='word_1_628' title='bbox 1621 4597 1717 4643; x_wconf 80' lang='lat' dir='ltr'><strong>aut</strong></span> <span class='ocrx_word' id='word_1_629' title='bbox 1745 4605 1846 4659; x_wconf 91' lang='lat' dir='ltr'><strong>po-</strong></span> <span class='ocrx_word' id='word_1_630' title='bbox 1871 4584 1913 4590; x_wconf 63' lang='lat'><strong>—</strong></span> <span class='ocrx_word' id='word_1_631' title='bbox 1951 4592 2150 4662; x_wconf 84' lang='lat' dir='ltr'><strong>specie.</strong></span> <span class='ocrx_word' id='word_1_632' title='bbox 2177 4590 2403 4659; x_wconf 82' lang='lat' dir='ltr'><strong>Quidam</strong></span> <span class='ocrx_word' id='word_1_633' title='bbox 2431 4607 2561 4648; x_wconf 91' lang='lat' dir='ltr'><strong>vero</strong></span> <span class='ocrx_word' id='word_1_634' title='bbox 2583 4594 2832 4650; x_wconf 84' lang='lat' dir='ltr'><strong>elationis</strong></span> <span class='ocrx_word' id='word_1_635' title='bbox 2862 4610 2971 4650; x_wconf 72' lang='lat' dir='ltr'><strong>sua:</strong></span> <span class='ocrx_word' id='word_1_636' title='bbox 3000 4595 3303 4666; x_wconf 86' lang='lat' dir='ltr'><strong>ignorantia</strong></span> <span class='ocrx_word' id='word_1_637' title='bbox 3332 4594 3521 4649; x_wconf 68' lang='lat' dir='ltr'><strong>fa’llun.</strong></span> 
     </span>
    </p>
   </div>
   <div class='ocr_carea' id='block_1_92' title="bbox 278 4675 1850 4748">
    <p class='ocr_par' dir='ltr' id='par_1_92' title="bbox 278 4675 1850 4748">
     <span class='ocr_line' id='line_1_92' title="bbox 278 4675 1850 4748; baseline 0.004 -21"><span class='ocrx_word' id='word_1_638' title='bbox 278 4676 401 4740; x_wconf 80' lang='lat' dir='ltr'><strong>tuit,</strong></span> <span class='ocrx_word' id='word_1_639' title='bbox 427 4675 508 4729; x_wconf 90' lang='lat' dir='ltr'><strong>vel</strong></span> <span class='ocrx_word' id='word_1_640' title='bbox 536 4676 733 4745; x_wconf 90' lang='lat' dir='ltr'><strong>poterit</strong></span> <span class='ocrx_word' id='word_1_641' title='bbox 757 4676 872 4730; x_wconf 87' lang='lat' dir='ltr'><strong>sine</strong></span> <span class='ocrx_word' id='word_1_642' title='bbox 893 4677 1029 4747; x_wconf 90' lang='lat' dir='ltr'><strong>ipsa.</strong></span> <span class='ocrx_word' id='word_1_643' title='bbox 1059 4677 1337 4748; x_wconf 83' lang='lat' dir='ltr'><strong>Siquidem</strong></span> <span class='ocrx_word' id='word_1_644' title='bbox 1366 4678 1500 4732; x_wconf 86' lang='lat' dir='ltr'><strong>nihil</strong></span> <span class='ocrx_word' id='word_1_645' title='bbox 1524 4677 1669 4733; x_wconf 87' lang='lat' dir='ltr'><strong>aliud</strong></span> <span class='ocrx_word' id='word_1_646' title='bbox 1690 4694 1850 4734; x_wconf 89' lang='lat' dir='ltr'><strong>omne</strong></span> 
     </span>
    </p>
   </div>
   <div class='ocr_carea' id='block_1_93' title="bbox 277 4767 1847 4839">
    <p class='ocr_par' dir='ltr' id='par_1_93' title="bbox 277 4767 1847 4839">
     <span class='ocr_line' id='line_1_93' title="bbox 277 4767 1847 4839; baseline 0.003 -19"><span class='ocrx_word' id='word_1_647' title='bbox 277 4775 558 4831; x_wconf 84' lang='lat' dir='ltr'><strong>peccatum</strong></span> <span class='ocrx_word' id='word_1_648' title='bbox 586 4767 691 4821; x_wconf 87' lang='lat' dir='ltr'><strong>nisi</strong></span> <span class='ocrx_word' id='word_1_649' title='bbox 722 4768 818 4822; x_wconf 87' lang='lat' dir='ltr'><strong>Dei</strong></span> <span class='ocrx_word' id='word_1_650' title='bbox 844 4776 1184 4839; x_wconf 86' lang='lat' dir='ltr'><strong>contemptus</strong></span> <span class='ocrx_word' id='word_1_651' title='bbox 1208 4780 1295 4823; x_wconf 86' lang='lat' dir='ltr'><strong>est</strong></span> <span class='ocrx_word' id='word_1_652' title='bbox 1315 4811 1330 4834; x_wconf 91' lang='lat'><strong>,</strong></span> <span class='ocrx_word' id='word_1_653' title='bbox 1358 4785 1465 4839; x_wconf 88' lang='lat' dir='ltr'><strong>quo</strong></span> <span class='ocrx_word' id='word_1_654' title='bbox 1493 4768 1609 4837; x_wconf 86' lang='lat' dir='ltr'><strong>ejus</strong></span> <span class='ocrx_word' id='word_1_655' title='bbox 1637 4785 1847 4839; x_wconf 69' lang='grc' dir='ltr'><strong>ιιι-ωερ-</strong></span> 
     </span>
    </p>
   </div>
   <div class='ocr_carea' id='block_1_94' title="bbox 277 4856 1848 4930">
    <p class='ocr_par' dir='ltr' id='par_1_94' title="bbox 277 4856 1848 4930">
     <span class='ocr_line' id='line_1_94' title="bbox 277 4856 1848 4930; baseline 0.007 -23"><span class='ocrx_word' id='word_1_656' title='bbox 277 4864 369 4923; x_wconf 89' lang='lat' dir='ltr'><strong>pta</strong></span> <span class='ocrx_word' id='word_1_657' title='bbox 409 4856 705 4910; x_wconf 86' lang='lat' dir='ltr'><strong>calcantur.</strong></span> <span class='ocrx_word' id='word_1_658' title='bbox 740 4859 979 4929; x_wconf 85' lang='lat' dir='ltr'><strong>Denique</strong></span> <span class='ocrx_word' id='word_1_659' title='bbox 1013 4860 1128 4930; x_wconf 91' lang='lat' dir='ltr'><strong>ipse</strong></span> <span class='ocrx_word' id='word_1_660' title='bbox 1176 4860 1423 4915; x_wconf 83' lang='lat' dir='ltr'><strong>diabolus</strong></span> <span class='ocrx_word' id='word_1_661' title='bbox 1468 4861 1715 4915; x_wconf 83' lang='lat' dir='ltr'><strong>inventor</strong></span> <span class='ocrx_word' id='word_1_662' title='bbox 1757 4876 1848 4917; x_wconf 88' lang='lat' dir='ltr'><strong>su-</strong></span> 
     </span>
    </p>
   </div>
   <div class='ocr_carea' id='block_1_95' title="bbox 276 4944 1842 5022">
    <p class='ocr_par' dir='ltr' id='par_1_95' title="bbox 276 4944 1842 5022">
     <span class='ocr_line' id='line_1_95' title="bbox 276 4944 1842 5022; baseline 0.004 -23"><span class='ocrx_word' id='word_1_663' title='bbox 276 4944 512 5013; x_wconf 73' lang='lat' dir='ltr'><strong>perbire,</strong></span> <span class='ocrx_word' id='word_1_664' title='bbox 555 4960 653 5013; x_wconf 84' lang='lat' dir='ltr'><strong>per</strong></span> <span class='ocrx_word' id='word_1_665' title='bbox 700 4946 870 5014; x_wconf 85' lang='lat' dir='ltr'><strong>ipsam</strong></span> <span class='ocrx_word' id='word_1_666' title='bbox 914 4949 980 5003; x_wconf 91' lang='lat' dir='ltr'><strong>de</strong></span> <span class='ocrx_word' id='word_1_667' title='bbox 1030 4948 1349 5004; x_wconf 79' lang='lat' dir='ltr'><strong>coelestibus</strong></span> <span class='ocrx_word' id='word_1_668' title='bbox 1388 4950 1628 5015; x_wconf 87' lang='lat' dir='ltr'><strong>corruit,</strong></span> <span class='ocrx_word' id='word_1_669' title='bbox 1683 4967 1842 5022; x_wconf 87' lang='lat' dir='ltr'><strong>quem</strong></span> 
     </span>
    </p>
   </div>
   <div class='ocr_carea' id='block_1_96' title="bbox 275 5037 1845 5109">
    <p class='ocr_par' dir='ltr' id='par_1_96' title="bbox 275 5037 1845 5109">
     <span class='ocr_line' id='line_1_96' title="bbox 275 5037 1845 5109; baseline 0.005 -18"><span class='ocrx_word' id='word_1_670' title='bbox 275 5037 420 5092; x_wconf 88' lang='lat' dir='ltr'><strong>Deus</strong></span> <span class='ocrx_word' id='word_1_671' title='bbox 445 5037 647 5092; x_wconf 82' lang='lat' dir='ltr'><strong>fecerat</strong></span> <span class='ocrx_word' id='word_1_672' title='bbox 673 5038 790 5094; x_wconf 89' lang='lat' dir='ltr'><strong>sine</strong></span> <span class='ocrx_word' id='word_1_673' title='bbox 819 5039 924 5095; x_wconf 81' lang='lat' dir='ltr'><strong>ullo</strong></span> <span class='ocrx_word' id='word_1_674' title='bbox 957 5049 1198 5109; x_wconf 87' lang='lat' dir='ltr'><strong>peccato.</strong></span> <span class='ocrx_word' id='word_1_675' title='bbox 1237 5040 1309 5099; x_wconf 81' lang='lat' dir='ltr'><strong>Et</strong></span> <span class='ocrx_word' id='word_1_676' title='bbox 1337 5042 1452 5096; x_wconf 67' lang='lat' dir='ltr'><strong>haec</strong></span> <span class='ocrx_word' id='word_1_677' title='bbox 1481 5050 1566 5097; x_wconf 87' lang='lat' dir='ltr'><strong>est</strong></span> <span class='ocrx_word' id='word_1_678' title='bbox 1599 5044 1845 5099; x_wconf 87' lang='lat' dir='ltr'><strong>omnium</strong></span> 
     </span>
    </p>
   </div>
   <div class='ocr_carea' id='block_1_97' title="bbox 275 5129 1839 5204">
    <p class='ocr_par' dir='ltr' id='par_1_97' title="bbox 275 5129 1839 5204">
     <span class='ocr_line' id='line_1_97' title="bbox 275 5129 1839 5204; baseline 0.004 -19"><span class='ocrx_word' id='word_1_679' title='bbox 275 5129 542 5185; x_wconf 87' lang='lat' dir='ltr'><strong>malorum</strong></span> <span class='ocrx_word' id='word_1_680' title='bbox 573 5144 758 5184; x_wconf 89' lang='lat' dir='ltr'><strong>causa.</strong></span> <span class='ocrx_word' id='word_1_681' title='bbox 797 5129 933 5186; x_wconf 80' lang='lat' dir='ltr'><strong>Hinc</strong></span> <span class='ocrx_word' id='word_1_682' title='bbox 960 5139 1045 5186; x_wconf 91' lang='lat' dir='ltr'><strong>est</strong></span> <span class='ocrx_word' id='word_1_683' title='bbox 1071 5133 1217 5202; x_wconf 90' lang='lat' dir='ltr'><strong>quod</strong></span> <span class='ocrx_word' id='word_1_684' title='bbox 1244 5133 1384 5188; x_wconf 89' lang='lat' dir='ltr'><strong>idem</strong></span> <span class='ocrx_word' id='word_1_685' title='bbox 1411 5134 1622 5204; x_wconf 87' lang='lat' dir='ltr'><strong>primus</strong></span> <span class='ocrx_word' id='word_1_686' title='bbox 1649 5136 1839 5202; x_wconf 84' lang='lat' dir='ltr'><strong>homo,</strong></span> 
     </span>
    </p>
   </div>
   <div class='ocr_carea' id='block_1_98' title="bbox 272 5221 1844 5297">
    <p class='ocr_par' dir='ltr' id='par_1_98' title="bbox 272 5221 1844 5297">
     <span class='ocr_line' id='line_1_98' title="bbox 272 5221 1844 5297; baseline 0.003 -19"><span class='ocrx_word' id='word_1_687' title='bbox 272 5222 492 5295; x_wconf 88' lang='lat' dir='ltr'><strong>superbi</strong></span> <span class='ocrx_word' id='word_1_688' title='bbox 519 5221 743 5291; x_wconf 90' lang='lat' dir='ltr'><strong>spiritus</strong></span> <span class='ocrx_word' id='word_1_689' title='bbox 769 5222 1002 5278; x_wconf 87' lang='lat' dir='ltr'><strong>elatione</strong></span> <span class='ocrx_word' id='word_1_690' title='bbox 1029 5232 1342 5294; x_wconf 88' lang='lat' dir='ltr'><strong>corruptus,</strong></span> <span class='ocrx_word' id='word_1_691' title='bbox 1373 5241 1589 5295; x_wconf 87' lang='lat' dir='ltr'><strong>omnem</strong></span> <span class='ocrx_word' id='word_1_692' title='bbox 1615 5228 1844 5297; x_wconf 80' lang='lat' dir='ltr'><strong>posteri-</strong></span> 
     </span>
    </p>
   </div>
   <div class='ocr_carea' id='block_1_99' title="bbox 272 5316 1838 5387">
    <p class='ocr_par' dir='ltr' id='par_1_99' title="bbox 272 5316 1838 5387">
     <span class='ocr_line' id='line_1_99' title="bbox 272 5316 1838 5387; baseline 0.001 -12"><span class='ocrx_word' id='word_1_693' title='bbox 272 5324 438 5375; x_wconf 77' lang='lat' dir='ltr'><strong>tatem</strong></span> <span class='ocrx_word' id='word_1_694' title='bbox 469 5333 649 5383; x_wconf 90' lang='lat' dir='ltr'><strong>suam,</strong></span> <span class='ocrx_word' id='word_1_695' title='bbox 680 5332 799 5386; x_wconf 64' lang='lat' dir='ltr'><strong>quae</strong></span> <span class='ocrx_word' id='word_1_696' title='bbox 830 5318 884 5372; x_wconf 90' lang='lat' dir='ltr'><strong>in</strong></span> <span class='ocrx_word' id='word_1_697' title='bbox 913 5316 1004 5373; x_wconf 87' lang='lat' dir='ltr'><strong>illo</strong></span> <span class='ocrx_word' id='word_1_698' title='bbox 1032 5318 1338 5374; x_wconf 88' lang='lat' dir='ltr'><strong>radicaliter</strong></span> <span class='ocrx_word' id='word_1_699' title='bbox 1364 5319 1497 5387; x_wconf 88' lang='lat' dir='ltr'><strong>fuit,</strong></span> <span class='ocrx_word' id='word_1_700' title='bbox 1530 5322 1838 5376; x_wconf 87' lang='lat' dir='ltr'><strong>necessitati</strong></span> 
     </span>
    </p>
   </div>
   <div class='ocr_carea' id='block_1_100' title="bbox 271 5405 1841 5479">
    <p class='ocr_par' dir='ltr' id='par_1_100' title="bbox 271 5405 1841 5479">
     <span class='ocr_line' id='line_1_100' title="bbox 271 5405 1841 5479; baseline 0.001 -17"><span class='ocrx_word' id='word_1_701' title='bbox 271 5407 635 5477; x_wconf 87' lang='lat' dir='ltr'><strong>corruptionis</strong></span> <span class='ocrx_word' id='word_1_702' title='bbox 673 5421 736 5462; x_wconf 86' lang='lat' dir='ltr'><strong>ac</strong></span> <span class='ocrx_word' id='word_1_703' title='bbox 779 5405 1123 5463; x_wconf 85' lang='lat' dir='ltr'><strong>mortalitatis</strong></span> <span class='ocrx_word' id='word_1_704' title='bbox 1162 5408 1388 5463; x_wconf 77' lang='lat' dir='ltr'><strong>addixit.</strong></span> <span class='ocrx_word' id='word_1_705' title='bbox 1443 5409 1517 5464; x_wconf 88' lang='lat' dir='ltr'><strong>De</strong></span> <span class='ocrx_word' id='word_1_706' title='bbox 1558 5425 1669 5479; x_wconf 86' lang='lat' dir='ltr'><strong>quo</strong></span> <span class='ocrx_word' id='word_1_707' title='bbox 1701 5411 1841 5466; x_wconf 74' lang='lat' dir='ltr'><strong>dixit</strong></span> 
     </span>
    </p>
   </div>
   <div class='ocr_carea' id='block_1_101' title="bbox 271 5494 1837 5570">
    <p class='ocr_par' dir='ltr' id='par_1_101' title="bbox 271 5494 1837 5570">
     <span class='ocr_line' id='line_1_101' title="bbox 271 5494 1837 5570; baseline 0.004 -22"><span class='ocrx_word' id='word_1_708' title='bbox 271 5494 558 5565; x_wconf 80' lang='lat' dir='ltr'><strong>Apostolus</strong></span> <span class='ocrx_word' id='word_1_709' title='bbox 585 5515 597 5551; x_wconf 90' lang='lat'><strong>:</strong></span> <span class='ocrx_word' id='word_1_710' title='bbox 632 5495 738 5552; x_wconf 84' lang='lat' dir='ltr'><strong>Per</strong></span> <span class='ocrx_word' id='word_1_711' title='bbox 763 5513 925 5551; x_wconf 89' lang='lat' dir='ltr'><strong>unum</strong></span> <span class='ocrx_word' id='word_1_712' title='bbox 955 5496 1216 5552; x_wconf 85' lang='lat' dir='ltr'><strong>hominem</strong></span> <span class='ocrx_word' id='word_1_713' title='bbox 1243 5508 1509 5570; x_wconf 85' lang='lat' dir='ltr'><strong>peccatum</strong></span> <span class='ocrx_word' id='word_1_714' title='bbox 1543 5501 1750 5562; x_wconf 78' lang='lat' dir='ltr'><strong>intravit</strong></span> <span class='ocrx_word' id='word_1_715' title='bbox 1784 5501 1837 5554; x_wconf 85' lang='lat' dir='ltr'><strong>in</strong></span> 
     </span>
    </p>
   </div>
   <div class='ocr_carea' id='block_1_102' title="bbox 345 5627 1023 5700">
    <p class='ocr_par' dir='ltr' id='par_1_102' title="bbox 345 5627 1023 5700">
     <span class='ocr_line' id='line_1_102' title="bbox 345 5627 1023 5700; baseline -0.015 -7"><span class='ocrx_word' id='word_1_716' title='bbox 345 5638 369 5700; x_wconf 70' lang='grc' dir='ltr'><strong>ξ’</strong></span> <span class='ocrx_word' id='word_1_717' title='bbox 400 5627 464 5700; x_wconf 65' lang='grc' dir='ltr'><strong>ἓ·</strong></span> <span class='ocrx_word' id='word_1_718' title='bbox 490 5629 741 5700; x_wconf 65' lang='lat' dir='ltr'><strong>Cragon,</strong></span> <span class='ocrx_word' id='word_1_719' title='bbox 770 5631 1023 5685; x_wconf 69' lang='lat' dir='ltr'><strong>subnexa.</strong></span> 
     </span>
    </p>
   </div>
   <div class='ocr_carea' id='block_1_103' title="bbox 343 5694 1799 5775">
    <p class='ocr_par' dir='ltr' id='par_1_103' title="bbox 343 5694 1799 5775">
     <span class='ocr_line' id='line_1_103' title="bbox 343 5694 1799 5775; baseline 0.008 -27"><span class='ocrx_word' id='word_1_720' title='bbox 343 5694 372 5775; x_wconf 53' lang='lat' dir='ltr'><strong>lt</strong></span> <span class='ocrx_word' id='word_1_721' title='bbox 396 5694 631 5775; x_wconf 57' lang='lat' dir='ltr'><strong>Erosper</strong></span> <span class='ocrx_word' id='word_1_722' title='bbox 656 5701 748 5755; x_wconf 92' lang='lat' dir='ltr'><strong>lib.</strong></span> <span class='ocrx_word' id='word_1_723' title='bbox 791 5717 850 5775; x_wconf 85' lang='grc' dir='ltr'><strong>ιιι</strong></span> <span class='ocrx_word' id='word_1_724' title='bbox 880 5702 946 5756; x_wconf 88' lang='lat' dir='ltr'><strong>de</strong></span> <span class='ocrx_word' id='word_1_725' title='bbox 972 5702 1092 5757; x_wconf 81' lang='lat' dir='ltr'><strong>Vita</strong></span> <span class='ocrx_word' id='word_1_726' title='bbox 1120 5702 1530 5775; x_wconf 79' lang='lat' dir='ltr'><strong>contemplativa</strong></span> <span class='ocrx_word' id='word_1_727' title='bbox 1550 5744 1563 5767; x_wconf 81' lang='lat'><strong>.</strong></span> <span class='ocrx_word' id='word_1_728' title='bbox 1594 5720 1715 5775; x_wconf 82' lang='lat' dir='ltr'><strong>cap.</strong></span> <span class='ocrx_word' id='word_1_729' title='bbox 1747 5705 1799 5759; x_wconf 74' lang='grc'><strong>2.</strong></span> 
     </span>
    </p>
   </div>
   <div class='ocr_carea' id='block_1_104' title="bbox 343 5762 1618 5846">
    <p class='ocr_par' dir='ltr' id='par_1_104' title="bbox 343 5762 1618 5846">
     <span class='ocr_line' id='line_1_104' title="bbox 343 5762 1618 5846; baseline 0.008 -28"><span class='ocrx_word' id='word_1_730' title='bbox 343 5774 365 5843; x_wconf 68' lang='grc' dir='ltr'><strong>εξ</strong></span> <span class='ocrx_word' id='word_1_731' title='bbox 394 5762 624 5846; x_wconf 66' lang='lat' dir='ltr'><strong>Prosper</strong></span> <span class='ocrx_word' id='word_1_732' title='bbox 652 5787 664 5825; x_wconf 85' lang='lat'><strong>:</strong></span> <span class='ocrx_word' id='word_1_733' title='bbox 690 5773 937 5841; x_wconf 85' lang='lat' dir='ltr'><strong>quoniam</strong></span> <span class='ocrx_word' id='word_1_734' title='bbox 961 5790 1013 5828; x_wconf 82' lang='grc' dir='ltr'><strong>η.</strong></span> <span class='ocrx_word' id='word_1_735' title='bbox 1046 5789 1085 5826; x_wconf 89' lang='lat' dir='ltr'><strong>s.</strong></span> <span class='ocrx_word' id='word_1_736' title='bbox 1111 5789 1163 5844; x_wconf 76' lang='grc' dir='ltr'><strong>ρ.</strong></span> <span class='ocrx_word' id='word_1_737' title='bbox 1193 5783 1265 5827; x_wconf 82' lang='lat' dir='ltr'><strong>est</strong></span> <span class='ocrx_word' id='word_1_738' title='bbox 1293 5762 1403 5844; x_wconf 61' lang='lat' dir='ltr'><strong>ipsa</strong></span> <span class='ocrx_word' id='word_1_739' title='bbox 1421 5815 1434 5840; x_wconf 93' lang='lat'><strong>,</strong></span> <span class='ocrx_word' id='word_1_740' title='bbox 1463 5762 1618 5829; x_wconf 73' lang='lat' dir='ltr'><strong>sede.</strong></span> 
     </span>
    </p>
   </div>
   <div class='ocr_carea' id='block_1_105' title="bbox 1953 4676 3522 4755">
    <p class='ocr_par' dir='ltr' id='par_1_105' title="bbox 1953 4676 3522 4755">
     <span class='ocr_line' id='line_1_105' title="bbox 1953 4676 3522 4755; baseline 0.003 -18"><span class='ocrx_word' id='word_1_741' title='bbox 1953 4693 2080 4738; x_wconf 90' lang='lat' dir='ltr'><strong>tur:</strong></span> <span class='ocrx_word' id='word_1_742' title='bbox 2116 4676 2316 4741; x_wconf 84' lang='lat' dir='ltr'><strong>idcirco</strong></span> <span class='ocrx_word' id='word_1_743' title='bbox 2353 4693 2571 4755; x_wconf 84' lang='lat' dir='ltr'><strong>oportet</strong></span> <span class='ocrx_word' id='word_1_744' title='bbox 2597 4700 2785 4741; x_wconf 90' lang='lat' dir='ltr'><strong>omnes</strong></span> <span class='ocrx_word' id='word_1_745' title='bbox 2818 4686 3076 4741; x_wconf 90' lang='lat' dir='ltr'><strong>sollicitos</strong></span> <span class='ocrx_word' id='word_1_746' title='bbox 3114 4702 3235 4742; x_wconf 90' lang='lat' dir='ltr'><strong>esse</strong></span> <span class='ocrx_word' id='word_1_747' title='bbox 3259 4729 3273 4751; x_wconf 92' lang='lat'><strong>,</strong></span> <span class='ocrx_word' id='word_1_748' title='bbox 3312 4697 3372 4742; x_wconf 90' lang='lat' dir='ltr'><strong>ut</strong></span> <span class='ocrx_word' id='word_1_749' title='bbox 3409 4705 3522 4743; x_wconf 85' lang='lat' dir='ltr'><strong>ma-</strong></span> 
     </span>
    </p>
   </div>
   <div class='ocr_carea' id='block_1_106' title="bbox 1948 4776 3520 4849">
    <p class='ocr_par' dir='ltr' id='par_1_106' title="bbox 1948 4776 3520 4849">
     <span class='ocr_line' id='line_1_106' title="bbox 1948 4776 3520 4849; baseline 0.001 -17"><span class='ocrx_word' id='word_1_750' title='bbox 1948 4776 2081 4832; x_wconf 67' lang='lat' dir='ltr'><strong>culae</strong></span> <span class='ocrx_word' id='word_1_751' title='bbox 2116 4777 2379 4847; x_wconf 78' lang='lat' dir='ltr'><strong>superbiae</strong></span> <span class='ocrx_word' id='word_1_752' title='bbox 2417 4777 2677 4832; x_wconf 90' lang='lat' dir='ltr'><strong>imbribus</strong></span> <span class='ocrx_word' id='word_1_753' title='bbox 2716 4777 3079 4849; x_wconf 77' lang='lat' dir='ltr'><strong>lacrymarum</strong></span> <span class='ocrx_word' id='word_1_754' title='bbox 3113 4777 3432 4844; x_wconf 84' lang='lat' dir='ltr'><strong>deleantur,</strong></span> <span class='ocrx_word' id='word_1_755' title='bbox 3468 4787 3520 4834; x_wconf 89' lang='lat' dir='ltr'><strong>et</strong></span> 
     </span>
    </p>
   </div>
   <div class='ocr_carea' id='block_1_107' title="bbox 1948 4868 3519 4939">
    <p class='ocr_par' dir='ltr' id='par_1_107' title="bbox 1948 4868 3519 4939">
     <span class='ocr_line' id='line_1_107' title="bbox 1948 4868 3519 4939; baseline 0.001 -16"><span class='ocrx_word' id='word_1_756' title='bbox 1948 4869 2203 4924; x_wconf 86' lang='lat' dir='ltr'><strong>contritio</strong></span> <span class='ocrx_word' id='word_1_757' title='bbox 2232 4868 2437 4933; x_wconf 90' lang='lat' dir='ltr'><strong>cordis,</strong></span> <span class='ocrx_word' id='word_1_758' title='bbox 2472 4875 2527 4923; x_wconf 90' lang='lat' dir='ltr'><strong>et</strong></span> <span class='ocrx_word' id='word_1_759' title='bbox 2559 4869 2780 4924; x_wconf 85' lang='lat' dir='ltr'><strong>humilis</strong></span> <span class='ocrx_word' id='word_1_760' title='bbox 2822 4869 3075 4939; x_wconf 82' lang='lat' dir='ltr'><strong>spiritus,</strong></span> <span class='ocrx_word' id='word_1_761' title='bbox 3118 4885 3335 4923; x_wconf 87' lang='lat' dir='ltr'><strong>omnem</strong></span> <span class='ocrx_word' id='word_1_762' title='bbox 3366 4868 3519 4926; x_wconf 89' lang='lat' dir='ltr'><strong>fomi-</strong></span> 
     </span>
    </p>
   </div>
   <div class='ocr_carea' id='block_1_108' title="bbox 1949 4960 3517 5032">
    <p class='ocr_par' dir='ltr' id='par_1_108' title="bbox 1949 4960 3517 5032">
     <span class='ocr_line' id='line_1_108' title="bbox 1949 4960 3517 5032; baseline 0.003 -20"><span class='ocrx_word' id='word_1_763' title='bbox 1949 4966 2055 5012; x_wconf 88' lang='lat' dir='ltr'><strong>tem</strong></span> <span class='ocrx_word' id='word_1_764' title='bbox 2092 4960 2347 5014; x_wconf 88' lang='lat' dir='ltr'><strong>vitiorum</strong></span> <span class='ocrx_word' id='word_1_765' title='bbox 2398 4960 2647 5015; x_wconf 78' lang='lat' dir='ltr'><strong>excludat</strong></span> <span class='ocrx_word' id='word_1_766' title='bbox 2680 4978 2693 5014; x_wconf 90' lang='lat'><strong>:</strong></span> <span class='ocrx_word' id='word_1_767' title='bbox 2744 4968 2800 5016; x_wconf 93' lang='lat' dir='ltr'><strong>et</strong></span> <span class='ocrx_word' id='word_1_768' title='bbox 2828 4963 2917 5031; x_wconf 88' lang='lat' dir='ltr'><strong>qui</strong></span> <span class='ocrx_word' id='word_1_769' title='bbox 2950 4962 3214 5032; x_wconf 81' lang='lat' dir='ltr'><strong>proximis</strong></span> <span class='ocrx_word' id='word_1_770' title='bbox 3246 4962 3517 5019; x_wconf 67' lang='lat' dir='ltr'><strong>laesionem</strong></span> 
     </span>
    </p>
   </div>
   <div class='ocr_carea' id='block_1_109' title="bbox 1946 5053 3517 5127">
    <p class='ocr_par' dir='ltr' id='par_1_109' title="bbox 1946 5053 3517 5127">
     <span class='ocr_line' id='line_1_109' title="bbox 1946 5053 3517 5127; baseline 0.001 -19"><span class='ocrx_word' id='word_1_771' title='bbox 1946 5054 2164 5118; x_wconf 90' lang='lat' dir='ltr'><strong>intulit,</strong></span> <span class='ocrx_word' id='word_1_772' title='bbox 2222 5054 2391 5109; x_wconf 70' lang='lat' dir='ltr'><strong>venire</strong></span> <span class='ocrx_word' id='word_1_773' title='bbox 2447 5053 2818 5109; x_wconf 80' lang='lat' dir='ltr'><strong>satisfactione</strong></span> <span class='ocrx_word' id='word_1_774' title='bbox 2870 5054 3220 5120; x_wconf 80' lang='lat' dir='ltr'><strong>reconciliet,</strong></span> <span class='ocrx_word' id='word_1_775' title='bbox 3276 5057 3517 5127; x_wconf 88' lang='lat' dir='ltr'><strong>rapinam</strong></span> 
     </span>
    </p>
   </div>
   <div class='ocr_carea' id='block_1_110' title="bbox 1944 5145 3516 5218">
    <p class='ocr_par' dir='ltr' id='par_1_110' title="bbox 1944 5145 3516 5218">
     <span class='ocr_line' id='line_1_110' title="bbox 1944 5145 3516 5218; baseline 0.003 -20"><span class='ocrx_word' id='word_1_776' title='bbox 1944 5159 2239 5215; x_wconf 87' lang='lat' dir='ltr'><strong>pauperum</strong></span> <span class='ocrx_word' id='word_1_777' title='bbox 2265 5145 2637 5202; x_wconf 89' lang='lat' dir='ltr'><strong>misericordia</strong></span> <span class='ocrx_word' id='word_1_778' title='bbox 2667 5146 2932 5216; x_wconf 85' lang='lat' dir='ltr'><strong>largitatis</strong></span> <span class='ocrx_word' id='word_1_779' title='bbox 2955 5146 3122 5200; x_wconf 88' lang='lat' dir='ltr'><strong>diluat</strong></span> <span class='ocrx_word' id='word_1_780' title='bbox 3145 5166 3157 5199; x_wconf 89' lang='lat'><strong>:</strong></span> <span class='ocrx_word' id='word_1_781' title='bbox 3188 5146 3376 5216; x_wconf 90' lang='lat' dir='ltr'><strong>eisque</strong></span> <span class='ocrx_word' id='word_1_782' title='bbox 3401 5148 3516 5218; x_wconf 86' lang='lat' dir='ltr'><strong>qui-</strong></span> 
     </span>
    </p>
   </div>
   <div class='ocr_carea' id='block_1_111' title="bbox 1942 5234 3514 5305">
    <p class='ocr_par' dir='ltr' id='par_1_111' title="bbox 1942 5234 3514 5305">
     <span class='ocr_line' id='line_1_111' title="bbox 1942 5234 3514 5305; baseline 0.002 -16"><span class='ocrx_word' id='word_1_783' title='bbox 1942 5235 2044 5289; x_wconf 86' lang='lat' dir='ltr'><strong>bus</strong></span> <span class='ocrx_word' id='word_1_784' title='bbox 2076 5234 2270 5302; x_wconf 89' lang='lat' dir='ltr'><strong>injuste</strong></span> <span class='ocrx_word' id='word_1_785' title='bbox 2303 5235 2559 5301; x_wconf 89' lang='lat' dir='ltr'><strong>abstulit,</strong></span> <span class='ocrx_word' id='word_1_786' title='bbox 2599 5235 2645 5290; x_wconf 89' lang='lat' dir='ltr'><strong>si</strong></span> <span class='ocrx_word' id='word_1_787' title='bbox 2683 5236 2811 5305; x_wconf 87' lang='lat' dir='ltr'><strong>quid</strong></span> <span class='ocrx_word' id='word_1_788' title='bbox 2851 5243 3067 5304; x_wconf 77' lang='lat' dir='ltr'><strong>potest,</strong></span> <span class='ocrx_word' id='word_1_789' title='bbox 3092 5236 3514 5292; x_wconf 85' lang='lat' dir='ltr'><strong>misericorditer</strong></span> 
     </span>
    </p>
   </div>
   <div class='ocr_carea' id='block_1_112' title="bbox 1943 5324 3513 5397">
    <p class='ocr_par' dir='ltr' id='par_1_112' title="bbox 1943 5324 3513 5397">
     <span class='ocr_line' id='line_1_112' title="bbox 1943 5324 3513 5397; baseline 0.002 -17"><span class='ocrx_word' id='word_1_790' title='bbox 1943 5325 2131 5381; x_wconf 89' lang='lat' dir='ltr'><strong>reddat</strong></span> <span class='ocrx_word' id='word_1_791' title='bbox 2161 5345 2173 5380; x_wconf 92' lang='lat'><strong>:</strong></span> <span class='ocrx_word' id='word_1_792' title='bbox 2212 5333 2269 5381; x_wconf 89' lang='lat' dir='ltr'><strong>et</strong></span> <span class='ocrx_word' id='word_1_793' title='bbox 2300 5327 2522 5397; x_wconf 88' lang='lat' dir='ltr'><strong>insuper</strong></span> <span class='ocrx_word' id='word_1_794' title='bbox 2556 5326 3015 5397; x_wconf 82' lang='lat' dir='ltr'><strong>cleemosynarum</strong></span> <span class='ocrx_word' id='word_1_795' title='bbox 3050 5324 3259 5381; x_wconf 86' lang='lat' dir='ltr'><strong>fructus</strong></span> <span class='ocrx_word' id='word_1_796' title='bbox 3291 5326 3513 5384; x_wconf 81' lang='lat' dir='ltr'><strong>minime</strong></span> 
     </span>
    </p>
   </div>
   <div class='ocr_carea' id='block_1_113' title="bbox 1946 5415 3513 5487">
    <p class='ocr_par' dir='ltr' id='par_1_113' title="bbox 1946 5415 3513 5487">
     <span class='ocr_line' id='line_1_113' title="bbox 1946 5415 3513 5487; baseline 0.001 -18"><span class='ocrx_word' id='word_1_797' title='bbox 1946 5415 2181 5487; x_wconf 84' lang='lat' dir='ltr'><strong>negligat</strong></span> <span class='ocrx_word' id='word_1_798' title='bbox 2208 5434 2220 5469; x_wconf 90' lang='lat'><strong>:</strong></span> <span class='ocrx_word' id='word_1_799' title='bbox 2251 5415 2479 5485; x_wconf 87' lang='lat' dir='ltr'><strong>aliisque</strong></span> <span class='ocrx_word' id='word_1_800' title='bbox 2506 5416 2664 5472; x_wconf 90' lang='lat' dir='ltr'><strong>bonis</strong></span> <span class='ocrx_word' id='word_1_801' title='bbox 2688 5416 2942 5487; x_wconf 89' lang='lat' dir='ltr'><strong>operibus</strong></span> <span class='ocrx_word' id='word_1_802' title='bbox 2971 5416 3134 5470; x_wconf 89' lang='lat' dir='ltr'><strong>vitam</strong></span> <span class='ocrx_word' id='word_1_803' title='bbox 3164 5432 3320 5471; x_wconf 88' lang='lat' dir='ltr'><strong>suam</strong></span> <span class='ocrx_word' id='word_1_804' title='bbox 3345 5417 3513 5472; x_wconf 84' lang='lat' dir='ltr'><strong>corri-</strong></span> 
     </span>
    </p>
   </div>
   <div class='ocr_carea' id='block_1_114' title="bbox 1945 5505 3515 5579">
    <p class='ocr_par' dir='ltr' id='par_1_114' title="bbox 1945 5505 3515 5579">
     <span class='ocr_line' id='line_1_114' title="bbox 1945 5505 3515 5579; baseline 0.003 -20"><span class='ocrx_word' id='word_1_805' title='bbox 1945 5505 2119 5576; x_wconf 87' lang='lat' dir='ltr'><strong>gendo</strong></span> <span class='ocrx_word' id='word_1_806' title='bbox 2152 5507 2294 5577; x_wconf 88' lang='lat' dir='ltr'><strong>apud</strong></span> <span class='ocrx_word' id='word_1_807' title='bbox 2327 5507 2542 5562; x_wconf 89' lang='lat' dir='ltr'><strong>Domini</strong></span> <span class='ocrx_word' id='word_1_808' title='bbox 2571 5506 3007 5563; x_wconf 82' lang='lat' dir='ltr'><strong>misericordiam</strong></span> <span class='ocrx_word' id='word_1_809' title='bbox 3027 5506 3272 5563; x_wconf 86' lang='lat' dir='ltr'><strong>studiose</strong></span> <span class='ocrx_word' id='word_1_810' title='bbox 3298 5506 3515 5579; x_wconf 84' lang='lat' dir='ltr'><strong>perqui—</strong></span> 
     </span>
    </p>
   </div>
   <div class='ocr_carea' id='block_1_115' title="bbox 2013 5633 3510 5707">
    <p class='ocr_par' dir='ltr' id='par_1_115' title="bbox 2013 5633 3510 5707">
     <span class='ocr_line' id='line_1_115' title="bbox 2013 5633 3510 5707; baseline 0 -17"><span class='ocrx_word' id='word_1_811' title='bbox 2013 5634 2040 5674; x_wconf 75' lang='lat' dir='ltr'><strong>d</strong></span> <span class='ocrx_word' id='word_1_812' title='bbox 2075 5635 2367 5707; x_wconf 83' lang='lat' dir='ltr'><strong>Sequentia</strong></span> <span class='ocrx_word' id='word_1_813' title='bbox 2407 5651 2473 5690; x_wconf 85' lang='lat' dir='ltr'><strong>ex</strong></span> <span class='ocrx_word' id='word_1_814' title='bbox 2514 5635 2781 5707; x_wconf 85' lang='lat' dir='ltr'><strong>Prospero</strong></span> <span class='ocrx_word' id='word_1_815' title='bbox 2827 5635 2952 5693; x_wconf 87' lang='lat' dir='ltr'><strong>libr.</strong></span> <span class='ocrx_word' id='word_1_816' title='bbox 2995 5651 3057 5689; x_wconf 88' lang='grc' dir='ltr'><strong>ιιι</strong></span> <span class='ocrx_word' id='word_1_817' title='bbox 3100 5633 3235 5690; x_wconf 66' lang='lat' dir='ltr'><strong>Vitae</strong></span> <span class='ocrx_word' id='word_1_818' title='bbox 3271 5645 3510 5690; x_wconf 78' lang='lat' dir='ltr'><strong>contem-</strong></span> 
     </span>
    </p>
   </div>
   <div class='ocr_carea' id='block_1_116' title="bbox 1942 5705 3519 5845">
    <p class='ocr_par' dir='ltr' id='par_1_116' title="bbox 1942 5705 3519 5845">
     <span class='ocr_line' id='line_1_116' title="bbox 1942 5705 3519 5845; baseline 0 -17"><span class='ocrx_word' id='word_1_819' title='bbox 1942 5705 2263 5830; x_wconf 44' lang='lat' dir='ltr'><strong>plaetgicniiﬁe</strong></span> <span class='ocrx_word' id='word_1_820' title='bbox 2279 5706 2408 5844; x_wconf 46' lang='lat' dir='ltr'><strong>inid</strong></span> <span class='ocrx_word' id='word_1_821' title='bbox 2430 5775 2486 5832; x_wconf 88' lang='lat' dir='ltr'><strong>S.</strong></span> <span class='ocrx_word' id='word_1_822' title='bbox 2508 5774 2666 5845; x_wconf 86' lang='lat' dir='ltr'><strong>Greg.</strong></span> <span class='ocrx_word' id='word_1_823' title='bbox 2693 5775 2783 5831; x_wconf 91' lang='lat' dir='ltr'><strong>lib.</strong></span> <span class='ocrx_word' id='word_1_824' title='bbox 2810 5790 2960 5830; x_wconf 75' lang='lat' dir='ltr'><strong>xxxii</strong></span> <span class='ocrx_word' id='word_1_825' title='bbox 2988 5772 3173 5829; x_wconf 81' lang='lat' dir='ltr'><strong>Moral.</strong></span> <span class='ocrx_word' id='word_1_826' title='bbox 3200 5773 3320 5839; x_wconf 80' lang='lat' dir='ltr'><strong>Job,</strong></span> <span class='ocrx_word' id='word_1_827' title='bbox 3347 5790 3394 5829; x_wconf 88' lang='lat' dir='ltr'><strong>c.</strong></span> <span class='ocrx_word' id='word_1_828' title='bbox 3418 5772 3519 5828; x_wconf 74' lang='lat'><strong>27.-</strong></span> 
     </span>
    </p>
   </div>
  </div>
