3856 6190
282 397 398 456 661

1301 411 1387 465 DE
1426 411 1876 468 POENITENTIA
1915 413 2098 469 LIBRI
2131 411 2196 469 ν.
2225 447 2295 456 -
2332 416 2458 471 LIB.
2501 417 2538 470 I.

3455 423 3584 479 862:-

281 521 418 578 rat,
454 512 600 568 sicut
632 515 892 584 scriptum
931 524 1017 572 est
1060 533 1073 571 :
1109 518 1364 574 Miserere
1397 521 1589 575 animae
1620 530 1725 576 tua;
1761 523 1875 592 pla-
1904 531 1952 586 Α
1978 523 2342 581 consideratio
2364 527 2599 596 propria;
2630 527 2960 584 inﬁrmitatis
2997 531 3298 601 deprimat»,
3335 548 3400 588 ne
3443 537 3560 594 ha-c

278 619 434 661 cens
487 606 620 660 Deo.
678 606 886 662 Idcirco
923 610 1178 680 temporis
1215 625 1525 666 mensuram
1573 613 1626 666 in
1677 614 1882 683 agenda

275 695 629 764 paenitentia
670 711 768 765 pro
806 713 1131 769 unoquoque
1171 700 1402 754 crimine
1440 716 1549 756 non
1594 702 1884 772 praeﬁgunt

277 799 546 840 canones
564 825 578 849 ,
609 785 703 840 sed
731 787 905 855 magis
932 787 997 840 in-
1026 788 1252 842 arbitrio
1279 789 1538 844 antistitis
1568 789 1880 858 relinquen-

277 877 428 932 dum
464 886 733 931 statuunt.
775 878 912 945 Quia
950 881 1091 950 apud
1130 881 1416 937 Dominum
1455 899 1565 939 non
1602 892 1712 938 tam
1740 884 1882 939 valet

275 979 560 1020 mensura
613 969 872 1036 temporis
914 984 1076 1038 quam
1123 971 1362 1038 doloris,
1414 987 1516 1028 nec
1557 974 1880 1028 abstinentia

275 1062 512 1113 tantum
543 1059 790 1113 ciborum
815 1075 977 1130 quam
1017 1063 1365 1119 mortificatio
1396 1066 1665 1121 vitiorum.

913 1149 1141 1207 CAPUT
1173 1153 1262 1208 IV.

746 1236 827 1292 De
857 1239 983 1292 vitio
1021 1240 1195 1295 inanis
1233 1241 1434 1312 gloriae.

359 1336 390 1364 α
439 1324 622 1380 Inanis
669 1343 904 1398 namque
950 1329 1122 1399 gloria
1168 1332 1436 1389 devictum
1485 1351 1582 1391 cor
1621 1337 1774 1406 quasi
1813 1351 1881 1392 ex

278 1415 515 1470 ratione
558 1417 696 1472 solet
735 1418 1046 1488 exhortari,
1086 1438 1211 1478 cum
1254 1424 1425 1480 dicit:
1461 1425 1633 1480 Debes
1673 1428 1880 1498 majora

274 1512 598 1574 appetere:
654 1513 714 1560 ut
750 1522 856 1577 qua
893 1517 1162 1578 potestate
1200 1513 1435 1568 volueris
1472 1513 1676 1572 multos
1724 1532 1881 1573 exce-

275 1593 460 1659 dere,
511 1610 577 1649 eo
624 1597 790 1650 etiam
835 1599 1017 1654 valeas
1063 1609 1118 1656 et
1163 1602 1410 1672 pluribus
1449 1606 1726 1674 prodesse.
1773 1607 1881 1665 Sed

273 1685 580 1757 Scriptura
607 1705 639 1744 e
665 1700 866 1746 contra
882 1694 1092 1764 signum
1122 1697 1378 1753 vanitatis
1403 1702 1642 1756 ostendit
1666 1703 1875 1759 dicens:

351 1779 385 1818 δ
431 1779 534 1834 Est
560 1782 707 1836 enim
735 1784 948 1841 vanitas
975 1786 1159 1842 inflata
1193 1790 1438 1860 quaedam
1464 1792 1620 1847 circa.
1639 1794 1875 1850 delecta-

1989 622 2115 670 a’nte
2149 616 2346 670 occulti
2386 617 2577 672 arbitri
2615 619 2810 674 oculos
2841 627 3028 674 tumor
3063 635 3218 677 vane
3256 621 3430 680 laudis
3466 640 3564 682 ert-

1985 704 2242 774 stinguat.

2600 777 2829 836 CAPUT
2867 779 2952 835 VI.

2523 868 2603 922 De
2638 871 2772 924 vitio
2793 870 3028 925 invidiae.

2055 975 2268 1030 Invidia
2287 993 2502 1048 quoque
2527 979 2807 1035 devictum;
2825 996 2922 1037 cor
2949 984 3102 1052 quasi
3133 998 3202 1039 ex
3231 985 3450 1041 ratione
3471 1001 3561 1042 so-

1983 1065 2058 1120 let
2091 1068 2391 1135 exhortari,
2421 1083 2551 1123 cum'
2573 1071 2703 1124 dicit
2728 1089 2740 1125 :
2773 1071 2829 1126 In
2857 1088 2964 1142 quo
2991 1074 3113 1140 illo,
3146 1075 3234 1131 vel
3260 1076 3354 1131 illo
3383 1080 3577 1133 minor.

1982 1157 2082 1212 es?
2110 1172 2208 1212 cur
2231 1173 2369 1229 ergo
2393 1160 2471 1215 eis
2500 1161 2590 1213 vel.
2613 1163 2868 1232 :equalis,
2899 1165 2986 1220 vel
3025 1167 3276 1236 superior
3309 1184 3417 1223 non
3459 1171 3562 1226 es?

1984 1257 2184 1317 quanta
2205 1250 2359 1305 vales
2373 1265 2492 1321 quae
2516 1252 2723 1308 illi-non
2745 1255 2973 1310 valent?
2995 1257 3117 1313 Non
3141 1274 3271 1332 ergo
3301 1261 3400 1316 tibi
3419 1303 3433 1329 ,
3467 1273 3586 1318 aut.

1981 1341 2290 1408 superiores
2317 1355 2468 1409 esse,
2501 1352 2600 1398 aut
2633 1346 2794 1400 etiam
2833 1349 3068 1418 aequales
3108 1353 3325 1408 debents
3363 1354 3385 1393 ε
3415 1354 3562 1425 Αροε-

1981 1431 2170 1486 stolica
2201 1433 2458 1490 adversus
2499 1436 2601 1491 hoc
2641 1437 2840 1492 clamat
2881 1443 3150 1496 sententia
3183 1463 3194 1498 :
3237 1444 3448 1501 Invidia
3481 1449 3558 1502 sio

1979 1521 2188 1591 quidem
2218 1523 2416 1578 diaboli
2445 1541 2585 1580 mors
2613 1527 2829 1582 intravit
2858 1531 2914 1584 in
2942 1533 3126 1586 orbem
3149 1542 3444 1591 terrarum-
3485 1555 3488 1558 '

2055 1614 2081 1654 ε
2114 1613 2330 1670 Invidus
2356 1625 2537 1683 certe,
2571 1619 2662 1687 qui
2691 1619 2927 1676 alienum
2970 1623 3202 1693 bonum,
3238 1643 3395 1682 suum
3425 1628 3559 1688 facit

1981 1701 2270 1759 invidendo
2289 1706 2648 1775 supplicium:
2674 1709 2818 1764 nulla
2839 1710 3056 1766 videtur
3077 1715 3153 1769 ad
3169 1716 3420 1774 invidum
3437 1735 3561 1776 con-

1984 1797 2312 1866 cupiscentia
2343 1801 2628 1868 provocari
2660 1842 2675 1866 ,
2709 1804 2802 1858 sed
2833 1811 3040 1860 tantum
3070 1809 3335 1875 superbiae
3367 1813 3562 1868 morbo

272 1867 470 1922 tiones
500 1871 683 1926 varias
711 1874 876 1929 animi
905 1876 1210 1948 languentis
1237 1880 1452 1937 affectio
1471 1924 1485 1950 ,
1512 1885 1754 1953 potiendi
1783 1887 1881 1942 ho—
1909 1880 1956 1939 B
1984 1887 2169 1940 vexari
2198 1905 2211 1941 :
2244 1867 2359 1958 quo
2393 1890 2495 1944 sibi
2529 1887 2732 1962 iugiter
2773 1893 3082 1964 ingemiscit
3119 1867 3397 1955 meliorem
3415 1943 3431 1969 ,
3468 1867 3563 1959 cui

270 1958 442 2012 noris
469 1959 626 2014 avida
657 1962 818 2016 simul
849 1973 905 2019 et
933 1969 1146 2034 nescia,
1177 1971 1367 2024 morbo
1394 1973 1728 2029 excellentiae
1756 1975 1874 2030 ina-

272 2047 366 2102 nis
409 2048 628 2115 aﬂlata,
665 2068 830 2118 cava,
868 2058 1148 2125 morbida,
1187 2061 1530 2128 turbulenta,
1569 2065 1876 2122 animorum

269 2138 487 2194 levium
520 2142 763 2209 domina,
794 2147 934 2204 male
959 2149 1197 2206 fundatis
1234 2153 1483 2210 omnibus
1522 2155 1750 2223 blanda,
1793 2174 1878 2214 re-

268 2231 658 2300 pugnantibus
708 2233 926 2302 fumea,
982 2239 1268 2309 capiendis
1311 2243 1649 2310 seductoria,
1703 2248 1875 2316 captis

268 2318 492 2373 invicta
524 2339 538 2373 :
570 2322 848 2381 simulatio
876 2328 1121 2398 quaedam
1148 2331 1411 2386 virtutum
1440 2343 1488 2398 ο,
1511 2336 1770 2404 appetitio
1795 2337 1876 2391 di-

267 2411 558 2482 gnitatum
579 2455 594 2479 ,
623 2415 794 2472 dulcis
820 2420 1056 2486 miseris,
1088 2437 1271 2476 amara
1301 2423 1562 2492 perfectis
1593 2442 1606 2479 :
1637 2427 1723 2481 cui
1754 2443 1872 2483 ser-

269 2503 444 2557 viunt
473 2507 700 2573 tumidi,
732 2511 833 2564 sub
863 2525 968 2579 qua
991 2513 1178 2582 iacent
1204 2513 1360 2580 elati,
1392 2517 1484 2584 qui
1513 2531 1571 2571 se
1600 2517 1665 2572 de
1692 2519 1872 2589 operi-

273 2592 390 2648 bus
430 2609 660 2664 quorum
696 2600 798 2654 sibi
835 2603 1038 2656 conscii
1075 2619 1182 2659 non
1221 2612 1349 2658 sunt
1378 2605 1608 2675 turpiter
1627 2605 1870 2676 iactant,

275 2685 384 2754 qui
434 2700 495 2740 se
539 2688 607 2742 ab
651 2690 904 2746 omnibus
947 2693 1233 2761 prmdicari
1277 2709 1374 2764 per
1413 2694 1566 2750 nefas
1598 2695 1869 2751 affectant.

274 2773 386 2840 Qui
450 2785 672 2833 sanctos
727 2780 874 2835 viros
926 2781 1006 2835 sui
1064 2781 1442 2851 deprecatione
1475 2782 1504 2823 ἀ
1538 2785 1869 2854 depreciant.

271 2861 416 2928 His,
454 2872 512 2918 et
547 2865 814 2922 similibus
848 2869 1101 2924 delinitos
1136 2872 1350 2926 vanitas
1384 2873 1618 2941 premit,
1651 2890 1750 2929 nec
1779 2890 1872 2930 eos

270 2956 545 3010 morbum
574 2972 730 3014 suum
763 2961 995 3027 sentire,
1026 2969 1117 3016 aut
1145 2963 1216 3016 ad
1243 2963 1518 3019 medicum
1542 2965 1725 3019 venire
1750 2981 1873 3034 per-

270 3047 477 3102 mittit.
518 3047 589 3101 Et
622 3050 750 3118 quid
790 3058 904 3117 est,
936 3052 1005 3106 ad
1042 3053 1311 3108 medicum
1344 3055 1561 3120 venire,
1590 3056 1693 3110 nisi
1724 3055 1873 3110 infir-

269 3152 436 3191 mum
482 3152 610 3192 suas
652 3138 997 3195 inﬁrmitates
1033 3145 1404 3211 cognoscere?
1433 3153 1748 3214 tantumque
1775 3161 1869 3202 eos

269 3227 452 3280 ardor
490 3227 739 3283 humana:
776 3229 949 3286 laudis
985 3230 1310 3300 inﬂammat,
1342 3243 1402 3288 ut
1435 3235 1701 3290 laboriosa
1736 3250 1864 3306 Ope-
1891 3229 1935 3290 C

271 3334 336 3372 ra
359 3360 378 3382 ,
415 3334 541 3388 qua:
578 3321 807 3390 populus
849 3324 1165 3392 admiretur,
1199 3336 1254 3381 et
1281 3329 1486 3397 quibus
1505 3328 1648 3383 fama
1676 3328 1870 3384 diffun-

269 3408 456 3473 ditur,
488 3410 607 3465 sine
636 3411 820 3467 labore
855 3415 1184 3486 suscipiant,
1217 3427 1273 3472 et
1300 3418 1530 3474 libenter
1556 3429 1864 3476 exerceant.

270 3496 526 3553 Indeest
557 3502 698 3569 quod
729 3502 1008 3572 ieiunare,
1051 3506 1356 3574 abstinere,
1391 3507 1648 3578 vigilare,
1688 3509 1864 3564 eccle-

267 3587 422 3641 siam
452 3587 823 3658 frequcntare,
853 3593 938 3649 vel
964 3595 1213 3664 psallere,
1244 3613 1367 3652 cum
1397 3597 1511 3652 Ilth
1541 3598 1723 3653 omnia
1750 3599 1867 3654 sine

265 3680 468 3736 labore
501 3697 608 3736 non
639 3684 871 3752 faciant,
900 3688 1064 3742 etiam
1093 3704 1216 3743 cum
1246 3689 1602 3745 delectatione
1629 3690 1860 3757 faciunt,

272 3783 296 3810 ο
331 3781 396 3826 ut
428 3773 499 3827 ab
533 3775 870 3840 hominibus,
902 3779 1097 3847 quibus
1125 3779 1380 3849 placere,
1406 3796 1512 3836 non
1544 3781 1690 3847 Deo,
1716 3782 1861 3837 desi-

265 3861 511 3927 derant,
560 3865 866 3922 videantur.
917 3868 1071 3924 Unde
1099 3871 1322 3927 Veritas
1357 3872 1482 3927 ait:
1529 3873 1696 3928 Amen
1745 3873 1862 3928 dico

264 3952 417 4008 vobis
438 3994 452 4019 ,
485 3968 786 4025 receperunt
815 3961 1101 4014 mercedem
1131 3979 1304 4016 suam.

904 4047 1130 4105 CAPUT
1170 4051 1234 4106 V.

677 4137 755 4192 De
791 4140 1020 4194 remedio
1054 4142 1228 4196 inanis
1264 4143 1466 4212 gloria’.

336 4228 654 4297 Apostolica
699 4233 970 4287 sententia
1027 4234 1080 4288 in
1129 4236 1308 4291 medio
1367 4247 1450 4292 est
1492 4237 1853 4308 proferenda,

263 4335 380 4388 qua
410 4320 610 4375 dicitur
640 4341 651 4375 :
686 4321 835 4388 Quid
867 4326 1001 4378 enim
1045 4325 1202 4380 habes
1223 4367 1238 4392 ,
1267 4329 1407 4398 quod
1437 4346 1541 4383 non
1571 4330 1857 4399 accepisti:

263 4423 314 4465 et
335 4413 386 4466 si
413 4415 691 4484 accepisti,
719 4417 923 4487 utquid
952 4417 1221 4488 gloriaris,
1248 4420 1401 4490 quasi
1427 4437 1529 4474 non
1558 4422 1868 4491 acceperis?

265 4503 448 4573 Huius
483 4506 625 4559 enim
661 4507 832 4561 morbi
870 4518 954 4563 est
988 4509 1255 4565 medicina
1299 4511 1519 4575 salutis,
1552 4512 1856 4575 recordatio

1981 1980 2216 2047 invidet,
2246 1980 2527 2036 anteferri.
2552 1982 2631 2037 Ac
2656 1998 2754 2054 per
2776 1984 2882 2040 hoc
2902 1987 3148 2055 sequitur
3171 1989 3412 2046 divinum
3439 2009 3560 2048 mu—

1977 2089 2081 2129 nus
2110 2073 2165 2128 in
2195 2076 2415 2131 homine
2437 2118 2452 2143 ,
2485 2093 2609 2132 cum
2636 2079 2816 2148 potius
2846 2081 3026 2135 amari
3046 2083 3208 2138 homo
3236 2085 3428 2139 debeat
3456 2101 3558 2156 pro

1979 2164 2064 2218 sui
2114 2166 2294 2220 meriti
2343 2168 2650 2224 sanctitate.
2701 2169 2904 2228 Tantos
2944 2172 3089 2227 enim
3138 2174 3351 2230 invidus
3393 2176 3572 2232 habet

1968 2255 2116 2326 iusta
2159 2272 2327 2328 poena
2367 2268 2636 2326 tortores,
2685 2271 2917 2331 quantos
2958 2263 3258 2320 invidiosus
3306 2265 3556 2322 habuerit

1973 2348 2304 2405 laudatores.
2336 2351 2480 2406 Nihil
2510 2352 2780 2410 infelicius
2818 2363 3000 2425 potest
3021 2371 3142 2412 esse
3170 2357 3402 2422 invidia,
3435 2373 3557 2428 qua:

1973 2442 2164 2498 alienis
2192 2452 2480 2514 torquetur
2507 2446 2683 2501 bonis.
2716 2446 2870 2503 Und‘e
2896 2448 3063 2516 igitur
3088 2449 3263 2504 bonus
3292 2448 3510 2518 proficit
3535 2490 3552 2516 ,

1973 2533 2098 2588 inde
2139 2534 2351 2591 invidus
2392 2537 2751 2593 contabescit.
2797 2538 3001 2594 Invidia
3042 2551 3261 2594 sensum
3306 2541 3550 2605 mordet,

1971 2634 2159 2696 pectus
2204 2629 2346 2693 urit,
2396 2636 2633 2684 mentem
2683 2629 2886 2699 allligit.
2937 2628 3040 2696 Qui
3087 2637 3266 2683 autem
3314 2629 3548 2692 invidet,

1972 2717 2183 2772 diabolo
2222 2717 2415 2772 similis
2453 2727 2570 2784 est,
2613 2719 2706 2788 qui
2744 2732 2844 2788 per
2886 2717 3146 2773 invidiam
3178 2719 3453 2776 hominem
3485 2719 3552 2777 de

1970 2808 2207 2877 paradisi
2238 2807 2498 2864 felicitate
2528 2810 2744 2880 deiecit.

2043 2897 2338 2970 (Prosper.)
2367 2898 2638 2965 Quantum
2668 2900 2748 2954 eis
2778 2899 2977 2954 bonum
3007 2908 3319 2970 corrumpat
3347 2899 3550 2956 invidia

1970 2990 2358 3045 miserabiliter
2401 2999 2486 3045 est
2529 2991 2847 3046 intuendum
2886 3009 2898 3044 :
2950 3006 3072 3045 cum
3117 2991 3378 3062 quidquid
3420 2993 3550 3063 boni

1972 3082 2092 3137 fieri
2132 3083 2222 3138 vel
2257 3084 2365 3139 dici
2403 3100 2432 3138 a
2475 3083 2680 3139 sanctis
2718 3082 3020 3149 audierint,
3061 3083 3145 3138 vel
3183 3083 3404 3140 omnino
3442 3100 3550 3140 non

1971 3172 2217 3237 credunt,
2253 3180 2346 3227 aut
2381 3187 2469 3228 res
2505 3173 2643 3228 bene
2683 3179 2866 3242 gestas
2895 3171 2950 3226 in
2980 3171 3181 3226 malum
3207 3171 3347 3227 male
3376 3173 3548 3228 inter-

1974 3262 2236 3330 pretando
2283 3269 2626 3317 convertunt.
2675 3260 2848 3317 Omne
2893 3262 3095 3316 malum
3139 3264 3289 3332 quod
3328 3263 3396 3320 de
3443 3263 3552 3322 illis

1971 3353 2203 3406 mendax
2233 3352 2375 3406 fama
2399 3351 2716 3420 iactaverit,
2747 3354 2930 3408 statim
2960 3361 3214 3425 tanquam
3248 3355 3294 3410 si
3333 3355 3437 3425 ipsi
3468 3356 3550 3409 vi-

1971 3441 2176 3505 derint,
2210 3443 2460 3496 credunt.

2042 3530 2387 3603 (Gregorius.
2413 3532 2431 3602 )
2469 3531 2538 3586 Et
2567 3531 2694 3586 dum
2724 3531 2948 3587 livorem
2978 3547 3006 3586 a
3034 3535 3195 3588 corde
3233 3549 3341 3589 non
3381 3533 3547 3606 proji-

1967 3623 2152 3688 ciunt,
2201 3623 2270 3677 ad
2314 3631 2534 3693 apertas
2571 3637 2795 3693 cperam
2837 3623 3116 3692 nequitias
3146 3623 3542 3680 devolvuntur:

1965 3715 2092 3784 quia
2132 3730 2163 3770 a
2203 3728 2262 3769 se
2304 3712 2498 3784 incipit
2534 3713 2712 3769 omnis
2755 3720 3019 3769 tractatus
3047 3715 3254 3780 malus,
3285 3725 3339 3771 et
3368 3717 3545 3788 prius-

1965 3821 2128 3876 quam
2170 3814 2364 3861 noceat
2403 3805 2593 3871 alteri,
2634 3805 2758 3876 ipse
2791 3807 2891 3860 sibi
2921 3815 3076 3877 parat
3105 3807 3349 3862 exitium.
3379 3807 3546 3862 Nam-

1965 3912 2069 3966 que
2095 3911 2160 3951 ex
2182 3896 2286 3952 hoc
2307 3896 2441 3951 vitio
2466 3896 2718 3950 oriuntur
2742 3895 3055 3954 homicidia.
3089 3895 3202 3951 Nisi
3234 3898 3378 3952 enim
3407 3896 3544 3955 Cain

1964 3989 2248 4044 invidisset
2277 3998 2555 4060 acceptam
2588 3988 2774 4045 fratris
2804 3989 3069 4058 hostiam,
3101 3991 3322 4049 minime
3347 4008 3542 4065 perve-

1965 4081 2136 4136 nisset
2159 4082 2226 4136 ad
2254 4082 2700 4152 exstinguendam
2727 4081 2928 4137 vitam-

2556 4203 2784 4260 CAPUT
2824 4204 2935 4260 Vlh

2434 4295 2513 4348 De
2552 4296 2778 4348 mmedio
2813 4295 3043 4352 incidite;

2027 4403 2317 4475 Apostolus
2364 4401 2680 4457 terribiliter
2719 4402 3111 4470 comminatur,
3148 4402 3380 4459 dicens:
3428 4401 3541 4470 Qui

1959 4495 2068 4550 odit
2098 4493 2315 4563 fratrem
2344 4508 2530 4555 suum,
2553 4491 2818 4546 homicida
2841 4502 2950 4557 est;
2977 4494 3183 4565 et,.qui'
3202 4493 3394 4549 invidet
3423 4495 3538 4564 fra-

262 4569 473 4646 (ῃιῖίηω
511 4593 802 4659 bonitatis,
842 4611 942 4665 per
967 4611 1128 4664 quam
1171 4597 1352 4650 omnia
1392 4569 1530 4653 hem}
1559 4569 1714 4653 nobis
1740 4599 1853 4653 eo]-
1880 4569 1934 4628 Ι)
1960 4587 2029 4640 tri
2055 4601 2181 4649 suo,
2215 4585 2274 4638 in
2298 4582 2520 4638 tenebris
2546 4591 2656 4648 est,
2688 4591 2744 4636 et
2766 4583 2822 4636 in
2853 4583 3080 4638 tenebris
3102 4583 3354 4638 ambulat.
3385 4585 3541 4642 Unde

261 4681 380 4736 lata
410 4690 569 4747 sunt,
604 4699 723 4753 qua;
750 4686 950 4740 habere
977 4685 1246 4739 videmur.
1280 4685 1459 4738 Etiam
1501 4693 1555 4740 et
1592 4695 1854 4756 perpetua

261 4774 443 4844 ipsius
485 4773 850 4830 Dei-Charitas
880 4794 892 4828 :
926 4775 980 4830 in
1011 4774 1167 4844 cuius
1210 4775 1424 4829 laudem
1466 4777 1648 4830 omnia
1688 4792 1856 4847 agere-

259 4867 562 4932 debemus,
599 4869 857 4938 quidquid
895 4870 1017 4924 boni
1056 4869 1108 4923 in
1150 4869 1253 4924 hoe
1282 4867 1480 4924 s'eculo
1509 4883 1798 4938 cperemur
1830 4887 1842 4921 :

260 4971 320 5016 et
351 4962 532 5030 magis
573 4962 881 5016 desiderare
930 4978 959 5015 a
1005 4961 1117 5017 Deo
1150 4961 1358 5016 laudari
1390 4963 1442 5015 in
1485 4961 1572 5015 die
1611 4961 1848 5016 retribu—

263 5052 435 5106 tionis
476 5061 720 5118 aeternae,
759 5068 921 5122 quam
965 5054 1032 5107 ab
1071 5054 1287 5110 homine
1322 5053 1540 5109 mortali
1578 5053 1847 5122 quolibet,

264 5143 320 5198 in
346 5141 512 5212 huius
540 5144 868 5198 transitoriae
897 5143 1039 5199 vitm.
1071 5143 1184 5198 Hoc
1214 5158 1428 5214 quoque
1458 5144 1635 5198 inanis
1663 5143 1850 5214 gloria:

263 5233 494 5297 vitium,
529 5240 589 5286 ut
619 5231 732 5302 iam
789 5234 1052 5299 diximus,
1092 5234 1458 5304 lacrymarum
1500 5233 1716 5289 fletibus
1768 5241 1852 5287 est

264 5323 632 5388 abolendum,
662 5339 786 5378 cum
815 5332 1138 5379 cancrorum
1181 5324 1391 5379 actibus
1429 5325 1694 5378 bonorum
1723 5338 1853 5393 ope-

265 5429 416 5468 rum.
461 5412 598 5479 Quia
639 5414 694 5470 in
736 5415 946 5470 cunctis
987 5430 1107 5485 qua:
1150 5415 1360 5486 agimus
1404 5428 1628 5470 necesse
1668 5422 1752 5469 est
1791 5423 1850 5467 ut

342 5538 370 5597 fl
403 5524 717 5597 Gregorius.

342 5596 373 5636 δ
407 5593 538 5669 [line
559 5613 631 5652 ex-
652 5599 842 5669 Prosp.
868 5599 960 5652 lib.
995 5614 1055 5653 ιιι
1082 5598 1220 5669 Vitae
1256 5595 1583 5669 contempl._._
1613 5607 1738 5669 cap.
1759 5593 1844 5669 ιο.

345 5678 372 5706 ε
394 5666 600 5738 Prosp.
623 5708 640 5733 ,
669 5664 848 5724 anima
875 5669 1118 5724 vitiorum
1137 5709 1153 5732 ,
1187 5668 1349 5736 fontes
1368 5664 1674 5738 carnalium
1705 5664 1846 5719 dele-

271 5736 595 5811 ctatigntttti,
630 5739 770 5793 labes
802 5755 1037 5802 morum,
1071 5738 1317 5811 appetitio
1349 5736 1404 5791 d.

345 5805 369 5842 ⁶¹
411 5806 626 5880 Prosp.,
659 5811 1065 5880 comparatione.

1961 4678 2006 4732 si
2038 4678 2164 4733 huic
2188 4676 2321 4730 vitio
2357 4674 2600 4729 valenter
2628 4674 2884 4729 resistere
2909 4674 3187 4743 cupimus,
3215 4675 3536 4730 charitatcm

1960 4770 2070 4823 Deo
2115 4767 2466 4823 exhibeamus
2514 4773 2570 4820 et
2614 4763 2893 4833 proximo,
2942 4763 3009 4818 de
3052 4763 3216 4818 corde
3261 4779 3433 4833 puro,
3479 4773 3552 4820 et.

1957 4857 2292 4915 conscientia
2332 4857 2508 4920 bona,
2547 4862 2606 4909 et-
2643 4853 2748 4908 ﬂde
2785 4868 2892 4908 nou
2935 4851 3098 4917 ficta;
3132 4859 3186 4907 et
3226 4850 3384 4908 facile
3409 4869 3548 4923 pee-

1957 4961 2080 5008 cato
2107 4950 2413 5006 resistimus
2438 4989 2464 5015 ,.
2487 4947 2533 5002 si
2559 4946 2718 5002 bonis
2746 4945 3000 5000 erunibus
3028 4943 3367 4999 abundamus
3392 4961 3406 5009 ;
3436 4959 3537 5001 sae-

1956 5044 2062 5099 culi
2104 5041 2473 5097 blandimenta
2503 5037 2936 5100 contemnimus,
2965 5041 3022 5088 et
3045 5032 3227 5089 omnia
3253 5048 3374 5101 qua:
3400 5033 3536 5087 ditii-

1953 5136 2079 5191 cilia
2110 5142 2236 5190 sunt
2264 5134 2517 5188 humana:
2543 5129 2824 5201 fragilitati
2854 5126 2936 5183 vel
2966 5141 3155 5197 aspera
3174 5166 3190 5193 ,
3217 5126 3561 5180 etiam-cum'

1953 5228 2239 5284 dilectione
2284 5223 2626 5294 perlicimus,
2672 5223 2720 5277 si
2761 5221 2878 5275 haec
2918 5224 3188 5288 praecepta
3231 5213 3536 5272 dilectionis

1954 5317 2310 5374 custodimus.

2025 5411 2043 5483 (
2067 5409 2274 5483 Idem.)
2309 5407 2562 5463 Attamen
2591 5405 2848 5488 ordinem:
2865 5400 3171 5459 dilectionis
3200 5397 3275 5452 illi
3303 5407 3530 5464 perver-

2029 5536 2052 5563 ε
2089 5523 2380 5606 Hucusque
2401 5537 2466 5577 ex
2485 5519 2676 5642 ProsP.

2029 5595 2049 5633 Ι
2091 5594 2302 5642 Citalur
2329 5591 2387 5642 S.
2417 5591 2576 5642 Grca.
2638 5591 2709 5642 rb.
2740 5604 2773 5642 v
2817 5585 2948 5641 Mor:

2029 5595 2049 5633 ι
2091 5574 2307 5648 Citam;
2320 5574 2387 5646 VS:
2409 5574 2709 5662 Crcgalib.
2740 5604 2773 5642 v
2817 5584 3003 5641 Moral.
3032 5579 3133 5636 .Iob
3153 5620 3172 5644 ,
3194 5592 3314 5647 cap.
3342 5575 3402 5630 5i
3420 5616 3436 5640 ,
3455 5574 3533 5630 de

1954 5665 2153 5719 invidia
2179 5661 2544 5732 pulcherrime
2557 5661 2864 5732 disserens.

2029 5715 2217 5788 dinei:
2245 5715 2312 5788 ex
2334 5715 2534 5799 Prosp.
2556 5731 2645 5783 lib.
2674 5745 2734 5782 ιιι
2762 5724 2894 5780 Vita:
2923 5720 3294 5794 contemplat.,
3321 5731 3444 5790 cap.
3469 5715 3527 5772 5-
