  <div class='ocr_page' id='page_1' title='image "/cluster/home/n/w/nwhite01/storage/ocr_20150623/105/hvd.32044054759709/337.png"; bbox 0 0 3856 6190; ppageno 0'>
   <div class='ocr_carea' id='block_1_1' title="bbox 332 381 438 434">
    <p class='ocr_par' dir='ltr' id='par_1_1' title="bbox 332 381 438 434">
     <span class='ocr_line' id='line_1_1' title="bbox 332 381 438 434; baseline 0 -40"><span class='ocrx_word' id='word_1_1' title='bbox 332 381 438 434; x_wconf 57' lang='grc' dir='ltr'><strong>ωδ</strong></span> 
     </span>
    </p>
   </div>
   <div class='ocr_carea' id='block_1_2' title="bbox 334 574 1907 648">
    <p class='ocr_par' dir='ltr' id='par_1_2' title="bbox 334 574 1907 648">
     <span class='ocr_line' id='line_1_2' title="bbox 334 574 1907 648; baseline -0.006 -12"><span class='ocrx_word' id='word_1_2' title='bbox 334 578 623 644; x_wconf 87' lang='lat' dir='ltr'><strong>mundum,</strong></span> <span class='ocrx_word' id='word_1_3' title='bbox 654 578 745 648; x_wconf 90' lang='lat' dir='ltr'><strong>qui</strong></span> <span class='ocrx_word' id='word_1_4' title='bbox 771 575 1197 631; x_wconf 89' lang='lat' dir='ltr'><strong>contemnendus</strong></span> <span class='ocrx_word' id='word_1_5' title='bbox 1225 583 1340 640; x_wconf 91' lang='lat' dir='ltr'><strong>est,</strong></span> <span class='ocrx_word' id='word_1_6' title='bbox 1372 574 1637 645; x_wconf 81' lang='lat' dir='ltr'><strong>diligunt;</strong></span> <span class='ocrx_word' id='word_1_7' title='bbox 1668 583 1760 626; x_wconf 87' lang='lat' dir='ltr'><strong>aut</strong></span> <span class='ocrx_word' id='word_1_8' title='bbox 1790 589 1907 628; x_wconf 82' lang='lat' dir='ltr'><strong>cor-</strong></span> 
     </span>
    </p>
   </div>
   <div class='ocr_carea' id='block_1_3' title="bbox 334 667 1908 740">
    <p class='ocr_par' dir='ltr' id='par_1_3' title="bbox 334 667 1908 740">
     <span class='ocr_line' id='line_1_3' title="bbox 334 667 1908 740; baseline -0.003 -15"><span class='ocrx_word' id='word_1_9' title='bbox 334 685 467 740; x_wconf 87' lang='lat' dir='ltr'><strong>pora</strong></span> <span class='ocrx_word' id='word_1_10' title='bbox 510 685 606 726; x_wconf 89' lang='lat' dir='ltr'><strong>sua</strong></span> <span class='ocrx_word' id='word_1_11' title='bbox 646 670 827 724; x_wconf 91' lang='lat' dir='ltr'><strong>minus</strong></span> <span class='ocrx_word' id='word_1_12' title='bbox 867 667 1174 738; x_wconf 85' lang='lat' dir='ltr'><strong>diligenda,</strong></span> <span class='ocrx_word' id='word_1_13' title='bbox 1209 667 1438 739; x_wconf 87' lang='lat' dir='ltr'><strong>diligunt</strong></span> <span class='ocrx_word' id='word_1_14' title='bbox 1468 687 1479 721; x_wconf 94' lang='lat'>:</span> <span class='ocrx_word' id='word_1_15' title='bbox 1514 677 1605 722; x_wconf 90' lang='lat' dir='ltr'><strong>aut</strong></span> <span class='ocrx_word' id='word_1_16' title='bbox 1632 667 1908 738; x_wconf 83' lang='lat' dir='ltr'><strong>proximos</strong></span> 
     </span>
    </p>
   </div>
   <div class='ocr_carea' id='block_1_4' title="bbox 337 759 1910 830">
    <p class='ocr_par' dir='ltr' id='par_1_4' title="bbox 337 759 1910 830">
     <span class='ocr_line' id='line_1_4' title="bbox 337 759 1910 830; baseline -0.003 -14"><span class='ocrx_word' id='word_1_17' title='bbox 337 778 445 816; x_wconf 90' lang='lat' dir='ltr'><strong>non</strong></span> <span class='ocrx_word' id='word_1_18' title='bbox 487 761 627 815; x_wconf 84' lang='lat' dir='ltr'><strong>sicut</strong></span> <span class='ocrx_word' id='word_1_19' title='bbox 667 775 727 815; x_wconf 91' lang='lat' dir='ltr'><strong>se</strong></span> <span class='ocrx_word' id='word_1_20' title='bbox 769 760 948 830; x_wconf 91' lang='lat' dir='ltr'><strong>ipsos,</strong></span> <span class='ocrx_word' id='word_1_21' title='bbox 990 769 1082 813; x_wconf 90' lang='lat' dir='ltr'><strong>aut</strong></span> <span class='ocrx_word' id='word_1_22' title='bbox 1121 759 1289 813; x_wconf 91' lang='lat' dir='ltr'><strong>Deum</strong></span> <span class='ocrx_word' id='word_1_23' title='bbox 1327 759 1448 829; x_wconf 87' lang='lat' dir='ltr'><strong>plus</strong></span> <span class='ocrx_word' id='word_1_24' title='bbox 1487 775 1650 828; x_wconf 89' lang='lat' dir='ltr'><strong>quam</strong></span> <span class='ocrx_word' id='word_1_25' title='bbox 1680 773 1738 813; x_wconf 91' lang='lat' dir='ltr'><strong>se</strong></span> <span class='ocrx_word' id='word_1_26' title='bbox 1766 759 1910 827; x_wconf 87' lang='lat' dir='ltr'><strong>ipsos</strong></span> 
     </span>
    </p>
   </div>
   <div class='ocr_carea' id='block_1_5' title="bbox 337 848 1910 919">
    <p class='ocr_par' dir='ltr' id='par_1_5' title="bbox 337 848 1910 919">
     <span class='ocr_line' id='line_1_5' title="bbox 337 848 1910 919; baseline 0 -17"><span class='ocrx_word' id='word_1_27' title='bbox 337 849 477 904; x_wconf 90' lang='lat' dir='ltr'><strong>forte</strong></span> <span class='ocrx_word' id='word_1_28' title='bbox 505 864 610 903; x_wconf 91' lang='lat' dir='ltr'><strong>non</strong></span> <span class='ocrx_word' id='word_1_29' title='bbox 657 849 904 919; x_wconf 88' lang='lat' dir='ltr'><strong>diligunt.</strong></span> <span class='ocrx_word' id='word_1_30' title='bbox 947 848 1232 904; x_wconf 78' lang='lat' dir='ltr'><strong>Proximos</strong></span> <span class='ocrx_word' id='word_1_31' title='bbox 1269 857 1450 903; x_wconf 89' lang='lat' dir='ltr'><strong>autem</strong></span> <span class='ocrx_word' id='word_1_32' title='bbox 1482 857 1609 903; x_wconf 90' lang='lat' dir='ltr'><strong>tunc</strong></span> <span class='ocrx_word' id='word_1_33' title='bbox 1638 849 1910 918; x_wconf 76' lang='lat' dir='ltr'><strong>diligimus</strong></span> 
     </span>
    </p>
   </div>
   <div class='ocr_carea' id='block_1_6' title="bbox 338 939 1906 1009">
    <p class='ocr_par' dir='ltr' id='par_1_6' title="bbox 338 939 1906 1009">
     <span class='ocr_line' id='line_1_6' title="bbox 338 939 1906 1009; baseline -0.001 -13"><span class='ocrx_word' id='word_1_34' title='bbox 338 943 481 996; x_wconf 92' lang='lat' dir='ltr'><strong>sicut</strong></span> <span class='ocrx_word' id='word_1_35' title='bbox 506 956 606 995; x_wconf 92' lang='lat' dir='ltr'><strong>nos</strong></span> <span class='ocrx_word' id='word_1_36' title='bbox 628 981 642 1004; x_wconf 92' lang='lat'><strong>,</strong></span> <span class='ocrx_word' id='word_1_37' title='bbox 674 940 720 995; x_wconf 89' lang='lat' dir='ltr'><strong>si</strong></span> <span class='ocrx_word' id='word_1_38' title='bbox 749 955 854 994; x_wconf 91' lang='lat' dir='ltr'><strong>non</strong></span> <span class='ocrx_word' id='word_1_39' title='bbox 881 948 1104 1009; x_wconf 83' lang='lat' dir='ltr'><strong>pmpter</strong></span> <span class='ocrx_word' id='word_1_40' title='bbox 1134 939 1343 1009; x_wconf 90' lang='lat' dir='ltr'><strong>aliquas</strong></span> <span class='ocrx_word' id='word_1_41' title='bbox 1369 940 1631 994; x_wconf 92' lang='lat' dir='ltr'><strong>utilitates</strong></span> <span class='ocrx_word' id='word_1_42' title='bbox 1659 949 1874 994; x_wconf 90' lang='lat' dir='ltr'><strong>nostras</strong></span> <span class='ocrx_word' id='word_1_43' title='bbox 1893 981 1906 1005; x_wconf 94' lang='lat'><strong>,</strong></span> 
     </span>
    </p>
   </div>
   <div class='ocr_carea' id='block_1_7' title="bbox 337 1027 1908 1100">
    <p class='ocr_par' dir='ltr' id='par_1_7' title="bbox 337 1027 1908 1100">
     <span class='ocr_line' id='line_1_7' title="bbox 337 1027 1908 1100; baseline -0.002 -14"><span class='ocrx_word' id='word_1_44' title='bbox 337 1047 444 1086; x_wconf 89' lang='lat' dir='ltr'><strong>non</strong></span> <span class='ocrx_word' id='word_1_45' title='bbox 493 1038 714 1099; x_wconf 83' lang='lat' dir='ltr'><strong>prepter</strong></span> <span class='ocrx_word' id='word_1_46' title='bbox 761 1039 977 1100; x_wconf 79' lang='lat' dir='ltr'><strong>Sperata</strong></span> <span class='ocrx_word' id='word_1_47' title='bbox 1027 1027 1288 1083; x_wconf 81' lang='lat' dir='ltr'><strong>beneficia</strong></span> <span class='ocrx_word' id='word_1_48' title='bbox 1332 1029 1415 1082; x_wconf 90' lang='lat' dir='ltr'><strong>vel</strong></span> <span class='ocrx_word' id='word_1_49' title='bbox 1460 1038 1767 1098; x_wconf 81' lang='lat' dir='ltr'><strong>praecepta,</strong></span> <span class='ocrx_word' id='word_1_50' title='bbox 1816 1030 1908 1083; x_wconf 92' lang='lat' dir='ltr'><strong>sed</strong></span> 
     </span>
    </p>
   </div>
   <div class='ocr_carea' id='block_1_8' title="bbox 337 1120 1911 1192">
    <p class='ocr_par' dir='ltr' id='par_1_8' title="bbox 337 1120 1911 1192">
     <span class='ocr_line' id='line_1_8' title="bbox 337 1120 1911 1192; baseline -0.001 -17"><span class='ocrx_word' id='word_1_51' title='bbox 337 1130 561 1192; x_wconf 82' lang='lat' dir='ltr'><strong>propter</strong></span> <span class='ocrx_word' id='word_1_52' title='bbox 588 1121 690 1176; x_wconf 89' lang='lat' dir='ltr'><strong>hoc</strong></span> <span class='ocrx_word' id='word_1_53' title='bbox 721 1130 928 1174; x_wconf 90' lang='lat' dir='ltr'><strong>tantum</strong></span> <span class='ocrx_word' id='word_1_54' title='bbox 959 1121 1100 1188; x_wconf 89' lang='lat' dir='ltr'><strong>quod</strong></span> <span class='ocrx_word' id='word_1_55' title='bbox 1131 1129 1258 1174; x_wconf 89' lang='lat' dir='ltr'><strong>sunt</strong></span> <span class='ocrx_word' id='word_1_56' title='bbox 1283 1129 1492 1173; x_wconf 63' lang='lat' dir='ltr'><strong>naturae</strong></span> <span class='ocrx_word' id='word_1_57' title='bbox 1519 1127 1717 1173; x_wconf 77' lang='lat' dir='ltr'><strong>nostrae</strong></span> <span class='ocrx_word' id='word_1_58' title='bbox 1744 1120 1911 1188; x_wconf 88' lang='lat' dir='ltr'><strong>parti-</strong></span> 
     </span>
    </p>
   </div>
   <div class='ocr_carea' id='block_1_9' title="bbox 336 1211 1911 1284">
    <p class='ocr_par' dir='ltr' id='par_1_9' title="bbox 336 1211 1911 1284">
     <span class='ocr_line' id='line_1_9' title="bbox 336 1211 1911 1284; baseline -0.003 -16"><span class='ocrx_word' id='word_1_59' title='bbox 336 1215 517 1284; x_wconf 82' lang='lat' dir='ltr'><strong>cipes,</strong></span> <span class='ocrx_word' id='word_1_60' title='bbox 546 1213 853 1282; x_wconf 75' lang='lat' dir='ltr'><strong>diligamus.</strong></span> <span class='ocrx_word' id='word_1_61' title='bbox 886 1211 1225 1281; x_wconf 83' lang='lat' dir='ltr'><strong>Quapropter</strong></span> <span class='ocrx_word' id='word_1_62' title='bbox 1252 1212 1369 1265; x_wconf 60' lang='lat' dir='ltr'><strong>haec</strong></span> <span class='ocrx_word' id='word_1_63' title='bbox 1407 1219 1490 1264; x_wconf 91' lang='lat' dir='ltr'><strong>est</strong></span> <span class='ocrx_word' id='word_1_64' title='bbox 1527 1211 1757 1280; x_wconf 79' lang='lat' dir='ltr'><strong>proximi</strong></span> <span class='ocrx_word' id='word_1_65' title='bbox 1798 1220 1911 1265; x_wconf 90' lang='lat' dir='ltr'><strong>tota</strong></span> 
     </span>
    </p>
   </div>
   <div class='ocr_carea' id='block_1_10' title="bbox 336 1300 1912 1370">
    <p class='ocr_par' dir='ltr' id='par_1_10' title="bbox 336 1300 1912 1370">
     <span class='ocr_line' id='line_1_10' title="bbox 336 1300 1912 1370; baseline -0.003 -12"><span class='ocrx_word' id='word_1_66' title='bbox 336 1303 588 1368; x_wconf 87' lang='lat' dir='ltr'><strong>dilectio,</strong></span> <span class='ocrx_word' id='word_1_67' title='bbox 632 1311 692 1356; x_wconf 94' lang='lat' dir='ltr'><strong>ut</strong></span> <span class='ocrx_word' id='word_1_68' title='bbox 737 1304 936 1357; x_wconf 91' lang='lat' dir='ltr'><strong>bonum</strong></span> <span class='ocrx_word' id='word_1_69' title='bbox 976 1300 1118 1370; x_wconf 93' lang='lat' dir='ltr'><strong>quod</strong></span> <span class='ocrx_word' id='word_1_70' title='bbox 1164 1301 1258 1355; x_wconf 93' lang='lat' dir='ltr'><strong>tibi</strong></span> <span class='ocrx_word' id='word_1_71' title='bbox 1292 1300 1527 1355; x_wconf 88' lang='lat' dir='ltr'><strong>conferri</strong></span> <span class='ocrx_word' id='word_1_72' title='bbox 1559 1301 1668 1365; x_wconf 87' lang='lat' dir='ltr'><strong>vis,</strong></span> <span class='ocrx_word' id='word_1_73' title='bbox 1698 1301 1832 1357; x_wconf 91' lang='lat' dir='ltr'><strong>velis</strong></span> <span class='ocrx_word' id='word_1_74' title='bbox 1858 1310 1912 1356; x_wconf 92' lang='lat' dir='ltr'><strong>et</strong></span> 
     </span>
    </p>
   </div>
   <div class='ocr_carea' id='block_1_11' title="bbox 338 1393 1910 1466">
    <p class='ocr_par' dir='ltr' id='par_1_11' title="bbox 338 1393 1910 1466">
     <span class='ocr_line' id='line_1_11' title="bbox 338 1393 1910 1466; baseline -0.002 -18"><span class='ocrx_word' id='word_1_75' title='bbox 338 1396 606 1466; x_wconf 61' lang='lat' dir='ltr'><strong>proximo.</strong></span> <span class='ocrx_word' id='word_1_76' title='bbox 646 1395 834 1448; x_wconf 87' lang='lat' dir='ltr'><strong>Potest</strong></span> <span class='ocrx_word' id='word_1_77' title='bbox 862 1393 1043 1462; x_wconf 85' lang='lat' dir='ltr'><strong>itaque</strong></span> <span class='ocrx_word' id='word_1_78' title='bbox 1073 1395 1233 1447; x_wconf 91' lang='lat' dir='ltr'><strong>homo</strong></span> <span class='ocrx_word' id='word_1_79' title='bbox 1263 1393 1488 1447; x_wconf 86' lang='lat' dir='ltr'><strong>alterius</strong></span> <span class='ocrx_word' id='word_1_80' title='bbox 1516 1394 1714 1447; x_wconf 86' lang='lat' dir='ltr'><strong>bonum</strong></span> <span class='ocrx_word' id='word_1_81' title='bbox 1755 1408 1910 1447; x_wconf 92' lang='lat' dir='ltr'><strong>suum</strong></span> 
     </span>
    </p>
   </div>
   <div class='ocr_carea' id='block_1_12' title="bbox 341 1482 1732 1552">
    <p class='ocr_par' dir='ltr' id='par_1_12' title="bbox 341 1482 1732 1552">
     <span class='ocr_line' id='line_1_12' title="bbox 341 1482 1732 1552; baseline 0 -16"><span class='ocrx_word' id='word_1_82' title='bbox 341 1483 521 1538; x_wconf 89' lang='lat' dir='ltr'><strong>facere</strong></span> <span class='ocrx_word' id='word_1_83' title='bbox 541 1523 557 1548; x_wconf 96' lang='lat'><strong>,</strong></span> <span class='ocrx_word' id='word_1_84' title='bbox 587 1484 715 1538; x_wconf 91' lang='lat' dir='ltr'><strong>dum</strong></span> <span class='ocrx_word' id='word_1_85' title='bbox 744 1491 893 1536; x_wconf 91' lang='lat' dir='ltr'><strong>amat</strong></span> <span class='ocrx_word' id='word_1_86' title='bbox 919 1483 974 1536; x_wconf 92' lang='lat' dir='ltr'><strong>in</strong></span> <span class='ocrx_word' id='word_1_87' title='bbox 1005 1483 1110 1537; x_wconf 90' lang='lat' dir='ltr'><strong>alio</strong></span> <span class='ocrx_word' id='word_1_88' title='bbox 1137 1483 1279 1551; x_wconf 90' lang='lat' dir='ltr'><strong>quod</strong></span> <span class='ocrx_word' id='word_1_89' title='bbox 1313 1483 1425 1552; x_wconf 92' lang='lat' dir='ltr'><strong>ipse</strong></span> <span class='ocrx_word' id='word_1_90' title='bbox 1454 1498 1558 1537; x_wconf 88' lang='lat' dir='ltr'><strong>non</strong></span> <span class='ocrx_word' id='word_1_91' title='bbox 1587 1482 1732 1536; x_wconf 84' lang='lat' dir='ltr'><strong>facit.</strong></span> 
     </span>
    </p>
   </div>
   <div class='ocr_carea' id='block_1_13' title="bbox 415 1574 1913 1645">
    <p class='ocr_par' dir='ltr' id='par_1_13' title="bbox 415 1574 1913 1645">
     <span class='ocr_line' id='line_1_13' title="bbox 415 1574 1913 1645; baseline 0.001 -18"><span class='ocrx_word' id='word_1_92' title='bbox 415 1574 633 1645; x_wconf 72' lang='lat' dir='ltr'><strong>(Idem)</strong></span> <span class='ocrx_word' id='word_1_93' title='bbox 677 1574 812 1630; x_wconf 91' lang='lat' dir='ltr'><strong>Hinc</strong></span> <span class='ocrx_word' id='word_1_94' title='bbox 837 1589 966 1644; x_wconf 90' lang='lat' dir='ltr'><strong>ergo</strong></span> <span class='ocrx_word' id='word_1_95' title='bbox 994 1583 1223 1644; x_wconf 88' lang='lat' dir='ltr'><strong>pensent</strong></span> <span class='ocrx_word' id='word_1_96' title='bbox 1249 1574 1450 1639; x_wconf 88' lang='lat' dir='ltr'><strong>invidi,</strong></span> <span class='ocrx_word' id='word_1_97' title='bbox 1481 1576 1721 1629; x_wconf 90' lang='lat' dir='ltr'><strong>charitas</strong></span> <span class='ocrx_word' id='word_1_98' title='bbox 1745 1590 1913 1645; x_wconf 87' lang='lat' dir='ltr'><strong>quan-</strong></span> 
     </span>
    </p>
   </div>
   <div class='ocr_carea' id='block_1_14' title="bbox 342 1668 1913 1738">
    <p class='ocr_par' dir='ltr' id='par_1_14' title="bbox 342 1668 1913 1738">
     <span class='ocr_line' id='line_1_14' title="bbox 342 1668 1913 1738; baseline 0.001 -14"><span class='ocrx_word' id='word_1_99' title='bbox 342 1677 410 1724; x_wconf 77' lang='lat' dir='ltr'><strong>ta:</strong></span> <span class='ocrx_word' id='word_1_100' title='bbox 435 1669 650 1722; x_wconf 90' lang='lat' dir='ltr'><strong>virtutis</strong></span> <span class='ocrx_word' id='word_1_101' title='bbox 673 1676 792 1732; x_wconf 89' lang='lat' dir='ltr'><strong>est,</strong></span> <span class='ocrx_word' id='word_1_102' title='bbox 813 1683 933 1737; x_wconf 62' lang='lat' dir='ltr'><strong>quae</strong></span> <span class='ocrx_word' id='word_1_103' title='bbox 957 1668 1118 1723; x_wconf 89' lang='lat' dir='ltr'><strong>alieni</strong></span> <span class='ocrx_word' id='word_1_104' title='bbox 1143 1668 1345 1723; x_wconf 86' lang='lat' dir='ltr'><strong>laboris</strong></span> <span class='ocrx_word' id='word_1_105' title='bbox 1366 1683 1528 1738; x_wconf 84' lang='lat' dir='ltr'><strong>opera</strong></span> <span class='ocrx_word' id='word_1_106' title='bbox 1549 1711 1564 1734; x_wconf 94' lang='lat'><strong>,</strong></span> <span class='ocrx_word' id='word_1_107' title='bbox 1587 1678 1769 1724; x_wconf 91' lang='lat' dir='ltr'><strong>nostra</strong></span> <span class='ocrx_word' id='word_1_108' title='bbox 1797 1670 1913 1725; x_wconf 86' lang='lat' dir='ltr'><strong>sine</strong></span> 
     </span>
    </p>
   </div>
   <div class='ocr_carea' id='block_1_15' title="bbox 343 1759 1910 1830">
    <p class='ocr_par' dir='ltr' id='par_1_15' title="bbox 343 1759 1910 1830">
     <span class='ocr_line' id='line_1_15' title="bbox 343 1759 1910 1830; baseline 0.001 -16"><span class='ocrx_word' id='word_1_109' title='bbox 343 1761 526 1816; x_wconf 92' lang='lat' dir='ltr'><strong>labore</strong></span> <span class='ocrx_word' id='word_1_110' title='bbox 554 1759 703 1815; x_wconf 87' lang='lat' dir='ltr'><strong>facit.</strong></span> <span class='ocrx_word' id='word_1_111' title='bbox 731 1759 1028 1814; x_wconf 88' lang='lat' dir='ltr'><strong>Dicendum</strong></span> <span class='ocrx_word' id='word_1_112' title='bbox 1059 1761 1242 1830; x_wconf 85' lang='lat' dir='ltr'><strong>itaque</strong></span> <span class='ocrx_word' id='word_1_113' title='bbox 1271 1769 1356 1814; x_wconf 91' lang='lat' dir='ltr'><strong>est</strong></span> <span class='ocrx_word' id='word_1_114' title='bbox 1382 1760 1576 1814; x_wconf 79' lang='lat' dir='ltr'><strong>invidis</strong></span> <span class='ocrx_word' id='word_1_115' title='bbox 1599 1761 1726 1830; x_wconf 91' lang='lat' dir='ltr'><strong>quia</strong></span> <span class='ocrx_word' id='word_1_116' title='bbox 1744 1802 1758 1826; x_wconf 92' lang='lat'><strong>,</strong></span> <span class='ocrx_word' id='word_1_117' title='bbox 1784 1761 1910 1815; x_wconf 92' lang='lat' dir='ltr'><strong>dum</strong></span> 
     </span>
    </p>
   </div>
   <div class='ocr_carea' id='block_1_16' title="bbox 341 1831 1987 1922">
    <p class='ocr_par' dir='ltr' id='par_1_16' title="bbox 341 1831 1987 1922">
     <span class='ocr_line' id='line_1_16' title="bbox 341 1831 1987 1922; baseline 0.001 -15"><span class='ocrx_word' id='word_1_118' title='bbox 341 1867 401 1907; x_wconf 79' lang='lat' dir='ltr'><strong>se</strong></span> <span class='ocrx_word' id='word_1_119' title='bbox 429 1867 460 1905; x_wconf 89' lang='lat' dir='ltr'><strong>a</strong></span> <span class='ocrx_word' id='word_1_120' title='bbox 490 1851 660 1906; x_wconf 83' lang='lat' dir='ltr'><strong>livore</strong></span> <span class='ocrx_word' id='word_1_121' title='bbox 698 1848 919 1905; x_wconf 84' lang='lat' dir='ltr'><strong>minime</strong></span> <span class='ocrx_word' id='word_1_122' title='bbox 948 1852 1291 1917; x_wconf 87' lang='lat' dir='ltr'><strong>custodiunt,</strong></span> <span class='ocrx_word' id='word_1_123' title='bbox 1323 1852 1375 1906; x_wconf 89' lang='lat' dir='ltr'><strong>in</strong></span> <span class='ocrx_word' id='word_1_124' title='bbox 1404 1853 1678 1922; x_wconf 88' lang='lat' dir='ltr'><strong>antiquam</strong></span> <span class='ocrx_word' id='word_1_125' title='bbox 1707 1855 1910 1908; x_wconf 89' lang='lat' dir='ltr'><strong>versuti</strong></span> <span class='ocrx_word' id='word_1_126' title='bbox 1943 1831 1987 1888; x_wconf 81' lang='grc' dir='ltr'><strong>Β</strong></span> 
     </span>
    </p>
   </div>
   <div class='ocr_carea' id='block_1_17' title="bbox 341 1940 1912 2013">
    <p class='ocr_par' dir='ltr' id='par_1_17' title="bbox 341 1940 1912 2013">
     <span class='ocr_line' id='line_1_17' title="bbox 341 1940 1912 2013; baseline 0.002 -18"><span class='ocrx_word' id='word_1_127' title='bbox 341 1940 514 1995; x_wconf 91' lang='lat' dir='ltr'><strong>hostis</strong></span> <span class='ocrx_word' id='word_1_128' title='bbox 557 1940 853 2008; x_wconf 88' lang='lat' dir='ltr'><strong>nequitiam</strong></span> <span class='ocrx_word' id='word_1_129' title='bbox 899 1941 1304 2011; x_wconf 78' lang='lat' dir='ltr'><strong>demerguntur.</strong></span> <span class='ocrx_word' id='word_1_130' title='bbox 1358 1941 1526 2012; x_wconf 87' lang='lat' dir='ltr'><strong>Igitur</strong></span> <span class='ocrx_word' id='word_1_131' title='bbox 1573 1959 1912 2013; x_wconf 87' lang='lat' dir='ltr'><strong>summopere</strong></span> 
     </span>
    </p>
   </div>
   <div class='ocr_carea' id='block_1_18' title="bbox 343 2031 1915 2101">
    <p class='ocr_par' dir='ltr' id='par_1_18' title="bbox 343 2031 1915 2101">
     <span class='ocr_line' id='line_1_18' title="bbox 343 2031 1915 2101; baseline 0.004 -15"><span class='ocrx_word' id='word_1_132' title='bbox 343 2040 426 2086; x_wconf 90' lang='lat' dir='ltr'><strong>est</strong></span> <span class='ocrx_word' id='word_1_133' title='bbox 467 2031 797 2101; x_wconf 87' lang='lat' dir='ltr'><strong>vigilandum</strong></span> <span class='ocrx_word' id='word_1_134' title='bbox 840 2039 901 2085; x_wconf 90' lang='lat' dir='ltr'><strong>ut</strong></span> <span class='ocrx_word' id='word_1_135' title='bbox 939 2032 1043 2086; x_wconf 91' lang='lat' dir='ltr'><strong>hoc</strong></span> <span class='ocrx_word' id='word_1_136' title='bbox 1085 2031 1276 2086; x_wconf 89' lang='lat' dir='ltr'><strong>vitium</strong></span> <span class='ocrx_word' id='word_1_137' title='bbox 1307 2032 1569 2089; x_wconf 85' lang='lat' dir='ltr'><strong>radicitus</strong></span> <span class='ocrx_word' id='word_1_138' title='bbox 1599 2049 1628 2087; x_wconf 89' lang='lat' dir='ltr'><strong>a</strong></span> <span class='ocrx_word' id='word_1_139' title='bbox 1661 2037 1915 2092; x_wconf 83' lang='lat' dir='ltr'><strong>cordibus</strong></span> 
     </span>
    </p>
   </div>
   <div class='ocr_carea' id='block_1_19' title="bbox 343 2120 1915 2194">
    <p class='ocr_par' dir='ltr' id='par_1_19' title="bbox 343 2120 1915 2194">
     <span class='ocr_line' id='line_1_19' title="bbox 343 2120 1915 2194; baseline 0.004 -20"><span class='ocrx_word' id='word_1_140' title='bbox 343 2120 509 2174; x_wconf 90' lang='lat' dir='ltr'><strong>citius</strong></span> <span class='ocrx_word' id='word_1_141' title='bbox 536 2121 830 2186; x_wconf 85' lang='lat' dir='ltr'><strong>evellatur,</strong></span> <span class='ocrx_word' id='word_1_142' title='bbox 869 2136 932 2175; x_wconf 92' lang='lat' dir='ltr'><strong>ac</strong></span> <span class='ocrx_word' id='word_1_143' title='bbox 956 2121 1112 2176; x_wconf 86' lang='lat' dir='ltr'><strong>bonis</strong></span> <span class='ocrx_word' id='word_1_144' title='bbox 1139 2121 1391 2191; x_wconf 87' lang='lat' dir='ltr'><strong>operibus</strong></span> <span class='ocrx_word' id='word_1_145' title='bbox 1409 2163 1422 2188; x_wconf 94' lang='lat'><strong>,</strong></span> <span class='ocrx_word' id='word_1_146' title='bbox 1451 2131 1514 2176; x_wconf 94' lang='lat' dir='ltr'><strong>ut</strong></span> <span class='ocrx_word' id='word_1_147' title='bbox 1540 2126 1915 2194; x_wconf 72' lang='lat' dir='ltr'><strong>prtescriptum</strong></span> 
     </span>
    </p>
   </div>
   <div class='ocr_carea' id='block_1_20' title="bbox 341 2211 1918 2281">
    <p class='ocr_par' dir='ltr' id='par_1_20' title="bbox 341 2211 1918 2281">
     <span class='ocr_line' id='line_1_20' title="bbox 341 2211 1918 2281; baseline 0.004 -16"><span class='ocrx_word' id='word_1_148' title='bbox 341 2219 456 2275; x_wconf 89' lang='lat' dir='ltr'><strong>est,</strong></span> <span class='ocrx_word' id='word_1_149' title='bbox 496 2225 618 2264; x_wconf 91' lang='lat' dir='ltr'><strong>cum</strong></span> <span class='ocrx_word' id='word_1_150' title='bbox 661 2211 887 2265; x_wconf 91' lang='lat' dir='ltr'><strong>consilio</strong></span> <span class='ocrx_word' id='word_1_151' title='bbox 928 2219 1106 2266; x_wconf 90' lang='lat' dir='ltr'><strong>tamen</strong></span> <span class='ocrx_word' id='word_1_152' title='bbox 1147 2213 1448 2268; x_wconf 86' lang='lat' dir='ltr'><strong>sacerdotis</strong></span> <span class='ocrx_word' id='word_1_153' title='bbox 1489 2216 1832 2281; x_wconf 90' lang='lat' dir='ltr'><strong>emundetur,</strong></span> <span class='ocrx_word' id='word_1_154' title='bbox 1863 2226 1918 2272; x_wconf 93' lang='lat' dir='ltr'><strong>et</strong></span> 
     </span>
    </p>
   </div>
   <div class='ocr_carea' id='block_1_21' title="bbox 342 2301 1915 2373">
    <p class='ocr_par' dir='ltr' id='par_1_21' title="bbox 342 2301 1915 2373">
     <span class='ocr_line' id='line_1_21' title="bbox 342 2301 1915 2373; baseline 0.004 -18"><span class='ocrx_word' id='word_1_155' title='bbox 342 2301 582 2370; x_wconf 87' lang='lat' dir='ltr'><strong>quotidie</strong></span> <span class='ocrx_word' id='word_1_156' title='bbox 617 2316 718 2369; x_wconf 90' lang='lat' dir='ltr'><strong>pro</strong></span> <span class='ocrx_word' id='word_1_157' title='bbox 756 2301 848 2356; x_wconf 89' lang='lat' dir='ltr'><strong>illo</strong></span> <span class='ocrx_word' id='word_1_158' title='bbox 887 2311 1077 2357; x_wconf 80' lang='lat' dir='ltr'><strong>exoret</strong></span> <span class='ocrx_word' id='word_1_159' title='bbox 1116 2318 1276 2372; x_wconf 88' lang='lat' dir='ltr'><strong>quem</strong></span> <span class='ocrx_word' id='word_1_160' title='bbox 1306 2304 1525 2368; x_wconf 88' lang='lat' dir='ltr'><strong>oderat,</strong></span> <span class='ocrx_word' id='word_1_161' title='bbox 1556 2306 1713 2373; x_wconf 90' lang='lat' dir='ltr'><strong>eique</strong></span> <span class='ocrx_word' id='word_1_162' title='bbox 1741 2306 1915 2362; x_wconf 81' lang='lat' dir='ltr'><strong>oﬂicia</strong></span> 
     </span>
    </p>
   </div>
   <div class='ocr_carea' id='block_1_22' title="bbox 344 2389 1913 2464">
    <p class='ocr_par' dir='ltr' id='par_1_22' title="bbox 344 2389 1913 2464">
     <span class='ocr_line' id='line_1_22' title="bbox 344 2389 1913 2464; baseline 0.006 -21"><span class='ocrx_word' id='word_1_163' title='bbox 344 2389 625 2444; x_wconf 87' lang='lat' dir='ltr'><strong>charitatis</strong></span> <span class='ocrx_word' id='word_1_164' title='bbox 665 2391 952 2456; x_wconf 83' lang='lat' dir='ltr'><strong>exhibeat,</strong></span> <span class='ocrx_word' id='word_1_165' title='bbox 984 2407 1048 2447; x_wconf 93' lang='lat' dir='ltr'><strong>ac</strong></span> <span class='ocrx_word' id='word_1_166' title='bbox 1089 2394 1538 2460; x_wconf 89' lang='lat' dir='ltr'><strong>necessitatibus,</strong></span> <span class='ocrx_word' id='word_1_167' title='bbox 1568 2396 1612 2450; x_wconf 91' lang='lat' dir='ltr'><strong>si</strong></span> <span class='ocrx_word' id='word_1_168' title='bbox 1645 2398 1913 2464; x_wconf 90' lang='lat' dir='ltr'><strong>valuerit,</strong></span> 
     </span>
    </p>
   </div>
   <div class='ocr_carea' id='block_1_23' title="bbox 344 2479 1918 2555">
    <p class='ocr_par' dir='ltr' id='par_1_23' title="bbox 344 2479 1918 2555">
     <span class='ocr_line' id='line_1_23' title="bbox 344 2479 1918 2555; baseline 0.009 -23"><span class='ocrx_word' id='word_1_169' title='bbox 344 2479 659 2549; x_wconf 88' lang='lat' dir='ltr'><strong>frequenter</strong></span> <span class='ocrx_word' id='word_1_170' title='bbox 688 2481 1004 2547; x_wconf 89' lang='lat' dir='ltr'><strong>subveniat,</strong></span> <span class='ocrx_word' id='word_1_171' title='bbox 1035 2485 1121 2538; x_wconf 92' lang='lat' dir='ltr'><strong>cui</strong></span> <span class='ocrx_word' id='word_1_172' title='bbox 1142 2525 1156 2550; x_wconf 94' lang='lat'><strong>,</strong></span> <span class='ocrx_word' id='word_1_173' title='bbox 1189 2500 1311 2540; x_wconf 91' lang='lat' dir='ltr'><strong>cum</strong></span> <span class='ocrx_word' id='word_1_174' title='bbox 1339 2502 1445 2541; x_wconf 93' lang='lat' dir='ltr'><strong>non</strong></span> <span class='ocrx_word' id='word_1_175' title='bbox 1477 2490 1706 2555; x_wconf 88' lang='lat' dir='ltr'><strong>amavit,</strong></span> <span class='ocrx_word' id='word_1_176' title='bbox 1739 2491 1918 2548; x_wconf 90' lang='lat' dir='ltr'><strong>minus</strong></span> 
     </span>
    </p>
   </div>
   <div class='ocr_carea' id='block_1_24' title="bbox 347 2571 907 2642">
    <p class='ocr_par' dir='ltr' id='par_1_24' title="bbox 347 2571 907 2642">
     <span class='ocr_line' id='line_1_24' title="bbox 347 2571 907 2642; baseline 0 -14"><span class='ocrx_word' id='word_1_177' title='bbox 347 2571 617 2642; x_wconf 74' lang='lat' dir='ltr'><strong>diligendo</strong></span> <span class='ocrx_word' id='word_1_178' title='bbox 645 2574 907 2628; x_wconf 79' lang='lat' dir='ltr'><strong>exhibuit.</strong></span> 
     </span>
    </p>
   </div>
   <div class='ocr_carea' id='block_1_25' title="bbox 935 2705 1328 2763">
    <p class='ocr_par' dir='ltr' id='par_1_25' title="bbox 935 2705 1328 2763">
     <span class='ocr_line' id='line_1_25' title="bbox 935 2705 1328 2763; baseline -0.003 -1"><span class='ocrx_word' id='word_1_179' title='bbox 935 2705 1162 2762; x_wconf 82' lang='lat' dir='ltr'><strong>CAPUT</strong></span> <span class='ocrx_word' id='word_1_180' title='bbox 1199 2706 1328 2763; x_wconf 87' lang='lat' dir='ltr'><strong>Vlll.</strong></span> 
     </span>
    </p>
   </div>
   <div class='ocr_carea' id='block_1_26' title="bbox 928 2813 1322 2870">
    <p class='ocr_par' dir='ltr' id='par_1_26' title="bbox 928 2813 1322 2870">
     <span class='ocr_line' id='line_1_26' title="bbox 928 2813 1322 2870; baseline 0.003 -3"><span class='ocrx_word' id='word_1_181' title='bbox 928 2813 1005 2868; x_wconf 89' lang='lat' dir='ltr'><strong>De</strong></span> <span class='ocrx_word' id='word_1_182' title='bbox 1044 2815 1170 2869; x_wconf 77' lang='lat' dir='ltr'><strong>vitio</strong></span> <span class='ocrx_word' id='word_1_183' title='bbox 1208 2817 1322 2870; x_wconf 74' lang='lat' dir='ltr'><strong>ira&#39;.</strong></span> 
     </span>
    </p>
   </div>
   <div class='ocr_carea' id='block_1_27' title="bbox 424 2923 1921 3002">
    <p class='ocr_par' dir='ltr' id='par_1_27' title="bbox 424 2923 1921 3002">
     <span class='ocr_line' id='line_1_27' title="bbox 424 2923 1921 3002; baseline 0.008 -23"><span class='ocrx_word' id='word_1_184' title='bbox 424 2923 662 2997; x_wconf 67' lang='lat' dir='ltr'><strong>(Idem)</strong></span> <span class='ocrx_word' id='word_1_185' title='bbox 704 2927 788 2982; x_wconf 85' lang='lat' dir='ltr'><strong>Ira</strong></span> <span class='ocrx_word' id='word_1_186' title='bbox 816 2929 978 2984; x_wconf 90' lang='lat' dir='ltr'><strong>etiam</strong></span> <span class='ocrx_word' id='word_1_187' title='bbox 1007 2930 1276 2986; x_wconf 84' lang='lat' dir='ltr'><strong>devictum</strong></span> <span class='ocrx_word' id='word_1_188' title='bbox 1309 2947 1401 2987; x_wconf 91' lang='lat' dir='ltr'><strong>cor</strong></span> <span class='ocrx_word' id='word_1_189' title='bbox 1432 2936 1585 3002; x_wconf 88' lang='lat' dir='ltr'><strong>quasi</strong></span> <span class='ocrx_word' id='word_1_190' title='bbox 1617 2948 1681 2988; x_wconf 81' lang='lat' dir='ltr'><strong>ex</strong></span> <span class='ocrx_word' id='word_1_191' title='bbox 1712 2936 1921 2991; x_wconf 86' lang='lat' dir='ltr'><strong>ratione</strong></span> 
     </span>
    </p>
   </div>
   <div class='ocr_carea' id='block_1_28' title="bbox 355 3013 1918 3094">
    <p class='ocr_par' dir='ltr' id='par_1_28' title="bbox 355 3013 1918 3094">
     <span class='ocr_line' id='line_1_28' title="bbox 355 3013 1918 3094; baseline 0.006 -26"><span class='ocrx_word' id='word_1_192' title='bbox 355 3013 493 3068; x_wconf 83' lang='lat' dir='ltr'><strong>solet</strong></span> <span class='ocrx_word' id='word_1_193' title='bbox 521 3016 829 3082; x_wconf 82' lang='lat' dir='ltr'><strong>exhortari,</strong></span> <span class='ocrx_word' id='word_1_194' title='bbox 866 3033 986 3071; x_wconf 93' lang='lat' dir='ltr'><strong>cum</strong></span> <span class='ocrx_word' id='word_1_195' title='bbox 1028 3019 1161 3073; x_wconf 91' lang='lat' dir='ltr'><strong>dicit</strong></span> <span class='ocrx_word' id='word_1_196' title='bbox 1193 3037 1206 3073; x_wconf 87' lang='lat'><strong>:</strong></span> <span class='ocrx_word' id='word_1_197' title='bbox 1250 3020 1379 3087; x_wconf 72' lang='lat' dir='ltr'><strong>Qua:</strong></span> <span class='ocrx_word' id='word_1_198' title='bbox 1406 3037 1531 3094; x_wconf 88' lang='lat' dir='ltr'><strong>erga</strong></span> <span class='ocrx_word' id='word_1_199' title='bbox 1572 3032 1624 3078; x_wconf 90' lang='lat' dir='ltr'><strong>te</strong></span> <span class='ocrx_word' id='word_1_200' title='bbox 1668 3035 1918 3094; x_wconf 84' lang='lat' dir='ltr'><strong>aguntur,</strong></span> 
     </span>
    </p>
   </div>
   <div class='ocr_carea' id='block_1_29' title="bbox 355 3105 1922 3184">
    <p class='ocr_par' dir='ltr' id='par_1_29' title="bbox 355 3105 1922 3184">
     <span class='ocr_line' id='line_1_29' title="bbox 355 3105 1922 3184; baseline 0.007 -25"><span class='ocrx_word' id='word_1_201' title='bbox 355 3106 731 3175; x_wconf 67' lang='lat' dir='ltr'><strong>aequanimiter</strong></span> <span class='ocrx_word' id='word_1_202' title='bbox 760 3105 892 3161; x_wconf 88' lang='lat' dir='ltr'><strong>ferri</strong></span> <span class='ocrx_word' id='word_1_203' title='bbox 931 3124 1036 3164; x_wconf 91' lang='lat' dir='ltr'><strong>non</strong></span> <span class='ocrx_word' id='word_1_204' title='bbox 1076 3117 1302 3180; x_wconf 83' lang='lat' dir='ltr'><strong>possunt</strong></span> <span class='ocrx_word' id='word_1_205' title='bbox 1331 3129 1342 3164; x_wconf 95' lang='lat'><strong>:</strong></span> <span class='ocrx_word' id='word_1_206' title='bbox 1377 3112 1491 3166; x_wconf 73' lang='lat' dir='ltr'><strong>hmc</strong></span> <span class='ocrx_word' id='word_1_207' title='bbox 1523 3113 1628 3168; x_wconf 90' lang='lat' dir='ltr'><strong>imo</strong></span> <span class='ocrx_word' id='word_1_208' title='bbox 1652 3115 1922 3184; x_wconf 85' lang='lat' dir='ltr'><strong>patienter</strong></span> 
     </span>
    </p>
   </div>
   <div class='ocr_carea' id='block_1_30' title="bbox 349 3174 1993 3275">
    <p class='ocr_par' dir='ltr' id='par_1_30' title="bbox 349 3174 1993 3275">
     <span class='ocr_line' id='line_1_30' title="bbox 349 3174 1993 3275; baseline 0.009 -28"><span class='ocrx_word' id='word_1_209' title='bbox 349 3193 583 3249; x_wconf 90' lang='lat' dir='ltr'><strong>tolerare</strong></span> <span class='ocrx_word' id='word_1_210' title='bbox 601 3235 616 3259; x_wconf 91' lang='lat'><strong>,</strong></span> <span class='ocrx_word' id='word_1_211' title='bbox 644 3206 925 3265; x_wconf 91' lang='lat' dir='ltr'><strong>peccatum</strong></span> <span class='ocrx_word' id='word_1_212' title='bbox 952 3205 1034 3252; x_wconf 90' lang='lat' dir='ltr'><strong>est</strong></span> <span class='ocrx_word' id='word_1_213' title='bbox 1063 3217 1075 3253; x_wconf 93' lang='lat'><strong>:</strong></span> <span class='ocrx_word' id='word_1_214' title='bbox 1108 3199 1233 3268; x_wconf 90' lang='lat' dir='ltr'><strong>quia</strong></span> <span class='ocrx_word' id='word_1_215' title='bbox 1260 3200 1304 3254; x_wconf 91' lang='lat' dir='ltr'><strong>si</strong></span> <span class='ocrx_word' id='word_1_216' title='bbox 1332 3217 1438 3256; x_wconf 92' lang='lat' dir='ltr'><strong>non</strong></span> <span class='ocrx_word' id='word_1_217' title='bbox 1467 3203 1546 3258; x_wconf 89' lang='lat' dir='ltr'><strong>eis</strong></span> <span class='ocrx_word' id='word_1_218' title='bbox 1575 3174 1697 3258; x_wconf 69' lang='lat' dir='ltr'><strong>cuin</strong></span> <span class='ocrx_word' id='word_1_219' title='bbox 1727 3221 1920 3275; x_wconf 88' lang='lat' dir='ltr'><strong>magna</strong></span> <span class='ocrx_word' id='word_1_220' title='bbox 1950 3174 1993 3235; x_wconf 67' lang='grc' dir='ltr'><strong>Ο</strong></span> 
     </span>
    </p>
   </div>
   <div class='ocr_carea' id='block_1_31' title="bbox 351 3286 1923 3365">
    <p class='ocr_par' dir='ltr' id='par_1_31' title="bbox 351 3286 1923 3365">
     <span class='ocr_line' id='line_1_31' title="bbox 351 3286 1923 3365; baseline 0.008 -26"><span class='ocrx_word' id='word_1_221' title='bbox 351 3286 766 3354; x_wconf 82' lang='lat' dir='ltr'><strong>exasperationc</strong></span> <span class='ocrx_word' id='word_1_222' title='bbox 813 3289 1109 3356; x_wconf 85' lang='lat' dir='ltr'><strong>resistitur,</strong></span> <span class='ocrx_word' id='word_1_223' title='bbox 1159 3299 1345 3346; x_wconf 89' lang='lat' dir='ltr'><strong>contra</strong></span> <span class='ocrx_word' id='word_1_224' title='bbox 1402 3302 1453 3347; x_wconf 93' lang='lat' dir='ltr'><strong>te</strong></span> <span class='ocrx_word' id='word_1_225' title='bbox 1503 3293 1755 3365; x_wconf 82' lang='lat' dir='ltr'><strong>deinceps</strong></span> <span class='ocrx_word' id='word_1_226' title='bbox 1807 3297 1923 3352; x_wconf 91' lang='lat' dir='ltr'><strong>sine</strong></span> 
     </span>
    </p>
   </div>
   <div class='ocr_carea' id='block_1_32' title="bbox 351 3381 998 3438">
    <p class='ocr_par' dir='ltr' id='par_1_32' title="bbox 351 3381 998 3438">
     <span class='ocr_line' id='line_1_32' title="bbox 351 3381 998 3438; baseline 0.008 -5"><span class='ocrx_word' id='word_1_227' title='bbox 351 3395 603 3435; x_wconf 87' lang='lat' dir='ltr'><strong>mensura</strong></span> <span class='ocrx_word' id='word_1_228' title='bbox 635 3381 998 3438; x_wconf 90' lang='lat' dir='ltr'><strong>cumulantur.</strong></span> 
     </span>
    </p>
   </div>
   <div class='ocr_carea' id='block_1_33' title="bbox 419 3469 1922 3548">
    <p class='ocr_par' dir='ltr' id='par_1_33' title="bbox 419 3469 1922 3548">
     <span class='ocr_line' id='line_1_33' title="bbox 419 3469 1922 3548; baseline 0.005 -22"><span class='ocrx_word' id='word_1_229' title='bbox 419 3469 730 3542; x_wconf 82' lang='lat' dir='ltr'><strong>Apostolica</strong></span> <span class='ocrx_word' id='word_1_230' title='bbox 777 3483 969 3529; x_wconf 91' lang='lat' dir='ltr'><strong>contra</strong></span> <span class='ocrx_word' id='word_1_231' title='bbox 1011 3475 1127 3531; x_wconf 85' lang='lat' dir='ltr'><strong>haec</strong></span> <span class='ocrx_word' id='word_1_232' title='bbox 1171 3479 1459 3548; x_wconf 89' lang='lat' dir='ltr'><strong>respondet</strong></span> <span class='ocrx_word' id='word_1_233' title='bbox 1486 3481 1749 3535; x_wconf 87' lang='lat' dir='ltr'><strong>sententia</strong></span> <span class='ocrx_word' id='word_1_234' title='bbox 1784 3500 1796 3534; x_wconf 89' lang='lat'><strong>:</strong></span> <span class='ocrx_word' id='word_1_235' title='bbox 1831 3480 1922 3536; x_wconf 81' lang='lat' dir='ltr'><strong>Sol</strong></span> 
     </span>
    </p>
   </div>
   <div class='ocr_carea' id='block_1_34' title="bbox 353 3564 1924 3634">
    <p class='ocr_par' dir='ltr' id='par_1_34' title="bbox 353 3564 1924 3634">
     <span class='ocr_line' id='line_1_34' title="bbox 353 3564 1924 3634; baseline 0.007 -19"><span class='ocrx_word' id='word_1_236' title='bbox 353 3578 457 3616; x_wconf 86' lang='lat' dir='ltr'><strong>non</strong></span> <span class='ocrx_word' id='word_1_237' title='bbox 483 3564 687 3618; x_wconf 87' lang='lat' dir='ltr'><strong>occidat</strong></span> <span class='ocrx_word' id='word_1_238' title='bbox 709 3581 864 3634; x_wconf 90' lang='lat' dir='ltr'><strong>super</strong></span> <span class='ocrx_word' id='word_1_239' title='bbox 885 3566 1216 3621; x_wconf 80' lang='lat' dir='ltr'><strong>iracundiam</strong></span> <span class='ocrx_word' id='word_1_240' title='bbox 1243 3578 1484 3622; x_wconf 73' lang='lat' dir='ltr'><strong>vestram.</strong></span> <span class='ocrx_word' id='word_1_241' title='bbox 1515 3570 1666 3626; x_wconf 90' lang='lat' dir='ltr'><strong>Unde</strong></span> <span class='ocrx_word' id='word_1_242' title='bbox 1695 3580 1751 3626; x_wconf 91' lang='lat' dir='ltr'><strong>et</strong></span> <span class='ocrx_word' id='word_1_243' title='bbox 1771 3573 1924 3626; x_wconf 79' lang='lat' dir='ltr'><strong>Veri-</strong></span> 
     </span>
    </p>
   </div>
   <div class='ocr_carea' id='block_1_35' title="bbox 355 3652 1924 3728">
    <p class='ocr_par' dir='ltr' id='par_1_35' title="bbox 355 3652 1924 3728">
     <span class='ocr_line' id='line_1_35' title="bbox 355 3652 1924 3728; baseline 0.008 -22"><span class='ocrx_word' id='word_1_244' title='bbox 355 3661 441 3706; x_wconf 87' lang='lat' dir='ltr'><strong>tas</strong></span> <span class='ocrx_word' id='word_1_245' title='bbox 470 3652 602 3707; x_wconf 92' lang='lat' dir='ltr'><strong>dicit</strong></span> <span class='ocrx_word' id='word_1_246' title='bbox 642 3655 768 3721; x_wconf 89' lang='lat' dir='ltr'><strong>quia</strong></span> <span class='ocrx_word' id='word_1_247' title='bbox 809 3657 978 3709; x_wconf 89' lang='lat' dir='ltr'><strong>omnis</strong></span> <span class='ocrx_word' id='word_1_248' title='bbox 1019 3657 1108 3726; x_wconf 89' lang='lat' dir='ltr'><strong>qui</strong></span> <span class='ocrx_word' id='word_1_249' title='bbox 1151 3658 1400 3712; x_wconf 76' lang='lat' dir='ltr'><strong>irascitur</strong></span> <span class='ocrx_word' id='word_1_250' title='bbox 1439 3659 1595 3728; x_wconf 81' lang='lat' dir='ltr'><strong>fratri</strong></span> <span class='ocrx_word' id='word_1_251' title='bbox 1640 3679 1756 3727; x_wconf 87' lang='lat' dir='ltr'><strong>suo,</strong></span> <span class='ocrx_word' id='word_1_252' title='bbox 1807 3680 1924 3718; x_wconf 80' lang='lat' dir='ltr'><strong>reus</strong></span> 
     </span>
    </p>
   </div>
   <div class='ocr_carea' id='block_1_36' title="bbox 347 3741 1926 3824">
    <p class='ocr_par' dir='ltr' id='par_1_36' title="bbox 347 3741 1926 3824">
     <span class='ocr_line' id='line_1_36' title="bbox 347 3741 1926 3824; baseline 0.009 -32"><span class='ocrx_word' id='word_1_253' title='bbox 347 3741 446 3793; x_wconf 89' lang='lat' dir='ltr'><strong>erit</strong></span> <span class='ocrx_word' id='word_1_254' title='bbox 498 3742 726 3810; x_wconf 88' lang='lat' dir='ltr'><strong>judicio.</strong></span> <span class='ocrx_word' id='word_1_255' title='bbox 783 3743 852 3796; x_wconf 89' lang='lat' dir='ltr'><strong>Et</strong></span> <span class='ocrx_word' id='word_1_256' title='bbox 897 3759 910 3796; x_wconf 92' lang='lat'><strong>:</strong></span> <span class='ocrx_word' id='word_1_257' title='bbox 964 3744 1010 3798; x_wconf 92' lang='lat' dir='ltr'><strong>si</strong></span> <span class='ocrx_word' id='word_1_258' title='bbox 1061 3762 1163 3798; x_wconf 86' lang='lat' dir='ltr'><strong>non</strong></span> <span class='ocrx_word' id='word_1_259' title='bbox 1215 3748 1518 3802; x_wconf 84' lang='lat' dir='ltr'><strong>dimiseritis</strong></span> <span class='ocrx_word' id='word_1_260' title='bbox 1577 3753 1926 3824; x_wconf 75' lang='lat' dir='ltr'><strong>unusquisque</strong></span> 
     </span>
    </p>
   </div>
   <div class='ocr_carea' id='block_1_37' title="bbox 359 3827 1926 3900">
    <p class='ocr_par' dir='ltr' id='par_1_37' title="bbox 359 3827 1926 3900">
     <span class='ocr_line' id='line_1_37' title="bbox 359 3827 1926 3900; baseline 0.012 -21"><span class='ocrx_word' id='word_1_261' title='bbox 359 3827 514 3894; x_wconf 70' lang='lat' dir='ltr'><strong>fratri</strong></span> <span class='ocrx_word' id='word_1_262' title='bbox 555 3845 649 3881; x_wconf 90' lang='lat' dir='ltr'><strong>suo</strong></span> <span class='ocrx_word' id='word_1_263' title='bbox 694 3830 758 3883; x_wconf 88' lang='lat' dir='ltr'><strong>de</strong></span> <span class='ocrx_word' id='word_1_264' title='bbox 799 3832 1040 3886; x_wconf 77' lang='lat' dir='ltr'><strong>cordibus</strong></span> <span class='ocrx_word' id='word_1_265' title='bbox 1079 3837 1260 3888; x_wconf 76' lang='lat' dir='ltr'><strong>vestris</strong></span> <span class='ocrx_word' id='word_1_266' title='bbox 1281 3876 1296 3900; x_wconf 91' lang='lat'><strong>,</strong></span> <span class='ocrx_word' id='word_1_267' title='bbox 1326 3853 1416 3890; x_wconf 86' lang='lat' dir='ltr'><strong>nec</strong></span> <span class='ocrx_word' id='word_1_268' title='bbox 1446 3837 1609 3891; x_wconf 88' lang='lat' dir='ltr'><strong>Pater</strong></span> <span class='ocrx_word' id='word_1_269' title='bbox 1635 3854 1800 3896; x_wconf 75' lang='lat' dir='ltr'><strong>vester</strong></span> <span class='ocrx_word' id='word_1_270' title='bbox 1826 3860 1926 3897; x_wconf 74' lang='lat' dir='ltr'><strong>ca:-</strong></span> 
     </span>
    </p>
   </div>
   <div class='ocr_carea' id='block_1_38' title="bbox 359 3917 1926 3990">
    <p class='ocr_par' dir='ltr' id='par_1_38' title="bbox 359 3917 1926 3990">
     <span class='ocr_line' id='line_1_38' title="bbox 359 3917 1926 3990; baseline 0.015 -24"><span class='ocrx_word' id='word_1_271' title='bbox 359 3917 500 3970; x_wconf 86' lang='lat' dir='ltr'><strong>lestis</strong></span> <span class='ocrx_word' id='word_1_272' title='bbox 533 3917 753 3971; x_wconf 81' lang='lat' dir='ltr'><strong>dimittet</strong></span> <span class='ocrx_word' id='word_1_273' title='bbox 785 3919 925 3973; x_wconf 81' lang='lat' dir='ltr'><strong>vobis</strong></span> <span class='ocrx_word' id='word_1_274' title='bbox 953 3921 1143 3977; x_wconf 88' lang='lat' dir='ltr'><strong>delicta</strong></span> <span class='ocrx_word' id='word_1_275' title='bbox 1175 3935 1361 3978; x_wconf 80' lang='lat' dir='ltr'><strong>vestra.</strong></span> <span class='ocrx_word' id='word_1_276' title='bbox 1391 3926 1523 3981; x_wconf 85' lang='lat' dir='ltr'><strong>Nam</strong></span> <span class='ocrx_word' id='word_1_277' title='bbox 1565 3929 1609 3984; x_wconf 91' lang='lat' dir='ltr'><strong>si</strong></span> <span class='ocrx_word' id='word_1_278' title='bbox 1653 3931 1812 3987; x_wconf 90' lang='lat' dir='ltr'><strong>irasci</strong></span> <span class='ocrx_word' id='word_1_279' title='bbox 1845 3933 1926 3990; x_wconf 92' lang='lat' dir='ltr'><strong>fas</strong></span> 
     </span>
    </p>
   </div>
   <div class='ocr_carea' id='block_1_39' title="bbox 358 4009 1925 4085">
    <p class='ocr_par' dir='ltr' id='par_1_39' title="bbox 358 4009 1925 4085">
     <span class='ocr_line' id='line_1_39' title="bbox 358 4009 1925 4085; baseline 0.012 -25"><span class='ocrx_word' id='word_1_280' title='bbox 358 4021 463 4060; x_wconf 92' lang='lat' dir='ltr'><strong>non</strong></span> <span class='ocrx_word' id='word_1_281' title='bbox 496 4016 613 4072; x_wconf 92' lang='lat' dir='ltr'><strong>est,</strong></span> <span class='ocrx_word' id='word_1_282' title='bbox 645 4017 738 4062; x_wconf 92' lang='lat' dir='ltr'><strong>aut</strong></span> <span class='ocrx_word' id='word_1_283' title='bbox 768 4009 948 4065; x_wconf 90' lang='lat' dir='ltr'><strong>dicere</strong></span> <span class='ocrx_word' id='word_1_284' title='bbox 978 4014 1168 4079; x_wconf 84' lang='lat' dir='ltr'><strong>racha,</strong></span> <span class='ocrx_word' id='word_1_285' title='bbox 1197 4023 1291 4068; x_wconf 89' lang='lat' dir='ltr'><strong>aut</strong></span> <span class='ocrx_word' id='word_1_286' title='bbox 1334 4017 1505 4085; x_wconf 77' lang='lat' dir='ltr'><strong>fatue,</strong></span> <span class='ocrx_word' id='word_1_287' title='bbox 1540 4020 1706 4075; x_wconf 82' lang='lat' dir='ltr'><strong>multo</strong></span> <span class='ocrx_word' id='word_1_288' title='bbox 1747 4024 1925 4080; x_wconf 90' lang='lat' dir='ltr'><strong>minus</strong></span> 
     </span>
    </p>
   </div>
   <div class='ocr_carea' id='block_1_40' title="bbox 354 4097 1926 4172">
    <p class='ocr_par' dir='ltr' id='par_1_40' title="bbox 354 4097 1926 4172">
     <span class='ocr_line' id='line_1_40' title="bbox 354 4097 1926 4172; baseline 0.01 -22"><span class='ocrx_word' id='word_1_289' title='bbox 354 4104 441 4152; x_wconf 91' lang='lat' dir='ltr'><strong>est</strong></span> <span class='ocrx_word' id='word_1_290' title='bbox 480 4097 684 4152; x_wconf 90' lang='lat' dir='ltr'><strong>licitum</strong></span> <span class='ocrx_word' id='word_1_291' title='bbox 715 4107 900 4155; x_wconf 90' lang='lat' dir='ltr'><strong>tenere</strong></span> <span class='ocrx_word' id='word_1_292' title='bbox 927 4101 1127 4172; x_wconf 90' lang='lat' dir='ltr'><strong>aliquid</strong></span> <span class='ocrx_word' id='word_1_293' title='bbox 1157 4105 1368 4172; x_wconf 90' lang='lat' dir='ltr'><strong>animo,</strong></span> <span class='ocrx_word' id='word_1_294' title='bbox 1399 4115 1455 4160; x_wconf 93' lang='lat' dir='ltr'><strong>ut</strong></span> <span class='ocrx_word' id='word_1_295' title='bbox 1483 4107 1535 4161; x_wconf 90' lang='lat' dir='ltr'><strong>in</strong></span> <span class='ocrx_word' id='word_1_296' title='bbox 1563 4109 1743 4164; x_wconf 89' lang='lat' dir='ltr'><strong>odium</strong></span> <span class='ocrx_word' id='word_1_297' title='bbox 1787 4112 1926 4167; x_wconf 90' lang='lat' dir='ltr'><strong>indi-</strong></span> 
     </span>
    </p>
   </div>
   <div class='ocr_carea' id='block_1_41' title="bbox 354 4192 1926 4272">
    <p class='ocr_par' dir='ltr' id='par_1_41' title="bbox 354 4192 1926 4272">
     <span class='ocr_line' id='line_1_41' title="bbox 354 4192 1926 4272; baseline 0.01 -29"><span class='ocrx_word' id='word_1_298' title='bbox 354 4192 536 4259; x_wconf 87' lang='lat' dir='ltr'><strong>gnatio</strong></span> <span class='ocrx_word' id='word_1_299' title='bbox 564 4201 929 4248; x_wconf 88' lang='lat' dir='ltr'><strong>convertatur.</strong></span> <span class='ocrx_word' id='word_1_300' title='bbox 960 4194 1056 4250; x_wconf 87' lang='lat' dir='ltr'><strong>Est</strong></span> <span class='ocrx_word' id='word_1_301' title='bbox 1083 4197 1225 4251; x_wconf 91' lang='lat' dir='ltr'><strong>enim</strong></span> <span class='ocrx_word' id='word_1_302' title='bbox 1256 4198 1333 4252; x_wconf 89' lang='lat' dir='ltr'><strong>ira</strong></span> <span class='ocrx_word' id='word_1_303' title='bbox 1360 4200 1556 4255; x_wconf 91' lang='lat' dir='ltr'><strong>mentis</strong></span> <span class='ocrx_word' id='word_1_304' title='bbox 1584 4199 1734 4256; x_wconf 90' lang='lat' dir='ltr'><strong>furor</strong></span> <span class='ocrx_word' id='word_1_305' title='bbox 1763 4220 1775 4253; x_wconf 91' lang='lat'><strong>:</strong></span> <span class='ocrx_word' id='word_1_306' title='bbox 1807 4219 1926 4272; x_wconf 85' lang='lat' dir='ltr'><strong>quae</strong></span> 
     </span>
    </p>
   </div>
   <div class='ocr_carea' id='block_1_42' title="bbox 360 4279 1924 4359">
    <p class='ocr_par' dir='ltr' id='par_1_42' title="bbox 360 4279 1924 4359">
     <span class='ocr_line' id='line_1_42' title="bbox 360 4279 1924 4359; baseline 0.009 -26"><span class='ocrx_word' id='word_1_307' title='bbox 360 4279 404 4333; x_wconf 92' lang='lat' dir='ltr'><strong>si</strong></span> <span class='ocrx_word' id='word_1_308' title='bbox 433 4280 486 4334; x_wconf 94' lang='lat' dir='ltr'><strong>in</strong></span> <span class='ocrx_word' id='word_1_309' title='bbox 516 4281 678 4335; x_wconf 90' lang='lat' dir='ltr'><strong>corde</strong></span> <span class='ocrx_word' id='word_1_310' title='bbox 711 4283 972 4353; x_wconf 85' lang='lat' dir='ltr'><strong>infigitur,</strong></span> <span class='ocrx_word' id='word_1_311' title='bbox 997 4301 1211 4340; x_wconf 89' lang='lat' dir='ltr'><strong>omnem</strong></span> <span class='ocrx_word' id='word_1_312' title='bbox 1233 4288 1421 4342; x_wconf 82' lang='lat' dir='ltr'><strong>eximit</strong></span> <span class='ocrx_word' id='word_1_313' title='bbox 1442 4291 1834 4359; x_wconf 84' lang='lat' dir='ltr'><strong>providentiam</strong></span> <span class='ocrx_word' id='word_1_314' title='bbox 1856 4293 1924 4347; x_wconf 91' lang='lat' dir='ltr'><strong>ab</strong></span> 
     </span>
    </p>
   </div>
   <div class='ocr_carea' id='block_1_43' title="bbox 323 4371 1921 4450">
    <p class='ocr_par' dir='ltr' id='par_1_43' title="bbox 323 4371 1921 4450">
     <span class='ocr_line' id='line_1_43' title="bbox 323 4371 1921 4450; baseline 0.006 -25"><span class='ocrx_word' id='word_1_315' title='bbox 323 4386 412 4432; x_wconf 61' lang='lat' dir='ltr'><strong>,eo</strong></span> <span class='ocrx_word' id='word_1_316' title='bbox 442 4371 568 4428; x_wconf 87' lang='lat' dir='ltr'><strong>facti</strong></span> <span class='ocrx_word' id='word_1_317' title='bbox 603 4389 616 4424; x_wconf 90' lang='lat'><strong>:</strong></span> <span class='ocrx_word' id='word_1_318' title='bbox 649 4388 752 4427; x_wconf 91' lang='lat' dir='ltr'><strong>nec</strong></span> <span class='ocrx_word' id='word_1_319' title='bbox 777 4373 1040 4442; x_wconf 82' lang='lat' dir='ltr'><strong>judicium</strong></span> <span class='ocrx_word' id='word_1_320' title='bbox 1067 4383 1236 4432; x_wconf 71' lang='lat' dir='ltr'><strong>recta:</strong></span> <span class='ocrx_word' id='word_1_321' title='bbox 1262 4378 1601 4434; x_wconf 87' lang='lat' dir='ltr'><strong>discretionis</strong></span> <span class='ocrx_word' id='word_1_322' title='bbox 1630 4381 1921 4450; x_wconf 88' lang='lat' dir='ltr'><strong>inquirere,</strong></span> 
     </span>
    </p>
   </div>
   <div class='ocr_carea' id='block_1_44' title="bbox 349 4465 1924 4537">
    <p class='ocr_par' dir='ltr' id='par_1_44' title="bbox 349 4465 1924 4537">
     <span class='ocr_line' id='line_1_44' title="bbox 349 4465 1924 4537; baseline 0.005 -21"><span class='ocrx_word' id='word_1_323' title='bbox 349 4477 448 4518; x_wconf 87' lang='lat' dir='ltr'><strong>nec</strong></span> <span class='ocrx_word' id='word_1_324' title='bbox 476 4465 716 4520; x_wconf 62' lang='lat' dir='ltr'><strong>honesta:</strong></span> <span class='ocrx_word' id='word_1_325' title='bbox 753 4467 1229 4537; x_wconf 87' lang='lat' dir='ltr'><strong>contemplationis</strong></span> <span class='ocrx_word' id='word_1_326' title='bbox 1258 4469 1512 4523; x_wconf 86' lang='lat' dir='ltr'><strong>virtutem</strong></span> <span class='ocrx_word' id='word_1_327' title='bbox 1533 4510 1547 4532; x_wconf 92' lang='lat'><strong>,</strong></span> <span class='ocrx_word' id='word_1_328' title='bbox 1580 4486 1682 4526; x_wconf 91' lang='lat' dir='ltr'><strong>nec</strong></span> <span class='ocrx_word' id='word_1_329' title='bbox 1715 4471 1924 4526; x_wconf 90' lang='lat' dir='ltr'><strong>consilii</strong></span> 
     </span>
    </p>
   </div>
   <div class='ocr_carea' id='block_1_45' title="bbox 347 4557 1924 4630">
    <p class='ocr_par' dir='ltr' id='par_1_45' title="bbox 347 4557 1924 4630">
     <span class='ocr_line' id='line_1_45' title="bbox 347 4557 1924 4630; baseline 0.005 -21"><span class='ocrx_word' id='word_1_330' title='bbox 347 4557 545 4624; x_wconf 89' lang='lat' dir='ltr'><strong>poterit</strong></span> <span class='ocrx_word' id='word_1_331' title='bbox 573 4557 775 4611; x_wconf 90' lang='lat' dir='ltr'><strong>habere</strong></span> <span class='ocrx_word' id='word_1_332' title='bbox 805 4558 1195 4612; x_wconf 88' lang='lat' dir='ltr'><strong>maturitatem.</strong></span> <span class='ocrx_word' id='word_1_333' title='bbox 1244 4557 1350 4613; x_wconf 88' lang='lat' dir='ltr'><strong>Sed</strong></span> <span class='ocrx_word' id='word_1_334' title='bbox 1399 4561 1580 4613; x_wconf 85' lang='lat' dir='ltr'><strong>omnia</strong></span> <span class='ocrx_word' id='word_1_335' title='bbox 1611 4577 1709 4629; x_wconf 91' lang='lat' dir='ltr'><strong>per</strong></span> <span class='ocrx_word' id='word_1_336' title='bbox 1734 4563 1924 4630; x_wconf 84' lang='lat' dir='ltr'><strong>praeci-</strong></span> 
     </span>
    </p>
   </div>
   <div class='ocr_carea' id='block_1_46' title="bbox 352 4646 1926 4720">
    <p class='ocr_par' dir='ltr' id='par_1_46' title="bbox 352 4646 1926 4720">
     <span class='ocr_line' id='line_1_46' title="bbox 352 4646 1926 4720; baseline 0.005 -21"><span class='ocrx_word' id='word_1_337' title='bbox 352 4646 542 4713; x_wconf 88' lang='lat' dir='ltr'><strong>pitium</strong></span> <span class='ocrx_word' id='word_1_338' title='bbox 590 4649 858 4717; x_wconf 90' lang='lat' dir='ltr'><strong>quoddam</strong></span> <span class='ocrx_word' id='word_1_339' title='bbox 901 4649 1079 4704; x_wconf 89' lang='lat' dir='ltr'><strong>facere</strong></span> <span class='ocrx_word' id='word_1_340' title='bbox 1125 4651 1354 4705; x_wconf 85' lang='lat' dir='ltr'><strong>videtur.</strong></span> <span class='ocrx_word' id='word_1_341' title='bbox 1398 4653 1479 4706; x_wconf 80' lang='lat' dir='ltr'><strong>Ex</strong></span> <span class='ocrx_word' id='word_1_342' title='bbox 1532 4667 1636 4720; x_wconf 89' lang='lat' dir='ltr'><strong>qua</strong></span> <span class='ocrx_word' id='word_1_343' title='bbox 1687 4653 1926 4708; x_wconf 89' lang='lat' dir='ltr'><strong>nascitur</strong></span> 
     </span>
    </p>
   </div>
   <div class='ocr_carea' id='block_1_47' title="bbox 355 4738 726 4794">
    <p class='ocr_par' dir='ltr' id='par_1_47' title="bbox 355 4738 726 4794">
     <span class='ocr_line' id='line_1_47' title="bbox 355 4738 726 4794; baseline 0.005 -4"><span class='ocrx_word' id='word_1_344' title='bbox 355 4738 726 4794; x_wconf 86' lang='lat' dir='ltr'><strong>homicidium.</strong></span> 
     </span>
    </p>
   </div>
   <div class='ocr_carea' id='block_1_48' title="bbox 425 4828 1922 4906">
    <p class='ocr_par' dir='ltr' id='par_1_48' title="bbox 425 4828 1922 4906">
     <span class='ocr_line' id='line_1_48' title="bbox 425 4828 1922 4906; baseline 0.005 -23"><span class='ocrx_word' id='word_1_345' title='bbox 425 4828 777 4901; x_wconf 83' lang='lat' dir='ltr'><strong>(Gregorius.)</strong></span> <span class='ocrx_word' id='word_1_346' title='bbox 815 4834 1110 4890; x_wconf 83' lang='lat' dir='ltr'><strong>Dicendum</strong></span> <span class='ocrx_word' id='word_1_347' title='bbox 1140 4837 1337 4906; x_wconf 88' lang='lat' dir='ltr'><strong>quippe</strong></span> <span class='ocrx_word' id='word_1_348' title='bbox 1362 4845 1447 4892; x_wconf 88' lang='lat' dir='ltr'><strong>est</strong></span> <span class='ocrx_word' id='word_1_349' title='bbox 1483 4835 1922 4905; x_wconf 84' lang='lat' dir='ltr'><strong>impatientibus:</strong></span> 
     </span>
    </p>
   </div>
   <div class='ocr_carea' id='block_1_49' title="bbox 353 4920 1924 4995">
    <p class='ocr_par' dir='ltr' id='par_1_49' title="bbox 353 4920 1924 4995">
     <span class='ocr_line' id='line_1_49' title="bbox 353 4920 1924 4995; baseline 0.004 -23"><span class='ocrx_word' id='word_1_350' title='bbox 353 4920 481 4987; x_wconf 88' lang='lat' dir='ltr'><strong>quia</strong></span> <span class='ocrx_word' id='word_1_351' title='bbox 535 4921 660 4975; x_wconf 91' lang='lat' dir='ltr'><strong>dum</strong></span> <span class='ocrx_word' id='word_1_352' title='bbox 715 4922 928 4978; x_wconf 81' lang='lat' dir='ltr'><strong>frenare</strong></span> <span class='ocrx_word' id='word_1_353' title='bbox 975 4927 1222 4993; x_wconf 87' lang='lat' dir='ltr'><strong>spiritum</strong></span> <span class='ocrx_word' id='word_1_354' title='bbox 1280 4925 1578 4995; x_wconf 79' lang='lat' dir='ltr'><strong>negligunt,</strong></span> <span class='ocrx_word' id='word_1_355' title='bbox 1629 4939 1726 4992; x_wconf 91' lang='lat' dir='ltr'><strong>per</strong></span> <span class='ocrx_word' id='word_1_356' title='bbox 1757 4926 1924 4979; x_wconf 90' lang='lat' dir='ltr'><strong>multa</strong></span> 
     </span>
    </p>
   </div>
   <div class='ocr_carea' id='block_1_50' title="bbox 350 5010 1926 5085">
    <p class='ocr_par' dir='ltr' id='par_1_50' title="bbox 350 5010 1926 5085">
     <span class='ocr_line' id='line_1_50' title="bbox 350 5010 1926 5085; baseline 0.003 -20"><span class='ocrx_word' id='word_1_357' title='bbox 350 5010 516 5065; x_wconf 82' lang='lat' dir='ltr'><strong>etiam</strong></span> <span class='ocrx_word' id='word_1_358' title='bbox 538 5026 658 5080; x_wconf 68' lang='lat' dir='ltr'><strong>qua:</strong></span> <span class='ocrx_word' id='word_1_359' title='bbox 687 5026 794 5065; x_wconf 89' lang='lat' dir='ltr'><strong>non</strong></span> <span class='ocrx_word' id='word_1_360' title='bbox 819 5025 1072 5083; x_wconf 87' lang='lat' dir='ltr'><strong>appetunt</strong></span> <span class='ocrx_word' id='word_1_361' title='bbox 1097 5015 1436 5083; x_wconf 91' lang='lat' dir='ltr'><strong>iniquitatum</strong></span> <span class='ocrx_word' id='word_1_362' title='bbox 1462 5015 1686 5084; x_wconf 90' lang='lat' dir='ltr'><strong>abrupta</strong></span> <span class='ocrx_word' id='word_1_363' title='bbox 1710 5015 1926 5085; x_wconf 86' lang='lat' dir='ltr'><strong>rapiun-</strong></span> 
     </span>
    </p>
   </div>
   <div class='ocr_carea' id='block_1_51' title="bbox 353 5098 1923 5172">
    <p class='ocr_par' dir='ltr' id='par_1_51' title="bbox 353 5098 1923 5172">
     <span class='ocr_line' id='line_1_51' title="bbox 353 5098 1923 5172; baseline 0.003 -20"><span class='ocrx_word' id='word_1_364' title='bbox 353 5107 462 5152; x_wconf 87' lang='lat' dir='ltr'><strong>tur.</strong></span> <span class='ocrx_word' id='word_1_365' title='bbox 493 5098 630 5165; x_wconf 76' lang='lat' dir='ltr'><strong>Quia</strong></span> <span class='ocrx_word' id='word_1_366' title='bbox 665 5099 912 5156; x_wconf 89' lang='lat' dir='ltr'><strong>videlicet</strong></span> <span class='ocrx_word' id='word_1_367' title='bbox 959 5113 1192 5158; x_wconf 89' lang='lat' dir='ltr'><strong>mentem</strong></span> <span class='ocrx_word' id='word_1_368' title='bbox 1223 5103 1447 5172; x_wconf 87' lang='lat' dir='ltr'><strong>impellit</strong></span> <span class='ocrx_word' id='word_1_369' title='bbox 1490 5102 1641 5158; x_wconf 87' lang='lat' dir='ltr'><strong>furor</strong></span> <span class='ocrx_word' id='word_1_370' title='bbox 1665 5118 1772 5172; x_wconf 91' lang='lat' dir='ltr'><strong>quo</strong></span> <span class='ocrx_word' id='word_1_371' title='bbox 1818 5120 1923 5157; x_wconf 93' lang='lat' dir='ltr'><strong>non</strong></span> 
     </span>
    </p>
   </div>
   <div class='ocr_carea' id='block_1_52' title="bbox 355 5190 1922 5264">
    <p class='ocr_par' dir='ltr' id='par_1_52' title="bbox 355 5190 1922 5264">
     <span class='ocr_line' id='line_1_52' title="bbox 355 5190 1922 5264; baseline 0.003 -21"><span class='ocrx_word' id='word_1_372' title='bbox 355 5190 520 5244; x_wconf 87' lang='lat' dir='ltr'><strong>trahit</strong></span> <span class='ocrx_word' id='word_1_373' title='bbox 548 5190 892 5257; x_wconf 87' lang='lat' dir='ltr'><strong>desiderium,</strong></span> <span class='ocrx_word' id='word_1_374' title='bbox 925 5202 980 5247; x_wconf 89' lang='lat' dir='ltr'><strong>et</strong></span> <span class='ocrx_word' id='word_1_375' title='bbox 1007 5195 1117 5264; x_wconf 79' lang='lat' dir='ltr'><strong>agit</strong></span> <span class='ocrx_word' id='word_1_376' title='bbox 1159 5203 1448 5257; x_wconf 88' lang='lat' dir='ltr'><strong>commota,</strong></span> <span class='ocrx_word' id='word_1_377' title='bbox 1481 5194 1627 5257; x_wconf 85' lang='lat' dir='ltr'><strong>velut</strong></span> <span class='ocrx_word' id='word_1_378' title='bbox 1654 5195 1922 5257; x_wconf 89' lang='lat' dir='ltr'><strong>nesciens,</strong></span> 
     </span>
    </p>
   </div>
   <div class='ocr_carea' id='block_1_53' title="bbox 354 5281 1924 5354">
    <p class='ocr_par' dir='ltr' id='par_1_53' title="bbox 354 5281 1924 5354">
     <span class='ocr_line' id='line_1_53' title="bbox 354 5281 1924 5354; baseline 0.001 -19"><span class='ocrx_word' id='word_1_379' title='bbox 354 5281 494 5335; x_wconf 91' lang='lat' dir='ltr'><strong>unde</strong></span> <span class='ocrx_word' id='word_1_380' title='bbox 516 5289 638 5352; x_wconf 90' lang='lat' dir='ltr'><strong>post</strong></span> <span class='ocrx_word' id='word_1_381' title='bbox 666 5281 862 5347; x_wconf 90' lang='lat' dir='ltr'><strong>doleat,</strong></span> <span class='ocrx_word' id='word_1_382' title='bbox 891 5285 1084 5338; x_wconf 90' lang='lat' dir='ltr'><strong>sciens.</strong></span> <span class='ocrx_word' id='word_1_383' title='bbox 1129 5284 1231 5340; x_wconf 89' lang='lat' dir='ltr'><strong>Per</strong></span> <span class='ocrx_word' id='word_1_384' title='bbox 1274 5285 1375 5340; x_wconf 92' lang='lat' dir='ltr'><strong>hoc</strong></span> <span class='ocrx_word' id='word_1_385' title='bbox 1405 5299 1617 5354; x_wconf 90' lang='lat' dir='ltr'><strong>quoque</strong></span> <span class='ocrx_word' id='word_1_386' title='bbox 1643 5284 1924 5354; x_wconf 91' lang='lat' dir='ltr'><strong>impatien-</strong></span> 
     </span>
    </p>
   </div>
   <div class='ocr_carea' id='block_1_54' title="bbox 350 5371 1920 5444">
    <p class='ocr_par' dir='ltr' id='par_1_54' title="bbox 350 5371 1920 5444">
     <span class='ocr_line' id='line_1_54' title="bbox 350 5371 1920 5444; baseline 0.001 -19"><span class='ocrx_word' id='word_1_387' title='bbox 350 5373 442 5427; x_wconf 65' lang='lat' dir='ltr'><strong>tiaa</strong></span> <span class='ocrx_word' id='word_1_388' title='bbox 495 5372 684 5427; x_wconf 89' lang='lat' dir='ltr'><strong>vitium</strong></span> <span class='ocrx_word' id='word_1_389' title='bbox 736 5371 1054 5443; x_wconf 89' lang='lat' dir='ltr'><strong>plerumque</strong></span> <span class='ocrx_word' id='word_1_390' title='bbox 1104 5384 1340 5429; x_wconf 90' lang='lat' dir='ltr'><strong>mentem</strong></span> <span class='ocrx_word' id='word_1_391' title='bbox 1397 5375 1716 5444; x_wconf 69' lang='lat' dir='ltr'><strong>arrogantia:</strong></span> <span class='ocrx_word' id='word_1_392' title='bbox 1765 5373 1920 5441; x_wconf 89' lang='lat' dir='ltr'><strong>culpa</strong></span> 
     </span>
    </p>
   </div>
   <div class='ocr_carea' id='block_1_55' title="bbox 350 5467 1922 5538">
    <p class='ocr_par' dir='ltr' id='par_1_55' title="bbox 350 5467 1922 5538">
     <span class='ocr_line' id='line_1_55' title="bbox 350 5467 1922 5538; baseline -0.001 -16"><span class='ocrx_word' id='word_1_393' title='bbox 350 5467 618 5538; x_wconf 83' lang='lat' dir='ltr'><strong>transfigit</strong></span> <span class='ocrx_word' id='word_1_394' title='bbox 650 5485 662 5519; x_wconf 75' lang='grc' dir='ltr'><strong>ε</strong></span> <span class='ocrx_word' id='word_1_395' title='bbox 689 5468 816 5538; x_wconf 90' lang='lat' dir='ltr'><strong>quia</strong></span> <span class='ocrx_word' id='word_1_396' title='bbox 840 5469 967 5523; x_wconf 90' lang='lat' dir='ltr'><strong>dum</strong></span> <span class='ocrx_word' id='word_1_397' title='bbox 998 5469 1198 5538; x_wconf 89' lang='lat' dir='ltr'><strong>despici</strong></span> <span class='ocrx_word' id='word_1_398' title='bbox 1242 5470 1293 5523; x_wconf 92' lang='lat' dir='ltr'><strong>in</strong></span> <span class='ocrx_word' id='word_1_399' title='bbox 1327 5469 1525 5523; x_wconf 88' lang='lat' dir='ltr'><strong>nmndo</strong></span> <span class='ocrx_word' id='word_1_400' title='bbox 1555 5469 1656 5521; x_wconf 90' lang='lat' dir='ltr'><strong>hoc</strong></span> <span class='ocrx_word' id='word_1_401' title='bbox 1698 5467 1922 5536; x_wconf 88' lang='lat' dir='ltr'><strong>quisque</strong></span> 
     </span>
    </p>
   </div>
   <div class='ocr_carea' id='block_1_56' title="bbox 352 5556 1920 5627">
    <p class='ocr_par' dir='ltr' id='par_1_56' title="bbox 352 5556 1920 5627">
     <span class='ocr_line' id='line_1_56' title="bbox 352 5556 1920 5627; baseline 0 -19"><span class='ocrx_word' id='word_1_402' title='bbox 352 5570 459 5609; x_wconf 90' lang='lat' dir='ltr'><strong>non</strong></span> <span class='ocrx_word' id='word_1_403' title='bbox 487 5557 725 5624; x_wconf 88' lang='lat' dir='ltr'><strong>patitur;</strong></span> <span class='ocrx_word' id='word_1_404' title='bbox 775 5559 936 5623; x_wconf 87' lang='lat' dir='ltr'><strong>bona,</strong></span> <span class='ocrx_word' id='word_1_405' title='bbox 969 5559 1013 5613; x_wconf 86' lang='lat' dir='ltr'><strong>si</strong></span> <span class='ocrx_word' id='word_1_406' title='bbox 1064 5574 1169 5627; x_wconf 91' lang='lat' dir='ltr'><strong>qua</strong></span> <span class='ocrx_word' id='word_1_407' title='bbox 1198 5558 1335 5612; x_wconf 91' lang='lat' dir='ltr'><strong>bona</strong></span> <span class='ocrx_word' id='word_1_408' title='bbox 1386 5557 1488 5611; x_wconf 88' lang='lat' dir='ltr'><strong>sibi</strong></span> <span class='ocrx_word' id='word_1_409' title='bbox 1537 5556 1746 5611; x_wconf 88' lang='lat' dir='ltr'><strong>occulta</strong></span> <span class='ocrx_word' id='word_1_410' title='bbox 1774 5565 1920 5619; x_wconf 89' lang='lat' dir='ltr'><strong>sunt,</strong></span> 
     </span>
    </p>
   </div>
   <div class='ocr_carea' id='block_1_57' title="bbox 349 5645 1920 5718">
    <p class='ocr_par' dir='ltr' id='par_1_57' title="bbox 349 5645 1920 5718">
     <span class='ocr_line' id='line_1_57' title="bbox 349 5645 1920 5718; baseline 0.004 -23"><span class='ocrx_word' id='word_1_411' title='bbox 349 5645 630 5701; x_wconf 83' lang='lat' dir='ltr'><strong>ostendere</strong></span> <span class='ocrx_word' id='word_1_412' title='bbox 659 5656 906 5714; x_wconf 88' lang='lat' dir='ltr'><strong>conatur,</strong></span> <span class='ocrx_word' id='word_1_413' title='bbox 938 5665 1000 5703; x_wconf 90' lang='lat' dir='ltr'><strong>ac</strong></span> <span class='ocrx_word' id='word_1_414' title='bbox 1049 5664 1144 5718; x_wconf 90' lang='lat' dir='ltr'><strong>per</strong></span> <span class='ocrx_word' id='word_1_415' title='bbox 1197 5648 1608 5718; x_wconf 77' lang='lat' dir='ltr'><strong>impatientiam,</strong></span> <span class='ocrx_word' id='word_1_416' title='bbox 1660 5661 1827 5716; x_wconf 88' lang='lat' dir='ltr'><strong>usque</strong></span> <span class='ocrx_word' id='word_1_417' title='bbox 1857 5646 1920 5700; x_wconf 89' lang='lat' dir='ltr'><strong>ad</strong></span> 
     </span>
    </p>
   </div>
   <div class='ocr_carea' id='block_1_58' title="bbox 351 5739 1040 5803">
    <p class='ocr_par' dir='ltr' id='par_1_58' title="bbox 351 5739 1040 5803">
     <span class='ocr_line' id='line_1_58' title="bbox 351 5739 1040 5803; baseline 0.012 -15"><span class='ocrx_word' id='word_1_418' title='bbox 351 5739 713 5803; x_wconf 73' lang='lat' dir='ltr'><strong>arrogantiam</strong></span> <span class='ocrx_word' id='word_1_419' title='bbox 746 5740 1040 5796; x_wconf 87' lang='lat' dir='ltr'><strong>deducitur.</strong></span> 
     </span>
    </p>
   </div>
   <div class='ocr_carea' id='block_1_59' title="bbox 1292 372 2605 432">
    <p class='ocr_par' dir='ltr' id='par_1_59' title="bbox 1292 372 2605 432">
     <span class='ocr_line' id='line_1_59' title="bbox 1292 372 2605 432; baseline 0 -4"><span class='ocrx_word' id='word_1_420' title='bbox 1292 373 1686 431; x_wconf 65' lang='lat' dir='ltr'><strong>HALITGARII</strong></span> <span class='ocrx_word' id='word_1_421' title='bbox 1725 376 2033 432; x_wconf 83' lang='lat' dir='ltr'><strong>EPISCOPI</strong></span> <span class='ocrx_word' id='word_1_422' title='bbox 2073 372 2605 430; x_wconf 64' lang='lat' dir='ltr'><strong>CASIERACENSIS</strong></span> 
     </span>
    </p>
   </div>
   <div class='ocr_carea' id='block_1_60' title="bbox 337 485 1983 556">
    <p class='ocr_par' dir='ltr' id='par_1_60' title="bbox 337 485 1983 556">
     <span class='ocr_line' id='line_1_60' title="bbox 337 485 1983 556; baseline -0.005 -11"><span class='ocrx_word' id='word_1_423' title='bbox 337 499 490 555; x_wconf 88' lang='lat' dir='ltr'><strong>tunt,</strong></span> <span class='ocrx_word' id='word_1_424' title='bbox 543 503 643 543; x_wconf 88' lang='lat' dir='ltr'><strong>nec</strong></span> <span class='ocrx_word' id='word_1_425' title='bbox 692 489 909 542; x_wconf 89' lang='lat' dir='ltr'><strong>modum</strong></span> <span class='ocrx_word' id='word_1_426' title='bbox 961 485 1216 556; x_wconf 77' lang='lat' dir='ltr'><strong>diligendi</strong></span> <span class='ocrx_word' id='word_1_427' title='bbox 1265 485 1620 540; x_wconf 87' lang='lat' dir='ltr'><strong>custodiunt:</strong></span> <span class='ocrx_word' id='word_1_428' title='bbox 1669 486 1760 554; x_wconf 92' lang='lat' dir='ltr'><strong>qui</strong></span> <span class='ocrx_word' id='word_1_429' title='bbox 1814 487 1983 546; x_wconf 69' lang='lat' dir='ltr'><strong>autA</strong></span> 
     </span>
    </p>
   </div>
   <div class='ocr_carea' id='block_1_61' title="bbox 3479 374 3582 433">
    <p class='ocr_par' dir='ltr' id='par_1_61' title="bbox 3479 374 3582 433">
     <span class='ocr_line' id='line_1_61' title="bbox 3479 374 3582 433; baseline 0.029 -3"><span class='ocrx_word' id='word_1_430' title='bbox 3479 374 3582 433; x_wconf 65' lang='lat'><strong>661</strong></span> 
     </span>
    </p>
   </div>
   <div class='ocr_carea' id='block_1_62' title="bbox 2621 478 2962 534">
    <p class='ocr_par' dir='ltr' id='par_1_62' title="bbox 2621 478 2962 534">
     <span class='ocr_line' id='line_1_62' title="bbox 2621 478 2962 534; baseline -0.009 0"><span class='ocrx_word' id='word_1_431' title='bbox 2621 479 2845 534; x_wconf 79' lang='lat' dir='ltr'><strong>CAPUT</strong></span> <span class='ocrx_word' id='word_1_432' title='bbox 2871 478 2962 532; x_wconf 74' lang='lat' dir='ltr'><strong>1X.</strong></span> 
     </span>
    </p>
   </div>
   <div class='ocr_carea' id='block_1_63' title="bbox 2574 571 3053 626">
    <p class='ocr_par' dir='ltr' id='par_1_63' title="bbox 2574 571 3053 626">
     <span class='ocr_line' id='line_1_63' title="bbox 2574 571 3053 626; baseline -0.006 -3"><span class='ocrx_word' id='word_1_433' title='bbox 2574 571 2650 625; x_wconf 89' lang='lat' dir='ltr'><strong>De</strong></span> <span class='ocrx_word' id='word_1_434' title='bbox 2692 571 2916 626; x_wconf 86' lang='lat' dir='ltr'><strong>remedio</strong></span> <span class='ocrx_word' id='word_1_435' title='bbox 2941 571 3053 622; x_wconf 70' lang='grc' dir='ltr'><strong>εγω.</strong></span> 
     </span>
    </p>
   </div>
   <div class='ocr_carea' id='block_1_64' title="bbox 2078 684 3592 757">
    <p class='ocr_par' dir='ltr' id='par_1_64' title="bbox 2078 684 3592 757">
     <span class='ocr_line' id='line_1_64' title="bbox 2078 684 3592 757; baseline -0.005 -8"><span class='ocrx_word' id='word_1_436' title='bbox 2078 693 2344 749; x_wconf 88' lang='lat' dir='ltr'><strong>Patientia</strong></span> <span class='ocrx_word' id='word_1_437' title='bbox 2390 702 2624 757; x_wconf 88' lang='lat' dir='ltr'><strong>namque</strong></span> <span class='ocrx_word' id='word_1_438' title='bbox 2667 685 2925 748; x_wconf 87' lang='lat' dir='ltr'><strong>furorem,</strong></span> <span class='ocrx_word' id='word_1_439' title='bbox 2959 696 3226 754; x_wconf 88' lang='lat' dir='ltr'><strong>omneque</strong></span> <span class='ocrx_word' id='word_1_440' title='bbox 3277 684 3371 739; x_wconf 73' lang='lat' dir='ltr'><strong>ira:</strong></span> <span class='ocrx_word' id='word_1_441' title='bbox 3398 686 3592 742; x_wconf 89' lang='lat' dir='ltr'><strong>vitium</strong></span> 
     </span>
    </p>
   </div>
   <div class='ocr_carea' id='block_1_65' title="bbox 2008 774 3597 844">
    <p class='ocr_par' dir='ltr' id='par_1_65' title="bbox 2008 774 3597 844">
     <span class='ocr_line' id='line_1_65' title="bbox 2008 774 3597 844; baseline -0.011 -3"><span class='ocrx_word' id='word_1_442' title='bbox 2008 803 2131 842; x_wconf 90' lang='lat' dir='ltr'><strong>cum</strong></span> <span class='ocrx_word' id='word_1_443' title='bbox 2180 781 2554 837; x_wconf 88' lang='lat' dir='ltr'><strong>recordatione</strong></span> <span class='ocrx_word' id='word_1_444' title='bbox 2606 776 2980 830; x_wconf 90' lang='lat' dir='ltr'><strong>mandatorum</strong></span> <span class='ocrx_word' id='word_1_445' title='bbox 3040 774 3136 828; x_wconf 92' lang='lat' dir='ltr'><strong>Dei</strong></span> <span class='ocrx_word' id='word_1_446' title='bbox 3189 788 3450 844; x_wconf 84' lang='lat' dir='ltr'><strong>superare</strong></span> <span class='ocrx_word' id='word_1_447' title='bbox 3497 791 3597 831; x_wconf 81' lang='grc' dir='ltr'><strong>ηο-</strong></span> 
     </span>
    </p>
   </div>
   <div class='ocr_carea' id='block_1_66' title="bbox 2011 865 3592 932">
    <p class='ocr_par' dir='ltr' id='par_1_66' title="bbox 2011 865 3592 932">
     <span class='ocr_line' id='line_1_66' title="bbox 2011 865 3592 932; baseline -0.007 -1"><span class='ocrx_word' id='word_1_448' title='bbox 2011 878 2220 932; x_wconf 84' lang='lat' dir='ltr'><strong>scitur:</strong></span> <span class='ocrx_word' id='word_1_449' title='bbox 2253 887 2373 926; x_wconf 90' lang='lat' dir='ltr'><strong>cum</strong></span> <span class='ocrx_word' id='word_1_450' title='bbox 2422 870 2682 923; x_wconf 90' lang='lat' dir='ltr'><strong>virtutum</strong></span> <span class='ocrx_word' id='word_1_451' title='bbox 2729 865 2970 920; x_wconf 90' lang='lat' dir='ltr'><strong>omnium</strong></span> <span class='ocrx_word' id='word_1_452' title='bbox 3020 874 3196 919; x_wconf 86' lang='lat' dir='ltr'><strong>mater</strong></span> <span class='ocrx_word' id='word_1_453' title='bbox 3249 866 3491 920; x_wconf 89' lang='lat' dir='ltr'><strong>charitas</strong></span> <span class='ocrx_word' id='word_1_454' title='bbox 3526 865 3592 920; x_wconf 89' lang='lat' dir='ltr'><strong>ad</strong></span> 
     </span>
    </p>
   </div>
   <div class='ocr_carea' id='block_1_67' title="bbox 2009 957 3598 1026">
    <p class='ocr_par' dir='ltr' id='par_1_67' title="bbox 2009 957 3598 1026">
     <span class='ocr_line' id='line_1_67' title="bbox 2009 957 3598 1026; baseline -0.006 -3"><span class='ocrx_word' id='word_1_455' title='bbox 2009 965 2329 1023; x_wconf 88' lang='lat' dir='ltr'><strong>memoriam</strong></span> <span class='ocrx_word' id='word_1_456' title='bbox 2358 967 2665 1023; x_wconf 87' lang='lat' dir='ltr'><strong>revocatur,</strong></span> <span class='ocrx_word' id='word_1_457' title='bbox 2697 957 2824 1026; x_wconf 90' lang='lat' dir='ltr'><strong>quia</strong></span> <span class='ocrx_word' id='word_1_458' title='bbox 2877 957 3228 1025; x_wconf 71' lang='lat' dir='ltr'><strong>impatientia:</strong></span> <span class='ocrx_word' id='word_1_459' title='bbox 3271 959 3463 1012; x_wconf 87' lang='lat' dir='ltr'><strong>vitium</strong></span> <span class='ocrx_word' id='word_1_460' title='bbox 3496 961 3598 1013; x_wconf 88' lang='lat' dir='ltr'><strong>mi-</strong></span> 
     </span>
    </p>
   </div>
   <div class='ocr_carea' id='block_1_68' title="bbox 2011 1049 3596 1121">
    <p class='ocr_par' dir='ltr' id='par_1_68' title="bbox 2011 1049 3596 1121">
     <span class='ocr_line' id='line_1_68' title="bbox 2011 1049 3596 1121; baseline -0.004 -8"><span class='ocrx_word' id='word_1_461' title='bbox 2011 1060 2154 1113; x_wconf 90' lang='lat' dir='ltr'><strong>nime</strong></span> <span class='ocrx_word' id='word_1_462' title='bbox 2181 1055 2377 1118; x_wconf 89' lang='lat' dir='ltr'><strong>oritur,</strong></span> <span class='ocrx_word' id='word_1_463' title='bbox 2412 1052 2514 1106; x_wconf 91' lang='lat' dir='ltr'><strong>nisi</strong></span> <span class='ocrx_word' id='word_1_464' title='bbox 2552 1050 2812 1104; x_wconf 89' lang='lat' dir='ltr'><strong>virtutum</strong></span> <span class='ocrx_word' id='word_1_465' title='bbox 2857 1057 3032 1102; x_wconf 87' lang='lat' dir='ltr'><strong>mater</strong></span> <span class='ocrx_word' id='word_1_466' title='bbox 3059 1049 3297 1104; x_wconf 89' lang='lat' dir='ltr'><strong>charitas</strong></span> <span class='ocrx_word' id='word_1_467' title='bbox 3345 1060 3596 1121; x_wconf 87' lang='lat' dir='ltr'><strong>ampute-</strong></span> 
     </span>
    </p>
   </div>
   <div class='ocr_carea' id='block_1_69' title="bbox 2011 1138 3602 1214">
    <p class='ocr_par' dir='ltr' id='par_1_69' title="bbox 2011 1138 3602 1214">
     <span class='ocr_line' id='line_1_69' title="bbox 2011 1138 3602 1214; baseline -0.004 -11"><span class='ocrx_word' id='word_1_468' title='bbox 2011 1157 2117 1203; x_wconf 91' lang='lat' dir='ltr'><strong>tur.</strong></span> <span class='ocrx_word' id='word_1_469' title='bbox 2141 1147 2416 1214; x_wconf 89' lang='lat' dir='ltr'><strong>Scriptum</strong></span> <span class='ocrx_word' id='word_1_470' title='bbox 2447 1143 2642 1214; x_wconf 90' lang='lat' dir='ltr'><strong>quippe</strong></span> <span class='ocrx_word' id='word_1_471' title='bbox 2667 1147 2750 1196; x_wconf 88' lang='lat' dir='ltr'><strong>est</strong></span> <span class='ocrx_word' id='word_1_472' title='bbox 2773 1157 2785 1192; x_wconf 92' lang='lat'>:</span> <span class='ocrx_word' id='word_1_473' title='bbox 2809 1138 3059 1194; x_wconf 86' lang='lat' dir='ltr'><strong>Charitas</strong></span> <span class='ocrx_word' id='word_1_474' title='bbox 3097 1141 3308 1208; x_wconf 89' lang='lat' dir='ltr'><strong>patiens</strong></span> <span class='ocrx_word' id='word_1_475' title='bbox 3351 1151 3453 1196; x_wconf 82' lang='lat' dir='ltr'><strong>est.</strong></span> <span class='ocrx_word' id='word_1_476' title='bbox 3495 1143 3602 1213; x_wconf 79' lang='lat' dir='ltr'><strong>lgi-</strong></span> 
     </span>
    </p>
   </div>
   <div class='ocr_carea' id='block_1_70' title="bbox 2014 1229 3597 1300">
    <p class='ocr_par' dir='ltr' id='par_1_70' title="bbox 2014 1229 3597 1300">
     <span class='ocr_line' id='line_1_70' title="bbox 2014 1229 3597 1300; baseline -0.004 -9"><span class='ocrx_word' id='word_1_477' title='bbox 2014 1247 2102 1291; x_wconf 93' lang='lat' dir='ltr'><strong>tur</strong></span> <span class='ocrx_word' id='word_1_478' title='bbox 2133 1251 2256 1290; x_wconf 91' lang='lat' dir='ltr'><strong>cum</strong></span> <span class='ocrx_word' id='word_1_479' title='bbox 2288 1234 2512 1288; x_wconf 89' lang='lat' dir='ltr'><strong>minime</strong></span> <span class='ocrx_word' id='word_1_480' title='bbox 2551 1239 2633 1285; x_wconf 90' lang='lat' dir='ltr'><strong>est</strong></span> <span class='ocrx_word' id='word_1_481' title='bbox 2655 1230 2888 1300; x_wconf 87' lang='lat' dir='ltr'><strong>patiens,</strong></span> <span class='ocrx_word' id='word_1_482' title='bbox 2923 1229 3162 1288; x_wconf 77' lang='lat' dir='ltr'><strong>charitas</strong></span> <span class='ocrx_word' id='word_1_483' title='bbox 3194 1230 3247 1282; x_wconf 91' lang='lat' dir='ltr'><strong>in</strong></span> <span class='ocrx_word' id='word_1_484' title='bbox 3271 1245 3335 1284; x_wconf 91' lang='lat' dir='ltr'><strong>eo</strong></span> <span class='ocrx_word' id='word_1_485' title='bbox 3360 1245 3470 1285; x_wconf 88' lang='lat' dir='ltr'><strong>non</strong></span> <span class='ocrx_word' id='word_1_486' title='bbox 3493 1240 3597 1286; x_wconf 90' lang='lat' dir='ltr'><strong>est.</strong></span> 
     </span>
    </p>
   </div>
   <div class='ocr_carea' id='block_1_71' title="bbox 2084 1323 3603 1401">
    <p class='ocr_par' dir='ltr' id='par_1_71' title="bbox 2084 1323 3603 1401">
     <span class='ocr_line' id='line_1_71' title="bbox 2084 1323 3603 1401; baseline -0.003 -17"><span class='ocrx_word' id='word_1_487' title='bbox 2084 1326 2440 1401; x_wconf 85' lang='lat' dir='ltr'><strong>(Gregorius.)</strong></span> <span class='ocrx_word' id='word_1_488' title='bbox 2469 1324 2574 1378; x_wconf 91' lang='lat' dir='ltr'><strong>Per</strong></span> <span class='ocrx_word' id='word_1_489' title='bbox 2595 1325 2697 1378; x_wconf 92' lang='lat' dir='ltr'><strong>hoc</strong></span> <span class='ocrx_word' id='word_1_490' title='bbox 2727 1338 2940 1394; x_wconf 92' lang='lat' dir='ltr'><strong>quoque</strong></span> <span class='ocrx_word' id='word_1_491' title='bbox 2966 1323 3060 1377; x_wconf 69' lang='lat' dir='ltr'><strong>irte</strong></span> <span class='ocrx_word' id='word_1_492' title='bbox 3094 1325 3311 1389; x_wconf 90' lang='lat' dir='ltr'><strong>vitium,</strong></span> <span class='ocrx_word' id='word_1_493' title='bbox 3342 1324 3460 1394; x_wconf 87' lang='lat' dir='ltr'><strong>ipsa</strong></span> <span class='ocrx_word' id='word_1_494' title='bbox 3491 1327 3603 1380; x_wconf 90' lang='lat' dir='ltr'><strong>vir-</strong></span> 
     </span>
    </p>
   </div>
   <div class='ocr_carea' id='block_1_72' title="bbox 2015 1413 3604 1484">
    <p class='ocr_par' dir='ltr' id='par_1_72' title="bbox 2015 1413 3604 1484">
     <span class='ocr_line' id='line_1_72' title="bbox 2015 1413 3604 1484; baseline -0.003 -9"><span class='ocrx_word' id='word_1_495' title='bbox 2015 1429 2189 1476; x_wconf 91' lang='lat' dir='ltr'><strong>tutum</strong></span> <span class='ocrx_word' id='word_1_496' title='bbox 2235 1419 2415 1474; x_wconf 83' lang='lat' dir='ltr'><strong>nutrix</strong></span> <span class='ocrx_word' id='word_1_497' title='bbox 2469 1417 2711 1471; x_wconf 86' lang='lat' dir='ltr'><strong>doctrina</strong></span> <span class='ocrx_word' id='word_1_498' title='bbox 2759 1415 3070 1483; x_wconf 90' lang='lat' dir='ltr'><strong>dissipatur.</strong></span> <span class='ocrx_word' id='word_1_499' title='bbox 3126 1413 3280 1469; x_wconf 84' lang='lat' dir='ltr'><strong>Unde</strong></span> <span class='ocrx_word' id='word_1_500' title='bbox 3335 1415 3604 1484; x_wconf 87' lang='lat' dir='ltr'><strong>scriptum</strong></span> 
     </span>
    </p>
   </div>
   <div class='ocr_carea' id='block_1_73' title="bbox 2013 1504 3606 1577">
    <p class='ocr_par' dir='ltr' id='par_1_73' title="bbox 2013 1504 3606 1577">
     <span class='ocr_line' id='line_1_73' title="bbox 2013 1504 3606 1577; baseline -0.005 -10"><span class='ocrx_word' id='word_1_501' title='bbox 2013 1519 2135 1567; x_wconf 89' lang='lat' dir='ltr'><strong>est:</strong></span> <span class='ocrx_word' id='word_1_502' title='bbox 2176 1510 2431 1564; x_wconf 85' lang='lat' dir='ltr'><strong>Doctrina</strong></span> <span class='ocrx_word' id='word_1_503' title='bbox 2482 1509 2580 1564; x_wconf 78' lang='lat' dir='ltr'><strong>viri</strong></span> <span class='ocrx_word' id='word_1_504' title='bbox 2633 1523 2726 1577; x_wconf 88' lang='lat' dir='ltr'><strong>per</strong></span> <span class='ocrx_word' id='word_1_505' title='bbox 2760 1505 3069 1576; x_wconf 80' lang='lat' dir='ltr'><strong>patientiam</strong></span> <span class='ocrx_word' id='word_1_506' title='bbox 3122 1505 3372 1558; x_wconf 86' lang='lat' dir='ltr'><strong>noscitur.</strong></span> <span class='ocrx_word' id='word_1_507' title='bbox 3423 1504 3606 1560; x_wconf 85' lang='lat' dir='ltr'><strong>Tanto</strong></span> 
     </span>
    </p>
   </div>
   <div class='ocr_carea' id='block_1_74' title="bbox 2013 1588 3609 1673">
    <p class='ocr_par' dir='ltr' id='par_1_74' title="bbox 2013 1588 3609 1673">
     <span class='ocr_line' id='line_1_74' title="bbox 2013 1588 3609 1673; baseline -0.005 -16"><span class='ocrx_word' id='word_1_508' title='bbox 2013 1619 2142 1673; x_wconf 85' lang='lat' dir='ltr'><strong>ergo</strong></span> <span class='ocrx_word' id='word_1_509' title='bbox 2169 1602 2397 1670; x_wconf 91' lang='lat' dir='ltr'><strong>quisque</strong></span> <span class='ocrx_word' id='word_1_510' title='bbox 2421 1600 2600 1654; x_wconf 90' lang='lat' dir='ltr'><strong>minus</strong></span> <span class='ocrx_word' id='word_1_511' title='bbox 2623 1596 2924 1651; x_wconf 89' lang='lat' dir='ltr'><strong>ostenditur</strong></span> <span class='ocrx_word' id='word_1_512' title='bbox 2953 1588 3159 1658; x_wconf 65' lang='lat' dir='ltr'><strong>doctus;</strong></span> <span class='ocrx_word' id='word_1_513' title='bbox 3189 1603 3394 1663; x_wconf 90' lang='lat' dir='ltr'><strong>quanto</strong></span> <span class='ocrx_word' id='word_1_514' title='bbox 3421 1595 3609 1649; x_wconf 90' lang='lat' dir='ltr'><strong>minus</strong></span> 
     </span>
    </p>
   </div>
   <div class='ocr_carea' id='block_1_75' title="bbox 2015 1683 3605 1760">
    <p class='ocr_par' dir='ltr' id='par_1_75' title="bbox 2015 1683 3605 1760">
     <span class='ocr_line' id='line_1_75' title="bbox 2015 1683 3605 1760; baseline -0.006 -12"><span class='ocrx_word' id='word_1_515' title='bbox 2015 1692 2354 1748; x_wconf 89' lang='lat' dir='ltr'><strong>convincitur</strong></span> <span class='ocrx_word' id='word_1_516' title='bbox 2389 1690 2618 1760; x_wconf 90' lang='lat' dir='ltr'><strong>patiens.</strong></span> <span class='ocrx_word' id='word_1_517' title='bbox 2652 1685 2922 1754; x_wconf 88' lang='lat' dir='ltr'><strong>Scriptum</strong></span> <span class='ocrx_word' id='word_1_518' title='bbox 2957 1686 3042 1739; x_wconf 81' lang='lat' dir='ltr'><strong>est</strong></span> <span class='ocrx_word' id='word_1_519' title='bbox 3079 1684 3222 1738; x_wconf 88' lang='lat' dir='ltr'><strong>enim</strong></span> <span class='ocrx_word' id='word_1_520' title='bbox 3250 1702 3263 1737; x_wconf 90' lang='lat'><strong>:</strong></span> <span class='ocrx_word' id='word_1_521' title='bbox 3298 1683 3496 1737; x_wconf 78' lang='lat' dir='ltr'><strong>Melior</strong></span> <span class='ocrx_word' id='word_1_522' title='bbox 3527 1695 3605 1738; x_wconf 84' lang='lat' dir='ltr'><strong>est</strong></span> 
     </span>
    </p>
   </div>
   <div class='ocr_carea' id='block_1_76' title="bbox 2015 1774 3612 1854">
    <p class='ocr_par' dir='ltr' id='par_1_76' title="bbox 2015 1774 3612 1854">
     <span class='ocr_line' id='line_1_76' title="bbox 2015 1774 3612 1854; baseline -0.006 -17"><span class='ocrx_word' id='word_1_523' title='bbox 2015 1785 2218 1854; x_wconf 86' lang='lat' dir='ltr'><strong>patiens</strong></span> <span class='ocrx_word' id='word_1_524' title='bbox 2264 1782 2374 1836; x_wconf 78' lang='lat' dir='ltr'><strong>viro</strong></span> <span class='ocrx_word' id='word_1_525' title='bbox 2419 1779 2565 1848; x_wconf 79' lang='lat' dir='ltr'><strong>forti,</strong></span> <span class='ocrx_word' id='word_1_526' title='bbox 2596 1787 2645 1831; x_wconf 87' lang='lat' dir='ltr'><strong>et</strong></span> <span class='ocrx_word' id='word_1_527' title='bbox 2692 1776 2782 1847; x_wconf 89' lang='lat' dir='ltr'><strong>qui</strong></span> <span class='ocrx_word' id='word_1_528' title='bbox 2829 1775 3135 1829; x_wconf 67' lang='lat' dir='ltr'><strong>dominatur</strong></span> <span class='ocrx_word' id='word_1_529' title='bbox 3159 1774 3333 1827; x_wconf 88' lang='lat' dir='ltr'><strong>animo</strong></span> <span class='ocrx_word' id='word_1_530' title='bbox 3364 1791 3486 1837; x_wconf 89' lang='lat' dir='ltr'><strong>suo,</strong></span> <span class='ocrx_word' id='word_1_531' title='bbox 3517 1792 3612 1828; x_wconf 76' lang='lat' dir='ltr'><strong>e1:-</strong></span> 
     </span>
    </p>
   </div>
   <div class='ocr_carea' id='block_1_77' title="bbox 2014 1863 3607 1944">
    <p class='ocr_par' dir='ltr' id='par_1_77' title="bbox 2014 1863 3607 1944">
     <span class='ocr_line' id='line_1_77' title="bbox 2014 1863 3607 1944; baseline -0.006 -18"><span class='ocrx_word' id='word_1_532' title='bbox 2014 1881 2304 1944; x_wconf 88' lang='lat' dir='ltr'><strong>pugnatore</strong></span> <span class='ocrx_word' id='word_1_533' title='bbox 2342 1868 2571 1922; x_wconf 84' lang='lat' dir='ltr'><strong>urbium.</strong></span> <span class='ocrx_word' id='word_1_534' title='bbox 2609 1866 2764 1921; x_wconf 89' lang='lat' dir='ltr'><strong>Unde</strong></span> <span class='ocrx_word' id='word_1_535' title='bbox 2806 1865 3022 1919; x_wconf 84' lang='lat' dir='ltr'><strong>Veritas</strong></span> <span class='ocrx_word' id='word_1_536' title='bbox 3063 1863 3248 1918; x_wconf 85' lang='lat' dir='ltr'><strong>electis</strong></span> <span class='ocrx_word' id='word_1_537' title='bbox 3282 1864 3396 1918; x_wconf 90' lang='lat' dir='ltr'><strong>suis</strong></span> <span class='ocrx_word' id='word_1_538' title='bbox 3426 1864 3607 1918; x_wconf 90' lang='lat' dir='ltr'><strong>dicit:</strong></span> 
     </span>
    </p>
   </div>
   <div class='ocr_carea' id='block_1_78' title="bbox 2014 1955 3611 2034">
    <p class='ocr_par' dir='ltr' id='par_1_78' title="bbox 2014 1955 3611 2034">
     <span class='ocr_line' id='line_1_78' title="bbox 2014 1955 3611 2034; baseline -0.006 -16"><span class='ocrx_word' id='word_1_539' title='bbox 2014 1965 2082 2018; x_wconf 92' lang='lat' dir='ltr'><strong>In</strong></span> <span class='ocrx_word' id='word_1_540' title='bbox 2108 1962 2362 2034; x_wconf 86' lang='lat' dir='ltr'><strong>patientia</strong></span> <span class='ocrx_word' id='word_1_541' title='bbox 2393 1971 2562 2015; x_wconf 85' lang='lat' dir='ltr'><strong>vestra</strong></span> <span class='ocrx_word' id='word_1_542' title='bbox 2613 1958 2940 2028; x_wconf 85' lang='lat' dir='ltr'><strong>possidebitis</strong></span> <span class='ocrx_word' id='word_1_543' title='bbox 2990 1958 3196 2009; x_wconf 86' lang='lat' dir='ltr'><strong>animas</strong></span> <span class='ocrx_word' id='word_1_544' title='bbox 3243 1966 3458 2010; x_wconf 78' lang='lat' dir='ltr'><strong>vestras.</strong></span> <span class='ocrx_word' id='word_1_545' title='bbox 3495 1955 3611 2010; x_wconf 87' lang='lat' dir='ltr'><strong>Cu-</strong></span> 
     </span>
    </p>
   </div>
   <div class='ocr_carea' id='block_1_79' title="bbox 2015 2048 3616 2124">
    <p class='ocr_par' dir='ltr' id='par_1_79' title="bbox 2015 2048 3616 2124">
     <span class='ocr_line' id='line_1_79' title="bbox 2015 2048 3616 2124; baseline -0.006 -12"><span class='ocrx_word' id='word_1_546' title='bbox 2015 2057 2222 2112; x_wconf 90' lang='lat' dir='ltr'><strong>stodem</strong></span> <span class='ocrx_word' id='word_1_547' title='bbox 2254 2056 2418 2124; x_wconf 79' lang='lat' dir='ltr'><strong>igitur</strong></span> <span class='ocrx_word' id='word_1_548' title='bbox 2460 2051 2783 2108; x_wconf 90' lang='lat' dir='ltr'><strong>conditionis</strong></span> <span class='ocrx_word' id='word_1_549' title='bbox 2808 2057 3009 2104; x_wconf 74' lang='lat' dir='ltr'><strong>nostra:</strong></span> <span class='ocrx_word' id='word_1_550' title='bbox 3054 2048 3368 2117; x_wconf 89' lang='lat' dir='ltr'><strong>patientiam</strong></span> <span class='ocrx_word' id='word_1_551' title='bbox 3422 2048 3616 2102; x_wconf 83' lang='lat' dir='ltr'><strong>Domi-</strong></span> 
     </span>
    </p>
   </div>
   <div class='ocr_carea' id='block_1_80' title="bbox 2016 2139 3618 2212">
    <p class='ocr_par' dir='ltr' id='par_1_80' title="bbox 2016 2139 3618 2212">
     <span class='ocr_line' id='line_1_80' title="bbox 2016 2139 3618 2212; baseline -0.007 -7"><span class='ocrx_word' id='word_1_552' title='bbox 2016 2166 2119 2204; x_wconf 85' lang='lat' dir='ltr'><strong>nus</strong></span> <span class='ocrx_word' id='word_1_553' title='bbox 2147 2163 2268 2203; x_wconf 91' lang='lat' dir='ltr'><strong>esse</strong></span> <span class='ocrx_word' id='word_1_554' title='bbox 2299 2145 2623 2201; x_wconf 90' lang='lat' dir='ltr'><strong>monstravit</strong></span> <span class='ocrx_word' id='word_1_555' title='bbox 2647 2162 2659 2196; x_wconf 91' lang='lat'><strong>:</strong></span> <span class='ocrx_word' id='word_1_556' title='bbox 2691 2143 2783 2212; x_wconf 92' lang='lat' dir='ltr'><strong>qui</strong></span> <span class='ocrx_word' id='word_1_557' title='bbox 2811 2143 2864 2197; x_wconf 91' lang='lat' dir='ltr'><strong>in</strong></span> <span class='ocrx_word' id='word_1_558' title='bbox 2909 2142 3025 2211; x_wconf 91' lang='lat' dir='ltr'><strong>ipsa</strong></span> <span class='ocrx_word' id='word_1_559' title='bbox 3053 2155 3152 2193; x_wconf 90' lang='lat' dir='ltr'><strong>nos</strong></span> <span class='ocrx_word' id='word_1_560' title='bbox 3173 2139 3451 2208; x_wconf 90' lang='lat' dir='ltr'><strong>possidere</strong></span> <span class='ocrx_word' id='word_1_561' title='bbox 3488 2155 3618 2194; x_wconf 86' lang='lat' dir='ltr'><strong>nos-</strong></span> 
     </span>
    </p>
   </div>
   <div class='ocr_carea' id='block_1_81' title="bbox 2017 2228 3612 2308">
    <p class='ocr_par' dir='ltr' id='par_1_81' title="bbox 2017 2228 3612 2308">
     <span class='ocr_line' id='line_1_81' title="bbox 2017 2228 3612 2308; baseline -0.009 -12"><span class='ocrx_word' id='word_1_562' title='bbox 2017 2250 2127 2296; x_wconf 92' lang='lat' dir='ltr'><strong>met</strong></span> <span class='ocrx_word' id='word_1_563' title='bbox 2157 2241 2302 2308; x_wconf 89' lang='lat' dir='ltr'><strong>ipsos</strong></span> <span class='ocrx_word' id='word_1_564' title='bbox 2331 2236 2531 2292; x_wconf 90' lang='lat' dir='ltr'><strong>docuit.</strong></span> <span class='ocrx_word' id='word_1_565' title='bbox 2591 2234 2741 2290; x_wconf 89' lang='lat' dir='ltr'><strong>Unde</strong></span> <span class='ocrx_word' id='word_1_566' title='bbox 2769 2241 2824 2288; x_wconf 90' lang='lat' dir='ltr'><strong>et</strong></span> <span class='ocrx_word' id='word_1_567' title='bbox 2854 2231 2981 2286; x_wconf 87' lang='lat' dir='ltr'><strong>alibi</strong></span> <span class='ocrx_word' id='word_1_568' title='bbox 3018 2229 3150 2285; x_wconf 90' lang='lat' dir='ltr'><strong>dicit</strong></span> <span class='ocrx_word' id='word_1_569' title='bbox 3179 2248 3191 2282; x_wconf 93' lang='lat'><strong>:</strong></span> <span class='ocrx_word' id='word_1_570' title='bbox 3241 2228 3456 2299; x_wconf 84' lang='lat' dir='ltr'><strong>Diligitc</strong></span> <span class='ocrx_word' id='word_1_571' title='bbox 3505 2230 3612 2282; x_wconf 86' lang='lat' dir='ltr'><strong>ini-</strong></span> 
     </span>
    </p>
   </div>
   <div class='ocr_carea' id='block_1_82' title="bbox 2017 2322 3617 2393">
    <p class='ocr_par' dir='ltr' id='par_1_82' title="bbox 2017 2322 3617 2393">
     <span class='ocr_line' id='line_1_82' title="bbox 2017 2322 3617 2393; baseline -0.007 -8"><span class='ocrx_word' id='word_1_572' title='bbox 2017 2332 2177 2384; x_wconf 88' lang='lat' dir='ltr'><strong>micos</strong></span> <span class='ocrx_word' id='word_1_573' title='bbox 2220 2337 2457 2383; x_wconf 84' lang='lat' dir='ltr'><strong>vestros:</strong></span> <span class='ocrx_word' id='word_1_574' title='bbox 2506 2324 2788 2393; x_wconf 80' lang='lat' dir='ltr'><strong>benefacite</strong></span> <span class='ocrx_word' id='word_1_575' title='bbox 2831 2324 2912 2376; x_wconf 78' lang='lat' dir='ltr'><strong>Itis</strong></span> <span class='ocrx_word' id='word_1_576' title='bbox 2962 2323 3050 2392; x_wconf 89' lang='lat' dir='ltr'><strong>qui</strong></span> <span class='ocrx_word' id='word_1_577' title='bbox 3101 2322 3318 2375; x_wconf 88' lang='lat' dir='ltr'><strong>oderunt</strong></span> <span class='ocrx_word' id='word_1_578' title='bbox 3372 2337 3465 2374; x_wconf 78' lang='lat' dir='ltr'><strong>ros</strong></span> <span class='ocrx_word' id='word_1_579' title='bbox 3501 2361 3517 2384; x_wconf 92' lang='lat'><strong>,</strong></span> <span class='ocrx_word' id='word_1_580' title='bbox 3570 2331 3617 2374; x_wconf 85' lang='lat' dir='ltr'><strong>et</strong></span> 
     </span>
    </p>
   </div>
   <div class='ocr_carea' id='block_1_83' title="bbox 2018 2413 3619 2492">
    <p class='ocr_par' dir='ltr' id='par_1_83' title="bbox 2018 2413 3619 2492">
     <span class='ocr_line' id='line_1_83' title="bbox 2018 2413 3619 2492; baseline -0.006 -16"><span class='ocrx_word' id='word_1_581' title='bbox 2018 2433 2164 2476; x_wconf 89' lang='lat' dir='ltr'><strong>orate</strong></span> <span class='ocrx_word' id='word_1_582' title='bbox 2195 2438 2289 2492; x_wconf 93' lang='lat' dir='ltr'><strong>pro</strong></span> <span class='ocrx_word' id='word_1_583' title='bbox 2313 2416 2738 2490; x_wconf 85' lang='lat' dir='ltr'><strong>persequentibus</strong></span> <span class='ocrx_word' id='word_1_584' title='bbox 2776 2424 2823 2468; x_wconf 87' lang='lat' dir='ltr'><strong>et</strong></span> <span class='ocrx_word' id='word_1_585' title='bbox 2866 2413 3310 2467; x_wconf 80' lang='lat' dir='ltr'><strong>calumniantibus</strong></span> <span class='ocrx_word' id='word_1_586' title='bbox 3339 2429 3448 2466; x_wconf 70' lang='lat' dir='ltr'><strong>eos.</strong></span> <span class='ocrx_word' id='word_1_587' title='bbox 3491 2413 3619 2466; x_wconf 73' lang='lat' dir='ltr'><strong>Vir-</strong></span> 
     </span>
    </p>
   </div>
   <div class='ocr_carea' id='block_1_84' title="bbox 2019 2502 3619 2578">
    <p class='ocr_par' dir='ltr' id='par_1_84' title="bbox 2019 2502 3619 2578">
     <span class='ocr_line' id='line_1_84' title="bbox 2019 2502 3619 2578; baseline -0.004 -14"><span class='ocrx_word' id='word_1_588' title='bbox 2019 2519 2106 2564; x_wconf 86' lang='lat' dir='ltr'><strong>tus</strong></span> <span class='ocrx_word' id='word_1_589' title='bbox 2136 2510 2320 2578; x_wconf 90' lang='lat' dir='ltr'><strong>itaque</strong></span> <span class='ocrx_word' id='word_1_590' title='bbox 2367 2515 2453 2562; x_wconf 91' lang='lat' dir='ltr'><strong>est</strong></span> <span class='ocrx_word' id='word_1_591' title='bbox 2505 2520 2686 2561; x_wconf 90' lang='lat' dir='ltr'><strong>coram</strong></span> <span class='ocrx_word' id='word_1_592' title='bbox 2739 2504 3049 2559; x_wconf 85' lang='lat' dir='ltr'><strong>hominibus</strong></span> <span class='ocrx_word' id='word_1_593' title='bbox 3096 2502 3434 2558; x_wconf 88' lang='lat' dir='ltr'><strong>adversarios</strong></span> <span class='ocrx_word' id='word_1_594' title='bbox 3480 2503 3619 2558; x_wconf 79' lang='lat' dir='ltr'><strong>tole-</strong></span> 
     </span>
    </p>
   </div>
   <div class='ocr_carea' id='block_1_85' title="bbox 2020 2594 3617 2665">
    <p class='ocr_par' dir='ltr' id='par_1_85' title="bbox 2020 2594 3617 2665">
     <span class='ocr_line' id='line_1_85' title="bbox 2020 2594 3617 2665; baseline -0.003 -9"><span class='ocrx_word' id='word_1_595' title='bbox 2020 2617 2162 2656; x_wconf 91' lang='lat' dir='ltr'><strong>rare.</strong></span> <span class='ocrx_word' id='word_1_596' title='bbox 2221 2600 2330 2655; x_wconf 89' lang='lat' dir='ltr'><strong>Sed</strong></span> <span class='ocrx_word' id='word_1_597' title='bbox 2377 2600 2551 2654; x_wconf 88' lang='lat' dir='ltr'><strong>virtus</strong></span> <span class='ocrx_word' id='word_1_598' title='bbox 2607 2613 2794 2653; x_wconf 90' lang='lat' dir='ltr'><strong>coram</strong></span> <span class='ocrx_word' id='word_1_599' title='bbox 2843 2595 2954 2651; x_wconf 90' lang='lat' dir='ltr'><strong>Deo</strong></span> <span class='ocrx_word' id='word_1_600' title='bbox 3012 2595 3254 2665; x_wconf 88' lang='lat' dir='ltr'><strong>diligere.</strong></span> <span class='ocrx_word' id='word_1_601' title='bbox 3305 2595 3372 2649; x_wconf 87' lang='lat' dir='ltr'><strong>Et</strong></span> <span class='ocrx_word' id='word_1_602' title='bbox 3405 2594 3617 2651; x_wconf 80' lang='lat' dir='ltr'><strong>Paulus</strong></span> 
     </span>
    </p>
   </div>
   <div class='ocr_carea' id='block_1_86' title="bbox 2023 2687 3618 2762">
    <p class='ocr_par' dir='ltr' id='par_1_86' title="bbox 2023 2687 3618 2762">
     <span class='ocr_line' id='line_1_86' title="bbox 2023 2687 3618 2762; baseline -0.003 -16"><span class='ocrx_word' id='word_1_603' title='bbox 2023 2691 2299 2762; x_wconf 88' lang='lat' dir='ltr'><strong>apostolus</strong></span> <span class='ocrx_word' id='word_1_604' title='bbox 2331 2689 2609 2761; x_wconf 91' lang='lat' dir='ltr'><strong>possidere</strong></span> <span class='ocrx_word' id='word_1_605' title='bbox 2661 2687 2982 2757; x_wconf 88' lang='lat' dir='ltr'><strong>patientiam</strong></span> <span class='ocrx_word' id='word_1_606' title='bbox 3020 2687 3244 2750; x_wconf 90' lang='lat' dir='ltr'><strong>monuit,</strong></span> <span class='ocrx_word' id='word_1_607' title='bbox 3279 2703 3402 2742; x_wconf 90' lang='lat' dir='ltr'><strong>cum</strong></span> <span class='ocrx_word' id='word_1_608' title='bbox 3441 2687 3618 2742; x_wconf 85' lang='lat' dir='ltr'><strong>disci-</strong></span> 
     </span>
    </p>
   </div>
   <div class='ocr_carea' id='block_1_87' title="bbox 2022 2776 3617 2852">
    <p class='ocr_par' dir='ltr' id='par_1_87' title="bbox 2022 2776 3617 2852">
     <span class='ocr_line' id='line_1_87' title="bbox 2022 2776 3617 2852; baseline -0.003 -15"><span class='ocrx_word' id='word_1_609' title='bbox 2022 2783 2162 2852; x_wconf 87' lang='lat' dir='ltr'><strong>pulis</strong></span> <span class='ocrx_word' id='word_1_610' title='bbox 2217 2782 2319 2838; x_wconf 91' lang='lat' dir='ltr'><strong>hoc</strong></span> <span class='ocrx_word' id='word_1_611' title='bbox 2368 2787 2696 2851; x_wconf 62' lang='lat' dir='ltr'><strong>praeceptum</strong></span> <span class='ocrx_word' id='word_1_612' title='bbox 2745 2779 3015 2833; x_wconf 91' lang='lat' dir='ltr'><strong>monendo</strong></span> <span class='ocrx_word' id='word_1_613' title='bbox 3066 2777 3349 2832; x_wconf 85' lang='lat' dir='ltr'><strong>instituit:</strong></span> <span class='ocrx_word' id='word_1_614' title='bbox 3393 2776 3617 2842; x_wconf 82' lang='lat' dir='ltr'><strong>Omnis,</strong></span> 
     </span>
    </p>
   </div>
   <div class='ocr_carea' id='block_1_88' title="bbox 2024 2862 3616 2938">
    <p class='ocr_par' dir='ltr' id='par_1_88' title="bbox 2024 2862 3616 2938">
     <span class='ocr_line' id='line_1_88' title="bbox 2024 2862 3616 2938; baseline -0.004 -15"><span class='ocrx_word' id='word_1_615' title='bbox 2024 2869 2220 2938; x_wconf 92' lang='lat' dir='ltr'><strong>inquit,</strong></span> <span class='ocrx_word' id='word_1_616' title='bbox 2253 2865 2577 2930; x_wconf 84' lang='lat' dir='ltr'><strong>amaritudo,</strong></span> <span class='ocrx_word' id='word_1_617' title='bbox 2622 2873 2670 2918; x_wconf 88' lang='lat' dir='ltr'><strong>et</strong></span> <span class='ocrx_word' id='word_1_618' title='bbox 2707 2863 2806 2928; x_wconf 86' lang='lat' dir='ltr'><strong>ira,</strong></span> <span class='ocrx_word' id='word_1_619' title='bbox 2836 2872 2884 2916; x_wconf 90' lang='lat' dir='ltr'><strong>et</strong></span> <span class='ocrx_word' id='word_1_620' title='bbox 2930 2863 3243 2932; x_wconf 80' lang='lat' dir='ltr'><strong>indignatio,</strong></span> <span class='ocrx_word' id='word_1_621' title='bbox 3288 2871 3336 2915; x_wconf 85' lang='lat' dir='ltr'><strong>et</strong></span> <span class='ocrx_word' id='word_1_622' title='bbox 3381 2862 3616 2928; x_wconf 80' lang='lat' dir='ltr'><strong>clamor,</strong></span> 
     </span>
    </p>
   </div>
   <div class='ocr_carea' id='block_1_89' title="bbox 2025 2954 3614 3031">
    <p class='ocr_par' dir='ltr' id='par_1_89' title="bbox 2025 2954 3614 3031">
     <span class='ocr_line' id='line_1_89' title="bbox 2025 2954 3614 3031; baseline -0.004 -16"><span class='ocrx_word' id='word_1_623' title='bbox 2025 2959 2416 3031; x_wconf 81' lang='lat' dir='ltr'><strong>etblaspltémia</strong></span> <span class='ocrx_word' id='word_1_624' title='bbox 2474 2957 2694 3011; x_wconf 86' lang='lat' dir='ltr'><strong>tollatur</strong></span> <span class='ocrx_word' id='word_1_625' title='bbox 2737 2974 2769 3011; x_wconf 91' lang='lat' dir='ltr'><strong>a</strong></span> <span class='ocrx_word' id='word_1_626' title='bbox 2816 2956 2976 3019; x_wconf 77' lang='lat' dir='ltr'><strong>vobis,</strong></span> <span class='ocrx_word' id='word_1_627' title='bbox 3031 2972 3148 3008; x_wconf 83' lang='lat' dir='ltr'><strong>cum</strong></span> <span class='ocrx_word' id='word_1_628' title='bbox 3185 2955 3327 3008; x_wconf 87' lang='lat' dir='ltr'><strong>omni</strong></span> <span class='ocrx_word' id='word_1_629' title='bbox 3377 2954 3614 3008; x_wconf 85' lang='lat' dir='ltr'><strong>malitia.</strong></span> 
     </span>
    </p>
   </div>
   <div class='ocr_carea' id='block_1_90' title="bbox 2026 3048 3619 3120">
    <p class='ocr_par' dir='ltr' id='par_1_90' title="bbox 2026 3048 3619 3120">
     <span class='ocr_line' id='line_1_90' title="bbox 2026 3048 3619 3120; baseline -0.003 -12"><span class='ocrx_word' id='word_1_630' title='bbox 2026 3052 2161 3120; x_wconf 86' lang='lat' dir='ltr'><strong>Quia</strong></span> <span class='ocrx_word' id='word_1_631' title='bbox 2221 3052 2474 3106; x_wconf 91' lang='lat' dir='ltr'><strong>nimirum</strong></span> <span class='ocrx_word' id='word_1_632' title='bbox 2528 3049 2727 3105; x_wconf 85' lang='lat' dir='ltr'><strong>frustra</strong></span> <span class='ocrx_word' id='word_1_633' title='bbox 2786 3049 3103 3120; x_wconf 84' lang='lat' dir='ltr'><strong>indignatio,</strong></span> <span class='ocrx_word' id='word_1_634' title='bbox 3164 3057 3219 3103; x_wconf 91' lang='lat' dir='ltr'><strong>et</strong></span> <span class='ocrx_word' id='word_1_635' title='bbox 3271 3048 3506 3113; x_wconf 90' lang='lat' dir='ltr'><strong>clamor,</strong></span> <span class='ocrx_word' id='word_1_636' title='bbox 3565 3056 3619 3103; x_wconf 86' lang='lat' dir='ltr'><strong>et</strong></span> 
     </span>
    </p>
   </div>
   <div class='ocr_carea' id='block_1_91' title="bbox 2026 3138 3618 3212">
    <p class='ocr_par' dir='ltr' id='par_1_91' title="bbox 2026 3138 3618 3212">
     <span class='ocr_line' id='line_1_91' title="bbox 2026 3138 3618 3212; baseline -0.004 -14"><span class='ocrx_word' id='word_1_637' title='bbox 2026 3142 2356 3212; x_wconf 88' lang='lat' dir='ltr'><strong>blasphemia</strong></span> <span class='ocrx_word' id='word_1_638' title='bbox 2417 3141 2484 3195; x_wconf 89' lang='lat' dir='ltr'><strong>ab</strong></span> <span class='ocrx_word' id='word_1_639' title='bbox 2545 3139 2906 3195; x_wconf 82' lang='lat' dir='ltr'><strong>exterioribus</strong></span> <span class='ocrx_word' id='word_1_640' title='bbox 2969 3138 3176 3192; x_wconf 86' lang='lat' dir='ltr'><strong>tollitur</strong></span> <span class='ocrx_word' id='word_1_641' title='bbox 3224 3155 3238 3191; x_wconf 88' lang='lat'><strong>:</strong></span> <span class='ocrx_word' id='word_1_642' title='bbox 3306 3139 3350 3192; x_wconf 92' lang='lat' dir='ltr'><strong>si</strong></span> <span class='ocrx_word' id='word_1_643' title='bbox 3409 3138 3468 3192; x_wconf 90' lang='lat' dir='ltr'><strong>in</strong></span> <span class='ocrx_word' id='word_1_644' title='bbox 3530 3138 3618 3193; x_wconf 82' lang='lat' dir='ltr'><strong>in-</strong></span> 
     </span>
    </p>
   </div>
   <div class='ocr_carea' id='block_1_92' title="bbox 2026 3228 3620 3288">
    <p class='ocr_par' dir='ltr' id='par_1_92' title="bbox 2026 3228 3620 3288">
     <span class='ocr_line' id='line_1_92' title="bbox 2026 3228 3620 3288; baseline -0.003 -1"><span class='ocrx_word' id='word_1_645' title='bbox 2026 3233 2319 3288; x_wconf 90' lang='lat' dir='ltr'><strong>terioribus</strong></span> <span class='ocrx_word' id='word_1_646' title='bbox 2363 3231 2618 3285; x_wconf 89' lang='lat' dir='ltr'><strong>vitiorum</strong></span> <span class='ocrx_word' id='word_1_647' title='bbox 2661 3237 2837 3284; x_wconf 89' lang='lat' dir='ltr'><strong>mater</strong></span> <span class='ocrx_word' id='word_1_648' title='bbox 2879 3228 3079 3282; x_wconf 90' lang='lat' dir='ltr'><strong>malitia</strong></span> <span class='ocrx_word' id='word_1_649' title='bbox 3128 3228 3461 3284; x_wconf 89' lang='lat' dir='ltr'><strong>dominatur.</strong></span> <span class='ocrx_word' id='word_1_650' title='bbox 3507 3230 3620 3283; x_wconf 82' lang='lat' dir='ltr'><strong>Ad-</strong></span> 
     </span>
    </p>
   </div>
   <div class='ocr_carea' id='block_1_93' title="bbox 2025 3320 3617 3391">
    <p class='ocr_par' dir='ltr' id='par_1_93' title="bbox 2025 3320 3617 3391">
     <span class='ocr_line' id='line_1_93' title="bbox 2025 3320 3617 3391; baseline -0.001 -15"><span class='ocrx_word' id='word_1_651' title='bbox 2025 3322 2278 3377; x_wconf 91' lang='lat' dir='ltr'><strong>monendi</strong></span> <span class='ocrx_word' id='word_1_652' title='bbox 2335 3330 2461 3375; x_wconf 92' lang='lat' dir='ltr'><strong>sunt</strong></span> <span class='ocrx_word' id='word_1_653' title='bbox 2508 3320 2673 3391; x_wconf 86' lang='lat' dir='ltr'><strong>igitur</strong></span> <span class='ocrx_word' id='word_1_654' title='bbox 2708 3320 2994 3389; x_wconf 88' lang='lat' dir='ltr'><strong>patientes,</strong></span> <span class='ocrx_word' id='word_1_655' title='bbox 3045 3330 3105 3373; x_wconf 92' lang='lat' dir='ltr'><strong>ut</strong></span> <span class='ocrx_word' id='word_1_656' title='bbox 3155 3335 3253 3374; x_wconf 90' lang='lat' dir='ltr'><strong>cor</strong></span> <span class='ocrx_word' id='word_1_657' title='bbox 3280 3329 3402 3389; x_wconf 87' lang='lat' dir='ltr'><strong>post</strong></span> <span class='ocrx_word' id='word_1_658' title='bbox 3432 3321 3617 3375; x_wconf 82' lang='lat' dir='ltr'><strong>victo-</strong></span> 
     </span>
    </p>
   </div>
   <div class='ocr_carea' id='block_1_94' title="bbox 2026 3411 3618 3481">
    <p class='ocr_par' dir='ltr' id='par_1_94' title="bbox 2026 3411 3618 3481">
     <span class='ocr_line' id='line_1_94' title="bbox 2026 3411 3618 3481; baseline 0 -14"><span class='ocrx_word' id='word_1_659' title='bbox 2026 3414 2162 3468; x_wconf 91' lang='lat' dir='ltr'><strong>riam</strong></span> <span class='ocrx_word' id='word_1_660' title='bbox 2193 3413 2457 3478; x_wconf 90' lang='lat' dir='ltr'><strong>muniant,</strong></span> <span class='ocrx_word' id='word_1_661' title='bbox 2506 3428 2574 3467; x_wconf 95' lang='lat' dir='ltr'><strong>ne</strong></span> <span class='ocrx_word' id='word_1_662' title='bbox 2618 3411 2791 3466; x_wconf 90' lang='lat' dir='ltr'><strong>hostis</strong></span> <span class='ocrx_word' id='word_1_663' title='bbox 2827 3411 3053 3466; x_wconf 91' lang='lat' dir='ltr'><strong>callidus</strong></span> <span class='ocrx_word' id='word_1_664' title='bbox 3093 3426 3158 3466; x_wconf 91' lang='lat' dir='ltr'><strong>co</strong></span> <span class='ocrx_word' id='word_1_665' title='bbox 3191 3412 3244 3465; x_wconf 90' lang='lat' dir='ltr'><strong>in</strong></span> <span class='ocrx_word' id='word_1_666' title='bbox 3288 3411 3618 3481; x_wconf 88' lang='lat' dir='ltr'><strong>deceptione</strong></span> 
     </span>
    </p>
   </div>
   <div class='ocr_carea' id='block_1_95' title="bbox 2025 3502 3618 3575">
    <p class='ocr_par' dir='ltr' id='par_1_95' title="bbox 2025 3502 3618 3575">
     <span class='ocr_line' id='line_1_95' title="bbox 2025 3502 3618 3575; baseline -0.001 -18"><span class='ocrx_word' id='word_1_667' title='bbox 2025 3505 2366 3574; x_wconf 90' lang='lat' dir='ltr'><strong>postmodum</strong></span> <span class='ocrx_word' id='word_1_668' title='bbox 2396 3503 2588 3575; x_wconf 86' lang='lat' dir='ltr'><strong>majori</strong></span> <span class='ocrx_word' id='word_1_669' title='bbox 2623 3502 2981 3556; x_wconf 76' lang='lat' dir='ltr'><strong>exsultatione</strong></span> <span class='ocrx_word' id='word_1_670' title='bbox 3033 3503 3283 3573; x_wconf 82' lang='lat' dir='ltr'><strong>gaudeat,</strong></span> <span class='ocrx_word' id='word_1_671' title='bbox 3325 3503 3474 3571; x_wconf 90' lang='lat' dir='ltr'><strong>quod</strong></span> <span class='ocrx_word' id='word_1_672' title='bbox 3529 3503 3618 3557; x_wconf 82' lang='lat' dir='ltr'><strong>illa</strong></span> 
     </span>
    </p>
   </div>
   <div class='ocr_carea' id='block_1_96' title="bbox 2026 3591 3618 3665">
    <p class='ocr_par' dir='ltr' id='par_1_96' title="bbox 2026 3591 3618 3665">
     <span class='ocr_line' id='line_1_96' title="bbox 2026 3591 3618 3665; baseline -0.003 -13"><span class='ocrx_word' id='word_1_673' title='bbox 2026 3597 2226 3652; x_wconf 91' lang='lat' dir='ltr'><strong>dudum</strong></span> <span class='ocrx_word' id='word_1_674' title='bbox 2256 3603 2445 3651; x_wconf 91' lang='lat' dir='ltr'><strong>contra</strong></span> <span class='ocrx_word' id='word_1_675' title='bbox 2495 3595 2666 3665; x_wconf 89' lang='lat' dir='ltr'><strong>rigida</strong></span> <span class='ocrx_word' id='word_1_676' title='bbox 2699 3594 2836 3648; x_wconf 89' lang='lat' dir='ltr'><strong>colla</strong></span> <span class='ocrx_word' id='word_1_677' title='bbox 2882 3594 3145 3648; x_wconf 86' lang='lat' dir='ltr'><strong>victorum</strong></span> <span class='ocrx_word' id='word_1_678' title='bbox 3195 3592 3391 3646; x_wconf 87' lang='lat' dir='ltr'><strong>calcat.</strong></span> <span class='ocrx_word' id='word_1_679' title='bbox 3449 3591 3618 3658; x_wconf 85' lang='lat' dir='ltr'><strong>Quis-</strong></span> 
     </span>
    </p>
   </div>
   <div class='ocr_carea' id='block_1_97' title="bbox 2027 3681 3618 3754">
    <p class='ocr_par' dir='ltr' id='par_1_97' title="bbox 2027 3681 3618 3754">
     <span class='ocr_line' id='line_1_97' title="bbox 2027 3681 3618 3754; baseline 0 -16"><span class='ocrx_word' id='word_1_680' title='bbox 2027 3686 2148 3754; x_wconf 90' lang='lat' dir='ltr'><strong>quis</strong></span> <span class='ocrx_word' id='word_1_681' title='bbox 2177 3686 2279 3739; x_wconf 91' lang='lat' dir='ltr'><strong>hoc</strong></span> <span class='ocrx_word' id='word_1_682' title='bbox 2307 3684 2440 3738; x_wconf 85' lang='lat' dir='ltr'><strong>vitio</strong></span> <span class='ocrx_word' id='word_1_683' title='bbox 2474 3683 2568 3737; x_wconf 71' lang='lat' dir='ltr'><strong>ira:</strong></span> <span class='ocrx_word' id='word_1_684' title='bbox 2615 3684 2702 3738; x_wconf 89' lang='lat' dir='ltr'><strong>diu</strong></span> <span class='ocrx_word' id='word_1_685' title='bbox 2750 3681 3052 3737; x_wconf 87' lang='lat' dir='ltr'><strong>tabefactus</strong></span> <span class='ocrx_word' id='word_1_686' title='bbox 3099 3683 3343 3751; x_wconf 86' lang='lat' dir='ltr'><strong>deperiit,</strong></span> <span class='ocrx_word' id='word_1_687' title='bbox 3394 3692 3618 3751; x_wconf 85' lang='lat' dir='ltr'><strong>oportet</strong></span> 
     </span>
    </p>
   </div>
   <div class='ocr_carea' id='block_1_98' title="bbox 2027 3771 3616 3837">
    <p class='ocr_par' dir='ltr' id='par_1_98' title="bbox 2027 3771 3616 3837">
     <span class='ocr_line' id='line_1_98' title="bbox 2027 3771 3616 3837; baseline -0.001 -8"><span class='ocrx_word' id='word_1_688' title='bbox 2027 3784 2085 3830; x_wconf 93' lang='lat' dir='ltr'><strong>ut</strong></span> <span class='ocrx_word' id='word_1_689' title='bbox 2115 3775 2162 3828; x_wconf 91' lang='lat' dir='ltr'><strong>ei</strong></span> <span class='ocrx_word' id='word_1_690' title='bbox 2199 3773 2592 3828; x_wconf 89' lang='lat' dir='ltr'><strong>rehumiliando</strong></span> <span class='ocrx_word' id='word_1_691' title='bbox 2617 3772 2915 3826; x_wconf 87' lang='lat' dir='ltr'><strong>satisfaciat</strong></span> <span class='ocrx_word' id='word_1_692' title='bbox 2953 3771 3038 3826; x_wconf 92' lang='lat' dir='ltr'><strong>cui</strong></span> <span class='ocrx_word' id='word_1_693' title='bbox 3076 3773 3246 3826; x_wconf 88' lang='lat' dir='ltr'><strong>iratus</strong></span> <span class='ocrx_word' id='word_1_694' title='bbox 3273 3772 3508 3837; x_wconf 73' lang='lat' dir='ltr'><strong>exstitit,</strong></span> <span class='ocrx_word' id='word_1_695' title='bbox 3547 3789 3616 3828; x_wconf 88' lang='lat' dir='ltr'><strong>ne</strong></span> 
     </span>
    </p>
   </div>
   <div class='ocr_carea' id='block_1_99' title="bbox 2027 3862 3612 3934">
    <p class='ocr_par' dir='ltr' id='par_1_99' title="bbox 2027 3862 3612 3934">
     <span class='ocr_line' id='line_1_99' title="bbox 2027 3862 3612 3934; baseline -0.002 -11"><span class='ocrx_word' id='word_1_696' title='bbox 2027 3883 2210 3923; x_wconf 90' lang='lat' dir='ltr'><strong>coram</strong></span> <span class='ocrx_word' id='word_1_697' title='bbox 2242 3867 2352 3920; x_wconf 89' lang='lat' dir='ltr'><strong>Deo</strong></span> <span class='ocrx_word' id='word_1_698' title='bbox 2396 3880 2522 3920; x_wconf 89' lang='lat' dir='ltr'><strong>reus</strong></span> <span class='ocrx_word' id='word_1_699' title='bbox 2561 3862 2876 3933; x_wconf 78' lang='lat' dir='ltr'><strong>iudicetur:</strong></span> <span class='ocrx_word' id='word_1_700' title='bbox 2926 3865 3018 3934; x_wconf 91' lang='lat' dir='ltr'><strong>qui</strong></span> <span class='ocrx_word' id='word_1_701' title='bbox 3059 3880 3162 3919; x_wconf 92' lang='lat' dir='ltr'><strong>non</strong></span> <span class='ocrx_word' id='word_1_702' title='bbox 3213 3864 3369 3920; x_wconf 88' lang='lat' dir='ltr'><strong>aliter</strong></span> <span class='ocrx_word' id='word_1_703' title='bbox 3417 3875 3612 3920; x_wconf 86' lang='lat' dir='ltr'><strong>nostra</strong></span> 
     </span>
    </p>
   </div>
   <div class='ocr_carea' id='block_1_100' title="bbox 2027 3955 3615 4026">
    <p class='ocr_par' dir='ltr' id='par_1_100' title="bbox 2027 3955 3615 4026">
     <span class='ocr_line' id='line_1_100' title="bbox 2027 3955 3615 4026; baseline -0.001 -14"><span class='ocrx_word' id='word_1_704' title='bbox 2027 3957 2171 4012; x_wconf 86' lang='lat' dir='ltr'><strong>delet</strong></span> <span class='ocrx_word' id='word_1_705' title='bbox 2198 3955 2460 4021; x_wconf 89' lang='lat' dir='ltr'><strong>facinora,</strong></span> <span class='ocrx_word' id='word_1_706' title='bbox 2493 3955 2536 4010; x_wconf 92' lang='lat' dir='ltr'><strong>si</strong></span> <span class='ocrx_word' id='word_1_707' title='bbox 2563 3955 2791 4010; x_wconf 89' lang='lat' dir='ltr'><strong>fratrum</strong></span> <span class='ocrx_word' id='word_1_708' title='bbox 2815 3971 2844 4008; x_wconf 91' lang='lat' dir='ltr'><strong>a</strong></span> <span class='ocrx_word' id='word_1_709' title='bbox 2873 3955 3126 4010; x_wconf 89' lang='lat' dir='ltr'><strong>cordibus</strong></span> <span class='ocrx_word' id='word_1_710' title='bbox 3159 3955 3359 4010; x_wconf 92' lang='lat' dir='ltr'><strong>nostris</strong></span> <span class='ocrx_word' id='word_1_711' title='bbox 3387 3956 3615 4026; x_wconf 88' lang='lat' dir='ltr'><strong>penitus</strong></span> 
     </span>
    </p>
   </div>
   <div class='ocr_carea' id='block_1_101' title="bbox 2027 4047 2746 4119">
    <p class='ocr_par' dir='ltr' id='par_1_101' title="bbox 2027 4047 2746 4119">
     <span class='ocr_line' id='line_1_101' title="bbox 2027 4047 2746 4119; baseline -0.004 -16"><span class='ocrx_word' id='word_1_712' title='bbox 2027 4065 2135 4104; x_wconf 91' lang='lat' dir='ltr'><strong>non</strong></span> <span class='ocrx_word' id='word_1_713' title='bbox 2164 4057 2509 4119; x_wconf 90' lang='lat' dir='ltr'><strong>amputentur</strong></span> <span class='ocrx_word' id='word_1_714' title='bbox 2533 4047 2746 4103; x_wconf 89' lang='lat' dir='ltr'><strong>delicta.</strong></span> 
     </span>
    </p>
   </div>
   <div class='ocr_carea' id='block_1_102' title="bbox 2661 4174 2976 4231">
    <p class='ocr_par' dir='ltr' id='par_1_102' title="bbox 2661 4174 2976 4231">
     <span class='ocr_line' id='line_1_102' title="bbox 2661 4174 2976 4231; baseline -0.01 0"><span class='ocrx_word' id='word_1_715' title='bbox 2661 4174 2884 4231; x_wconf 86' lang='lat' dir='ltr'><strong>CAPUT</strong></span> <span class='ocrx_word' id='word_1_716' title='bbox 2908 4175 2976 4229; x_wconf 78' lang='grc' dir='ltr'><strong>Χ.</strong></span> 
     </span>
    </p>
   </div>
   <div class='ocr_carea' id='block_1_103' title="bbox 2560 4264 3069 4318">
    <p class='ocr_par' dir='ltr' id='par_1_103' title="bbox 2560 4264 3069 4318">
     <span class='ocr_line' id='line_1_103' title="bbox 2560 4264 3069 4318; baseline -0.004 0"><span class='ocrx_word' id='word_1_717' title='bbox 2560 4264 2636 4318; x_wconf 89' lang='lat' dir='ltr'><strong>Dc</strong></span> <span class='ocrx_word' id='word_1_718' title='bbox 2673 4265 2794 4318; x_wconf 83' lang='lat' dir='ltr'><strong>vitio</strong></span> <span class='ocrx_word' id='word_1_719' title='bbox 2823 4264 3069 4318; x_wconf 76' lang='lat' dir='ltr'><strong>tristitiw.</strong></span> 
     </span>
    </p>
   </div>
   <div class='ocr_carea' id='block_1_104' title="bbox 2100 4375 3608 4451">
    <p class='ocr_par' dir='ltr' id='par_1_104' title="bbox 2100 4375 3608 4451">
     <span class='ocr_line' id='line_1_104' title="bbox 2100 4375 3608 4451; baseline -0.003 -18"><span class='ocrx_word' id='word_1_720' title='bbox 2100 4376 2450 4451; x_wconf 85' lang='lat' dir='ltr'><strong>(Gregorius.)</strong></span> <span class='ocrx_word' id='word_1_721' title='bbox 2480 4375 2723 4430; x_wconf 91' lang='lat' dir='ltr'><strong>Tristitia</strong></span> <span class='ocrx_word' id='word_1_722' title='bbox 2769 4390 2983 4444; x_wconf 91' lang='lat' dir='ltr'><strong>quoque</strong></span> <span class='ocrx_word' id='word_1_723' title='bbox 3024 4375 3294 4430; x_wconf 88' lang='lat' dir='ltr'><strong>devictum</strong></span> <span class='ocrx_word' id='word_1_724' title='bbox 3324 4389 3421 4430; x_wconf 90' lang='lat' dir='ltr'><strong>cor</strong></span> <span class='ocrx_word' id='word_1_725' title='bbox 3446 4376 3608 4443; x_wconf 83' lang='lat' dir='ltr'><strong>quasi</strong></span> 
     </span>
    </p>
   </div>
   <div class='ocr_carea' id='block_1_105' title="bbox 2029 4465 3608 4533">
    <p class='ocr_par' dir='ltr' id='par_1_105' title="bbox 2029 4465 3608 4533">
     <span class='ocr_line' id='line_1_105' title="bbox 2029 4465 3608 4533; baseline -0.002 -7"><span class='ocrx_word' id='word_1_726' title='bbox 2029 4486 2096 4526; x_wconf 87' lang='lat' dir='ltr'><strong>ex</strong></span> <span class='ocrx_word' id='word_1_727' title='bbox 2140 4470 2348 4524; x_wconf 88' lang='lat' dir='ltr'><strong>ratione</strong></span> <span class='ocrx_word' id='word_1_728' title='bbox 2384 4468 2522 4523; x_wconf 89' lang='lat' dir='ltr'><strong>solet</strong></span> <span class='ocrx_word' id='word_1_729' title='bbox 2562 4465 2862 4531; x_wconf 73' lang='lat' dir='ltr'><strong>exhortari,</strong></span> <span class='ocrx_word' id='word_1_730' title='bbox 2913 4481 3034 4520; x_wconf 88' lang='lat' dir='ltr'><strong>cum</strong></span> <span class='ocrx_word' id='word_1_731' title='bbox 3066 4467 3233 4521; x_wconf 89' lang='lat' dir='ltr'><strong>dicit:</strong></span> <span class='ocrx_word' id='word_1_732' title='bbox 3263 4466 3384 4533; x_wconf 88' lang='lat' dir='ltr'><strong>Quo</strong></span> <span class='ocrx_word' id='word_1_733' title='bbox 3409 4467 3608 4529; x_wconf 82' lang='lat' dir='ltr'><strong>habes.</strong></span> 
     </span>
    </p>
   </div>
   <div class='ocr_carea' id='block_1_106' title="bbox 2031 4556 3610 4630">
    <p class='ocr_par' dir='ltr' id='par_1_106' title="bbox 2031 4556 3610 4630">
     <span class='ocr_line' id='line_1_106' title="bbox 2031 4556 3610 4630; baseline -0.001 -16"><span class='ocrx_word' id='word_1_734' title='bbox 2031 4561 2172 4616; x_wconf 91' lang='lat' dir='ltr'><strong>unde</strong></span> <span class='ocrx_word' id='word_1_735' title='bbox 2200 4558 2455 4630; x_wconf 89' lang='lat' dir='ltr'><strong>gaudeas,</strong></span> <span class='ocrx_word' id='word_1_736' title='bbox 2491 4574 2614 4612; x_wconf 91' lang='lat' dir='ltr'><strong>cum</strong></span> <span class='ocrx_word' id='word_1_737' title='bbox 2646 4565 2793 4609; x_wconf 91' lang='lat' dir='ltr'><strong>tanta</strong></span> <span class='ocrx_word' id='word_1_738' title='bbox 2823 4556 2963 4609; x_wconf 91' lang='lat' dir='ltr'><strong>mala</strong></span> <span class='ocrx_word' id='word_1_739' title='bbox 2988 4556 3054 4611; x_wconf 91' lang='lat' dir='ltr'><strong>de</strong></span> <span class='ocrx_word' id='word_1_740' title='bbox 3083 4557 3346 4626; x_wconf 75' lang='lat' dir='ltr'><strong>proximis</strong></span> <span class='ocrx_word' id='word_1_741' title='bbox 3369 4560 3610 4626; x_wconf 80' lang='lat' dir='ltr'><strong>portas?</strong></span> 
     </span>
    </p>
   </div>
   <div class='ocr_carea' id='block_1_107' title="bbox 2031 4648 3605 4719">
    <p class='ocr_par' dir='ltr' id='par_1_107' title="bbox 2031 4648 3605 4719">
     <span class='ocr_line' id='line_1_107' title="bbox 2031 4648 3605 4719; baseline 0.001 -17"><span class='ocrx_word' id='word_1_742' title='bbox 2031 4649 2302 4719; x_wconf 86' lang='lat' dir='ltr'><strong>perpende</strong></span> <span class='ocrx_word' id='word_1_743' title='bbox 2347 4663 2470 4702; x_wconf 90' lang='lat' dir='ltr'><strong>cum</strong></span> <span class='ocrx_word' id='word_1_744' title='bbox 2517 4664 2623 4719; x_wconf 93' lang='lat' dir='ltr'><strong>quo</strong></span> <span class='ocrx_word' id='word_1_745' title='bbox 2675 4662 2909 4703; x_wconf 63' lang='lat' dir='ltr'><strong>mazrore</strong></span> <span class='ocrx_word' id='word_1_746' title='bbox 2946 4662 3136 4702; x_wconf 90' lang='lat' dir='ltr'><strong>omnes</strong></span> <span class='ocrx_word' id='word_1_747' title='bbox 3172 4648 3414 4701; x_wconf 89' lang='lat' dir='ltr'><strong>intuendi</strong></span> <span class='ocrx_word' id='word_1_748' title='bbox 3441 4657 3605 4713; x_wconf 83' lang='lat' dir='ltr'><strong>sunt,</strong></span> 
     </span>
    </p>
   </div>
   <div class='ocr_carea' id='block_1_108' title="bbox 2032 4736 3606 4809">
    <p class='ocr_par' dir='ltr' id='par_1_108' title="bbox 2032 4736 3606 4809">
     <span class='ocr_line' id='line_1_108' title="bbox 2032 4736 3606 4809; baseline -0.001 -15"><span class='ocrx_word' id='word_1_749' title='bbox 2032 4741 2123 4809; x_wconf 91' lang='lat' dir='ltr'><strong>qui</strong></span> <span class='ocrx_word' id='word_1_750' title='bbox 2176 4741 2229 4794; x_wconf 91' lang='lat' dir='ltr'><strong>in</strong></span> <span class='ocrx_word' id='word_1_751' title='bbox 2281 4747 2455 4803; x_wconf 89' lang='lat' dir='ltr'><strong>tanto,</strong></span> <span class='ocrx_word' id='word_1_752' title='bbox 2509 4746 2695 4794; x_wconf 91' lang='lat' dir='ltr'><strong>contra</strong></span> <span class='ocrx_word' id='word_1_753' title='bbox 2745 4749 2817 4804; x_wconf 92' lang='lat' dir='ltr'><strong>te,</strong></span> <span class='ocrx_word' id='word_1_754' title='bbox 2871 4737 3248 4792; x_wconf 90' lang='lat' dir='ltr'><strong>amaritudinis</strong></span> <span class='ocrx_word' id='word_1_755' title='bbox 3296 4736 3419 4791; x_wconf 85' lang='lat' dir='ltr'><strong>felle</strong></span> <span class='ocrx_word' id='word_1_756' title='bbox 3477 4754 3606 4792; x_wconf 85' lang='lat' dir='ltr'><strong>ver-</strong></span> 
     </span>
    </p>
   </div>
   <div class='ocr_carea' id='block_1_109' title="bbox 2032 4828 3603 4900">
    <p class='ocr_par' dir='ltr' id='par_1_109' title="bbox 2032 4828 3603 4900">
     <span class='ocr_line' id='line_1_109' title="bbox 2032 4828 3603 4900; baseline -0.001 -16"><span class='ocrx_word' id='word_1_757' title='bbox 2032 4839 2236 4885; x_wconf 89' lang='lat' dir='ltr'><strong>tuntur.</strong></span> <span class='ocrx_word' id='word_1_758' title='bbox 2289 4829 2597 4900; x_wconf 85' lang='lat' dir='ltr'><strong>Apostolica</strong></span> <span class='ocrx_word' id='word_1_759' title='bbox 2643 4830 2902 4884; x_wconf 90' lang='lat' dir='ltr'><strong>adversus</strong></span> <span class='ocrx_word' id='word_1_760' title='bbox 2948 4829 3064 4883; x_wconf 59' lang='lat' dir='ltr'><strong>haec</strong></span> <span class='ocrx_word' id='word_1_761' title='bbox 3104 4828 3237 4882; x_wconf 90' lang='lat' dir='ltr'><strong>dicit</strong></span> <span class='ocrx_word' id='word_1_762' title='bbox 3285 4828 3603 4882; x_wconf 85' lang='lat' dir='ltr'><strong>sententia:</strong></span> 
     </span>
    </p>
   </div>
   <div class='ocr_carea' id='block_1_110' title="bbox 2035 4917 3603 4990">
    <p class='ocr_par' dir='ltr' id='par_1_110' title="bbox 2035 4917 3603 4990">
     <span class='ocr_line' id='line_1_110' title="bbox 2035 4917 3603 4990; baseline -0.001 -16"><span class='ocrx_word' id='word_1_763' title='bbox 2035 4921 2164 4987; x_wconf 87' lang='lat' dir='ltr'><strong>Quis</strong></span> <span class='ocrx_word' id='word_1_764' title='bbox 2205 4937 2298 4974; x_wconf 88' lang='lat' dir='ltr'><strong>nos</strong></span> <span class='ocrx_word' id='word_1_765' title='bbox 2349 4920 2609 4990; x_wconf 81' lang='lat' dir='ltr'><strong>separabit</strong></span> <span class='ocrx_word' id='word_1_766' title='bbox 2635 4937 2668 4972; x_wconf 87' lang='lat' dir='ltr'><strong>a</strong></span> <span class='ocrx_word' id='word_1_767' title='bbox 2705 4919 2962 4974; x_wconf 85' lang='lat' dir='ltr'><strong>charitatc</strong></span> <span class='ocrx_word' id='word_1_768' title='bbox 3004 4919 3245 4972; x_wconf 79' lang='lat' dir='ltr'><strong>Christi?</strong></span> <span class='ocrx_word' id='word_1_769' title='bbox 3285 4917 3603 4984; x_wconf 86' lang='lat' dir='ltr'><strong>Tribulatio,</strong></span> 
     </span>
    </p>
   </div>
   <div class='ocr_carea' id='block_1_111' title="bbox 2028 5011 3603 5082">
    <p class='ocr_par' dir='ltr' id='par_1_111' title="bbox 2028 5011 3603 5082">
     <span class='ocr_line' id='line_1_111' title="bbox 2028 5011 3603 5082; baseline -0.001 -16"><span class='ocrx_word' id='word_1_770' title='bbox 2028 5031 2097 5066; x_wconf 87' lang='lat' dir='ltr'><strong>an</strong></span> <span class='ocrx_word' id='word_1_771' title='bbox 2127 5014 2418 5082; x_wconf 80' lang='lat' dir='ltr'><strong>augustia?</strong></span> <span class='ocrx_word' id='word_1_772' title='bbox 2455 5013 2521 5067; x_wconf 84' lang='lat' dir='ltr'><strong>Et</strong></span> <span class='ocrx_word' id='word_1_773' title='bbox 2559 5012 2784 5081; x_wconf 86' lang='lat' dir='ltr'><strong>reliqua.</strong></span> <span class='ocrx_word' id='word_1_774' title='bbox 2826 5011 2964 5066; x_wconf 89' lang='lat' dir='ltr'><strong>Sunt</strong></span> <span class='ocrx_word' id='word_1_775' title='bbox 3006 5012 3202 5081; x_wconf 91' lang='lat' dir='ltr'><strong>quippe</strong></span> <span class='ocrx_word' id='word_1_776' title='bbox 3249 5011 3356 5066; x_wconf 90' lang='lat' dir='ltr'><strong>duo</strong></span> <span class='ocrx_word' id='word_1_777' title='bbox 3403 5026 3603 5081; x_wconf 83' lang='lat' dir='ltr'><strong>genera</strong></span> 
     </span>
    </p>
   </div>
   <div class='ocr_carea' id='block_1_112' title="bbox 2027 5099 3598 5170">
    <p class='ocr_par' dir='ltr' id='par_1_112' title="bbox 2027 5099 3598 5170">
     <span class='ocr_line' id='line_1_112' title="bbox 2027 5099 3598 5170; baseline -0.001 -16"><span class='ocrx_word' id='word_1_778' title='bbox 2027 5102 2262 5156; x_wconf 72' lang='lat' dir='ltr'><strong>tristitiae</strong></span> <span class='ocrx_word' id='word_1_779' title='bbox 2290 5120 2302 5154; x_wconf 91' lang='lat'>:</span> <span class='ocrx_word' id='word_1_780' title='bbox 2340 5117 2506 5156; x_wconf 90' lang='lat' dir='ltr'><strong>unum</strong></span> <span class='ocrx_word' id='word_1_781' title='bbox 2545 5101 2904 5165; x_wconf 89' lang='lat' dir='ltr'><strong>salutiferum,</strong></span> <span class='ocrx_word' id='word_1_782' title='bbox 2930 5101 3075 5156; x_wconf 89' lang='lat' dir='ltr'><strong>aliud</strong></span> <span class='ocrx_word' id='word_1_783' title='bbox 3108 5115 3238 5155; x_wconf 85' lang='lat' dir='ltr'><strong>vero</strong></span> <span class='ocrx_word' id='word_1_784' title='bbox 3261 5099 3598 5170; x_wconf 79' lang='lat' dir='ltr'><strong>pestiferum.</strong></span> 
     </span>
    </p>
   </div>
   <div class='ocr_carea' id='block_1_113' title="bbox 2029 5192 3600 5261">
    <p class='ocr_par' dir='ltr' id='par_1_113' title="bbox 2029 5192 3600 5261">
     <span class='ocr_line' id='line_1_113' title="bbox 2029 5192 3600 5261; baseline 0 -15"><span class='ocrx_word' id='word_1_785' title='bbox 2029 5193 2268 5248; x_wconf 82' lang='lat' dir='ltr'><strong>Tristitia</strong></span> <span class='ocrx_word' id='word_1_786' title='bbox 2301 5193 2556 5248; x_wconf 88' lang='lat' dir='ltr'><strong>salutaris</strong></span> <span class='ocrx_word' id='word_1_787' title='bbox 2575 5203 2678 5257; x_wconf 87' lang='lat' dir='ltr'><strong>est,</strong></span> <span class='ocrx_word' id='word_1_788' title='bbox 2709 5194 2924 5261; x_wconf 89' lang='lat' dir='ltr'><strong>quando</strong></span> <span class='ocrx_word' id='word_1_789' title='bbox 2954 5193 3164 5247; x_wconf 89' lang='lat' dir='ltr'><strong>aninms</strong></span> <span class='ocrx_word' id='word_1_790' title='bbox 3187 5207 3252 5246; x_wconf 79' lang='lat' dir='ltr'><strong>ex</strong></span> <span class='ocrx_word' id='word_1_791' title='bbox 3280 5192 3600 5247; x_wconf 85' lang='lat' dir='ltr'><strong>delictorum</strong></span> 
     </span>
    </p>
   </div>
   <div class='ocr_carea' id='block_1_114' title="bbox 2028 5283 3600 5353">
    <p class='ocr_par' dir='ltr' id='par_1_114' title="bbox 2028 5283 3600 5353">
     <span class='ocr_line' id='line_1_114' title="bbox 2028 5283 3600 5353; baseline -0.001 -15"><span class='ocrx_word' id='word_1_792' title='bbox 2028 5286 2400 5340; x_wconf 90' lang='lat' dir='ltr'><strong>recordatione</strong></span> <span class='ocrx_word' id='word_1_793' title='bbox 2444 5287 2818 5350; x_wconf 86' lang='lat' dir='ltr'><strong>contristatur,</strong></span> <span class='ocrx_word' id='word_1_794' title='bbox 2864 5295 2925 5339; x_wconf 94' lang='lat' dir='ltr'><strong>ut</strong></span> <span class='ocrx_word' id='word_1_795' title='bbox 2971 5283 3363 5339; x_wconf 88' lang='lat' dir='ltr'><strong>confessionem</strong></span> <span class='ocrx_word' id='word_1_796' title='bbox 3401 5294 3455 5337; x_wconf 90' lang='lat' dir='ltr'><strong>et</strong></span> <span class='ocrx_word' id='word_1_797' title='bbox 3481 5297 3600 5353; x_wconf 66' lang='lat' dir='ltr'><strong>pa:-</strong></span> 
     </span>
    </p>
   </div>
   <div class='ocr_carea' id='block_1_115' title="bbox 2023 5374 3597 5446">
    <p class='ocr_par' dir='ltr' id='par_1_115' title="bbox 2023 5374 3597 5446">
     <span class='ocr_line' id='line_1_115' title="bbox 2023 5374 3597 5446; baseline -0.001 -16"><span class='ocrx_word' id='word_1_798' title='bbox 2023 5378 2304 5432; x_wconf 88' lang='lat' dir='ltr'><strong>nitentiam</strong></span> <span class='ocrx_word' id='word_1_799' title='bbox 2332 5393 2491 5446; x_wconf 83' lang='lat' dir='ltr'><strong>agere</strong></span> <span class='ocrx_word' id='word_1_800' title='bbox 2542 5386 2766 5446; x_wconf 61' lang='lat' dir='ltr'><strong>qumrat,</strong></span> <span class='ocrx_word' id='word_1_801' title='bbox 2817 5383 2870 5430; x_wconf 91' lang='lat' dir='ltr'><strong>et</strong></span> <span class='ocrx_word' id='word_1_802' title='bbox 2920 5377 3160 5430; x_wconf 88' lang='lat' dir='ltr'><strong>converti</strong></span> <span class='ocrx_word' id='word_1_803' title='bbox 3207 5377 3275 5430; x_wconf 90' lang='lat' dir='ltr'><strong>ad</strong></span> <span class='ocrx_word' id='word_1_804' title='bbox 3320 5374 3493 5429; x_wconf 88' lang='lat' dir='ltr'><strong>Deum</strong></span> <span class='ocrx_word' id='word_1_805' title='bbox 3540 5388 3597 5429; x_wconf 81' lang='lat' dir='ltr'><strong>se</strong></span> 
     </span>
    </p>
   </div>
   <div class='ocr_carea' id='block_1_116' title="bbox 2025 5465 3592 5536">
    <p class='ocr_par' dir='ltr' id='par_1_116' title="bbox 2025 5465 3592 5536">
     <span class='ocr_line' id='line_1_116' title="bbox 2025 5465 3592 5536; baseline -0.003 -14"><span class='ocrx_word' id='word_1_806' title='bbox 2025 5477 2135 5522; x_wconf 91' lang='lat' dir='ltr'><strong>toto</strong></span> <span class='ocrx_word' id='word_1_807' title='bbox 2168 5467 2330 5522; x_wconf 87' lang='lat' dir='ltr'><strong>corde</strong></span> <span class='ocrx_word' id='word_1_808' title='bbox 2374 5466 2666 5521; x_wconf 89' lang='lat' dir='ltr'><strong>desiderat.</strong></span> <span class='ocrx_word' id='word_1_809' title='bbox 2716 5465 2838 5520; x_wconf 80' lang='lat' dir='ltr'><strong>Alia</strong></span> <span class='ocrx_word' id='word_1_810' title='bbox 2893 5467 3055 5536; x_wconf 85' lang='lat' dir='ltr'><strong>igitur</strong></span> <span class='ocrx_word' id='word_1_811' title='bbox 3087 5466 3245 5536; x_wconf 84' lang='lat' dir='ltr'><strong>hujus</strong></span> <span class='ocrx_word' id='word_1_812' title='bbox 3295 5466 3478 5519; x_wconf 86' lang='lat' dir='ltr'><strong>mundi</strong></span> <span class='ocrx_word' id='word_1_813' title='bbox 3520 5473 3592 5518; x_wconf 80' lang='lat' dir='ltr'><strong>est</strong></span> 
     </span>
    </p>
   </div>
   <div class='ocr_carea' id='block_1_117' title="bbox 2022 5553 3594 5628">
    <p class='ocr_par' dir='ltr' id='par_1_117' title="bbox 2022 5553 3594 5628">
     <span class='ocr_line' id='line_1_117' title="bbox 2022 5553 3594 5628; baseline -0.004 -16"><span class='ocrx_word' id='word_1_814' title='bbox 2022 5561 2257 5624; x_wconf 82' lang='lat' dir='ltr'><strong>tristitia,</strong></span> <span class='ocrx_word' id='word_1_815' title='bbox 2295 5576 2412 5628; x_wconf 80' lang='lat' dir='ltr'><strong>qua:</strong></span> <span class='ocrx_word' id='word_1_816' title='bbox 2459 5569 2677 5614; x_wconf 85' lang='lat' dir='ltr'><strong>mortem</strong></span> <span class='ocrx_word' id='word_1_817' title='bbox 2720 5566 2968 5628; x_wconf 86' lang='lat' dir='ltr'><strong>operatur</strong></span> <span class='ocrx_word' id='word_1_818' title='bbox 3006 5557 3218 5619; x_wconf 66' lang='lat' dir='ltr'><strong>animae,</strong></span> <span class='ocrx_word' id='word_1_819' title='bbox 3258 5553 3490 5625; x_wconf 80' lang='lat' dir='ltr'><strong>nihilque</strong></span> <span class='ocrx_word' id='word_1_820' title='bbox 3541 5555 3594 5606; x_wconf 79' lang='lat' dir='ltr'><strong>in</strong></span> 
     </span>
    </p>
   </div>
   <div class='ocr_carea' id='block_1_118' title="bbox 2023 5643 3592 5717">
    <p class='ocr_par' dir='ltr' id='par_1_118' title="bbox 2023 5643 3592 5717">
     <span class='ocr_line' id='line_1_118' title="bbox 2023 5643 3592 5717; baseline -0.004 -16"><span class='ocrx_word' id='word_1_821' title='bbox 2023 5649 2152 5701; x_wconf 89' lang='lat' dir='ltr'><strong>bona</strong></span> <span class='ocrx_word' id='word_1_822' title='bbox 2187 5650 2356 5717; x_wconf 87' lang='lat' dir='ltr'><strong>operis</strong></span> <span class='ocrx_word' id='word_1_823' title='bbox 2380 5648 2635 5702; x_wconf 77' lang='lat' dir='ltr'><strong>desiderio</strong></span> <span class='ocrx_word' id='word_1_824' title='bbox 2669 5646 2800 5701; x_wconf 78' lang='lat' dir='ltr'><strong>valet</strong></span> <span class='ocrx_word' id='word_1_825' title='bbox 2829 5645 3116 5715; x_wconf 81' lang='lat' dir='ltr'><strong>perﬁcere;</strong></span> <span class='ocrx_word' id='word_1_826' title='bbox 3151 5658 3271 5712; x_wconf 74' lang='lat' dir='ltr'><strong>qua:</strong></span> <span class='ocrx_word' id='word_1_827' title='bbox 3315 5643 3592 5713; x_wconf 81' lang='lat' dir='ltr'><strong>perturbat</strong></span> 
     </span>
    </p>
   </div>
   <div class='ocr_carea' id='block_1_119' title="bbox 2023 5732 3587 5807">
    <p class='ocr_par' dir='ltr' id='par_1_119' title="bbox 2023 5732 3587 5807">
     <span class='ocr_line' id='line_1_119' title="bbox 2023 5732 3587 5807; baseline -0.003 -16"><span class='ocrx_word' id='word_1_828' title='bbox 2023 5738 2279 5803; x_wconf 88' lang='lat' dir='ltr'><strong>animum,</strong></span> <span class='ocrx_word' id='word_1_829' title='bbox 2310 5747 2363 5792; x_wconf 91' lang='lat' dir='ltr'><strong>et</strong></span> <span class='ocrx_word' id='word_1_830' title='bbox 2394 5752 2532 5807; x_wconf 62' lang='lat' dir='ltr'><strong>saepe</strong></span> <span class='ocrx_word' id='word_1_831' title='bbox 2565 5737 2727 5792; x_wconf 87' lang='lat' dir='ltr'><strong>mittit</strong></span> <span class='ocrx_word' id='word_1_832' title='bbox 2773 5736 2827 5790; x_wconf 90' lang='lat' dir='ltr'><strong>in</strong></span> <span class='ocrx_word' id='word_1_833' title='bbox 2860 5733 3310 5805; x_wconf 76' lang='lat' dir='ltr'><strong>desperationem,</strong></span> <span class='ocrx_word' id='word_1_834' title='bbox 3358 5749 3418 5788; x_wconf 85' lang='lat' dir='ltr'><strong>ac</strong></span> <span class='ocrx_word' id='word_1_835' title='bbox 3451 5732 3587 5787; x_wconf 84' lang='lat' dir='ltr'><strong>futu—</strong></span> 
     </span>
    </p>
   </div>
  </div>
