3856 6190
253 393 370 450 665

1253 393 1344 449 DE
1378 393 1829 452 ΗΕΝΠΕΝΤΙΑ
1872 393 2054 449 LIBRI
2094 394 2158 450 ν.
2199 425 2269 434 -
2308 394 2436 451 LIB.
2477 395 2518 450 Ι.

3404 399 3507 458 666

251 518 450 560 rerum
498 515 649 573 spem
703 502 971 558 abstrahit
1010 505 1330 561 bonorum:
1381 508 1469 563 cui
1519 510 1682 564 etiam
1733 505 2123 575 bocAgorius
2173 506 2343 561 dicit:
2396 506 2637 562 Avaritia
2688 507 2833 563 enim
2884 523 2991 565 non
3043 512 3217 568 solum
3267 517 3507 584 pecunia

250 595 489 667 patienti
514 594 705 649 vitium
728 593 855 650 vitae
874 608 1113 664 prasens
1140 597 1287 652 nulla
1310 606 1394 655 est
1420 598 1723 656 delectatio.

884 684 1110 741 CAPUT
1139 687 1228 741 Xl.

744 774 823 829 De
852 776 1078 830 remedio
1106 779 1353 833 tristitiae.

327 862 635 934 Superatur
659 879 892 933 namque
926 866 1031 920 hoc
1073 866 1224 922 nelas
1267 869 1493 937 spiritali
1540 869 1747 935 laetitia,
1778 879 1835 926 et

246 974 351 1029 spe
385 958 714 1022 futurorum,
765 965 821 1011 et
857 958 1228 1016 consolatione
1274 960 1699 1031 Scripturarum,
1744 965 1831 1020 vel

249 1048 501 1104 fraterno
527 1047 584 1101 in
609 1047 837 1117 spiritali
867 1047 1210 1117 jucunditate
1262 1050 1565 1121 colloquio:
1598 1053 1681 1107 vel
1706 1070 1830 1109 cum

244 1137 320 1192 ad
368 1143 607 1191 mentem
658 1134 953 1202 reducitur,
1002 1153 1162 1206 quam
1200 1154 1365 1208 parva
1411 1147 1556 1206 sunt,
1589 1157 1709 1211 quae
1746 1145 1829 1198 vi-

244 1227 495 1281 dentur:
548 1226 690 1281 sicut
735 1226 997 1297 scriptum
1054 1237 1174 1284 est:
1218 1229 1349 1294 Qua:
1398 1232 1536 1285 enim
1590 1233 1832 1287 videntur

244 1318 565 1390 temporalia
613 1327 757 1373 sunt.
813 1319 965 1376 Unde
1008 1321 1363 1378 Ecclesiastes
1406 1323 1539 1379 dicit
1573 1342 1585 1379 :
1627 1324 1829 1381 Cuncta

240 1410 523 1480 subjacent
556 1411 797 1476 vanitati,
845 1419 896 1465 et
939 1412 1115 1465 omnia
1158 1423 1377 1482 pergunt
1420 1414 1489 1468 ad
1534 1432 1695 1469 unum
1745 1416 1827 1470 lo-

239 1513 393 1563 cum,
439 1499 568 1569 quia
617 1500 682 1553 de
731 1508 871 1554 terra
921 1500 1063 1569 facta
1107 1511 1250 1567 sunt,
1301 1511 1351 1557 et
1396 1504 1452 1558 in
1489 1514 1685 1559 terram
1734 1524 1829 1576 pa-

241 1587 377 1641 riter
410 1596 770 1643 revertentur:
820 1604 938 1659 quia
980 1597 1155 1644 autem
1195 1606 1301 1644 non
1342 1591 1600 1659 videntur,
1631 1603 1827 1649 (eterna

239 1686 361 1732 sunt
367 1717 382 1731 .

310 1764 618 1838 (Prosper.)
652 1766 777 1823 ﬂare
802 1783 931 1824 vero
957 1776 1013 1823 et
1060 1769 1147 1825 his
1195 1768 1390 1825 similia
1420 1770 1722 1841 loquentes,
1755 1787 1819 1829 ac

1935 603 2042 660 est,
2093 596 2189 652 sed
2238 598 2401 651 etiam
2453 598 2767 653 altitudinis.
2833 598 2964 666 Qua:
3016 602 3184 671 pestis
3237 604 3510 662 insatura-

1934 683 2058 739 bilis
2081 696 2187 749 est,
2223 685 2363 741 sicut
2393 689 2611 743 morbus
2637 688 2917 759 hydropici
2949 710 2961 743 :
3000 691 3128 760 quia
3168 693 3221 747 in
3272 695 3507 752 bibendo

1932 788 2041 829 non
2088 775 2234 830 sitim
2282 776 2595 848 exstinguit,
2645 777 2736 832 sed
2762 781 2996 848 potando
3044 784 3372 838 succrescit:
3429 786 3509 842 sic

1931 866 2180 932 avaritia,
2211 875 2413 936 quanto
2440 870 2609 939 magis
2637 869 2822 935 habet,
2867 880 3020 927 tanto
3047 872 3169 942 plus
3214 876 3506 931 desiderat.

1931 955 1999 1009 Et
2027 956 2155 1011 dum
2181 959 2372 1013 modus
2413 975 2519 1013 non
2565 969 2650 1015 est
2683 961 2737 1014 in
2765 961 3032 1029 habendo,
3081 964 3273 1019 modus
3298 964 3375 1019 illi
3400 982 3508 1022 non

1929 1050 2035 1101 erit
2054 1048 2111 1101 in
2140 1047 2518 1105 desiderando.
2553 1052 2629 1106 Ex
2657 1069 2762 1121 qua
2792 1055 3039 1110 oriuntur
3067 1057 3292 1125 invidia,
3336 1059 3505 1129 furta,

1929 1130 2236 1204 latrocinia,
2263 1138 2610 1195 homicidium
2658 1151 2712 1198 et
2743 1144 2971 1214 reliqua.

2520 1230 2745 1287 CAPUT
2783 1234 2919 1287 Xlll.

2410 1319 2486 1375 De
2520 1323 2744 1376 remedio
2774 1326 3030 1381 avaritiae.

1998 1405 2256 1463 Dominus
2299 1410 2437 1462 enim
2481 1411 2692 1466 cuidam
2732 1416 3007 1484 quierenti,
3050 1419 3177 1487 quid
3228 1420 3419 1488 faceret
3449 1432 3506 1476 ut

1924 1496 2085 1549 vitam
2121 1499 2402 1567 possideret
2459 1510 2728 1568 a'ternam,
2782 1507 3045 1575 respondit
3083 1524 3102 1562 :
3161 1508 3222 1564 Si
3265 1512 3337 1564 vis
3388 1530 3508 1582 per-

1926 1582 2094 1651 fectus
2124 1602 2252 1649 esse,
2301 1588 2450 1651 vade,
2493 1599 2542 1642 et
2578 1592 2737 1645 vende
2773 1596 2949 1648 omnia
2991 1613 3108 1666 qua:
3136 1598 3315 1665 habes,
3359 1610 3406 1654 et
3435 1602 3505 1656 da

1923 1673 2330 1742 pauperibus,et
2376 1676 2586 1732 habebis
2628 1680 2928 1735 thesaurum
2964 1685 3018 1738 in
3055 1685 3199 1741 caelo.
3245 1689 3310 1743 Et
3334 1689 3501 1747 alibi:

1928 1760 2277 1835 (Gregorius)
2325 1764 2382 1820 Si
2437 1782 2565 1822 vere
2619 1769 2813 1826 divites
2865 1787 2986 1827 esse
3042 1777 3277 1845 cupitis,
3345 1795 3504 1836 veras

238 1857 572 1928 cogitantes,
621 1856 755 1911 nihil
784 1867 869 1913 εει
914 1858 1057 1914 aliud
1083 1874 1245 1929 quam
1271 1860 1421 1916 νίιίίε
1459 1862 1710 1917 omnibus
1736 1878 1821 1918 re.
1848 1841 1895 1900 B
1923 1851 2143 1908 divitias
2194 1862 2390 1909 amate.
2447 1857 2669 1913 Discant
2728 1861 2896 1927 igitur
2946 1841 3144 1919 divites
3190 1868 3314 1935 quia
3364 1870 3501 1924 divi-

239 1949 465 2019 pndium
495 1949 647 2013 dare,
680 1956 736 2004 et
760 1965 919 2005 omne
955 1966 1125 2022 genus
1153 1952 1387 2008 tristitiae
1416 1961 1715 2022 amputare.
1740 1953 1821 2009 Ab

236 2041 325 2097 his
349 2057 488 2111 ergo
541 2042 790 2107 tristibus
838 2042 996 2098 malis
1052 2044 1454 2100 ascendendum
1487 2051 1572 2099 est
1616 2044 1684 2099 ad
1733 2044 1821 2099 illa

232 2134 520 2198 sublimia,
578 2135 774 2205 quibus
819 2135 1217 2205 proﬁcientium
1268 2144 1499 2202 mentes,
1562 2137 1616 2190 in
1670 2152 1820 2206 spem

220 2227 618 2296 promerendm
665 2228 1014 2283 beatitudinis
1058 2239 1345 2299 assurgunt
1391 2246 1404 2282 :
1456 2228 1823 2299 abdicatisque

236 2318 499 2382 terrenis,
534 2319 777 2374 caelestia
805 2319 1215 2387 concupiscunt,
1253 2319 1344 2374 ubi
1385 2319 1529 2375 Deus
1551 2320 1823 2376 videbitur

234 2410 289 2464 in
326 2409 535 2464 mula
558 2408 898 2465 saeculorum.
947 2408 1055 2464 Sed
1083 2409 1392 2480 quicunque
1418 2409 1523 2464 hoc
1542 2410 1675 2464 vitio
1722 2425 1820 2465 ca-

235 2514 363 2555 rere
426 2499 719 2565 desiderat,
784 2497 1120 2554 orationibus
1178 2496 1486 2567 frequenter
1550 2499 1815 2554 insistat:

233 2596 473 2643 mortem
514 2588 708 2643 anima:
739 2587 979 2657 quotidie
1008 2597 1133 2643 ante
1172 2588 1358 2644 oculos
1381 2598 1567 2659 ponat.
1599 2590 1668 2644 Et
1691 2591 1817 2660 quia

231 2678 418 2731 omnis
454 2691 586 2732 caro
632 2676 814 2733 l‘enum
841 2685 945 2743 est,
998 2686 1346 2750 recognoscat
1392 2679 1818 2736 misericordiam

232 2773 288 2819 et
312 2766 619 2820 bonitatem
670 2765 765 2820 Dei
810 2780 939 2837 erga
978 2782 1167 2824 omnes
1193 2777 1475 2839 sperantes
1503 2769 1558 2823 in
1582 2784 1663 2836 se,
1692 2785 1817 2825 cum

233 2871 435 2927 magna
472 2858 925 2924 consideratione,
977 2867 1071 2914 aut
1117 2874 1217 2930 per
1244 2875 1305 2916 se
1357 2861 1668 2918 meditando
1720 2870 1816 2919 aut

230 2948 299 3002 ab
330 2946 461 3003 aliis
506 2948 787 3027 audiendo,
839 2964 907 3004 ex
950 2956 1063 3004 toto
1108 2950 1289 3025 animo
1331 2951 1679 3006 considerare
1707 2967 1813 3008 non

231 3036 496 3108 negligat.
546 3035 879 3106 Pauperibus
928 3044 984 3093 et
1029 3039 1354 3109 peregrinis,
1406 3040 1584 3096 viduis
1617 3056 1682 3096 ac
1719 3058 1818 3112 pu-

220 3124 401 3195 pillis,
454 3139 558 3179 nec
595 3139 717 3180 non
761 3125 991 3182 inﬁrmis
1022 3128 1079 3181 et
1118 3128 1440 3198 hospitibus,
1476 3130 1520 3184 si
1554 3131 1685 3200 quid
1721 3147 1816 3187 va-

1924 1945 2031 1999 tias
2073 1961 2211 2015 quas
2260 1949 2618 2019 conspiciunt,
2662 1960 2844 2009 tenere
2884 1971 3223 2025 nequaquam
3254 1972 3498 2028 possunt.

1923 2031 1992 2087 Et
2019 2035 2136 2089 ideo
2165 2037 2576 2095 misericorditer
2623 2044 2873 2110 tribuant,
2920 2046 3057 2100 unde
3097 2048 3197 2101 sibi
3241 2053 3505 2121 superﬂue

1920 2124 2110 2180 habere
2153 2130 2475 2200 conspiciunt
2518 2145 2536 2184 :
2583 2132 2707 2203 quia
2764 2133 2985 2188 hilarem
3042 2136 3278 2192 datorem
3331 2139 3501 2211 diligit

1919 2215 2080 2271 Deus.
2126 2218 2464 2276 Adrnonendi
2493 2232 2620 2278 sunt
2650 2225 2836 2289 etiam,
2881 2226 2972 2295 qui
3011 2225 3123 2295 jam
3150 2244 3246 2284 sua
3287 2230 3501 2285 miseri-

1920 2306 2158 2361 corditer
2206 2309 2470 2378 tribuunt,
2517 2321 2577 2366 ut
2626 2313 2859 2371 sollicite
2908 2317 3182 2374 custodire
3222 2321 3495 2387 studeant,

1920 2413 1990 2452 ne
2035 2414 2158 2454 cum
2206 2403 2492 2458 commissa
2538 2413 2760 2475 peccata
2809 2405 3169 2480 eleemosynis
3208 2411 3500 2477 redimunt,

1920 2488 2096 2544 adhuc
2137 2491 2451 2549 redimenda
2478 2478 2837 2550 committant.
2890 2495 2968 2552 Ne
2996 2478 3245 2554 venalem
3276 2499 3371 2554 Dei
3415 2500 3502 2570 ju-

1918 2581 2123 2636 stitiam
2151 2584 2418 2639 aestiment
2444 2599 2459 2639 :
2488 2586 2557 2652 si,
2586 2582 2710 2642 cum
2738 2597 2929 2642 curant
2966 2606 3065 2658 pro
3088 2591 3325 2659 peccatis
3348 2608 3503 2646 num-
3604 2652 3611 2665 |

1918 2686 2036 2726 mos
2063 2672 2326 2739 tribuere,
2371 2675 2705 2731 arbitrentur
2732 2692 2792 2733 se
2836 2693 2997 2748 posse
3039 2678 3206 2734 inulte
3247 2695 3494 2749 peccare.

1918 2760 2046 2816 Plus
2065 2777 2299 2832 namque
2326 2772 2410 2820 est
2448 2765 2628 2819 anima
2658 2781 2821 2836 quam
2861 2783 3026 2822 esca:
3068 2777 3121 2823 et
3147 2784 3342 2840 corpus
3378 2771 3499 2841 plus

1917 2866 2080 2922 quam
2127 2853 2528 2908 vestimentum.
2578 2854 2683 2923 Qui
2729 2870 2860 2925 ergo
2894 2872 3076 2911 escam
3126 2867 3290 2927 atque
3321 2860 3492 2915 vesti-

1915 2947 2156 2997 mentum
2181 2942 2511 3012 pauperibus
2548 2942 2798 3014 largitur,
2837 2945 2930 3000 sed
2962 2954 3143 3001 tamen
3184 2946 3384 3011 anima,
3413 2951 3501 3006 vel

1915 3045 2115 3100 corpus
2169 3030 2453 3101 iniquitate
2490 3032 2773 3104 polluitur,
2827 3036 2970 3104 quod
3014 3037 3192 3092 minus
3218 3045 3301 3092 est
3339 3036 3499 3106 justi-

1916 3119 2008 3173 tite
2031 3118 2245 3186 obtulit,
2275 3122 2493 3190 etquod
2520 3121 2694 3192 majus
2716 3131 2822 3189 est,
2849 3122 3021 3195 culpa:
3046 3142 3060 3179 :
3105 3140 3202 3180 sua
3232 3125 3377 3180 enim
3402 3126 3499 3182 dc-

227 3193 325 3281 lct,
358 3215 793 3271 misericorditer
836 3216 1059 3283 tribuat,
1108 3226 1165 3273 et
1210 3193 1267 3274 in
1294 3193 1614 3277 caeteron
1640 3221 1813 3279 bono-
1841 3193 1886 3254 C
1917 3211 1994 3267 (Πί
2021 3211 2153 3278 υθου
2174 3219 2229 3267 οι
2258 3227 2317 3267 88
2344 3213 2577 3269 diabolo-

228 3322 350 3363 rum
376 3308 636 3378 operibus
661 3322 769 3363 non
797 3308 1029 3365 deﬁciat.

834 3399 1059 3456 CAPUT
1098 3399 1210 3455 XII.

773 3490 851 3545 De
875 3490 998 3545 vitio
1021 3493 1278 3546 avaritite.

296 3575 661 3652 (Gregorium)
713 3582 953 3636 Avaritia
997 3597 1212 3652 quoque
1257 3583 1527 3639 devictum
1575 3587 1817 3644 animum

124 3695 128 3699 ‘
225 3674 392 3745 quasi
422 3688 494 3727 ex
519 3673 728 3727 ratione
756 3673 893 3728 solet
934 3674 1234 3739 exhortari,
1280 3691 1401 3730 cum
1437 3676 1610 3732 dicit:
1650 3679 1817 3735 Valde

225 3769 351 3823 sine
379 3765 538 3835 culpa
568 3772 668 3831 est,
702 3766 844 3835 quod
873 3765 1117 3835 qumdam
1165 3766 1412 3823 habenda
1456 3771 1814 3840 concupiscis,

224 3857 361 3926 quia
392 3855 752 3924 multiplicare
799 3870 908 3917 non
943 3855 1171 3924 appetis,
1223 3857 1319 3910 sed
1371 3872 1529 3928 egere
1557 3860 1816 3929 pertime-

226 3947 361 4009 scis,
395 3955 454 4000 et
498 3945 640 4015 quod
676 3945 821 4009 ,male
871 3944 1011 4000 alius
1056 3946 1271 4010 retinet,
1315 3946 1431 4017 ipse
1478 3948 1674 4005 melius
1719 3964 1815 4005 ex-

225 4036 449 4109 pendis.

295 4127 616 4199 Apostolica
664 4138 851 4183 mntra
901 4129 1016 4184 haec
1058 4128 1260 4185 clamat
1307 4128 1616 4184 sententia:
1663 4127 1817 4193 Quod

228 4235 403 4291 neque
450 4218 618 4283 avari,
669 4235 831 4289 neque
884 4234 1118 4289 rapaces,
1173 4235 1388 4289 regnum
1432 4217 1531 4271 Dei
1582 4217 1819 4288 posside—

227 4312 385 4366 bunt.
426 4310 584 4367 Unde
631 4319 687 4365 et
735 4310 992 4366 Salomon
1035 4312 1202 4366 dicit:
1242 4310 1447 4367 Avarus
1492 4329 1598 4366 non
1636 4312 1818 4383 imple-

227 4404 381 4458 bitur
430 4402 692 4468 pecunia:
720 4410 798 4467 et,
849 4398 953 4466 Qui
999 4411 1143 4456 amat
1195 4403 1429 4467 divitias,
1461 4402 1664 4472 fructus
1712 4420 1813 4457 non

225 4496 406 4567 capiet
459 4510 524 4548 ex
579 4493 673 4548 eis.
732 4493 799 4547 Et
852 4493 1096 4547 iterum:
1137 4491 1348 4546 Divitiie
1396 4503 1712 4547 conservata:
1757 4493 1812 4547 in

227 4586 439 4641 malum
484 4585 680 4639 domini
725 4585 847 4650 sui;
881 4591 1097 4654 pereunt
1123 4582 1262 4636 enim
1294 4583 1349 4635 in
1389 4584 1662 4653 aﬂiictione
1699 4599 1815 4653 pes-

223 4680 393 4732 sima.
446 4676 516 4729 Et
553 4676 713 4745 paulo
757 4683 879 4744 post
927 4675 1091 4730 dicit:
1126 4673 1297 4728 Avaro
1338 4683 1512 4726 autem
1560 4672 1693 4726 nihil
1737 4682 1813 4727 est

222 4766 529 4830 scelestius,
561 4765 791 4837 nihilque
834 4765 1063 4835 iniquius
1089 4780 1247 4835 quam
1296 4777 1475 4817 amare
1514 4763 1810 4832 pecuniam.

224 4854 297 4910 Et
342 4854 592 4908 iterum:
653 4851 784 4908 Cum
828 4853 963 4908 enim
1002 4853 1226 4908 moritur
1268 4853 1443 4918 homo,
1487 4851 1814 4907 ha’reditabit

222 4953 523 5016 serpentes,
565 4953 614 4998 et
645 4943 853 5008 bestias,
905 4955 952 4998 et
982 4960 1198 4997 vermes.
1250 4941 1402 4999 Unde
1445 4949 1502 4997 et
1551 4941 1811 4995 Dominus

224 5036 352 5089 ait:
401 5029 642 5086 Facilius
685 5041 760 5086 est
811 5032 948 5086 enim
985 5032 1239 5086 camelum
1263 5047 1356 5101 per
1397 5032 1635 5101 foramen
1683 5046 1810 5085 acus

224 5127 488 5191 transire,
512 5141 670 5196 quam
711 5124 918 5179 divitem
963 5124 1160 5178 intrare
1203 5125 1259 5177 in
1300 5110 1513 5192 regnu’m
1540 5121 1806 5175 caelorum.

226 5219 301 5274 Et
349 5216 551 5271 iterum
582 5232 600 5269 :
672 5212 762 5270 νω
804 5215 951 5270 vobis
987 5213 1253 5275 divitibus,
1303 5213 1392 5282 qui
1446 5210 1647 5264 habetis
1694 5225 1814 5263 con-

222 5308 550 5364 solationem
587 5315 829 5363 vestram.
871 5306 939 5361 Et
982 5305 1107 5361 alibi
1143 5323 1156 5359 :
1190 5302 1313 5357 Non
1334 5304 1544 5374 potestis
1581 5300 1689 5354 Deo
1710 5317 1815 5355 ser-

224 5400 347 5453 vire
390 5407 441 5452 et
491 5413 822 5453 mammonae.
891 5396 1045 5453 Unde
1093 5394 1384 5467 Apostolus
1427 5391 1692 5463 discipulo
1744 5393 1811 5447 de

225 5488 500 5545 divitibus
527 5488 658 5543 dicit
685 5504 700 5541 :
745 5485 1005 5541 Divitibus
1042 5485 1202 5556 hujus
1222 5483 1402 5540 saeculi
1427 5483 1670 5554 pra'cipe,
1709 5498 1814 5535 non

226 5576 460 5649 superbe
494 5590 710 5649 sapere:
744 5591 908 5647 neque
956 5591 1163 5648 sperare
1185 5575 1240 5628 in
1262 5574 1459 5627 incerto
1485 5571 1814 5626 divitiarum.

231 5671 338 5728 Est
406 5686 639 5743 namque
695 5670 962 5735 avaritia,
1042 5668 1208 5724 nimia
1266 5666 1576 5722 divitiarum
1631 5664 1818 5733 acqui-

237 5759 418 5828 rendi,
476 5760 729 5828 habendi,
783 5760 866 5815 vel
912 5758 1128 5815 tenendi
1177 5754 1461 5826 cupiditas.
1498 5753 1652 5810 Unde
1682 5751 1816 5810 Grc-

1986 3300 2186 3355 lterum
2234 3301 2552 3358 admonendi
2598 3314 2724 3359 sunt
2749 3304 2842 3374 qui
2875 3304 3051 3361 aliena
3103 3320 3296 3375 rapere
3323 3307 3497 3361 inten-

1918 3391 2070 3447 dunt.
2103 3390 2341 3445 Audiant
2365 3393 2509 3461 quod
2551 3394 2811 3462 scriptum
2837 3406 2959 3448 est:
3010 3393 3100 3448 Va:
3128 3397 3175 3448 ei
3205 3397 3294 3466 qui
3321 3396 3499 3449 multi-

1914 3481 2076 3552 plicat
2098 3498 2204 3536 non
2224 3499 2343 3536 sua.
2371 3482 2619 3538 Profecto
2644 3485 2786 3538 enim
2813 3485 2904 3554 qui
2933 3499 3128 3554 augere
3154 3500 3284 3555 opes
3306 3485 3495 3553 ambit,

1916 3574 2091 3629 vitare
2114 3573 2416 3644 periculum
2469 3574 2730 3645 negligit:
2766 3574 3024 3641 Quoniam
3072 3576 3225 3630 radix
3265 3579 3494 3632 omnium

1916 3663 2187 3717 malorum
2200 3673 2273 3718 est
2304 3664 2584 3735 cupiditas.

1989 3751 2233 3824 (Prosp.,
2284 3752 2373 3808 lib.
2416 3769 2450 3808 v
2508 3753 2611 3808 Vit.
2661 3754 2979 3827 contempl.,
3035 3774 3152 3827 cap.
3200 3754 3279 3828 4.)
3337 3755 3493 3812 Unde

1918 3846 2268 3915 quaerendum
2314 3855 2418 3914 est,
2466 3847 2511 3903 si
2544 3848 2755 3902 initium
2791 3848 2969 3903 omnis
2993 3849 3200 3918 peccati
3247 3847 3499 3918 superbia

1918 3937 2137 4003 dicitur,
2197 3952 2366 4008 quare
2409 3939 2564 3995 radix
2621 3939 2861 3994 omnium
2914 3939 3177 3993 malorum
3230 3938 3500 4008 cupiditas

1919 4027 2237 4084 aﬁirmetur.
2297 4027 2462 4096 Sane,
2509 4030 2634 4100 quia
2694 4028 2983 4100 cupiditas,
3045 4038 3207 4099 atque
3243 4031 3499 4101 superbia

1919 4121 1975 4174 in
2036 4130 2267 4187 tantum,
2318 4138 2486 4178 unum
2548 4131 2631 4177 cst
2676 4122 2919 4188 malum;
2972 4130 3033 4175 ut
3083 4137 3182 4176 nec
3235 4123 3498 4192 superbus

1916 4213 2034 4266 sine
2075 4213 2387 4283 cupiditate,
2438 4229 2539 4268 nec
2591 4213 2707 4267 sine
2754 4212 3003 4281 superbia
3053 4211 3221 4280 possit
3266 4210 3496 4265 inveniri

1916 4303 2161 4372 cupidus.
2194 4300 2398 4356 Deinde
2442 4301 2488 4355 si
2532 4301 2810 4369 quodlibet
2853 4308 3131 4368 peccatum
3177 4309 3494 4369 perpetrare

1917 4412 2024 4451 non
2068 4409 2289 4464 possum
2319 4433 2333 4456 ,
2381 4393 2486 4447 nisi
2539 4407 2672 4446 meae
2721 4392 3064 4447 delectationi
3114 4392 3491 4458 consentiam;

1917 4487 2060 4557 quod
2073 4484 2383 4555 cupiditatis
2409 4491 2494 4538 est
2514 4484 2793 4553 proprium
2825 4500 2837 4536 :
2869 4491 2923 4537 et
2948 4482 3041 4536 Dei
3067 4490 3338 4551 praecepta
3367 4498 3494 4536 cun-

1916 4586 2153 4631 temnam
2185 4591 2200 4641 ;
2231 4574 2372 4644 quod
2397 4581 2481 4629 est
2518 4573 2784 4641 superbia:
2823 4571 3022 4625 malum
3049 4589 3062 4626 :
3103 4573 3360 4642 quomodo
3390 4589 3493 4626 non

1912 4682 1977 4720 ex
2013 4664 2315 4736 cupiditate,
2353 4678 2469 4735 quae
2495 4670 2568 4716 est
2620 4662 2773 4715 radix
2819 4662 3053 4716 omnium
3093 4660 3353 4715 malorum
3380 4677 3398 4715 :
3430 4670 3489 4716 et

1912 4772 1980 4811 ex
2027 4755 2314 4825 superbia,
2360 4769 2481 4825 quze
2526 4753 2737 4807 initium
2790 4754 2964 4808 omnis
3012 4754 3224 4824 peccati
3271 4753 3492 4820 dicitur,

1911 4846 2154 4917 procedit
2178 4860 2338 4900 omne
2356 4852 2637 4914 peccatum
2658 4844 2681 4897 Ἰ

1992 4936 2238 4991 Vincitur
2288 4949 2505 5005 quoque
2546 4934 2647 4988 hoc
2688 4932 2879 4987 vitium
2921 4934 2974 4987 in
3026 4932 3314 5002 largitione
3361 4948 3489 5003 pau-

1916 5041 2125 5097 perum,
2180 5025 2233 5079 in
2273 5023 2586 5079 visitatione
2628 5023 2986 5089 inﬁrmorum,
3021 5035 3075 5078 et
3126 5023 3492 5095 integumento

1915 5118 2204 5181 nudorum,
2232 5130 2333 5171 nec
2367 5130 2496 5179 non,
2529 5122 2584 5170 et
2608 5114 2653 5168 si
2683 5113 2814 5184 quid
2860 5112 3056 5183 injuste
3095 5114 3216 5183 quis
3250 5111 3487 5176 abstulit,

1916 5206 2250 5263 reddendum
2301 5212 2386 5260 est
2436 5204 2490 5258 in
2537 5202 2916 5273 quadruplum,
2962 5203 3116 5274 juxta
3169 5201 3489 5257 sententiam

1918 5296 2149 5351 Domini.
2184 5296 2252 5349 Et
2298 5308 2572 5363 nunquam
2606 5307 2638 5346 a
2684 5293 2847 5348 corde
2890 5293 3132 5348 discedat
3180 5292 3340 5344 timor
3385 5288 3492 5342 Do-

1919 5389 2050 5444 mini
2078 5406 2090 5441 :
2123 5396 2179 5442 et
2207 5388 2428 5457 insuper
2455 5384 2584 5440 ﬁetu
2612 5400 2676 5440 ac
2702 5384 2978 5457 lacrymis,
3008 5399 3129 5440 cum
3166 5379 3491 5436 contritione

1916 5478 2097 5535 cordis
2143 5484 2335 5549 purget
2390 5475 2761 5533 indesinenter
2809 5475 3080 5529 animam:
3130 5485 3218 5535 ne,
3271 5483 3368 5538 pro
3406 5467 3493 5521 ius

1917 5578 2066 5626 certo
2094 5569 2426 5634 divitiarum,
2464 5567 2679 5621 amittat
2708 5567 2877 5621 vitam
2903 5572 3183 5618 aeternam.

1988 5659 2275 5728 llucusque
2323 5658 2389 5712 de
2435 5657 2673 5727 quinque
2719 5652 3051 5726 spiritalibus
3089 5650 3239 5705 vitiis
3270 5663 3337 5704 ex
3381 5645 3488 5703 SS.

1920 5750 2139 5806 Patrum
2168 5747 2489 5805 testimoniis
2515 5745 2717 5803 dictum
2752 5741 2996 5800 suﬁiciat.
3043 5741 3234 5798 Restat
3272 5752 3489 5811 quoque
