3856 6190
391 324 495 381 667

1350 316 1747 379 HALITGARN
1788 327 2094 385 EPISCGPI
2130 328 2660 388 CAMEBACENSIS

3524 344 3625 404 668

389 442 452 490 ut
471 434 536 488 de
559 412 769 488 duobus
786 431 1112 497 carnalibus,
1137 432 1386 488 videlicet
1405 433 1526 503 gula
1552 443 1714 504 atque
1733 435 1963 505 luxuria,
1993 444 2045 503 Α
2069 442 2380 496 contineant
2413 460 2428 496 :
2477 443 2569 512 qui
2610 444 2747 500 cibis
2790 440 2891 501 nec
2931 402 3251 508 lautioribus
3288 455 3475 511 volunt

388 533 799 597 pertractemus.

969 613 1197 670 CAPUT
1224 614 1360 671 XIV.

810 705 886 760 De
911 707 1039 761 vitio
1059 708 1248 762 ventris
1272 707 1536 779 ingluvie.

460 795 810 869 (Gregorium)
856 796 1075 852 Ventris
1126 813 1340 867 quoque
1392 800 1655 871 ingluvies
1695 802 1964 859 devictum

387 901 486 941 cor
513 886 665 956 quasi
693 901 757 940 ex
783 886 994 941 ratione
1020 886 1158 941 solet
1184 888 1484 955 exhortari,
1516 906 1649 945 cum
1667 891 1798 948 dicit
1830 910 1845 947 :
1881 894 1965 948 Ad

385 990 537 1031 esum
584 974 722 1029 Deus
767 975 948 1029 omnia
985 975 1184 1031 mundo
1224 978 1502 1034 condidit:
1549 988 1604 1036 et
1654 982 1744 1051 qui
1776 983 1964 1039 satiari

384 1067 505 1122 cibo
533 1067 754 1137 respuit,
783 1067 916 1137 quid
933 1066 1078 1122 aliud
1104 1081 1267 1137 quam
1314 1070 1525 1126 muneri
1545 1086 1805 1128 concesso
1830 1087 1960 1129 con-

387 1155 605 1209 tradicit
627 1155 650 1208 ‘I

463 1242 755 1315 (Prosper.)
819 1244 889 1297 At
931 1255 1121 1299 contra
1163 1245 1442 1302 videamus
1478 1248 1710 1317 qualiter
1751 1250 1826 1304 illi
1867 1251 1964 1305 ho-

384 1334 559 1388 mines
584 1333 747 1403 primi
774 1335 1145 1389 commiserint
1187 1344 1296 1390 tam
1329 1339 1549 1408 grande
1575 1348 1876 1409 peccatum,
1907 1350 1964 1397 et

385 1426 528 1495 quod
556 1425 707 1494 ipsos
737 1426 802 1480 de
825 1426 1087 1495 paradiso
1104 1428 1356 1497 proiecit,
1389 1429 1441 1482 iu
1468 1430 1569 1485 hoc
1590 1431 1714 1485 vitae
1733 1433 1963 1501 pmnalis

382 1517 654 1583 exsilium,
680 1518 813 1573 etin
835 1519 916 1573 eis
957 1519 1294 1589 originaliter
1335 1527 1507 1575 totum
1553 1521 1830 1577 damnavit
1871 1539 1964 1594 ge-

383 1624 484 1664 nus
544 1609 860 1680 humanum.
928 1607 1263 1679 Prohibitum
1321 1611 1588 1680 siquidem
1639 1628 1668 1667 a
1734 1612 1962 1671 Domino

380 1699 577 1765 fuerat,
624 1699 769 1768 quod
814 1700 882 1754 de
920 1699 1069 1770 ligno
1117 1699 1355 1755 scientia:
1398 1699 1526 1755 boni
1571 1709 1627 1756 et
1668 1698 1798 1757 mili
1829 1742 1846 1771 ,
1891 1719 1961 1760 ne

2066 545 2136 586 ne
2175 532 2450 589 luxuriose
2490 535 2744 603 asscivi,
2789 551 2888 593 nec
2938 540 3265 599 distentione
3301 549 3513 605 ventris.
3551 554 3632 608 vi-

2064 624 2210 679 libus
2229 627 2447 680 onerari
2475 643 2489 693 ;
2529 628 2745 696 quando
2767 630 3098 688 abstinentes
3132 636 3257 700 viri,
3277 652 3377 693 nec
3403 639 3627 699 delitiosi

2064 714 2239 769 solent
2280 731 2420 783 esse,
2456 732 2560 773 nec
2598 719 2762 774 avidi.
2803 720 2881 777 De
2918 723 3043 778 vino
3083 734 3264 780 autem
3318 729 3632 790 abstinendo

2063 806 2197 876 quid
2234 807 2454 862 dicam?
2490 810 2634 865 unde
2668 810 2958 881 Apostolus
2987 824 3197 870 certam
3223 816 3344 874 fixit
3372 823 3629 892 regulam,

2062 895 2289 951 dicens:
2336 897 2515 952 Nolite
2554 899 2805 955 inebriari
2842 902 2979 971 irino,
3023 905 3079 959 in
3118 923 3232 977 quo:
3262 918 3340 963 est
3385 911 3633 981 luxuria,-

2063 983 2216 1053 quasi
2242 985 2455 1041 diceret
2473 1005 2486 1040 :
2513 986 2793 1044 luxuriam-
2809 989 2942 1047 facit
2959 999 3016 1048 et
3032 995 3203 1049 nutrit
3225 998 3347 1052 vini
3359 1003 3633 1072 perceptio

2063 1074 2250 1139 nimia,
2279 1088 2393 1131 non
2410 1086 2644 1132 natura:
2689 1079 3055 1145 Etideo,.non
3100 1099 3197 1139 vos
3236 1087 3315 1141 uti
3352 1089 3499 1156 vino,
3539 1093 3634 1148 sed

2060 1179 2130 1220 ne
2158 1166 2502 1222 inebriamini
2522 1169 2802 1238 prohibeo.
2848 1171 3001 1227 Unde
3036 1173 3323 1232 Timotheo
3356 1181 3630 1250 praecepit,

2060 1256 2246 1312 dicens
2272 1254 2442 1313 ε.Νοιί
2471 1274 2663 1330 aquam
2701 1261 2915 1328 bibere;
2948 1264 3049 1317 sed
3084 1267 3287 1321 modico
3326 1270 3443 1325 vino
3467 1281 3631 1338 utere,

2058 1355 2273 1416 propter
2316 1346 2617 1418 frequentes
2663 1358 2787 1404 tuas
2832 1353 3180 1422 inﬁrmitates.
3240 1357 3319 1412 Ae
3368 1374 3469 1428 per
3508 1362 3630 1426 hoe,

2059 1437 2201 1491 nihil
2238 1446 2433 1492 contra
2464 1439 2859 1495 abstinentiam
2890 1441 3115 1509 faciunt,
3162 1447 3254 1515 qui
3297 1447 3488 1503 vinum
3524 1465 3632 1506 non

2057 1541 2161 1596 pro
2196 1527 2477 1593 ebrietate,
2520 1530 2614 1584 sed
2649 1538 2856 1586 tantum
2895 1547 2996 1602 pro
3033 1536 3279 1604 corporis
3316 1538 3496 1594 salute
3519 1554 3639 1610 per-

2058 1616 2283 1685 cipiunt.
2328 1616 2507 1672 Unum
2551 1625 2732 1673 tamen
2789 1626 2874 1674 est
2931 1620 3267 1690 intuendum,
3319 1626 3465 1693 quod
3504 1630 3639 1685 nihil

2059 1705 2168 1762 illis
2226 1706 2478 1775 proficiat
2517 1708 2611 1778 qui
2669 1725 2731 1764 se
2770 1723 2803 1763 a
2842 1710 2977 1765 cibis
3020 1718 3344 1784 temperant.
3394 1718 3441 1772 si
3492 1721 3638 1777 vitiis

382 1789 762 1845 comederent:
816 1789 911 1844 sed
959 1790 1096 1860 gulae
1144 1790 1278 1845 vitio
1329 1790 1540 1861 decepti
1585 1792 1953 1849 comederunt.
1985 1780 2033 1840 Β
2059 1795 2316 1852 serviant.
2348 1796 2484 1864 Quia
2510 1796 2724 1855 facilius
2753 1814 2853 1856 res;
2879 1814 3001 1871 qua:
3027 1780 3335 1873 possidetur
3358 1808 3635 1879 subiicitur,

380 1882 492 1938 Nisi
524 1883 667 1937 enim
691 1882 1071 1948 comedissent,
1098 1890 1360 1953 perpetuo
1395 1883 1725 1940 immortales
1751 1893 1953 1953 essent,

380 1980 425 2034 si
469 1978 570 2034 sub
609 1978 720 2032 Deo
768 1992 866 2032 suo
915 1976 1180 2039 viventes,
1238 1984 1566 2045 praeceme
1617 1976 1761 2047 quod
1804 1992 1960 2033 acce-

379 2077 576 2140 perunt
620 2069 1001 2124 custodissent.
1046 2067 1156 2124 Nec
1192 2068 1570 2124 desererentur
1615 2085 1646 2124 a
1686 2068 1818 2136 Deo,
1850 2070 1958 2127 nisi

379 2164 548 2218 Deum
600 2164 750 2233 prius
798 2162 901 2232 ipsi
963 2161 1295 2218 desererent.
1346 2161 1415 2217 Et
1461 2162 1667 2217 idcirco
1716 2162 1771 2216 in
1817 2162 1957 2219 hanc

378 2267 735 2307 aerumnosam
764 2251 925 2321 hujus
959 2252 1083 2308 vitae
1130 2252 1427 2316 miseriam,
1473 2252 1611 2324 gulae
1640 2252 1845 2319 delicti,
1871 2261 1954 2308 at-

378 2357 482 2411 que
503 2344 666 2398 morti
696 2344 881 2398 traditi
909 2351 1041 2398 sunt
1076 2341 1290 2411 deiecti.
1320 2343 1423 2400 Ubi
1464 2344 1641 2400 omnis
1675 2346 1837 2401 homo
1861 2359 1959 2415 per

377 2441 658 2503 peccatum
695 2434 960 2511 nascitur,
1000 2448 1100 2504 per
1137 2432 1380 2489 laborem
1408 2435 1562 2502 vivit,
1592 2449 1692 2506 per
1715 2436 1957 2492 dolorem

377 2525 628 2579 moritur.

448 2612 811 2687 (Gregorium)
859 2613 1205 2686 Quapropter
1250 2615 1574 2672 admonendi
1642 2625 1766 2672 sunt
1821 2619 1957 2689 gulae

378 2705 567 2771 dediti,
592 2721 659 2761 ne
682 2708 736 2761 in
756 2722 841 2773 eo,
859 2722 966 2778 quo
983 2723 1230 2763 escarum
1249 2708 1592 2764 delectationi
1616 2709 1954 2778 incumbunt,

377 2796 603 2852 luxuriae
646 2812 706 2852 se
746 2812 1008 2854 mucrone
1048 2798 1406 2869 transfigant:
1453 2808 1654 2870 quanta
1711 2801 1812 2856 sibi
1857 2816 1957 2872 per

376 2902 529 2943 esum
562 2887 892 2956 lnquacitas;
938 2896 1138 2957 quanta
1180 2889 1380 2944 mentis
1422 2889 1614 2944 levitas
1652 2891 1956 2959 insidietur,

376 2976 643 3047 aspiciant
668 2995 681 3030 :
712 2992 780 3032 ne
805 2977 930 3032 dum
956 2978 1131 3032 ventri
1154 2978 1385 3034 molliter
1409 2980 1676 3046 serviunt,
1703 2982 1956 3037 vitiorum

374 3070 584 3141 laqueis
606 3069 905 3125 crudeliter
936 3071 1326 3142 astringantur.
1360 3071 1599 3126 Audiant
1641 3072 1956 3143 Apostolum

375 3162 677 3217 dicentem:
732 3160 871 3215 Esca
921 3162 1109 3228 ventri,
1156 3173 1205 3216 et
1241 3170 1417 3217 venter
1456 3163 1629 3218 escis:
1676 3164 1819 3219 Deus
1861 3180 1955 3218 au-

375 3260 475 3305 tem
504 3261 550 3305 et
584 3254 744 3317 hunc,
787 3259 835 3305 et
877 3251 973 3306 has
1019 3252 1287 3319 destruet;
1339 3260 1395 3309 et
1439 3268 1697 3309 rursum:
1734 3251 1857 3309 Non
1900 3254 1957 3311 in

374 3341 835 3396 comessationibus
881 3350 931 3397 et
994 3341 1368 3407 ebrietatibus;
1416 3352 1472 3399 et
1541 3344 1778 3400 iterum:
1816 3344 1957 3400 Esca

377 3448 469 3485 nos
493 3448 596 3485 non
625 3432 951 3486 commendat
980 3429 1084 3486 Deo
1110 3449 1130 3498 ;
1168 3418 1222 3489 et
1253 3449 1470 3489 rursum
1498 3452 1511 3489 :
1548 3451 1771 3505 quorum
1816 3433 1957 3491 Deus

375 3530 549 3574 venter
574 3530 671 3586 est,
702 3529 750 3575 et
798 3519 969 3593 gloria
1006 3521 1062 3575 in
1098 3521 1439 3592 confusione:
1484 3523 1612 3593 quia
1663 3522 1841 3594 gulam
1871 3538 1958 3580 se-

377 3610 562 3680 quitur
589 3610 827 3664 luxuria.

971 3698 1198 3756 CAPUT
1235 3701 1352 3756 XV.
1412 3712 1417 3719 ‘

837 3788 916 3842 De
956 3790 1182 3844 remedio
1209 3789 1346 3862 gula:
1368 3793 1497 3846 vitii.

447 3873 841 3946 Quia‘primus
886 3878 1048 3932 homo
1088 3879 1193 3934 hoc
1243 3880 1375 3935 vitio
1420 3881 1555 3951 gulae
1608 3897 1731 3938 cum
1776 3891 1954 3955 poste-

378 3966 538 4021 ritate
582 3982 678 4022 sua
726 3968 942 4035 cecidit,
989 3972 1359 4027 necessarium
1401 3981 1485 4029 est
1531 3983 1592 4029 ut
1631 3991 1730 4046 per
1781 3977 1953 4032 absti-

376 4058 616 4114 nentiam
673 4072 1060 4129 resurgamus:
1121 4063 1213 4116 sed
1239 4062 1293 4116 in
1322 4063 1436 4133 ipsa
1492 4064 1819 4121 abstinentia
1872 4055 1957 4122 est

374 4153 519 4207 aliud
540 4152 793 4223 quiddam
822 4154 965 4223 quod
989 4155 1176 4210 solerti
1198 4156 1580 4228 cura'pensare
1603 4159 1881 4215 debemus.

445 4238 794 4315 (Gregorius.)
826 4242 959 4311 Quia
990 4244 1305 4316 plerumque
1346 4247 1473 4302 dum
1500 4248 1619 4318 plus
1657 4264 1821 4320 quam
1861 4265 1955 4306 ne-

373 4347 526 4388 cesse
553 4341 656 4398 est,
697 4347 795 4402 per
817 4334 1198 4391 abstinentiam
1221 4352 1348 4393 caro
1376 4339 1646 4404 atteritur,
1677 4340 1955 4399 humilitas

377 4421 506 4478 foris
543 4423 881 4484 ostenditur:
931 4427 1026 4480 sed
1071 4427 1137 4481 de
1176 4428 1277 4483 hac
1326 4430 1440 4499 ipsa
1474 4431 1783 4488 humilitate
1823 4449 1950 4504 gra-

374 4514 514 4568 viter
538 4512 766 4568 interius
787 4516 1115 4583 superbitur.
1145 4516 1268 4573 Ideo
1297 4520 1619 4576 admonendi
1639 4531 1765 4577 sunt
1784 4524 1951 4580 absti-

1974 4476 2027 4536 D

2055 1884 2504 1955 quamvoluntas.

2127 1974 2480 2052 (Gregorius.)
2521 1980 2857 2037 Admonendi
2888 1990 3023 2037 sunt
3044 1982 3399 2054 abstinentes,
3436 1998 3507 2045 ut
3540 2008 3638 2047 no-

2054 2072 2233 2126 verint
2272 2070 2401 2139 quia
2440 2078 2572 2127 tunc
2596 2072 2897 2142 placentem
2925 2074 3037 2131 Deo
3074 2077 3465 2135 abstinentiam
3503 2081 3637 2137 οπε-

2056 2170 2206 2227 runt,
2237 2177 2358 2217 cum
2394 2177 2470 2217 ea-
2488 2176 2608 2233 quae
2633 2164 2734 2219 sibi
2763 2164 2832 2221 de
2859 2166 3131 2223 alimentis
3162 2169 3516 2239 subtrahunt,
3554 2174 3637 2229 in-

2056 2252 2365 2323 digentibus
2392 2251 2715 2323 largiuntur.
2743 2254 2862 2311 Non
2891 2258 3198 2326 enim'Beo,
3231 2261 3325 2316 sed
3357 2262 3461 2318 sibi
3493 2265 3641 2334 quis-

2057 2355 2161 2412 que
2194 2340 2421 2411 jejunat,
2463 2343 2509 2397 si
2552 2357 2625 2398 ea.
2645 2358 2773 2413 quae
2801 2346 2976 2401 ventri
3020 2348 3096 2402 ad-
3119 2356 3329 2419 tempus
3363 2353 3641 2408 subtrahit

2056 2449 2166 2489 non
2198 2432 2450 2503 inopibus
2498 2433 2707 2500 tribuit,
2759 2435 2855 2490 sed
2903 2438 3081 2492 ventri
3126 2441 3476 2509 postmodum
3508 2441 3639 2498 οὖθ-

2056 2527 2227 2582 reudo
2255 2528 2512 2582 custodit.
2532 2527 2874 2597 Rursumque
2896 2530 3227 2584 admonendi
3251 2538 3402 2596 sunt,
3424 2541 3493 2586 ut
3519 2534 3642 2588 abs-

2056 2621 2342 2676 tinentiam
2388 2635 2561 2684 suum,
2615 2628 2671 2675 et
2699 2636 2910 2691 semper
2952 2621 3071 2677 sine
3115 2622 3496 2680 imminutione
3545 2642 3639 2681 cu-

2057 2710 2316 2775 stodiant,
2348 2716 2404 2764 et
2440 2723 2714 2780 nunquam
2746 2711 2885 2765 hanc
2924 2711 3064 2780 apud
3088 2710 3359 2767 occultum
3392 2710 3637 2779 iudicem

2057 2801 2273 2857 eximite
2299 2799 2520 2855 virtutis
2557 2801 2783 2855 credant
2808 2819 2822 2854 :
2849 2812 2939 2865 ne,
2969 2801 3015 2855 si
3036 2796 3268 2856 fertasse
3297 2802 3479 2872 magni
3519 2818 3637 2858 esse

2059 2890 2247 2945 meriti
2287 2890 2546 2956 creditur,
2585 2905 2683 2945 cor
2733 2890 2789 2944 in
2811 2900 2815 2905 '
2838 2890 3074 2946 elatione
3114 2891 3443 2946 sublevetur.
3499 2892 3636 2947 Hinc

2057 2978 2173 3036 Ioel
2220 2979 2339 3035 ait:
2378 2976 2717 3048 Sanctiﬁcate
2744 2978 3033 3049 jejunium.
3077 2977 3347 3047 Ieiunium
3399 2982 3639 3037 sanctiﬁ-

2059 3084 2188 3124 care
2227 3075 2330 3134 est,
2368 3067 2641 3137 adiunctis
2678 3067 2836 3122 bouis
2866 3067 3022 3134 aliis,
3064 3067 3279 3139 dignam
3308 3068 3423 3124 Deo
3471 3069 3638 3126 absti-

2058 3160 2301 3216 nentiam
2325 3159 2505 3216 carnis
2528 3157 2814 3215 ostendere
2838 3176 2852 3211 :
2876 3158 3010 3228 quia
3033 3167 3159 3214 tunc
3187 3158 3342 3214 nobis
3366 3160 3634 3230 proderit,

2055 3251 2199 3328 quod
2233 3264 2462 3321 corpora
2520 3259 2708 3305 nostra
2747 3256 2842 3303 aut
2878 3257 3075 3304 caetera
3112 3264 3400 3320 corporum
3450 3252 3637 3308 incen-

2055 3336 2164 3390 tiva
2185 3376 2199 3401 ,
2231 3335 2412 3407 rigore
2450 3334 2796 3390 districtioris
2832 3334 3174 3390 abstinentia:
3203 3335 3558 3406 castigamus,
3587 3337 3635 3392 si

2055 3424 2364 3481 carnalibus
2415 3424 2701 3481 desideriis
2750 3424 3022 3492 absoluti,
3087 3427 3304 3482 sanctis.
3336 3428 3632 3483 virtutibus

2054 3514 2362 3571 floreamus.
2393 3514 2568 3580 Unde,
2598 3515 2653 3571 si
2668 3530 2767 3585 per
2789 3515 3204 3571 delectationem
3226 3522 3282 3572 et
3300 3518 3631 3574 desiderium

2056 3604 2349 3674 voluptatis
2400 3619 2432 3657 a
2468 3603 2707 3675 paradisi
2763 3605 2974 3675 gaudiis
3021 3606 3317 3661 cecidimus
3344 3646 3365 3670 ,
3413 3615 3634 3679 oportet

2055 3703 2119 3750 ut
2139 3710 2240 3765 per
2256 3692 2527 3764 jejunium
2560 3710 2625 3751 ac
2654 3695 2891 3749 lamenta
2919 3696 3251 3766 pmnitentim
3287 3698 3596 3754 redeamus.

2634 3785 2863 3842 CAPUT
2905 3788 3044 3843 XVI.

2581 3874 2660 3928 De
2700 3876 2835 3929 vitio
2846 3876 2973 3929 luxu
2982 3877 3093 3931 rite.

2126 3964 2481 4039 (Gregorius.)
2526 3965 2765 4020 Luxuria
2791 3982 3006 4037 quoque
3033 3968 3308 4024 devictum
3350 3985 3453 4025 cor
3473 3971 3628 4040 quasi

2053 4070 2121 4111 ex
2157 4056 2369 4110 ratione
2400 4055 2542 4110 solet
2590 4055 2897 4121 exhortari,
2947 4071 3071 4111 cum
3117 4056 3293 4113 dicit:
3320 4058 3433 4114 Cur
3481 4069 3532 4114 te
3571 4060 3627 4113 in

2054 4146 2330 4217 voluptate
2358 4155 2458 4201 tua
2480 4145 2773 4202 modo-non
2798 4146 3012 4213 dilatas,
3045 4163 3166 4203 cum
3199 4149 3331 4217 quid
3360 4158 3412 4205 te
3434 4164 3626 4220 seque-

2055 4248 2146 4295 tur
2178 4239 2445 4310 ignoras?
2462 4237 2757 4308 Acceptum
2782 4246 2992 4308 tempus
3016 4240 3069 4294 in
3093 4240 3376 4296 desideriis
3398 4242 3626 4311 perdere

2054 4344 2163 4384 non
2215 4330 2379 4385 debes
2406 4347 2420 4383 :
2446 4328 2575 4398 quia
2617 4342 2782 4398 quam
2826 4328 2986 4384 citius
3026 4339 3375 4398 pertranseat
3422 4331 3621 4386 nescis.

2056 4419 2113 4475 Si
2140 4421 2283 4475 enim
2312 4420 2531 4476 misceri
2556 4421 2699 4475 Deus
2738 4421 3011 4476 hominem
3045 4421 3101 4476 in
3131 4421 3404 4492 voluptate
3449 4422 3624 4478 coitus

2052 4512 2239 4576 nollet,
2280 4511 2334 4566 in
2372 4512 2493 4581 ipso
2531 4511 3001 4584 humanigeneris
3046 4513 3289 4577 exordio,
3324 4513 3624 4569 masculum

376 4611 585 4664 nentes.
617 4611 678 4657 ut
700 4604 928 4659 sollicite
966 4621 1181 4677 semper
1207 4609 1492 4678 aspiciant,
1535 4626 1602 4666 ne
1642 4626 1763 4667 cum
1812 4614 1949 4683 gulae

2059 4610 2106 4657 et
2135 4601 2398 4657 feminam
2424 4617 2542 4657 non-
2560 4601 2795 4658 fecisset.
2847 4602 2965 4657 Non
2992 4603 3135 4657 enim
3160 4604 3323 4669 Deus,
3353 4612 3411 4658 ut
3438 4603 3626 4657 divina

373 4693 565 4747 vitium
593 4692 817 4763 fugiant,
861 4695 1070 4750 acriora
1112 4695 1196 4750 his
1239 4697 1392 4764 vitia,
1417 4699 1572 4769 quasi
1619 4715 1688 4754 ex
1727 4701 1946 4767 virtute,

373 4797 719 4854 generentur.
748 4786 1028 4843 Incassum
1069 4804 1198 4858 ergo
1218 4803 1317 4859 per
1348 4791 1728 4847 abstinentiam
1756 4810 1951 4864 corpus

378 4877 697 4941 conteritur,
727 4877 773 4932 si
800 4878 1118 4933 inordinatis
1142 4879 1374 4935 demissa
1402 4881 1658 4947 motibus,
1687 4898 1840 4940 mens
1872 4889 1950 4941 vi-

377 4968 466 5023 tiis
495 4968 806 5036 dissipatur.

449 5055 745 5130 (Prosper.)
770 5056 871 5125 Qui
901 5066 1081 5115 autem
1123 5073 1233 5115 non
1260 5060 1430 5115 solum
1458 5077 1488 5116 a
1524 5062 1805 5132 qualitate,
1854 5068 1949 5123 sed

376 5149 536 5206 etiam
558 5165 588 5204 a
616 5149 918 5219 quantitate
954 5151 1197 5207 ciborum
1228 5144 1463 5223 ’cupiunt
1500 5156 1789 5225 abstinere,
1815 5160 1948 5216 nihil

375 5240 520 5297 aliud
546 5239 784 5305 student,
810 5241 914 5295 nisi
947 5249 1027 5308 ut,
1060 5252 1318 5311 quantum
1347 5245 1625 5301 stomacho
1653 5246 1947 5306 reficiendo

374 5348 437 5388 ac
483 5332 611 5388 fami
656 5331 954 5387 eximenda:
996 5334 1127 5388 satis
1171 5349 1291 5389 esse
1326 5335 1556 5401 videtur,
1577 5336 1938 5409 indulgeant;

374 5439 475 5480 nec
519 5424 771 5494 expleant
811 5438 937 5479 suos
983 5424 1249 5494 appetitus
1290 5425 1548 5481 aviditate
1586 5428 1941 5498 percipiendi,

374 5513 468 5567 sed
519 5515 881 5584 comprimant
916 5531 930 5581 ;
978 5522 1139 5585 atque
1180 5514 1260 5571 eis
1299 5531 1407 5571 non
1448 5517 1708 5571 saturitas
1748 5518 1941 5574 edendi

375 5600 536 5657 finem
566 5605 748 5670 faciat,
772 5606 866 5663 sed
886 5605 1133 5662 voluntas
1157 5624 1169 5660 :
1204 5607 1295 5677 qui
1317 5614 1427 5662 tam
1455 5622 1484 5661 a
1508 5607 1799 5679 cupiditate
1821 5622 1942 5679 prc-

374 5688 630 5748 tEOsorum
653 5695 917 5767 ciborum,
945 5714 1103 5768 quam
1138 5714 1167 5754 a
1195 5699 1357 5753 nimia
1384 5698 1726 5770 pereeptione
1752 5699 1939 5754 vilium

2052 4699 2286 4750 testatur
2338 4694 2636 4748 auctoritas
2662 4734 2678 4757 ,
2734 4694 2856 4748 ideo
2912 4692 3211 4748 masculum
3261 4702 3319 4749 et
3364 4692 3623 4749 heminam

2049 4785 2282 4849 crearit,
2326 4793 2395 4839 ut.
2436 4784 2643 4840 carnali
2698 4782 3010 4838 fruerentur
3062 4783 3369 4850 desiderio,
3419 4792 3512 4839 aut
3564 4785 3619 4839 in

2051 4875 2404 4931 delectatione
2452 4875 2639 4930 carnis
2678 4875 2944 4940 viverent,
3010 4873 3105 4929 sed
3164 4875 3616 4945 procreandorum

2051 4980 2174 5019 cum
2224 4965 2601 5021 benedictione
2664 4963 2945 5030 filiorum,
3001 4972 3195 5019 mutato
3240 4964 3612 5034 iungerentur.

2050 5056 2117 5111 Et
2143 5055 2248 5112 nisi
2285 5065 2398 5112 tum
2428 5057 2803 5127 transgressio.
2829 5057 3207 5112 mandatorum
3235 5055 3442 5120 fuisset,
3471 5053 3613 5109 nulla

2047 5148 2236 5218 utique
2258 5148 2555 5203 sentiretur
2578 5148 2866 5203 delectatio
2880 5148 2949 5202 in
2970 5146 3161 5216 copula
3186 5148 3610 5217 coniugatorum.

2045 5237 2285 5294 Luxuria
2338 5239 2539 5309 quippe
2592 5246 2679 5294 est
2730 5238 3072 5293 immunditia
3118 5238 3451 5309 corporalis,
3491 5249 3614 5303 quas

2048 5331 2175 5387 fieri:
2213 5331 2349 5386 solet
2416 5346 2484 5385 ex
2546 5331 2940 5387 incontinentis
3006 5330 3252 5387 libidinis
3299 5342 3355 5388 et
3398 5328 3615 5386 mollitie

2047 5421 2261 5488 animae,
2294 5422 2415 5492 qua:
2455 5422 2730 5477 consentit
2755 5436 2869 5477 sum
2896 5422 3044 5476 carni
3084 5436 3337 5490 peccare.
3362 5420 3487 5487 Quia
3511 5415 3615 5470 tri-

2044 5511 2147 5567 bus
2192 5512 2369 5568 modis
2412 5528 2573 5568 omne
2620 5514 2800 5584 agitur
2844 5521 3128 5585 peccatum
3178 5530 3193 5566 :
3240 5513 3609 5584 suggestione.

2046 5601 2416 5667 delectatione,
2449 5618 2739 5660 consensu.

2118 5695 2412 5770 (Pi-asper.)
2470 5693 2573 5763 Qui
2626 5694 3078 5766 concupiscentizc
3135 5694 3319 5751 carnis
3371 5688 3612 5747 addictus
