3856 6190
226 344 335 401 669

1230 338 1318 394 DE
1354 337 1800 392 PCENITENTIA
1833 337 2011 393 LIBRI
2054 338 2118 393 ν.
2159 368 2225 378 —
2266 339 2396 394 LIB.
2436 340 2497 394 ΙΙ.

3358 347 3462 403 670

228 459 382 532 (est).
422 436 669 521 nuntuid
701 468 809 510 non
849 454 1065 527 videtur
1106 453 1235 509 nihil
1262 454 1463 509 habere
1501 452 1801 523 superbire?
1824 455 1879 514 Α
1903 452 2046 522 quod
2092 462 2176 508 est
2222 453 2424 508 licitum
2470 455 2835 510 moderamine
2884 470 2989 510 non
3038 464 3272 512 tenetur.
3312 459 3465 527 Quod

226 567 355 609 eum
380 546 683 621 praesertim
723 546 903 616 passio
934 546 1051 614 ipsa
1093 560 1222 601 eum
1240 546 1487 600 videatur
1514 544 1800 600 humiliare

227 641 481 698 luxuriat.
508 638 577 694 Et
603 646 805 701 nmen,
830 636 935 690 nisi
957 636 1110 705 prius
1126 634 1235 690 Deo
1262 634 1480 690 rebellis
1505 635 1796 690 existeret:

226 729 384 799 cuius
412 728 627 784 salubre
652 732 979 795 prmeeptum
1014 725 1083 780 de
1109 724 1366 793 pudican
1406 725 1794 788 conservanda,

225 820 451 893 superbi
509 818 733 888 spiritus
784 816 1202 886 praesumptione
1253 815 1587 881 contemnit,
1652 815 1798 869 nulla

224 929 353 968 eum
384 910 587 965 lasciva
612 907 877 977 cupiditas
901 914 1238 975 provocaret.
1268 904 1326 959 lu
1361 905 1541 959 animo
1565 903 1682 975 ejus
1707 904 1798 977 diu

224 1007 514 1073 deceptam
537 999 690 1071 μεθ.
717 994 1039 1067 disceptant]
1062 995 1157 1050 Dei
1179 1002 1497 1065 contemptis
1521 1003 1578 1050 et
1602 1004 1795 1048 metus.

223 1094 343 1151 Sed
373 1102 469 1147 aut
506 1096 846 1157 contemptus
875 1086 968 1141 Dei
1010 1084 1406 1157 praeponderat,
1448 1090 1504 1140 et
1536 1083 1800 1152 superbus

220 1184 442 1239 animus
479 1186 695 1248 recepta
735 1176 1031 1247 cupiditate
1079 1172 1389 1243 pudicitiam
1449 1171 1656 1242 perdit;
1706 1178 1800 1225 aut

219 1275 437 1328 obtinet
480 1277 677 1332 metus,
713 1275 771 1322 et
805 1265 1019 1320 animus
1043 1264 1154 1318 Deo
1190 1262 1486 1331 subjectus,
1517 1261 1797 1330 cupiditati

222 1360 389 1417 simul
415 1375 481 1414 ac
504 1356 771 1427 superbire
806 1354 1148 1410 contradicit.
1180 1353 1478 1423 Plerosque
1501 1352 1649 1406 enim
1673 1351 1797 1421 gula

224 1463 285 1508 et
326 1448 660 1507 abundantia
696 1446 807 1500 vini
862 1444 1089 1514 turpiter
1135 1446 1197 1497 in
1239 1442 1508 1497 luxuriam
1550 1440 1793 1496 solvunt:

220 1541 382 1605 alios,
409 1540 464 1595 in
500 1537 747 1606 iniuriam
773 1535 1043 1606 pudicitiae
1081 1532 1313 1606 sordidae
1337 1531 1691 1604 cogitationes
1717 1529 1800 1584 in-

219 1630 482 1686 cendunt.
534 1626 830 1682 Nonnullos
872 1623 1119 1694 deposita
1165 1623 1444 1688 castitate,
1483 1620 1799 1677 occasiones

220 1718 421 1774 oblatre
458 1714 755 1784 dejiciunt:
786 1715 1048 1784 quosdam
1087 1712 1188 1767 sub
1224 1711 1572 1782 impudicitiae
1607 1710 1795 1780 iugum

1899 542 2037 597 bene
2075 542 2213 597 [δοιὶι
2259 544 2313 597 in
2358 551 2529 598 semet
2563 544 2683 612 ipso
2713 544 2994 612 exprimit,
3040 547 3135 614 qui
3186 549 3464 607 ardentem

1901 631 2191 687 Sodomam
2225 631 2392 702 legit;
2428 633 2525 688 sed
2568 642 2746 688 tamen
2772 634 2942 704 Segor
2970 639 3210 702 veniens,
3263 654 3463 711 narun-

1898 736 2058 788 quam
2101 736 2229 776 mox
2281 730 2534 776 montana
2572 724 2903 778 conscendit.
2937 723 3227 781 Ardentem
3265 729 3463 800 quippe

1899 809 2187 865 Sodomam
2223 810 2428 883 fugere,
2458 821 2542 868 est
2571 814 2758 868 illicita
2797 816 2978 870 carnis
3014 817 3258 872 incendia
3293 821 3461 875 decli-

1897 915 2048 954 nare.
2090 900 2330 954 Altitudo
2368 914 2496 956 vero
2538 911 2621 956 est
2661 904 2947 969 montium,
2994 907 3255 960 munditia
3290 908 3462 963 conti—

1896 991 2159 1045 nentium.
2201 991 2265 1045 In
2288 1001 2472 1048 monte
2508 1002 2676 1059 stare,
2704 1003 2787 1048 est
2821 994 3109 1049 carnaliter
3143 1012 3248 1051 non
3282 998 3462 1052 adhae-

1897 1096 2037 1136 rere.

1963 1170 2035 1224 At
2058 1179 2247 1225 contra
2275 1172 2601 1227 admouendi-
2621 1181 2745 1228 sunt
2771 1174 2862 1244 (μιί
2888 1175 3035 1246 ligati
3064 1174 3325 1247 coniugiis
3347 1192 3457 1232 non

1896 1266 2040 1323 sunt,
2083 1267 2140 1314 ut
2172 1261 2455 1330 praeceptis
2495 1262 2805 1318 cmlestibus
2841 1277 2907 1318 eo
2955 1265 3153 1319 rectius
3198 1267 3454 1331 serviant,

1894 1364 2002 1418 quo
2031 1365 2123 1404 eos
2160 1351 2229 1405 ad
2256 1367 2415 1406 curas
2448 1353 2630 1408 mundi
2673 1368 3011 1425 nequaquam
3037 1353 3225 1425 jugum
3252 1355 3454 1422 copulas

1896 1438 2127 1495 carnalis
2165 1438 2406 1493 inclinat.

1963 1530 2297 1586 Admouendi
2355 1540 2480 1586 sunt
2525 1533 2779 1598 crelibes,
2834 1550 2902 1589 ne
2948 1534 3066 1588 sine
3113 1532 3457 1589 damnatione

1895 1622 2109 1677 misceri
2155 1638 2212 1677 se
2252 1622 2467 1678 feminis
2517 1623 2835 1678 vacantibus
2888 1631 3093 1693 putent.
3150 1622 3283 1677 Cum
3314 1623 3457 1677 enim

1894 1712 2093 1769 Paulus
2140 1713 2548 1768 fornicationem
2596 1712 2789 1767 vitium
2830 1719 2908 1766 tot
2945 1713 3260 1767 criminibus
3304 1726 3459 1768 exse-

218 1808 472 1880 exempla
504 1807 713 1877 perdite
741 1805 1035 1860 viventium
1064 1805 1301 1859 mittunt.
1350 1802 1488 1858 Sunt
1517 1801 1629 1867 alii,
1660 1816 1795 1872 quo-
1822 1790 1868 1849 Β
1894 1806 2117 1863 orandis
2147 1808 2395 1869 inseruit,
2421 1804 2574 1874 cujus
2599 1805 2670 1860 sit
2702 1811 2885 1861 reatus
2935 1804 3208 1869 indicavit,
3240 1804 3453 1861 dicens:

218 1915 341 1955 rum
388 1899 561 1952 vitam
602 1896 715 1951 vita
749 1896 922 1966 turpis
960 1893 1286 1956 inﬂammat,
1314 1901 1372 1948 et
1412 1900 1624 1961 turpem
1664 1906 1793 1946 con-

218 1987 515 2044 scientiam
546 1984 857 2041 manifestat
888 2003 902 2038 :
931 1984 1025 2054 qui
1057 1983 1208 2053 prius
1252 1983 1646 2038 inverecundus
1678 1995 1791 2036 scr-

218 2092 412 2132 mones
434 2083 531 2130 aut
555 2074 840 2146 proferunt
876 2075 1123 2137 libenter,
1157 2080 1253 2128 aut
1284 2071 1508 2127 audiunt
1541 2089 1555 2125 :
1590 2087 1654 2126 ac
1698 2070 1793 2126 de-

216 2166 348 2223 inde
382 2166 644 2237 paulatim
686 2166 875 2220 morbo
911 2171 1210 2229 crescente,
1247 2164 1323 2218 ab
1347 2162 1632 2218 honestate
1657 2161 1790 2216 deli-

215 2261 395 2317 ciunt.
429 2258 697 2328 Cugitatio
725 2257 923 2328 (puppe
951 2264 1055 2320 est,
1084 2270 1203 2324 quae
1229 2263 1473 2309 mentem
1501 2253 1643 2307 sicut
1672 2260 1789 2305 tur-

213 2349 301 2419 pis
344 2348 621 2416 inquinat;
654 2346 761 2412 ita,
792 2346 839 2402 si
877 2345 1037 2400 fuerit
1065 2347 1312 2409 honesta,
1338 2342 1607 2413 puriﬁcat.
1653 2339 1790 2394 Hinc

216 2448 321 2504 est,
358 2439 505 2508 quod
544 2438 635 2493 ille
672 2438 913 2507 corporis
945 2436 1121 2492 ﬂuxus
1152 2437 1244 2507 qui
1281 2436 1345 2490 lit
1386 2435 1447 2491 in
1477 2433 1791 2489 dormienti-

215 2530 340 2597 bus,
376 2531 494 2585 sine
523 2530 701 2599 culpa,
746 2528 1399 2599 intcrdumvigilantilms.
1421 2526 1703 2596 contingat
1724 2539 1790 2580 ex

216 2620 398 2689 culpa.
430 2618 589 2674 Aliud
623 2627 708 2675 est
734 2620 885 2689 quod
914 2619 968 2673 in
997 2619 1301 2674 dormiente
1329 2618 1388 2672 iit
1411 2634 1427 2674 :
1451 2617 1611 2682 aliud,
1647 2617 1790 2686 quod

218 2709 451 2780 vigilans
476 2708 625 2763 facit.
673 2709 750 2764 lbi
779 2709 1102 2764 naturaliter
1126 2709 1400 2779 plenitudo
1427 2708 1670 2763 humoris
1697 2722 1791 2763 ex-

216 2800 456 2871 pellitur.
490 2800 587 2855 Hic
614 2800 844 2870 turpiter
870 2800 1301 2870 concupiscentia
1326 2800 1652 2869 publicatur.
1684 2797 1791 2853 Sed

219 2890 335 2944 haec
399 2889 836 2959 concupiscentia
906 2889 1015 2944 illis
1056 2889 1402 2959 vigilantibus
1450 2890 1593 2944 hunc
1645 2888 1791 2943 elicit

217 2980 443 3045 nasum,
476 2980 673 3049 quibus
699 2996 797 3049 per
836 2978 981 3037 fmda
1013 2979 1285 3050 colloquia
1318 2978 1590 3036 sordidum
1634 2994 1786 3036 com-

216 3073 450 3127 moverit
477 3072 799 3143 appetitum.

782 3161 1007 3218 CAPUT
1056 3161 1216 3218 Χνιι.

683 3252 759 3307 De
808 3253 1034 3307 remedio
1080 3252 1327 3309 luxuriae.

296 3341 501 3396 Paulus
553 3342 829 3412 apostolus
880 3342 1197 3399 terribiliter
1251 3343 1507 3399 admonet
1553 3342 1782 3397 dicens:

215 3428 322 3497 Qui
354 3431 549 3485 habent
584 3447 794 3497 uxores,
830 3426 1215 3503 tanquam'non
1249 3431 1491 3486 habentes
1525 3431 1648 3493 sint,
1680 3439 1785 3489 etc.

287 3520 647 3592 (Gregorius).
708 3521 941 3577 Uxorem
972 3523 1167 3592 quippe
1205 3522 1358 3591 quasi
1395 3536 1505 3575 non
1542 3519 1789 3574 habendo

213 3609 405 3674 habet,
433 3609 529 3680 qui
558 3609 639 3664 sic
669 3624 768 3679 per
795 3609 940 3664 illam
966 3611 1169 3665 carnali
1196 3602 1562 3665 consolatione
1597 3607 1784 3672 utitur,

217 3710 278 3754 ut
310 3708 499 3753 tamen
536 3715 813 3770 nunquam
856 3702 923 3755 ad
964 3716 1128 3770 prava
1167 3715 1333 3769 opera
1367 3715 1402 3754 a
1427 3698 1667 3754 melioris
1710 3699 1792 3754 in—

222 3792 483 3846 tentionis
514 3791 855 3856 rectitudine,
887 3792 1013 3861 ejus.
1037 3807 1220 3846 amore
1248 3791 1510 3846 flectatur.
1553 3789 1790 3847 Uxorem

220 3883 419 3953 quippe
463 3881 620 3952 quasi
665 3897 774 3935 non
820 3881 1067 3936 habendo
1114 3881 1295 3945 habet,
1349 3879 1440 3949 qui
1481 3879 1791 3935 transitoria

217 3982 412 4027 cuncta
440 3971 780 4041 conspiciens
804 3986 947 4036 esse,
969 3985 1156 4024 curam
1185 3970 1365 4024 carnis
1385 3984 1453 4023 cx
1474 3969 1792 4024 necessitate

224 4061 452 4124 tolerat,
510 4061 606 4116 sed
656 4070 859 4115 aeterna
906 4058 1103 4131 gaudia
1158 4059 1379 4130 spiritus
1423 4073 1491 4112 ex
1527 4057 1792 4113 desiderio

222 4155 522 4219 exspectat.
565 4147 714 4203 Unde
755 4148 952 4202 iterum
981 4145 1248 4202 dicitzbe
1289 4146 1476 4218 quibus
1511 4146 1792 4216 scripsistis

219 4242 349 4294 mihi
396 4258 414 4296 :
454 4237 663 4293 Bonum
710 4248 784 4293 est
843 4237 1043 4291 homini
1099 4236 1370 4291 mulierem
1414 4252 1525 4290 non
1558 4244 1789 4306 tangere.

223 4328 452 4397 Propter
478 4322 877 4395 fornicationem
904 4335 1076 4382 autem
1102 4327 1450 4397 unusquisque
1473 4341 1624 4379 suam
1653 4340 1789 4379 uxo-

217 4434 323 4472 rem
344 4417 580 4472 habeat:
608 4426 654 4470 et
680 4433 1005 4489 unaquaeque
1042 4433 1194 4471 suum
1234 4417 1400 4471 virum
1421 4415 1629 4469 habeat.
1675 4413 1791 4469 Hoc

215 4517 391 4559 autem
428 4506 565 4570 dico,
604 4507 887 4560 secundum
918 4504 1330 4575 indulgentiam,
1364 4521 1467 4558 non
1501 4505 1784 4557 secundum

212 4596 514 4665 imperium.
545 4594 711 4664 Culpa
743 4597 939 4665 quippe
973 4609 1092 4650 esse
1130 4594 1393 4657 innuitur,
1423 4594 1566 4661 quod
1614 4591 1786 4646 indul-

213 4700 346 4755 gere
393 4687 748 4755 perhibetur:
779 4688 870 4741 sed
913 4702 1033 4756 qua:
1083 4694 1231 4740 tanto
1283 4685 1441 4739 citius
1490 4685 1791 4749 relaxetur,

214 4785 421 4845 «quanto
445 4793 552 4832 non
583 4787 704 4849 post
730 4780 866 4835 hanc
893 4779 1138 4834 illicitum
1166 4779 1293 4849 quid
1322 4786 1534 4847 agatur,
1563 4778 1657 4832 scd
1684 4780 1786 4833 hoc

234 4926 343 4940 _

1820 4463 1869 4524 D

1893 1898 2075 1968 Neque
2122 1897 2504 1967 fornicatores,
2544 1911 2706 1966 neque
2749 1895 2906 1949 idolis
2944 1894 3252 1959 servientes,
3295 1910 3457 1965 neque

1891 1986 2095 2053 molies,
2125 2002 2286 2056 uenite
2317 1984 2673 2039 masculorum
2692 1985 3065 2049 concubitores,
3095 2000 3255 2054 neque
3289 1984 3454 2053 fures,

1890 2091 2054 2146 neque
2086 2077 2264 2140 avari,
2314 2090 2476 2145 neque
2515 2074 2739 2141 ebriosi,
2790 2090 2952 2144 neque
2994 2071 3253 2137 maledici,
3296 2090 3457 2143 neque

1890 2184 2105 2237 rapaces
2137 2183 2351 2238 regnum
2372 2166 2467 2220 Dei
2500 2166 2855 2237 possidebunt.
2896 2166 2962 2220 Et
3004 2180 3190 2220 rursus
3222 2184 3235 2218 :
3268 2164 3458 2219 Furni-

1889 2268 2091 2312 αιτιοι-αδ
2119 2267 2167 2311 ει
2197 2256 2460 2312 adulteros
2480 2255 2741 2327 judicabit
2764 2254 2927 2309 Deus.
2953 2253 3024 2308 At
3052 2264 3240 2309 contra
3272 2254 3456 2308 admo-

1888 2349 2053 2405 nendi
2078 2357 2202 2404 sunt
2223 2357 2449 2417 peccata
2475 2347 2656 2404 carnis
2679 2346 3015 2421 ignorantes,
3041 2354 3104 2400 ut
3131 2352 3279 2399 tanto
3307 2345 3455 2400 solli—

1889 2441 2049 2497 citius
2094 2442 2423 2511 praecipitcm
2468 2441 2682 2495 ruinam
2730 2447 2997 2505 metuant,
3049 2447 3253 2509 quanto
3298 2438 3459 2493 altius

1888 2538 2052 2586 sunt.
2101 2531 2308 2598 Quibus
2346 2547 2447 2600 per
2483 2529 2747 2586 Joannem
2798 2532 2993 2585 dicitur
3029 2533 3063 2583 ;⁴
3088 2528 3163 2583 Hi
3207 2540 3326 2583 sunt
3369 2530 3458 2599 qui

1888 2636 2003 2675 cum
2041 2618 2351 2674 mulieribus
2385 2635 2491 2674 non
2530 2629 2650 2674 sunt
2688 2619 3030 2690 coinquinati.
3074 2617 3148 2671 Hi
3169 2626 3459 2688 sequuntur

1888 2710 2119 2781 Aenum,
2155 2727 2462 2782 quocunque
2501 2711 2638 2765 ierit.
2688 2710 3030 2780 Quapropter
3067 2725 3188 2765 cum
3232 2708 3460 2779 eruperit

1888 2802 2101 2856 animus
2140 2802 2208 2860 ad
2246 2800 2659 2857 delectationem
2694 2789 2898 2857 carnis!
2921 2800 3202 2865 inclinare,
3246 2807 3458 2870 oportet

1887 2895 2135 2950 timorem
2164 2895 2352 2966 iudicii
2384 2896 2455 2951 ad
2480 2902 2721 2953 mentem
2744 2895 3021 2960 reducere,
3046 2894 3345 2963 pinnasque
3371 2892 3456 2946 in-

1886 2985 2202 3049 fernalium,
2257 2986 2348 3041 ubi
2410 3001 2604 3051 nemo,
2660 2986 2764 3040 nisi
2814 2985 3032 3040 obnoxii
3084 2985 3453 3049 retruduntur,

1888 3077 2115 3135 sollicite
2161 3078 2398 3149 cogitare
2429 3092 2715 3147 :quzenam
2757 3092 2917 3146 poena
2965 3074 3181 3147 iniustis
3217 3076 3288 3131 sit
3330 3075 3455 3129 red-

1811 3127 1856 3190 C
1887 3168 2059 3224 dendo
2092 3127 2311 3222 aeternis
2339 3127 2632 3237 suppiiciis.
2677 3127 2829 3223 Unde
2858 3127 3117 3235 seript'um
3152 3174 3237 3222 est
3264 3180 3279 3218 :
3305 3163 3458 3219 Mitte

1885 3271 1972 3311 eos
2010 3256 2068 3309 in
2099 3255 2335 3310 tenebras
2376 3257 2690 3320 exteriores,
2726 3256 2797 3309 ibi
2845 3257 2942 3309 erit
2968 3257 3121 3325 fletus
3163 3264 3213 3309 et
3259 3252 3459 3308 stridor

1887 3345 2165 3399 dentium:
2192 3345 2283 3399 ubi
2321 3346 2519 3400 vermis
2557 3360 2745 3400 eorum
2790 3359 2896 3399 non
2937 3344 3189 3408 moritur,
3229 3351 3286 3398 et
3316 3343 3458 3411 ignis

1886 3449 2074 3488 eorum
2102 3450 2208 3487 non
2236 3434 2629 3502 exstinguctur.

1959 3523 2252 3596 (Prospera)
2277 3523 2423 3591 Quid.
2441 3523 2805 3579 excusationis
2828 3521 3119 3577 obtendere
3138 3521 3459 3592 poterimus,

1888 3615 2020 3686 quid
2065 3614 2329 3670 faciamus
2365 3612 2464 3667 sub
2512 3612 2645 3666 tanti
2687 3610 2885 3680 judicis
2934 3611 3218 3681 majestate
3266 3610 3322 3665 in
3364 3610 3460 3665 illa

1889 3706 2016 3769 die?
2059 3720 2167 3776 qua
2215 3718 2314 3760 nos
2362 3701 2688 3758 defensionis
2730 3711 2846 3756 arte
2896 3701 3283 3772 purgabimus?
3337 3717 3460 3772 quae

1888 3796 2046 3852 nobis
2069 3796 2396 3851 subventura
2424 3798 2506 3848 est
2532 3791 2868 3863 poenitentia,
2898 3806 3061 3859 quam
3089 3790 3144 3843 in
3171 3791 3272 3844 hac
3296 3805 3462 3844 cariie

1889 3884 2348 3955 contempsimus?
2389 3881 2515 3937 llaec
2556 3881 2724 3935 multa
2768 3888 2823 3935 et
2862 3881 2949 3934 bis
2984 3879 3182 3934 similia
3221 3881 3461 3950 cogitare

1890 3975 2025 4030 nihil
2052 3982 2135 4030 est
2162 3972 2331 4041 aliud,
2359 3988 2523 4042 quam
2549 3972 2694 4027 vitiis
2729 3970 2979 4027 omnibus
3003 3970 3282 4041 repudium
3307 3969 3459 4036 dare,
3482 3989 3488 3995 ί

1891 4071 1946 4117 et
1972 4063 2152 4137 omnia
2188 4062 2552 4117 blandimenta
2580 4059 2822 4115 carnalia
2848 4057 3141 4113 refrenare.

1963 4150 2069 4207 Sed
2106 4152 2230 4222 quia
2271 4152 2337 4206 de
2372 4162 2495 4206 octo
2547 4152 2931 4222 principalibus
2978 4151 3121 4204 vitiis
3165 4164 3461 4219 eorumque

1892 4244 2168 4309 remediis,
2213 4254 2375 4312 prout
2420 4244 2645 4312 largitor
2687 4243 2927 4297 omnium
2977 4242 3237 4295 bonorum
3288 4239 3458 4306 dedit,

1892 4348 1960 4389 ex
1992 4344 2309 4390 sanctorum.
2338 4333 2558 4387 Patrum
2600 4332 2880 4387 sententiis
2915 4332 3089 4402 stylus
3130 4338 3328 4384 nostra:
3362 4330 3459 4384 de-

1894 4422 2202 4493 scriptionis
2250 4421 2547 4497 colligenqo
2605 4421 2923 4490 perstrinxit
2968 4437 2981 4472 :
3028 4418 3237 4474 libellus
3297 4418 3460 4475 linem

1892 4513 2145 4582 excipiat,
2176 4519 2235 4565 ut
2272 4512 2327 4565 in
2364 4511 2606 4580 sequenti
2649 4525 2843 4579 opere,
2874 4510 2939 4565 de
2975 4509 3292 4574 virtutibus,
3321 4508 3462 4562 unde

1892 4604 1979 4658 hic
2006 4618 2176 4672 pauca
2224 4602 2519 4673 tetigimus,
2550 4600 2783 4655 donante
2808 4599 3067 4667 Domino,
3105 4597 3315 4670 plenius
3347 4596 3460 4652 dis-

1890 4701 2159 4762 putemus.

1375 5061 1675 5142 LIBER
1746 5061 2309 5138 SECUNDUS.

1643 5238 2028 5258 .———n

299 5329 572 5401 Superiori
619 5328 758 5384 libro
805 5329 1065 5383 rationem
1114 5328 1367 5383 vitiorum
1411 5326 1787 5398 principalium

210 5429 348 5479 octo
384 5419 738 5489 complexus,
766 5433 864 5487 pro
899 5415 1134 5481 viribus,
1167 5431 1272 5486 qua
1300 5415 1561 5469 Dominus
1595 5414 1795 5469 donare

213 5512 555 5584 dignabitur,
602 5512 670 5565 de
717 5509 912 5565 actuali
956 5516 1011 5564 et
1058 5506 1473 5576 contemplativa
1524 5506 1655 5571 vita,
1694 5521 1795 5561 nec

212 5617 330 5659 non
358 5609 415 5656 et
442 5601 748 5667 virtutibus,
778 5600 855 5655 uti
888 5597 1133 5669 promisi,
1156 5613 1222 5653 ex
1242 5597 1463 5653 Patrum
1494 5595 1652 5653 dictis
1681 5596 1795 5653 col-

216 5696 392 5768 [igere
424 5693 609 5749 curavi

2404 5322 2629 5378 CAPUT
2674 5323 2959 5381 PRIMUM.

2418 5452 2420 5455 ι
2481 5414 2558 5468 De
2579 5416 2679 5469 vita
2699 5417 2888 5471 activa.

1972 5504 2265 5576 (Prosper.)
2303 5503 2542 5560 Actualis
2570 5508 2785 5561 estvita
2823 5504 3158 5561 conversatio
3191 5500 3477 5577 religiosa,

1903 5610 2022 5667 qua:
2054 5596 2245 5651 edocet
2283 5595 2550 5666 quomodo
2592 5596 2864 5666 praepositi
2908 5595 3009 5649 sub
3054 5608 3111 5648 se
3146 5602 3338 5662 regant
3386 5597 3467 5650 vi-

1906 5695 2091 5744 ventes
2121 5696 2175 5742 et
2219 5687 2457 5759 diligant,
2488 5702 2549 5743 ac
2585 5702 2692 5743 non
2729 5687 2906 5742 minus
2944 5686 3009 5742 de
3047 5702 3234 5745 eorum
3265 5687 3479 5760 salute,
