3856 6190
343 383 436 438 671

1292 377 1683 433 HALITGARII
1720 374 2027 432 EPiSCOPl
2065 371 2598 428 CAMERACENSIS

3479 379 3513 435 6
3522 380 3580 437 72

339 500 500 556 quam
548 486 615 539 de
661 500 755 539 sua
801 484 1036 548 solliciti,
1086 484 1228 552 quod
1285 485 1366 539 eis
1409 484 1664 550 eXpedire
1715 484 1913 548 sciunt,
1943 489 1991 546 Α
2020 482 2110 553 ligi
2137 483 2280 551 quod
2313 497 2418 536 non
2442 482 2573 537 ﬁdes
2605 497 2669 536 ex
2706 480 3000 549 intellectu,
3149 501 3215 540 ex
3243 485 3346 542 ﬁde
3372 488 3571 546 intelle'

334 584 560 645 paterna
588 589 714 627 cura
746 572 1064 642 provideant
1089 589 1102 624 :
1127 581 1182 626 et
1216 572 1448 641 qualiter
1473 571 1762 640 praeposito
1807 586 1905 626 suo

335 664 594 733 subjecti,
645 673 898 734 tanquam
945 664 1104 732 capiti
1158 665 1401 718 membra
1447 661 1789 728 deserviant,
1848 677 1911 717 ac

334 764 602 825 prmcepta
641 753 779 824 ejus,
816 753 963 806 velut
1006 752 1290 821 imperium
1326 752 1443 816 Dei,
1476 766 1686 805 summo
1728 765 1913 804 amore

335 843 662 898 custodiant.
721 841 841 910 lpsa
884 857 1116 910 namque
1155 840 1380 895 actualis
1420 841 1530 894 vita
1563 855 1758 910 panem
1790 855 1913 895 esu-

338 938 499 991 rienti
541 937 756 999 tribuit,
795 937 959 990 verbo
999 935 1280 1003 sapientiae
1332 934 1662 988 nescientem
1699 933 1908 998 edocet,

335 1035 606 1082 errantem
635 1027 876 1095 corrigit,
908 1024 974 1079 ad
1003 1025 1318 1078 humilitatis
1341 1024 1482 1077 viam
1513 1022 1911 1091 superbientem

336 1116 641 1187 proximum
677 1123 914 1179 revocat,
967 1113 1294 1168 inﬁrmantis
1343 1127 1530 1166 curam
1578 1112 1758 1182 gerit:
1792 1126 1912 1180 quae

337 1206 564 1278 singulis
610 1207 912 1274 quibusque
963 1204 1276 1273 expediant,
1331 1203 1727 1272 dispensatzet
1759 1216 1909 1256 com-

338 1295 542 1358 missis,
593 1293 824 1364 qualiter
856 1292 1152 1347 subsistere
1189 1290 1425 1355 valeant,
1464 1290 1693 1344 sollicite
1733 1289 1912 1359 provi-

339 1389 450 1442 det.
479 1386 609 1454 Quae
637 1402 758 1440 cum
789 1394 844 1440 et
874 1386 927 1438 in
956 1383 1209 1455 praesenti
1249 1382 1402 1446 ﬁunt,
1439 1389 1639 1436 etcum
1683 1396 1912 1449 corpore

340 1479 616 1543 deﬁciunt,
669 1486 904 1532 attamen
959 1490 1168 1530 merces
1215 1475 1374 1545 hujus
1399 1474 1522 1527 viae
1546 1480 1828 1542 permanet
1857 1472 1912 1524 in

343 1577 628 1623 aeternum.

959 1655 1183 1710 CAPUT
1223 1654 1286 1708 Η.

795 1749 872 1802 De
902 1749 1002 1801 vita
1036 1745 1451 1817 contemplativa.

2012 580 2133 626 ctus
2153 571 2356 625 existat
2393 589 2406 624 :
2439 586 2503 626 ac
2532 585 2630 640 per
2650 573 2776 636 hoc,
2803 580 2864 625 ut
2892 572 3030 627 bene
3057 582 3200 644 agat,
3244 577 3367 645 quis
3396 579 3576 634 intelli-

2011 679 2139 736 gere
2180 665 2418 730 studeat,
2467 673 2522 718 et
2561 673 2620 718 ut
2666 664 2953 732 intelligat,
2979 667 3188 731 credat,
3209 668 3369 724 debet
3397 671 3576 727 doctor

2013 754 2269 810 Ecclesiae
2306 754 2623 825 prmdicare,
2669 755 2812 823 quod
2845 757 3030 810 audiat
3072 759 3377 816 crediturus
3416 763 3575 832 :quia

2013 847 2129 902 sine
2154 847 2538 917 praedicatione
2574 845 2752 900 nullus
2779 846 2886 900 erit
2907 847 3143 912 auditus,
3176 851 3436 919 scriptum
3461 862 3571 907 est:

2015 935 2289 1002 Quomodo
2337 936 2549 990 audient
2601 936 2712 990 sine
2760 923 3078 1005 prtedicante
3112 940 3138 992 .’
3182 938 3415 995 Verbum
3460 942 3574 999 ﬁdei

2013 1026 2411 1095 prtedicandum
2441 1034 2543 1091 est,
2567 1035 2627 1079 ut
2664 1025 2888 1080 audiens
2917 1027 3126 1094 credat,
3165 1031 3392 1086 credens
3431 1032 3578 1086 intel-

2012 1117 2163 1188 ligat,
2199 1125 2254 1170 et
2277 1115 2582 1186 intelligens
2603 1131 2738 1184 opus
2765 1116 2965 1170 bonum
2989 1131 3402 1187 perseveranter
3431 1138 3577 1178 exer-

2014 1215 2137 1260 ceat
2161 1223 2173 1259 :
2205 1206 2461 1275 quoniam
2491 1222 2583 1260 nec
2611 1221 2768 1275 opera
2797 1206 2908 1259 sine
2933 1207 3059 1274 ﬁde,
3102 1225 3193 1262 nec
3212 1211 3323 1264 sine
3345 1214 3576 1282 operibus

2011 1294 2142 1363 ﬁdes
2161 1293 2274 1348 sola
2295 1293 2577 1364 justiﬁcat.
2606 1294 2672 1348 Et
2709 1294 2852 1359 ideo,
2892 1296 2937 1348 si
2963 1296 3119 1350 corde
3146 1299 3378 1353 creditur
3412 1300 3479 1354 ad
3494 1302 3578 1370 ju-

2012 1385 2235 1451 stitiam,
2264 1401 2352 1439 ore
2384 1395 2557 1438 autem
2594 1385 2855 1454 confessio
2893 1387 2955 1454 ﬁt
2983 1389 3050 1440 ad
3088 1389 3330 1444 salutem.
3367 1391 3464 1458 Qui
3495 1409 3581 1448 au-

2014 1483 2124 1530 tem
2152 1491 2260 1530 non
2304 1477 2618 1543 crediderit,
2664 1495 2770 1549 non
2810 1480 3060 1536 habendo
3097 1481 3278 1550 ﬁdem,
3311 1499 3411 1539 nec
3434 1483 3585 1554 justi-

2016 1566 2145 1620 tiam
2173 1567 2352 1622 cordis
2365 1568 2564 1622 habere
2592 1569 2810 1638 poterit,
2843 1584 2945 1624 nec
2974 1569 3224 1625 salutem.

2085 1655 2181 1709 Est
2197 1665 2372 1710 autem
2391 1657 2543 1725 ﬁdes,
2569 1667 2630 1712 ut
2648 1658 2940 1729 Apostolus
2960 1661 3056 1727 ait,
3071 1664 3452 1732 sperandarum
3471 1668 3592 1720 sub-

2015 1747 2209 1800 stantia
2232 1763 2425 1813 rerum,
2457 1759 2820 1817 argumentum
2857 1761 2959 1805 non
2989 1756 3373 1823 apparentium.
3405 1755 3474 1810 In
3497 1759 3592 1812 hac

413 1841 834 1910 Contemplativa
867 1840 975 1893 vita
1015 1854 1043 1892 a
1076 1837 1507 1906 contemplando,
1546 1835 1600 1890 id
1627 1844 1732 1901 est,
1776 1851 1807 1888 a
1835 1834 1916 1889 vi-
1941 1821 1988 1880 Β
2016 1837 2154 1891 enim
2177 1837 2523 1891 testimonium
2547 1841 2809 1894 consecuti
2837 1852 2956 1895 sunt
2977 1821 3142 1897 senes.
3180 1843 3317 1898 Fide
3342 1846 3593 1917 intelligi-

343 1934 540 1999 dendo,
573 1947 767 1988 nomen
808 1931 1051 1999 accepit:
1081 1927 1352 1999 (Prosper,
1382 1927 1474 1980 lib.
1504 1943 1521 1980 ι
1547 1929 1610 1981 de
1641 1924 1760 1980 Vita
1788 1943 1915 1980 con-

346 2037 502 2091 temp.
529 2043 646 2095 cap.
673 2023 724 2094 l)
767 2024 819 2076 in
849 2038 978 2091 qua,
1017 2021 1328 2075 Creatorem
1361 2033 1517 2074 suum
1557 2027 1806 2075 creatura
1835 2019 1919 2072 in-

344 2115 686 2177 tellectualis,
704 2114 772 2167 ab
798 2112 943 2166 omni
972 2118 1194 2181 peccato
1221 2119 1472 2180 purgata,
1490 2117 1651 2178 atque
1674 2124 1742 2162 ex
1770 2109 1918 2164 omni

342 2215 497 2278 parte
528 2215 738 2271 sanata,
767 2205 947 2258 visura
989 2211 1093 2258 est.
1136 2201 1245 2256 Sed
1280 2201 1382 2255 etsi
1425 2200 1707 2270 diligenter
1741 2199 1920 2254 consi-

342 2296 536 2350 derare
567 2295 793 2349 velimus
831 2294 885 2347 in
911 2295 1013 2348 hoc
1047 2291 1221 2362 fragili
1261 2289 1629 2354 tabernaculo,
1661 2289 1751 2343 ubi
1781 2305 1917 2359 quo-

343 2386 474 2442 tidie
523 2385 964 2457 ingemiscimus,
1010 2381 1440 2452 contemplativa
1489 2381 1615 2434 vitae
1656 2380 1916 2449 quodam-

341 2478 504 2534 modo
527 2479 818 2548 participes
849 2475 964 2530 ﬁeri
993 2489 1296 2544 possumus,
1340 2487 1499 2527 nemo
1527 2470 1650 2541 quis
1675 2471 1914 2526 dubitet:

342 2566 469 2637 quia
509 2566 780 2639 (Prosper,
811 2565 966 2629 ibid.,
992 2581 1108 2634 cap.
1136 2562 1222 2632 15)
1254 2561 1618 2616 Ecclesiarum
1647 2559 1920 2630 principes

345 2659 466 2712 vitae
502 2656 932 2726 contemplativze
972 2669 1152 2724 posse,
1200 2661 1256 2708 et
1296 2654 1494 2708 debere
1531 2651 1646 2707 ﬁeri
1692 2659 1922 2707 sectato-

343 2766 477 2806 res:
519 2750 644 2820 quia
683 2751 798 2804 sive
844 2749 1137 2804 secundum
1181 2746 1538 2816 quorumdam
1587 2745 1918 2815 opinionem,

343 2840 476 2895 nihil
513 2839 657 2893 aliud
697 2841 767 2894 sit
805 2840 914 2893 vita
961 2838 1399 2907 contemplativa,
1433 2853 1596 2906 quam
1625 2851 1807 2890 rerum
1845 2835 1921 2890 la-

344 2931 614 2994 tentium,
662 2929 1076 3000 futurarumque
1131 2929 1362 2994 notitia;
1419 2929 1531 2983 sive
1586 2928 1797 2981 vacatio
1853 2927 1921 2982 ab

343 3019 594 3073 omnibus
619 3018 1061 3088 occupationibus
1088 3018 1303 3082 mundi,
1339 3018 1452 3071 sive
1475 3017 1779 3071 divinarum
1811 3025 1924 3072 stu-

345 3108 844 3169 dium'litterarum,
875 3123 985 3162 non
1009 3107 1223 3162 videtur
1245 3107 1374 3176 quid
1400 3106 1768 3176 impedimenti
1799 3122 1923 3160 san-

347 3199 450 3254 ctis
477 3200 846 3255 sacerdotibus
873 3199 1044 3269 possit
1071 3173 1280 3262 afferri,
1326 3173 1614 3267 quominus
1653 3197 1722 3251 ad
1748 3199 1920 3252 virtu-
1948 3173 1992 3235 C

346 3301 428 3347 tes
455 3300 724 3362 nequeant
748 3292 1070 3361 pervenire:
1097 3306 1326 3360 quorum
1357 3306 1488 3345 cura
1525 3301 1611 3346 est
1656 3292 1723 3346 ab
1755 3306 1919 3346 occu-

347 3381 655 3452 pationibus
679 3381 862 3436 mundi
893 3379 1169 3451 aufugere,
1201 3387 1256 3434 et
1276 3381 1578 3435 divinarum
1609 3380 1800 3435 studiis
1829 3381 1918 3434 lit-

349 3479 588 3525 terarum
625 3471 907 3525 inhazrere.
953 3470 1052 3537 Qui
1093 3485 1201 3526 non
1242 3478 1456 3540 torpent
1499 3471 1632 3536 otio,
1666 3469 1759 3525 sed
1793 3471 1923 3526 insi-

346 3572 497 3618 stunt
531 3563 878 3634 perfectionis
920 3579 1030 3618 sua:
1074 3564 1288 3634 negotio
1314 3581 1326 3615 :
1351 3563 1516 3617 verbo
1547 3563 1640 3616 Dei
1676 3562 1914 3632 infatiga-

343 3655 525 3711 biliter
574 3663 790 3720 vacant,
840 3655 1113 3724 sapientes
1161 3654 1432 3708 veraciter
1480 3654 1636 3717 ﬁunt,
1677 3652 1921 3706 cmlestia

347 3745 597 3814 sapiunt;
649 3752 864 3798 terrena
913 3745 1234 3813 despiciunt,
1279 3744 1590 3797 obedientes
1625 3743 1921 3808 instruunt,

348 3837 554 3892 sanctis
584 3836 896 3900 virtutibus,
925 3835 1118 3903 quibus
1153 3835 1205 3887 in
1242 3835 1356 3888 dies
1393 3834 1631 3904 singulos
1661 3834 1790 3888 ﬁant
1812 3833 1923 3888 Deo

347 3925 780 3998 propinquiores,
835 3924 1170 3978 incumbunt.
1215 3924 1344 3990 Quae
1386 3925 1493 3977 vita
1540 3940 1636 3994 per
1663 3924 1822 3978 ﬁdem
1870 3933 1924 3980 et

348 4031 497 4085 spem
531 4015 584 4068 in
611 4014 859 4084 praesenti
896 4013 1082 4082 incipit
1119 4012 1334 4079 seculo,
1373 4013 1466 4069 sed
1506 4013 1562 4067 in
1597 4013 1778 4069 futuro
1804 4028 1925 4084 per-

351 4114 536 4161 manet
570 4120 692 4158 cum
719 4103 965 4158 Domino.
1653 4107 1680 4134 ἰ

885 4217 887 4220 ⁴
960 4193 1187 4251 CAPUT
1224 4193 1315 4252 Ill.

1021 4287 1099 4342 De
1127 4287 1251 4356 ﬁde.

420 4381 579 4438 Fides
598 4395 728 4436 vero
751 4379 975 4450 Ῑυδιὶιίω
1002 4389 1087 4435 est
1120 4379 1552 4444 fundamentum,
1579 4393 1739 4448 quam
1775 4379 1922 4434 nulla

346 4486 509 4543 opera
548 4471 686 4526 bona
727 4470 1057 4541 praaeedunt,
1085 4485 1151 4524 ex
1194 4486 1299 4540 qua
1322 4483 1347 4510 δ
1378 4470 1555 4523 omnia
1595 4469 1915 4540 procedunt.

350 4563 461 4632 lpsa
494 4576 595 4616 nos
625 4575 653 4613 a
680 4561 917 4630 peccatis
946 4559 1195 4613 omnibus
1227 4566 1442 4626 purgat,
1479 4568 1688 4613 mentes
1711 4567 1924 4615 nostras

350 4655 635 4719 illuminat,
670 4653 779 4706 Deo
818 4651 1152 4715 reconciliat,
1199 4651 1412 4706 cunctis
1441 4649 1796 4718 participibus
1827 4666 1923 4705 no-

351 4759 477 4803 stra:
505 4755 710 4800 natura:
735 4745 1008 4799 consociat
1035 4762 1047 4797 :
1078 4758 1227 4812 spem
1270 4743 1427 4798 nobis
1454 4741 1650 4795 futurae
1676 4756 1927 4797 remune-

353 4836 578 4891 rationis
608 4836 854 4904 inspirat,
894 4840 1051 4904 auget
1079 4835 1132 4887 in
1158 4834 1313 4888 nobis
1336 4833 1566 4886 virtutes
1599 4841 1834 4896 sanctas,
1861 4848 1925 4886 ac

352 4943 451 4985 nos
479 4927 532 4981 in
557 4943 743 4981 earum
787 4925 1124 4996 professione
1171 4924 1455 4978 conﬁrmat
1479 4922 1526 4973 ι».
1557 4922 1674 4991 lpsa
1711 4937 1925 4992 quoque

351 5019 551 5092 gradus
600 5019 930 5072 ascensionis
981 5024 1086 5080 est,
1137 5030 1234 5084 per
1275 5029 1436 5083 quam
1488 5029 1704 5084 gressus
1750 5015 1929 5070 omnis

354 5111 687 5168 transeuntis
715 5110 839 5164 vita:
874 5108 1124 5178 dirigitur
1152 5123 1165 5158 :
1190 5113 1250 5159 ut
1277 5120 1490 5161 errores
1525 5105 1773 5159 humana:
1804 5105 1930 5160 vitae

355 5201 702 5273 transfugiat,
733 5210 788 5255 et
813 5201 879 5255 ad
902 5199 1142 5255 caelestia
1172 5213 1395 5253 securus
1422 5199 1735 5268 perveniat:
1764 5214 1926 5267 quam

353 5296 609 5355 sacerdos
661 5308 819 5349 nosse
861 5294 1037 5357 debet,
1081 5301 1139 5345 ut
1186 5293 1377 5345 doceat
1404 5310 1416 5345 :
1448 5299 1502 5346 et
1542 5292 1772 5360 populus
1810 5307 1929 5345 cre-

352 5392 502 5455 dere,
526 5396 669 5442 utea
699 5401 818 5456 qua:
837 5385 1062 5438 docetur
1085 5383 1364 5453 intelligat,
1398 5384 1611 5438 dicente
1633 5384 1920 5452 Apostolo:

353 5481 474 5536 Nisi
514 5477 860 5542 credideritis,
906 5492 1009 5530 non
1041 5475 1357 5546 intelligetis.
1391 5474 1544 5530 Unde
1569 5475 1726 5528 datur
1772 5475 1927 5529 intel-

423 5631 447 5657 ιι
470 5585 681 5686 Prosp.,
717 5631 793 5686 ea;
817 5611 1223 5686 quo.‘_Explieat_
1246 5610 1435 5679 Prosp.
1470 5609 1569 5686 lib;
1594 5627 1608 5664 ι
1636 5610 1702 5664 de
1731 5609 1920 5686 Vocat.

351 5695 518 5755 gent..
570 5679 688 5755 cap.
727 5679 1108 5755 25,’ρι1ὶςεῂ.
1160 5683 1226 5737 azl
1252 5690 1503 5750 excerpta
1531 5679 1917 5745 chuensium,

345 5754 492 5822 resp.
523 5755 587 5808 ad
615 5754 795 5826 priora
821 5757 854 5808 ’5
881 5754 1063 5808 dubia.
1111 5763 1114 5766 ’

2017 1945 2134 1983 mus
2171 1938 2426 1999 apparata
2460 1947 2569 1984 esse
2590 1931 2784 1985 stecula
2830 1932 2998 1987 Verbo
3028 1934 3146 2000 Dei,
3177 1945 3236 1989 ut
3267 1953 3332 1991 ex
3357 1939 3594 1994 invisibi-

2018 2018 2154 2072 libus
2185 2019 2410 2073 visibilia
2445 2020 2648 2088 ﬁerent.
2695 2021 2851 2088 Fide,
2887 2022 3169 2093 plurimam
3208 2026 3433 2081 hostiam
3472 2029 3600 2084 Abel

2017 2123 2176 2178 quam
2207 2107 2339 2162 Cain
2377 2108 2580 2163 obtulit.
2606 2108 2763 2176 Fide,
2790 2102 2968 2166 Enoch
2998 2113 3288 2169 translatus
3315 2124 3418 2180 est,
3441 2134 3508 2170 ne
3536 2120 3605 2172 ci-

2021 2199 2162 2252 deret
2185 2209 2422 2253 mortem.
2448 2197 2607 2265 Fide,
2634 2201 2902 2255 Abraham
2931 2203 3115 2256 obtulit
3137 2203 3317 2270 Isaac,
3344 2224 3467 2260 cum
3494 2217 3609 2261 ten-

2021 2296 2244 2354 taretur,
2273 2297 2329 2342 et
2357 2289 2503 2357 quia,
2533 2289 2674 2344 sicut
2714 2289 2856 2345 idem
2890 2291 2965 2345 ait
3004 2290 3312 2362 Apostolus,
3361 2296 3478 2348 sine
3504 2295 3612 2362 ﬁde

2020 2379 2338 2450 impossibile
2361 2388 2435 2433 est
2456 2379 2661 2450 placere
2686 2379 2815 2434 Deo.
2844 2381 2911 2436 Et
2934 2382 3130 2436 iterum
3159 2400 3171 2435 :
3200 2381 3287 2436 Ea:
3304 2383 3414 2452 ﬁde
3441 2386 3618 2454 igitur

2011 2471 2297 2542 justiﬁcati
2335 2489 2517 2542 pacem
2551 2473 2835 2527 habeamus
2871 2474 2940 2527 ad
2975 2473 3143 2527 Deum
3179 2491 3272 2545 per
3314 2474 3616 2529 Dominum

2021 2571 2259 2617 nostrum
2283 2561 2467 2617 Iesum
2500 2561 2768 2618 Christum
2793 2578 2918 2635 :per
2943 2579 3097 2636 quem
3139 2573 3188 2618 et
3213 2581 3488 2618 accessum
3511 2567 3620 2618 lm-

2023 2653 2200 2708 bemus
2229 2671 2322 2724 per
2356 2655 2514 2722 ﬁdem
2543 2656 2597 2710 in
2637 2657 2863 2725 gratiam
2890 2658 3044 2710 istam
3071 2657 3123 2709 in
3152 2673 3255 2732 qua
3291 2667 3528 2722 stamus,
3571 2667 3624 2710 et

2022 2744 2314 2814 gloriantur
2334 2746 2388 2798 in
2415 2763 2504 2816 spe
2526 2744 2708 2816 gloria:
2731 2745 2962 2814 ﬁliorum
2991 2747 3104 2800 Dei.

2628 2833 2750 2888 CAP
2769 2834 2856 2889 UT
2893 2834 2981 2888 IV.

2701 2924 2780 2978 De
2808 2942 2914 2994 spe.

2096 3009 2395 3084 (Prosper.)
2435 3013 2572 3084 Spes
2612 3014 2812 3068 dicitur
2855 3029 2978 3069 cum
3012 3015 3215 3085 aliquid
3265 3015 3458 3088 [quod]
3497 3033 3645 3088 pro-

2025 3102 2285 3167 mittitur,
2326 3118 2449 3157 cum
2495 3119 2603 3158 non
2638 3104 2876 3170 videtur,
2926 3105 3138 3159 dicente
3178 3104 3483 3175 Apostolo:
3521 3106 3646 3176 Spe

2024 3196 2162 3248 enim
2192 3196 2322 3250 salvi
2351 3196 2480 3266 facti
2508 3213 2708 3250 sumus.
2744 3196 2873 3266 Spes
2898 3207 3069 3250 autem
3095 3214 3212 3268 qua:
3245 3199 3482 3263 videtur,
3519 3216 3644 3252 non

2023 3295 2098 3339 est
2135 3302 2270 3356 spes.
2306 3285 2449 3340 Nam
2484 3287 2624 3357 quod
2654 3287 2786 3340 videt
2820 3289 2956 3357 quis,
2987 3290 3113 3358 quid
3157 3293 3376 3360 sperat?
3412 3291 3475 3346 Si
3528 3309 3646 3345 au-

2023 3384 2125 3429 tem
2172 3375 2310 3447 quod
2352 3391 2456 3430 non
2503 3376 2733 3431 videmus
2789 3394 3092 3446 speramus,
3153 3395 3246 3449 per
3299 3382 3644 3450 patientiam

2023 3474 2402 3536 exspectamus.
2436 3465 2504 3519 Et
2535 3466 2654 3521 ideo
2675 3465 3014 3522 ambulemus
3044 3469 3098 3521 in
3121 3483 3215 3538 spe
3256 3469 3642 3538 proﬁcientes

2024 3557 2092 3612 de
2113 3557 2202 3612 die
2243 3557 2298 3611 in
2326 3557 2489 3622 diem,
2515 3566 2570 3612 et
2590 3559 2783 3628 spiritu
2813 3558 2954 3615 facta
2986 3561 3167 3615 carnis
3193 3563 3637 3618 mortiﬁcemus.

2027 3649 2188 3703 Novit
2214 3651 2351 3703 enim
2394 3649 2648 3704 Dominus
2675 3652 2763 3721 qui
2789 3660 2910 3704 sunt
2938 3652 3072 3722 ejus.
3105 3653 3191 3718 Et,
3232 3663 3494 3724 quotquot
3524 3653 3643 3723 ερε-

2025 3737 2130 3790 ritu
2153 3737 2251 3791 Dei
2273 3747 2524 3808 aguntur,
2563 3738 2619 3791 Iti
2638 3737 2739 3807 ﬁlii
2759 3749 2882 3793 sunt
2906 3740 3028 3805 Dei,
3051 3741 3141 3794 sed
3161 3743 3357 3811 gratia,
3385 3761 3498 3796 non
3534 3759 3642 3797 na-

2023 3836 2164 3880 tura.
2217 3827 2422 3883 Unicus
2464 3829 2610 3883 cnim
2657 3836 2850 3884 natura
2895 3831 3065 3886 Filius
3104 3832 3203 3888 Dei
3243 3842 3474 3903 propter
3516 3848 3636 3890 nos

2027 3919 2401 3974 misericordia
2438 3919 2614 3975 factus
2639 3929 2723 3975 est
2751 3921 2990 3977 hominis
3016 3921 3178 3989 ﬁlius,
3203 3933 3260 3978 ut
3294 3941 3392 3979 nos
3415 3935 3632 3978 natura

2026 4013 2118 4068 ﬁlii
2158 4014 2413 4080 hominis,
2444 4013 2540 4068 ﬁlii
2570 4015 2664 4069 Dei
2701 4028 2802 4084 per
2849 4015 2996 4070 illum
3027 4017 3200 4086 gratia
3246 4017 3533 4072 ﬁeremus.
3569 4018 3631 4071 In

2026 4105 2226 4160 actuali
2255 4107 2453 4176 quippe
2484 4107 2615 4171 vita,
2647 4106 2701 4160 in
2737 4121 2842 4175 qua
2878 4114 2933 4160 et
2957 4121 3056 4175 per
3080 4121 3241 4176 quam
3281 4109 3629 4176 peregrina-

2027 4208 2116 4254 tur
2163 4199 2430 4264 Ecclesia,
2477 4198 2610 4253 ﬁdes
2647 4207 2702 4254 et
2750 4215 2875 4269 spes
2912 4210 3037 4254 sunt
3083 4200 3444 4270 adipiscendae
3485 4217 3624 4254 cum

2029 4291 2310 4346 charitatis
2346 4290 2524 4345 laude.
2561 4289 2714 4345 Unde
2747 4288 3036 4360 Apostolus
3077 4291 3152 4344 ait
3185 4308 3197 4344 :
3232 4288 3386 4344 Nunc
3428 4300 3622 4344 autem

2025 4390 2196 4435 manet
2245 4381 2395 4450 ﬁdes,
2427 4398 2565 4451 spes,
2605 4382 2868 4447 Charitas;
2895 4381 3068 4451 major
3097 4391 3270 4436 autem
3308 4382 3505 4434 [tarum
3538 4390 3622 4434 est

2026 4475 2274 4530 charitas.
2301 4475 2367 4529 Et
2389 4475 2509 4530 ideo
2532 4474 2722 4545 major,
2753 4475 2878 4545 quia
2905 4490 3011 4529 non
3036 4489 3160 4528 cum
3191 4471 3388 4526 mundo
3410 4473 3625 4526 transit

2026 4565 2290 4635 perituro,
2327 4565 2420 4620 sed
2449 4566 2538 4620 hic
2568 4565 2756 4634 incipit
2777 4574 2832 4619 et
2861 4571 3143 4635 permanet
3172 4562 3227 4617 in
3253 4559 3460 4615 futuro.

2642 4664 2868 4720 CAPU'I‘
2904 4663 2965 4717 V.

2621 4754 2698 4809 De
2725 4755 3000 4808 cltaritate.

2099 4844 2491 4915 (Augustinus)
2531 4843 2648 4899 Jam
2690 4859 2852 4914 porro
2891 4843 3151 4908 chzeritas,
3193 4857 3354 4913 quam
3397 4840 3616 4898 duabus

2029 4933 2165 4994 istis,
2219 4933 2271 4988 id
2313 4943 2396 4988 est
2437 4934 2545 4988 ﬁde
2575 4949 2641 4988 ac
2689 4949 2782 5002 spe
2832 4933 3092 5002 majorem
3134 4932 3270 4987 dixit
3295 4931 3607 5000 Apostolus,

2027 5035 2230 5095 quanto
2257 5025 2309 5079 in
2337 5041 2660 5094 quocunque
2683 5022 2858 5091 major
2876 5032 2979 5088 est,
3017 5032 3170 5078 tanto
3200 5022 3391 5076 melior
3419 5022 3478 5075 in
3504 5037 3608 5091 quo

2026 5125 2129 5170 est.
2163 5116 2296 5170 Cum
2325 5116 2472 5170 enim
2502 5116 2764 5185 quaeritur
2786 5123 2965 5168 utrum
2997 5113 3227 5182 quisque
3252 5112 3414 5165 homo
3433 5110 3606 5164 bonus

2026 5209 2117 5273 sit,
2150 5225 2255 5263 non
2294 5209 2558 5278 quaeritur
2583 5207 2712 5277 quid
2757 5205 3075 5271 crcdat,aut
3114 5209 3314 5272 speret,
3349 5200 3443 5256 sed
3479 5200 3605 5269 quid

2026 5307 2190 5352 amet.
2220 5297 2353 5352 Nam
2393 5298 2484 5366 qui
2519 5306 2665 5351 recte
2697 5303 2862 5358 amat,
2895 5292 3085 5365 procul
3122 5293 3284 5347 dubio
3312 5299 3457 5344 recte
3477 5306 3596 5345 cre-

2030 5388 2184 5442 ditet
2230 5398 2430 5457 sperat.
2461 5386 2564 5454 Qui
2607 5403 2732 5442 vero
2777 5403 2882 5440 non
2924 5391 3094 5450 amat,
3144 5383 3375 5436 inaniter
3413 5381 3607 5444 credit,

2027 5481 2242 5537 etiamsi
2311 5491 2438 5536 sunt
2498 5495 2623 5535 vera
2673 5495 2793 5551 qua:
2859 5479 3071 5544 credit;
3111 5477 3345 5532 inaniter
3392 5481 3607 5544 sperat,

2029 5613 2440 5757 phlzlltécp‘sqpp
2487 5629 2551 5668 ex
2583 5613 2833 5683 Prosper.
2862 5611 2956 5666 lib.
2997 5627 3055 5665 ιιι
3099 5612 3166 5667 de
3195 5610 3320 5664 Vita
3356 5614 3602 5663 eontem-

2084 5721 2096 5738 .
2145 5725 2179 5752 .,
2243 5721 2255 5737 .
2315 5724 2325 5736 .
2364 5723 2392 5736 ..
2434 5723 2447 5736 .

2084 5721 2179 5752 (Ιιο,
2208 5721 2325 5752 ιιιιυο
2364 5721 2447 5736 ,ιιι
