3856 6190
193 203 301 258 673

1186 198 1273 252 DE
1310 196 1760 254 PCENITENTIA
1804 198 1985 253 LIBRI
2031 199 2094 254 V.
2127 229 2195 238 —
2225 200 2352 254 LIB.
2395 200 2456 256 ll.

3336 207 3438 266 67’s

189 312 412 370 etiamsi
460 311 529 368 ad
577 325 762 367 veram
807 307 1118 364 felicitatem
1165 308 1462 362 doceantur
1494 307 1768 377 pertinere
1795 310 1846 368 Α
1872 321 2011 371 mus,
2039 307 2366 376 principales
2392 315 2641 377 quatuor,
2673 308 2976 377 prudentia,
3001 308 3245 378 justitia.
3278 312 3430 374 forti-

189 421 315 476 quae
339 411 528 473 sperat
553 420 566 454 :
594 401 700 455 nisi
736 400 838 455 hoc
865 399 1055 454 credat
1083 406 1138 453 et
1167 406 1349 467 speret
1373 397 1515 466 quod
1547 397 1648 450 sibi
1675 411 1769 465 pe-

189 495 327 551 tenti
358 492 551 549 donari
581 490 772 560 possit,
818 500 878 543 ut
915 496 1078 543 amet.
1106 487 1212 542 Per
1253 487 1576 542 charitatem
1607 487 1771 564 igitur

186 585 331 644 bona
367 583 553 638 omnia
575 580 950 650 justiﬁcantur
984 593 1104 648 qua:
1131 576 1426 632 creduntur
1453 591 1517 631 ac
1543 591 1769 645 speran-

185 683 296 729 tur.
331 673 574 742 (Prosp.,
605 670 644 724 ι.
672 686 754 735 ιιι,
791 687 837 723 c.
867 669 934 723 l5
965 679 1012 722 et
1042 668 1106 722 M
1152 667 1250 722 Vit.
1279 667 1442 740 cont.)
1482 667 1656 733 Quam
1683 681 1772 720 ex-

191 766 570 824 cellentiorem
617 763 760 816 viam
797 759 1084 830 Apostolus
1120 766 1394 828 nuncupat
1427 774 1441 812 :
1477 757 1561 811 Ad
1609 772 1769 827 quam

189 875 294 911 non
334 856 527 926 pedum
559 855 661 919 aia,
706 853 796 905 sed
834 868 1059 916 morum,
1089 860 1163 904 est
1193 849 1600 904 ascendendum.
1631 847 1768 915 Quia

189 947 433 1003 Charitas
467 953 551 1000 est
589 952 736 998 recta
765 942 1016 996 voluntas
1061 942 1128 996 ab
1158 941 1408 995 omnibus
1439 938 1670 994 terrenis
1704 952 1770 992 ac

186 1036 550 1109 praesentibus
571 1049 794 1104 prorsus
823 1048 1038 1098 aversa,
1055 1033 1242 1102 juncta
1282 1031 1391 1085 Deo
1431 1029 1766 1098 inseparabi-

189 1129 341 1194 liter,
370 1135 426 1182 et
447 1125 599 1180 unita
631 1124 741 1194 igni
768 1123 999 1192 quodam
1024 1121 1196 1177 sancti
1227 1119 1482 1192 Spiritus,
1517 1118 1662 1172 nullo
1691 1117 1770 1171 vi-

192 1220 267 1272 tio
291 1215 669 1272 mutabilitatis
695 1213 930 1268 obnoxia
961 1229 974 1264 :
1001 1226 1162 1282 supra
1187 1210 1370 1264 omnia
1395 1224 1514 1278 quae
1539 1205 1770 1262 carnali-

193 1319 277 1366 ter
299 1309 602 1378 diliguntur
621 1305 855 1368 excelsa,
879 1303 1075 1358 divinae
1096 1298 1567 1370 contemplationis
1577 1297 1763 1350 avida:

195 1403 248 1456 in
292 1399 548 1455 omnibus
603 1411 814 1467 semper
849 1391 1070 1458 invicta,
1120 1407 1267 1447 mors
1303 1390 1614 1452 criminum,
1657 1387 1768 1440 vita

191 1494 482 1547 virtutum.
512 1487 751 1559 (Prosp.,
796 1486 834 1539 ι.
869 1502 952 1551 ιιι,
984 1502 1030 1539 c.
1066 1485 1131 1538 1'5
1168 1483 1271 1537 Vit.
1302 1481 1464 1553 cont.)
1496 1479 1667 1546 Quam
1705 1477 1768 1531 ﬁ-

192 1583 285 1636 des
326 1578 590 1647 concipit,
637 1577 704 1630 ad
750 1589 913 1645 quam
963 1589 1085 1643 spes
1131 1572 1320 1635 currit,
1368 1571 1454 1625 cui
1495 1567 1768 1639 profectus

1873 397 2020 464 tudo,
2060 396 2438 466 temperantia.

2473 485 2702 542 CAPUT
2739 487 2847 543 VII.

2450 578 2528 632 De
2551 580 2852 648 prudentia.

1940 669 2230 724 Prudentia
2275 680 2357 724 est
2393 685 2572 724 rerum
2609 671 2910 724 divinarum
2951 672 3438 743 humanarumque,

1867 768 2027 830 prout
2055 760 2262 815 homini
2284 760 2469 814 datum
2494 768 2596 824 est,
2630 760 2876 815 scicntia.
2909 761 2966 815 In
3002 777 3107 830 qua
3140 763 3441 834 intelligen-

1869 852 1996 905 dum
2040 858 2122 905 est
2173 851 2303 919 quid
2350 851 2648 905 cavendum
2701 851 2791 915 sit,
2836 851 3072 920 quidque
3113 851 3436 908 faciendum.

1870 939 2022 996 Unde
2046 940 2332 995 Psalmista
2357 940 2596 1010 loquitur
2621 958 2634 992 :
2661 939 2870 994 Diverte
2914 959 2944 994 a
2973 941 3135 1007 malo,
3165 951 3211 996 et
3242 942 3328 1011 fac
3351 943 3441 996 bo-

1869 1046 2014 1084 num.
2056 1029 2214 1096 Quia,
2244 1029 2390 1084 nulla
2433 1029 2623 1083 melior
2653 1030 2940 1098 sapientia,
2973 1045 3134 1099 quam
3174 1031 3289 1101 ipsa
3331 1046 3440 1102 qua

1869 1121 2035 1188 Deus,
2067 1123 2364 1178 secundum
2399 1122 2649 1176 humanae
2683 1122 2880 1175 mentis
2919 1122 3192 1177 modulum
3238 1123 3439 1178 intelli-

1867 1216 2014 1286 gitur
2038 1225 2094 1270 et
2122 1217 2362 1283 timetur,
2413 1224 2576 1286 atque
2617 1228 2732 1281 ejus
2763 1215 3002 1269 futurum
3029 1217 3267 1270 creditur
3288 1217 3440 1288 judi-

1866 1305 2011 1360 cium
2037 1323 2050 1358 :
2076 1306 2168 1360 ubi
2197 1305 2338 1360 bona
2375 1305 2521 1368 boni,
2573 1305 2714 1359 mala
2756 1319 2886 1358 vero
2915 1304 3040 1358 mali
3078 1320 3175 1372 pro
3217 1308 3440 1362 merito-

1868 1411 1986 1452 rum
2013 1397 2271 1465 qualitate
2298 1397 2581 1465 recipiunt.

1938 1484 2354 1557 (Prosp.,ibid.,
2393 1503 2440 1539 ε.
2470 1485 2585 1554 29.)
2635 1485 2986 1542 Prudentiam
3041 1487 3208 1558 igitur
3255 1497 3310 1545 et
3360 1506 3442 1547 sa-

1865 1575 2118 1643 pientiam
2149 1573 2389 1643 plerique
2417 1574 2472 1627 in
2502 1574 2847 1643 indagatione
2887 1578 3001 1631 veri
3042 1586 3097 1633 et
3128 1579 3440 1635 inventione

192 1671 433 1724 omnium
483 1666 674 1730 servit,
713 1665 830 1719 sine
859 1680 965 1733 qua
1012 1662 1190 1718 nullus
1227 1661 1338 1715 Deo
1384 1660 1604 1731 placuit,
1639 1673 1763 1713 cum
1792 1662 1838 1720 B
1867 1664 2219 1718 constituunt.
2251 1663 2544 1733 Propterea
2571 1664 2713 1732 quod
2740 1679 2841 1718 nec
2888 1666 3106 1734 sapiens
3147 1669 3253 1722 dici
3293 1677 3440 1725 recte

195 1775 296 1829 qua
326 1773 431 1812 nec
459 1756 632 1826 potuit
657 1755 853 1825 aliquis
894 1768 1121 1824 peccare
1155 1767 1255 1807 nec
1282 1751 1502 1821 poterit.
1533 1750 1657 1806 Haec
1682 1757 1765 1804 est

194 1849 435 1906 Charitas
469 1863 618 1912 vera,
671 1860 948 1916 germana,
995 1843 1252 1915 perfecta,
1309 1851 1364 1898 et
1417 1843 1638 1898 omnino
1677 1842 1765 1896 via

197 1953 312 2008 quae
338 1937 491 1992 ducit
511 1951 610 2005 per
631 1951 688 1990 se
718 1935 1054 1989 ambulantes
1083 1935 1149 1987 ad
1176 1933 1406 2003 patriam
1429 1951 1441 1985 :
1473 1931 1598 1999 quia
1624 1932 1766 1987 sicut

194 2029 309 2082 sine
335 2026 424 2080 via
454 2026 634 2080 nullus
653 2024 855 2094 poterit
876 2024 1160 2094 pervenire
1189 2039 1295 2092 quo
1320 2022 1511 2086 tendit,
1543 2022 1616 2076 ita
1647 2023 1765 2077 sine

194 2120 482 2182 chantate,
513 2131 631 2185 qua:
659 2117 800 2170 dicta
834 2124 918 2170 est
946 2116 1050 2181 via,
1093 2131 1199 2169 non
1231 2114 1509 2169 ambulare
1532 2121 1765 2183 possunt

193 2209 460 2269 homines,
491 2206 584 2260 sed
606 2221 792 2260 errare
814 2218 862 2258 ει.
893 2205 1045 2261 Unde
1069 2204 1358 2273 Apostolus
1379 2204 1554 2272 inquit
1581 2221 1594 2257 :
1620 2201 1762 2257 Cha-

192 2300 316 2352 ritas
363 2297 570 2367 patiens
609 2305 704 2360 est,
751 2295 970 2364 benigna
1011 2305 1108 2360 est,
1162 2311 1267 2348 non
1311 2293 1616 2358 temulatur,
1660 2310 1762 2348 non

192 2390 291 2460 agit
317 2403 616 2460 perperam,
645 2403 748 2440 non
791 2387 1032 2456 inﬂatur,
1072 2402 1176 2439 non
1201 2394 1277 2438 est
1310 2383 1623 2446 ambitiosa;
1660 2400 1764 2437 non

189 2481 376 2551 quierit
397 2494 518 2549 qua
541 2495 638 2532 sua
658 2485 798 2530 sunt.
818 2476 884 2529 Et
907 2476 1134 2530 iterum:
1154 2472 1343 2528 Omnia
1365 2473 1569 2542 sit/fert,
1589 2471 1763 2525 omnia

195 2579 385 2643 sperat,
421 2569 600 2624 omnia
634 2567 896 2621 sustinet:
923 2580 1016 2620 eos
1059 2575 1238 2619 autem
1266 2563 1320 2616 in
1359 2562 1554 2632 quibus
1578 2560 1760 2625 fuerit,

196 2662 443 2716 «mnibus
470 2661 558 2714 his
585 2658 742 2713 bonis
766 2671 886 2726 quae
913 2657 1075 2711 habet
1107 2654 1369 2724 impertit.
1397 2654 1465 2707 Et
1491 2652 1621 2723 quid
1659 2652 1764 2707 illis

195 2767 309 2809 esse
333 2759 514 2823 potest
557 2751 610 2804 i'n
637 2751 740 2804 hac
767 2749 875 2802 vita
919 2746 1235 2816 perfectius,
1271 2745 1363 2815 qui
1391 2745 1557 2799 tantis
1594 2744 1764 2799 abun-

193 2846 336 2910 dant,
364 2845 634 2898 charitate
655 2843 709 2895 in
736 2857 794 2896 se
820 2848 1102 2912 regnante,
1128 2837 1424 2893 virtutibus
1441 2838 1506 2891 b?
1525 2837 1764 2906 Quapro-

193 2943 306 3005 pter
333 2935 578 2988 charitas
609 2932 697 2986 hic
717 2932 934 3000 quidem
965 2932 1017 2984 in
1041 2930 1294 3000 praesenti
1323 2928 1630 2983 necessaria
1653 2935 1757 2994 est,

1868 1755 2060 1823 possit,
2089 1754 2175 1808 cui
2212 1753 2362 1807 deest
2399 1753 2723 1823 prudentia:
2757 1770 2856 1809 nec
2878 1757 3132 1824 prudens,
3167 1757 3252 1810 cui
3288 1759 3440 1813 deest

1866 1844 2149 1913 sapientia.
2188 1843 2528 1912 Quapropter
2572 1844 2619 1898 si
2658 1844 2793 1897 nihil
2839 1845 2981 1899 aliud
3028 1846 3324 1914 prudentia:
3373 1863 3439 1902 ac

1865 1935 2142 2005 sapientia:
2182 1950 2378 1989 munus
2425 1934 2707 2004 accipitur,
2748 1936 2851 1990 nisi
2879 1937 3156 2005 inquisitio
3198 1947 3252 1992 et
3294 1955 3439 1994 com-

1864 2025 2153 2094 prehensio
2185 2024 2432 2078 veritatis
2459 2041 2472 2076 :
2500 2025 2590 2094 qui
2619 2025 2906 2078 veritatem
2945 2028 3240 2095 prudenter
3285 2044 3437 2099 qua:-

1865 2129 1986 2169 rere
2023 2121 2077 2168 et
2112 2115 2386 2183 sapienter
2424 2114 2668 2168 invenire
2723 2115 2981 2183 potuerit,
3013 2115 3060 2170 is
3084 2117 3340 2186 prudens,
3381 2117 3431 2174 is

1864 2205 2078 2274 sapiens
2114 2204 2239 2274 jure
2281 2205 2580 2259 vocabitur.
2627 2204 2694 2258 Et
2740 2205 3001 2274 quidquid
3050 2207 3115 2260 de
3150 2207 3434 2276 prudentia

1865 2293 2027 2348 fuerit
2062 2295 2413 2364 disputatum,
2460 2295 2515 2350 id
2555 2304 2727 2350 totum
2758 2297 2825 2351 de
2851 2297 3117 2366 sapientia
3154 2302 3327 2368 possit
3358 2299 3437 2353 in-

1865 2385 2050 2455 telligi.

1935 2475 2037 2541 Qui
2063 2491 2192 2547 ergo
2221 2477 2521 2547 prudentiae
2555 2479 2973 2550 participatione
2998 2482 3290 2550 prudentes
3313 2481 3437 2537 effe-

1863 2564 1960 2629 cti,
1993 2565 2102 2619 Deo
2139 2582 2238 2622 suo
2272 2583 2380 2621 non
2422 2568 2669 2637 pedibus,
2705 2571 2798 2624 sed
2846 2573 3048 2626 sanctis
3081 2573 3322 2628 moribus
3347 2589 3442 2645 ap-

1863 2656 2259 2726 propinquant;
2291 2673 2357 2712 ex
2404 2675 2467 2714 ea
2505 2669 2678 2729 parte,
2705 2677 2810 2730 qua
2853 2671 2978 2716 sunt
3004 2663 3097 2718 Dei
3126 2665 3266 2719 dono
3306 2682 3437 2736 pru-

1863 2745 2073 2809 dentes,
2111 2760 2210 2799 nec
2235 2762 2332 2801 suo
2354 2748 2530 2816 perire
2566 2758 2812 2819 possunt,
2850 2766 2952 2806 nec
2979 2752 3156 2807 alieno
3184 2763 3431 2821 peccato.

1863 2834 1942 2890 Ex
1984 2851 2050 2890 eo
2083 2844 2265 2890 autem
2311 2838 2457 2906 quod
2494 2838 2722 2894 necdum
2756 2841 2829 2894 ita
2865 2850 2950 2896 est
2978 2857 3165 2896 eorum
3194 2843 3441 2912 perfecta

1860 2925 2169 2994 prudentia,
2196 2927 2336 2982 sicut
2364 2929 2470 2982 erit
2490 2930 2543 2983 in
2577 2931 2666 2984 illa
2688 2932 2795 2986 vita
2827 2933 2917 2986 ubi
2946 2933 3184 3003 perfecte
3205 2937 3440 2993 viventi-

193 3002 306 3094 qna:
336 3039 436 3079 nos
472 3030 690 3092 separat
725 3038 755 3076 a
782 3021 1018 3086 diabolo,
1061 3020 1314 3090 puriﬁcat
1338 3034 1368 3072 a
1396 3026 1641 3088 peccato,
1675 3034 1762 3072 re-
1789 3002 1832 3063 C
1864 3014 1966 3070 bus
1997 3014 2135 3070 ullus
2156 3031 2312 3070 error
2334 3019 2557 3074 omnino
2580 3021 2844 3092 obrepere
2874 3002 2979 3078 non
3005 3028 3238 3095 poterit;
3271 3030 3436 3084 etiam

194 3116 444 3170 conciliat
473 3114 604 3169 Deo.
644 3112 750 3168 Sed
780 3114 832 3166 in
865 3111 1044 3166 futuro
1069 3109 1309 3181 perfecta
1340 3111 1464 3176 erit,
1490 3125 1612 3165 cum
1640 3125 1762 3179 per—
1858 3107 2152 3176 prudentes
2206 3108 2494 3179 aliquoties
2558 3114 2796 3180 peccatis
2846 3114 3155 3172 fallentibus
3219 3119 3456 3189 acquie-,

195 3209 360 3264 lectos
379 3207 513 3272 Deo,
543 3221 575 3260 a
612 3221 721 3276 quo
741 3214 823 3260 est
849 3204 1068 3269 donata,
1097 3201 1466 3272 conjunxerit.

793 3335 1021 3391 CAPUT
1075 3333 1158 3388 Vl.

820 3447 897 3501 De
924 3448 1130 3501 virtute.

259 3573 431 3640 Porro
458 3590 746 3651 antequam
774 3581 838 3635 de
866 3576 1245 3649 principalium
1268 3586 1290 3615 ο
1317 3574 1610 3629 virtutibus
1631 3587 1767 3642 qua-

197 3687 313 3733 tuor
362 3677 580 3731 dicatur
625 3673 850 3742 aliquid,
892 3671 1069 3740 primo
1121 3666 1464 3738 indagatione
1519 3664 1768 3719 veritatis

196 3769 334 3824 scire
364 3771 581 3837 oportet
606 3763 734 3833 quid
765 3763 854 3828 sit,
883 3769 978 3814 aut
997 3773 1166 3828 quare
1193 3759 1363 3811 virtus
1383 3756 1613 3820 dicatur,
1647 3771 1766 3823 qua:

197 3859 245 3914 in
271 3866 424 3912 tanto
454 3854 688 3909 nominis
709 3850 966 3922 praecellit
986 3851 1208 3912 honore,
1232 3856 1290 3902 ut
1322 3847 1489 3911 nulla,
1519 3846 1770 3915 quamvis

198 3951 482 4003 videantur
503 3956 673 4008 recta,
701 3944 818 3998 sine
839 3944 1058 4008 virtute,
1090 3940 1199 3995 Deo
1227 3939 1358 3992 ﬁant
1384 3937 1766 4005 acceptabilia.

262 4036 513 4107 (Prosp.,
545 4034 582 4086 ι.
625 4049 685 4087 ιιι
721 4032 826 4086 Vit.
864 4041 1029 4096 cont.,
1073 4047 1120 4083 c.
1164 4028 1275 4101 16.)
1318 4028 1499 4084 Virtus
1539 4041 1769 4096 namque

198 4130 371 4182 omnis
412 4135 605 4181 sancta
654 4140 741 4179 res
778 4133 881 4188 est,
927 4123 1126 4188 divina,
1168 4121 1484 4190 incorporea
1525 4134 1765 4188 prorsus,

201 4229 358 4288 atque
383 4216 740 4270 mundissima
768 4233 780 4268 :
805 4229 965 4283 quam
997 4221 1204 4266 mentes
1234 4211 1520 4280 iniquitate
1550 4225 1655 4263 non
1683 4209 1768 4262 in~

202 4309 444 4376 quinam,
480 4306 576 4360 sed
619 4307 730 4374 ipsa
759 4305 1066 4374 inquinatos
1091 4301 1386 4356 emaculat:
1410 4299 1562 4369 cujus
1603 4300 1770 4370 parti-
1795 4343 1847 4400 D

200 4400 470 4468 cipatione
512 4397 798 4450 ﬁrmantur
847 4394 1058 4448 inﬁrma
1081 4392 1132 4457 ά,
1164 4394 1497 4446 suscitantur
1534 4400 1765 4454 mortua,

200 4498 464 4546 sanantur
493 4488 725 4550 inﬁrma,
759 4485 1105 4554 corriguntur
1133 4497 1320 4551 prava,
1353 4481 1772 4536 reconciliantur

201 4583 446 4636 adversa.
476 4580 624 4634 llanc
651 4594 753 4631 non
781 4577 961 4641 habet,
992 4577 1091 4630 nisi
1113 4575 1274 4640 Deus,
1307 4585 1361 4628 et
1385 4575 1432 4627 is
1455 4575 1540 4628 cui
1564 4574 1775 4628 dederit

201 4672 358 4726 Deus.
392 4670 526 4736 Qua:
555 4668 608 4722 in
649 4668 830 4721 animo
868 4666 1095 4728 habitat,
1139 4663 1234 4717 sed
1271 4663 1509 4715 animam
1549 4676 1775 4729 corpus-

200 4777 299 4830 que
342 4758 670 4815 sanctiﬁcat.
717 4757 799 4809 Ad
844 4770 1004 4824 quam
1065 4751 1244 4806 nullus
1295 4751 1503 4806 accedit
1551 4750 1771 4813 invitus,

200 4868 360 4920 quam
405 4849 586 4904 nullus
621 4848 840 4912 amittit,
885 4846 989 4900 nisi
1037 4844 1256 4914 propria
1298 4841 1575 4897 voluntate
1616 4840 1775 4895 dece-

199 4950 337 5011 ptus.
386 4940 464 4994 De
488 4954 593 5009 qua
623 4952 840 4992 rursum
869 4936 1004 4990 alias
1031 4935 1228 4991 dicitur
1253 4945 1277 4973 ε
1305 4951 1317 4987 :
1343 4933 1528 4988 Virtus
1559 4945 1774 5001 quoque

201 5031 368 5084 animi
398 5030 617 5084 habitus
642 5037 724 5082 est
749 5035 978 5090 naturae,
1008 5026 1281 5094 decusque
1306 5025 1453 5090 vitae,
1496 5024 1638 5078 ratio
1666 5038 1776 5077 mo-

200 5137 345 5187 rum,
390 5119 610 5190 pietatis
651 5117 849 5183 cultus,
885 5117 1196 5170 Divinitatis
1240 5117 1416 5170 honor
1455 5123 1510 5168 et
1558 5123 1776 5168 mterna:

199 5209 552 5274 beatitudinis
595 5208 870 5263 meritum.
918 5206 1082 5276 Cujus
1129 5213 1314 5275 partes
1358 5211 1506 5269 sunt,
1537 5210 1596 5257 ut
1639 5202 1778 5255 dixi-

277 5377 303 5405 α
327 5363 618 5434 Hucusque
649 5379 716 5420 ex
749 5362 939 5433 Prosp.

276 5436 305 5475 ι›
326 5429 619 5504 ﬂuensque
642 5451 710 5490 ex
734 5429 967 5504 Prosper
994 5447 1120 5504 cap.
1147 5431 1212 5485 M
1242 5429 1431 5504 ἰωὰ..)

279 5516 302 5576 ε
330 5504 498 5576 Forte
529 5499 924 5576 principalibus,
957 5502 1010 5576 id
1041 5499 1125 5576 est
1150 5499 1534 5555 cardinulibus.

273 5573 301 5614 ⁴
327 5573 542 5646 Prosp.,
569 5573 869 5644 formantur
889 5573 1156 5643 informia.

1861 3203 2038 3260 scunt,
2068 3211 2174 3250 non
2200 3198 2476 3254 voluntate
2499 3200 2801 3270 depravati,
2837 3205 2933 3258 sed
2968 3205 3204 3261 humano
3225 3222 3436 3274 errore,

1861 3292 1922 3338 ut
1948 3286 2216 3351 homines,
2251 3287 2388 3356 lapsi
2415 3307 2428 3341 :
2463 3305 2563 3343 nec
2585 3291 2762 3346 adhuc
2801 3301 2910 3346 tota
2937 3296 3236 3362 prudentia)
3265 3312 3329 3351 ac
3356 3312 3438 3352 sa-

1861 3375 2078 3445 pientia:
2100 3375 2432 3446 perfectione
2453 3380 2702 3447 perfecti,
2731 3383 2870 3437 sicut
2896 3383 2969 3437 ibi
3011 3394 3190 3450 erunt,
3219 3387 3308 3441 ubi
3341 3403 3443 3442 nec

1864 3466 2118 3535 ignorare
2163 3466 2388 3535 aliquid,
2433 3482 2535 3522 nec
2579 3483 2808 3537 peccare
2843 3471 2957 3539 jam
3004 3483 3246 3541 possunt.
3283 3475 3440 3531 Tales

1864 3556 2124 3611 Dominus
2159 3558 2214 3611 in
2244 3558 2534 3629 Evangelia
2559 3561 2676 3616 ﬁeri
2716 3564 2971 3633 praecepit
3007 3565 3192 3620 dicens
3221 3583 3233 3619 :
3259 3565 3442 3621 Estots

1864 3649 2143 3718 prudentes
2165 3649 2300 3703 sicut
2322 3661 2600 3722 serpentes,
2634 3663 2680 3708 et
2709 3654 2966 3724 simplices
2991 3658 3122 3710 sicut
3151 3657 3440 3724 columbae;

1867 3738 1992 3806 quia
2023 3754 2122 3794 nec
2163 3740 2442 3811 simplices
2483 3742 2882 3799 circumvenire
2931 3746 3144 3816 aliquos
3192 3756 3437 3819 possunt,

1867 3843 1968 3882 nec
1997 3831 2291 3898 prudentes
2317 3846 2376 3886 se
2407 3832 2789 3889 circumveniri
2813 3837 3151 3905 permittunt.
3185 3838 3442 3905 Quando-

1868 3921 2086 4002 quidem
2139 3922 2257 3976 lucc
2309 3923 2483 3978 virtus
2529 3925 2755 3980 multum
2801 3941 2833 3980 a
2875 3927 3009 3982 vitio
3066 3928 3342 3987 szecularis
3379 3944 3446 3989 ac

1869 4010 2162 4064 mundialis
2211 4013 2515 4081 prudentia:
2564 4015 2750 4082 distat,
2781 4015 2923 4085 quod
2967 4017 3096 4072 illud
3149 4024 3448 4092 corrumpit

1871 4113 2023 4162 sana,
2051 4099 2167 4153 haec
2197 4115 2324 4155 vero
2355 4109 2513 4155 sanat
2548 4103 2700 4167 vitia,
2747 4107 3059 4162 accessione
3089 4118 3345 4180 corrupta
3372 4111 3391 4149 τ
3425 4127 3442 4166 :

1872 4203 1936 4243 ac
1961 4188 2040 4242 sic
2066 4188 2336 4252 omnibus,
2367 4190 2564 4258 quibus
2594 4200 2793 4261 potest,
2827 4196 3082 4262 prodesse
3106 4195 3327 4251 festinat
3359 4212 3446 4252 ve-

1874 4281 2072 4334 raciter
2108 4280 2382 4348 prudens:
2413 4289 2469 4334 ut
2519 4281 2636 4351 ejus
2687 4285 2898 4338 meritis
2937 4286 3180 4340 omnium
3209 4289 3299 4357 qui
3347 4304 3446 4358 per

1873 4385 1995 4424 eum
2041 4369 2271 4423 Domino
2301 4372 2676 4438 acquiruntur,
2717 4373 2924 4429 fructus
2952 4387 3230 4432 accrescat
3256 4381 3280 4420 ⁸
3312 4382 3445 4435 :sed

1873 4461 2129 4530 quoniam
2167 4461 2302 4515 ordo
2347 4461 2730 4532 disputationis
2789 4465 3036 4535 deposcit
3078 4476 3137 4521 ut
3175 4469 3338 4523 etiam
3380 4470 3447 4524 de

1873 4551 2180 4623 prudentia,
2227 4567 2349 4622 qua:
2385 4555 2698 4623 principalis
2742 4564 2826 4611 est
2851 4560 3043 4623 virtus,
3073 4559 3250 4627 primo
3274 4561 3456 4629 pone-'

1876 4652 2026 4698 retur
2054 4643 2108 4697 in
2135 4642 2274 4707 loco,
2302 4651 2474 4699 restat
2497 4659 2711 4713 quoque
2735 4645 2864 4714 quid
2885 4646 2956 4700 sit
2970 4647 3183 4717 justitia
3209 4647 3442 4718 aperire.

2459 4754 2684 4812 CAPUT
2722 4755 2852 4810 Vill.

2499 4845 2578 4899 De
2589 4846 2826 4915 justitia.

1947 4933 2168 4990 Iustitia
2207 4944 2294 4991 est
2337 4935 2502 4990 animi
2548 4935 2822 5002 nobilitas,
2873 4935 3166 5006 unicuique
3215 4936 3293 4992 rei
3330 4952 3453 5008 pro-

1877 5025 2052 5094 priam
2085 5025 2328 5081 tribuens
2367 5025 2703 5095 dignitatem.
2731 5025 2791 5080 In
2831 5027 2953 5092 hac,
2982 5026 3290 5083 Divinitatis
3329 5027 3446 5082 cul-

1881 5125 1990 5182 tus,
2021 5125 2076 5171 et
2105 5116 2460 5171 humanitatis
2481 5116 2625 5186 jura,
2650 5114 2869 5184 etjusta
2883 5117 3110 5186 judicia,
3149 5127 3204 5174 et
3226 5119 3450 5188 aequitas

1884 5211 2052 5265 totius
2094 5209 2220 5263 vita:
2263 5215 2635 5262 conservatur.
2685 5207 2824 5275 Quid
2868 5209 3016 5263 enim
3048 5207 3247 5278 justius
3288 5220 3450 5278 quam

1963 5379 1986 5406 ε
2009 5366 2298 5436 Hucusque
2326 5380 2390 5421 ex
2425 5364 2616 5436 Prosp.

1965 5437 1983 5476 ί
2012 5434 2286 5507 Prospera,
2312 5444 2464 5507 sanat
2488 5434 2600 5488 vitii
2621 5435 2912 5507 accessigne
2933 5439 3199 5501 corrupta.

1965 5510 1989 5546 ε
2011 5503 2296 5574 anusque
2319 5521 2384 5560 ex
2408 5504 2620 5572 Prosp.,
2653 5519 2773 5574 cap.
2804 5503 2895 5558 29.
