3856 6190
427 195 532 250 675

1401 188 1791 245 HALITGARII
1827 184 2132 242 EPISCOPI
2170 183 2692 239 CAMERACENSIS

3549 191 3644 246 676

425 308 595 362 Deum
657 305 896 376 diligere,
953 305 1175 374 ejusque
1227 305 1480 358 mandata
1526 301 1839 359 custodire?
1899 314 1999 368 per
2028 297 2072 357 A
2101 297 2434 366 nesqlieeius
2467 295 2835 365 suggestiones
2857 308 3138 365 superare»
3159 302 3214 354 εί
3233 297 3458 354 adversa
3477 303 3647 358 mundi

425 411 611 466 quem,
641 397 766 449 dum
804 411 910 449 non
940 394 1235 458 fueramus,
1265 394 1432 447 creati
1462 407 1677 458 sumus;
1697 393 1830 447 dum
1865 407 1991 462 per-

429 477 526 540 diti
550 486 767 549 fuimus,
798 484 1024 538 recreati
1057 498 1267 547 sumus,
1292 491 1346 536 et
1377 498 1406 535 a
1438 483 1699 536 servitute
1727 482 1991 537 diabolica

428 577 642 632 liberati
675 576 802 645 :qui
846 575 999 628 nobis
1031 575 1210 628 omnia
1237 576 1377 629 bona
1412 591 1532 644 qua:
1567 574 1826 629 habemus
1869 591 1994 629 con-

428 666 607 719 cessit.

498 751 613 819 lpsa
642 752 836 819 quippe
855 751 1002 819 juste
1025 767 1088 804 ac
1118 751 1509 807 rationabiliter
1537 753 1733 808 dicitur
1756 744 1987 821 iustitia,

425 832 546 912 qua,
584 844 714 896 fiunt
759 845 889 912 justi
922 845 1012 912 qui
1063 861 1182 898 eam
1231 845 1432 899 fuerint
1474 847 1702 916 operati.
1748 844 1989 918 (Prosp.,

428 933 465 985 Ι.
499 949 557 986 ιιι
596 932 695 987 Vit.
742 945 902 998 cont.,
934 952 979 987 ε.
1013 935 1126 1003 22.)
1157 937 1234 989 Ex
1260 952 1361 1005 qua
1394 947 1578 990 manat
1600 939 1844 1006 aequitas,
1872 953 1993 1006 qua:

424 1037 518 1075 nos
556 1021 682 1075 facit
724 1023 1040 1076 utomnium
1087 1025 1438 1080 necessitates
1465 1026 1744 1080 hominum
1775 1037 1991 1081 nostras

422 1123 543 1164 esse
577 1111 858 1175 dicamus;
888 1127 986 1167 nec
1017 1113 1174 1168 nobis
1205 1123 1433 1177 tantum,
1473 1116 1570 1170 sed
1597 1116 1762 1170 etiam
1806 1117 1989 1187 generi

424 1199 662 1254 humano
687 1217 786 1255 nos
819 1211 974 1260 natos
1001 1218 1122 1257 esse
1148 1205 1452 1259 credamus.

499 1301 525 1329 α
552 1291 888 1356 (Quapropter
932 1290 975 1343 si
1029 1291 1083 1343 in
1125 1291 1223 1345 hac
1274 1294 1381 1346 vita
1412 1293 1676 1361 justitiam
1732 1308 1992 1349 conamur

426 1378 671 1447 implere,
706 1379 855 1447 cujus
887 1379 1109 1447 iustitia:
1157 1397 1290 1451 opus
1338 1385 1635 1453 proprium,
1661 1401 1756 1439 sua
1797 1387 1990 1456 cuique

425 1470 684 1534 tribuere,
726 1471 834 1524 Deo
876 1484 994 1535 nos,
1036 1485 1064 1524 a
1109 1487 1219 1540 quo
1268 1489 1454 1529 sumus
1496 1474 1646 1540 facti,
1678 1479 1987 1542 reddamus,

425 1574 526 1613 nec
571 1559 833 1614 dominari
875 1562 1030 1614 nobis
1074 1577 1138 1616 ea
1192 1563 1389 1630 quibus
1435 1580 1623 1619 sumus
1673 1568 1992 1622 naturaliter

2096 401 2195 457 pro
2222 388 2316 442 Dei
2345 387 2561 441 nomine
2582 386 2797 442 fortiter
2823 385 3094 442 tolerare?

2727 473 2956 530 CAPUT
2981 475 3046 528 X.

2665 563 2739 617 De
2765 565 3124 634 temperantia.

2165 655 2541 726 Temperantia
2563 665 2646 711 est
2668 657 2834 711 totius
2863 657 2987 710 vita:
3015 659 3224 721 modus,
3247 673 3318 713 ne
3346 659 3473 728 quid
3499 661 3656 718 nimis

2093 747 2255 801 homo
2289 748 2369 802 vel
2409 757 2573 812 amet,
2607 748 2691 802 vel
2748 748 2874 803 odio
2903 749 3119 812 habeat,
3157 749 3254 803 sed
3309 751 3487 805 omnis
3545 754 3657 808 vita

2093 835 2250 904 hujus
2298 837 2588 892 varietates
2644 838 2984 892 considerata
3045 847 3309 908 temperet
3365 841 3651 910 diligentia.

2096 925 2248 980 Unde
2273 927 2490 994 quidam
2540 927 2984 997 philosophorum
3025 929 3101 982 ait
3130 968 3145 994 ,
3174 931 3418 998 apprime
3469 933 3526 986 in
3559 934 3654 988 vita

2091 1031 2211 1072 esse
2239 1019 2387 1085 utile,
2415 1027 2476 1072 ut
2502 1034 2570 1073 ne
2596 1020 2726 1088 quid
2751 1019 2934 1074 nimis.

2163 1104 2456 1178 (Prosper.)
2481 1109 2860 1178 Temperantia
2883 1109 3052 1178 igitur
3079 1117 3477 1180 temperantem
3505 1113 3650 1180 facit,

2091 1195 2470 1263 abstinentem,
2486 1214 2728 1268 parcum,
2742 1200 3004 1264 sobrium,
3020 1200 3374 1267 moderatum,
3391 1203 3654 1272 pudicum,

2092 1287 2334 1351 tacitum,
2396 1289 2619 1354 serium,
2669 1290 3056 1343 verecundum.
3087 1289 3216 1344 {iam
3246 1292 3420 1346 virtus
3452 1333 3468 1357 ,
3525 1295 3570 1348 si
3609 1296 3656 1348 in

2092 1376 2274 1430 animo
2297 1378 2524 1442 habitat,
2564 1377 2814 1434 libidines
2860 1377 3079 1444 frenat,
3109 1378 3333 1436 affectus
3370 1391 3651 1452 temperat,

2091 1463 2361 1518 desideria
2385 1474 2567 1520 sancta
2596 1465 2936 1535 multiplicat,
2964 1467 3157 1522 vitiosa
3182 1469 3415 1536 castigat
3438 1488 3454 1537 ;
3483 1475 3656 1528 omnia

2093 1553 2234 1607 intra
2258 1569 2358 1609 nos
2387 1553 2608 1609 contusa
2637 1556 2875 1620 ordinat,
2905 1556 3154 1610 ordinata
3183 1559 3546 1626 corroborat;
3571 1578 3656 1617 co-

423 1649 718 1718 praepositi,
749 1651 1146 1719 permittamus.
1173 1629 1488 1708 Diominetur
1508 1656 1656 1710 vitiis
1685 1657 1843 1724 ratio,
1864 1658 1986 1713 sub-

2097 1645 2382 1714 gitationes
2423 1660 2620 1714 pravas
2653 1655 2913 1711 removet,
2951 1647 3145 1702 inserit
3189 1658 3430 1716 sanctas,
3484 1653 3654 1723 ignem

417 1738 640 1806 jiciatur
659 1753 854 1807 corpus
884 1741 1084 1806 animo,
1131 1743 1344 1797 animus
1375 1744 1515 1798 Deo:
1548 1752 1604 1800 et
1642 1746 1861 1817 impleta
1907 1756 1993 1803 est

424 1827 656 1881 hominis
673 1827 883 1896 iustitia
911 1839 1131 1899 totaque
1159 1832 1417 1900 perfectio
1438 1834 1486 1887 ιι.

494 1917 571 1972 De
606 1917 830 1986 justitiae
859 1922 1032 1976 adhuc
1055 1923 1202 1978 fonte
1231 1927 1531 1992 procedunt
1558 1926 1873 1993 liberalitas,
1900 1930 1992 1984 be-

423 2008 728 2074 neficentia,
783 2013 1040 2078 charitas,
1081 2023 1136 2068 et
1187 2025 1382 2070 caetera
1433 2016 1759 2084 huiusmodi,
1797 2020 1994 2089 quibus

424 2099 795 2169 multipliciter
841 2103 1020 2172 juvari
1067 2108 1315 2163 homines
1376 2118 1620 2179 possunt.
1671 2111 1993 2168 Liberalitas

419 2196 503 2242 est
535 2205 656 2258 quae
697 2193 860 2246 etiam
909 2194 962 2248 in
1011 2211 1104 2250 eos
1151 2197 1243 2266 qui
1291 2198 1425 2252 nihil
1468 2198 1709 2269 indigere
1741 2201 1994 2255 videntur

421 2275 702 2330 exuberat.
743 2279 798 2332 In
827 2296 930 2349 qua
972 2281 1296 2339 liberalitate
1334 2287 1409 2340 rei
1454 2287 1738 2342 familiaris
1773 2289 1992 2359 ponitur

422 2366 737 2434 amplitudo.
785 2369 1159 2428 Beneficentire
1201 2375 1380 2429 multae
1422 2384 1548 2430 sunt
1577 2392 1759 2446 opera,
1795 2379 1990 2447 quibus

421 2459 732 2515 necessitati
775 2461 1135 2519 laborantium
1175 2467 1600 2523 misericorditer
1633 2467 1987 2524 subvenitur:

423 2560 480 2605 et
506 2552 572 2605 de
601 2560 815 2609 terreno
839 2571 1004 2611 censu
1029 2559 1181 2627 regni
1212 2558 1448 2614 caelestis
1469 2560 1758 2614 hmreditas
1779 2576 1992 2631 compa-

423 2649 576 2696 ratur
599 2652 647 2696 θ.

1022 2737 1248 2795 CAPUT
1284 2740 1375 2795 IX.

974 2825 1050 2879 De
1087 2828 1412 2896 fortitudine.

489 2908 786 2982 (Prospera)
829 2912 1112 2970 Fortitudo
1142 2927 1225 2972 est
1266 2933 1456 2990 magna
1502 2918 1666 2972 animi
1703 2918 1982 2988 patientia,

418 3011 476 3057 et
505 3003 904 3075 longanimitas,
933 3014 988 3062 et
1016 3011 1418 3077 perseverantia
1444 3011 1498 3064 in
1527 3011 1683 3067 bonis
1709 3013 1983 3082 operibus,

419 3100 476 3146 et
502 3094 726 3149 victoria
754 3106 944 3152 contra
970 3100 1212 3154 omnium
1249 3101 1499 3156 vitiorum
1523 3119 1740 3174 genera.

481 3184 663 3241 Animi
705 3188 869 3257 igitur
891 3188 1150 3245 fortitudo
1188 3207 1251 3246 ea
1285 3192 1442 3247 debet
1468 3193 1690 3265 intelligi
1719 3210 1838 3264 quae
1879 3211 1987 3251 non

412 3273 584 3329 solum
616 3278 849 3333 diversis
892 3281 1098 3349 pulsata
1131 3281 1393 3338 molestiis
1422 3285 1749 3341 inconcussa
1777 3301 1988 3356 perma-

411 3373 557 3429 neat,
582 3369 678 3420 sed
702 3369 871 3422 etiam
902 3370 1063 3425 nullis
1091 3371 1424 3441 voluptatum
1450 3374 1720 3432 illecebris
1748 3379 1986 3434 resoluta

414 3459 731 3512 succumbat
770 3460 1054 3531 :lalioquin
1095 3462 1140 3516 si
1182 3463 1415 3533 impetus
1457 3466 1673 3534 quidem
1721 3469 1985 3524 malorum

416 3551 759 3618 sequentium
819 3551 1053 3623 frangat,
1110 3553 1155 3606 si
1212 3555 1611 3611 calamitatibus
1662 3559 1990 3628 quibuslibet

415 3640 664 3710 impactis
687 3643 937 3708 obsistat,
966 3645 1011 3699 si
1042 3644 1184 3699 inter
1209 3643 1457 3714 iniuriam
1491 3663 1652 3714 saeva,
1701 3649 1841 3704 inter
1862 3666 1988 3720 pro-

417 3730 586 3786 cellas
609 3733 923 3801 augentium
951 3749 1354 3802 pressurarum,
1396 3737 1537 3792 inter
1563 3738 1895 3805 inimicitias,
1932 3749 1988 3796 et
2013 3743 2028 3750 “

415 3819 606 3873 damna
637 3822 944 3888 praesentia,
978 3832 1140 3893 atque
1179 3825 1525 3882 multimodas
1561 3831 1983 3898 persecutiones,

415 3907 698 3977 infatigata
724 3912 999 3979 persistat.
1034 3914 1140 3968 Eos
1168 3923 1348 3968 autem
1387 3932 1523 3985 quos
1551 3919 1618 3973 ad
1645 3919 1986 3977 tolerantiam

413 4001 722 4069 passionum
759 4002 925 4058 fortes
956 4006 1048 4059 Dei
1075 4006 1319 4061 charitas
1346 4008 1538 4071 reddit,
1577 4009 1724 4063 nulla
1753 4011 1988 4068 delecta-

413 4090 488 4145 tio
527 4093 727 4157 carnis,
780 4094 922 4147 nulla
971 4095 1220 4166 voluptas
1248 4097 1388 4152 male
1424 4098 1618 4155 blanda
1649 4105 1982 4174 corrumpit:

411 4181 537 4250 quia
565 4183 731 4237 animi
762 4183 1020 4240 fortitudo
1042 4189 1110 4242 ab
1139 4189 1228 4243 illo
1259 4197 1343 4244 est
1376 4191 1552 4257 nobis,
1583 4193 1668 4247 cui
1707 4208 1828 4248 cum
1861 4195 1988 4251 Pro-

2095 1732 2390 1787 libidinosa:
2447 1733 2739 1802 voluptatis
2793 1737 3126 1807 exstinguit:
3196 1754 3528 1810 omnemque
3588 1745 3658 1797 in-

2095 1826 2515 1895 temperantiam
2543 1835 2784 1880 nostram
2806 1829 2873 1882 ad
2895 1828 3180 1882 honestum
3219 1831 3441 1884 niodum
3472 1833 3655 1903 redigit

2098 1915 2151 1968 in
2206 1916 2329 1969 cibo
2355 1915 2490 1986 ipso,
2535 1924 2590 1970 et
2621 1924 2771 1985 potu,
2800 1924 2861 1970 ut
2894 1919 3135 1972 contenti
3179 1919 3350 1974 simus
3381 1923 3653 1991 appositis.

2168 2004 2560 2074 Temperantia:
2607 2016 2722 2070 est,
2761 2006 2904 2074 quod
2959 2009 3315 2062 reverentiam
3359 2011 3658 2066 senioribus

2095 2094 2434 2159 exhibemus,
2467 2097 2703 2165 aequales
2746 2099 3079 2168 germanitas
3113 2098 3464 2164 honoramus,
3488 2101 3657 2171 junio-

2097 2183 2248 2238 ribus
2269 2185 2496 2254 gratiam
2525 2195 2765 2254 paterna:
2788 2187 3091 2243 dilectionis
3124 2189 3486 2258 impendimus
3531 2204 3575 2246 ε.

2167 2273 2354 2342 Itaque
2386 2273 2405 2314 ί
2441 2274 2653 2330 difﬁcile
2675 2277 2999 2346 quidem'est
3017 2278 3236 2332 nomina
3259 2279 3528 2334 virtutum
3554 2296 3658 2352 qua;

2093 2376 2160 2416 ex
2192 2363 2311 2417 istis
2339 2373 2576 2432 quatuor
2616 2365 3007 2435 principalibus
3033 2367 3306 2434 oriuntur,
3353 2371 3654 2426 ostendere.

2094 2455 2476 2511 Verumtamen
2499 2459 2604 2512 hoc
2623 2475 2785 2514 nosse
2803 2467 2860 2514 et
2875 2468 3058 2516 tenere
3084 2461 3367 2517 debemus:
3383 2465 3535 2534 quod
3555 2466 3658 2522 istm

2093 2545 2324 2600 virtutes
2353 2556 2603 2616 quatuor,
2653 2548 2737 2604 vel
2762 2564 2952 2605 omnes
2989 2566 3108 2620 qua:
3137 2566 3205 2606 ex
3254 2552 3361 2608 illis
3406 2555 3656 2613 existant.

2094 2637 2233 2692 dona
2264 2647 2390 2693 sunt
2416 2639 2531 2694 Dei.
2563 2639 2784 2710 thnod
2809 2641 2986 2696 nullus
3009 2656 3103 2697 eas
3117 2642 3301 2708 habet,
3331 2653 3426 2698 aut
3450 2645 3653 2709 habuit,

2092 2730 2176 2784 vel
2205 2730 2446 2797 habebit,
2467 2733 2569 2787 nisi
2601 2733 2690 2786 cui
2718 2733 2878 2800 Deus,
2904 2735 3104 2804 quiest
3126 2735 3388 2792 virtutum
3417 2740 3653 2794 omnium

2091 2821 2400 2890 proprietas
2437 2830 2494 2877 et
2512 2824 2685 2893 origo,
2708 2824 3022 2879 contulerit.

2171 2915 2196 2953 ⁸
2223 2913 2556 2984 Principales
2611 2930 2740 2986 ergo
2793 2925 3025 2984 quatuor
3075 2931 3194 2973 esse
3248 2918 3505 2985 virtutes,
3562 2933 3655 2974 non

2091 3004 2262 3059 solum
2300 3005 2603 3076 philosophi
2633 3007 2890 3072 sentiunt,
2927 3009 3021 3063 sed
3039 3009 3203 3063 etiam
3229 3011 3404 3064 nostri
3438 3025 3657 3065 consen-

2089 3095 2270 3148 tiunt:
2316 3097 2443 3165 quia
2470 3136 2484 3163 ,
2524 3098 2929 3166 quaternarium
2985 3111 3272 3153 numerum
3313 3099 3657 3171 profectionis

2088 3197 2360 3240 sacratum
2391 3201 2527 3255 pene
2553 3186 2732 3241 nullus
2758 3188 2989 3258 ignorat.
3015 3186 3295 3258 Siquidem
3317 3196 3468 3244 totus
3494 3189 3652 3253 orbis,

2086 3277 2316 3344 oriente,
2371 3278 2653 3333 occidente
2685 3318 2699 3343 ,
2731 3277 2986 3347 aquilone
3025 3286 3081 3333 et
3131 3279 3381 3345 meridie,
3436 3289 3656 3350 quatuor

2088 3369 2371 3423 terminari
2422 3368 2664 3438 partibus
2706 3368 2998 3423 invenitur.
3048 3368 3116 3423 Et
3165 3368 3282 3439 ipse
3325 3369 3498 3424 Adam
3525 3412 3541 3436 ,
3570 3370 3652 3440 qui

2087 3469 2173 3516 est
2199 3461 2420 3515 humani
2436 3461 2650 3531 generis
2670 3467 2846 3530 pater,
2867 3459 2953 3514 vel
2984 3460 3240 3530 generale
3266 3474 3491 3526 nomen,
3518 3460 3650 3531 quod

2087 3553 2285 3606 dicitur
2313 3553 2477 3606 homo
2507 3591 2523 3618 ,
2580 3559 2814 3622 quatuor
2845 3551 3044 3606 litteris
3096 3551 3424 3622 explicatur.
3455 3552 3651 3622 Corpus

2087 3657 2300 3712 quoque
2328 3652 2565 3712 quatuor
2591 3642 2872 3698 elementis
2913 3651 3249 3697 exstructum
3279 3682 3293 3708 ,
3325 3643 3650 3712 quaternarii

2087 3735 2301 3789 numeri
2351 3736 2406 3789 in
2437 3751 2494 3790 se
2524 3736 2766 3790 continet
2813 3743 3236 3790 sacramentum.
3268 3734 3446 3805 Ipsius
3495 3737 3648 3791 etiam

2087 3824 2279 3878 anima:
2305 3827 2540 3894 quatuor
2571 3839 2690 3878 esse
2719 3823 3033 3878 affectiones
3057 3864 3072 3890 ,
3096 3824 3293 3894 quibus
3322 3825 3408 3879 vel
3428 3828 3496 3880 ad
3515 3827 3645 3881 bona

2087 3915 2311 3980 utimur,
2354 3913 2440 3969 vel
2484 3914 2554 3970 ad
2599 3914 2759 3969 mala.
2793 3913 3037 3979 Quatuor
3082 3915 3240 3968 etiam
3265 3916 3647 3986 ﬂumina,qu¢

2085 4005 2150 4060 de
2176 4008 2414 4077 paradisi
2441 4007 2585 4076 fonte
2629 4009 2936 4078 procedunt,
2967 4007 3050 4062 vel
3082 4016 3319 4078 quatuor
3341 4008 3640 4080 Evangelia.

2085 4101 2151 4155 Et
2185 4100 2305 4156 ideo
2330 4102 2558 4157 virtutes
2585 4101 2721 4166 istm,
2749 4117 2870 4170 quae
2907 4109 3117 4156 tantum
3163 4103 3446 4157 continent
3479 4101 3644 4172 perfe-

2085 4192 2281 4247 ctionis
2328 4192 2382 4248 in
2419 4207 2678 4256 numero,
2703 4191 2934 4247 sollicite
2981 4191 3330 4248 considerare
3375 4194 3642 4256 debemus,

416 4271 578 4340 pheta
605 4281 886 4329 cantamus
911 4294 923 4328 :
950 4274 1234 4331 Fortitudo
1283 4295 1397 4332 utea
1427 4288 1476 4333 et
1515 4280 1631 4335 laus
1658 4299 1772 4336 mea
1801 4283 1983 4339 Domi-
2006 4307 2060 4370 Β
2083 4292 2346 4352 quantam
2379 4285 2721 4339 sanctitatem
2757 4283 3040 4339 conferant
3073 4285 3254 4340 animo
3301 4284 3640 4342 Christiano:

416 4377 538 4426 nua,
584 4371 632 4415 et
667 4363 835 4432 factus
865 4376 938 4420 est
965 4367 1092 4420 mihi
1117 4369 1173 4421 in
1203 4368 1424 4423 salutem
1449 4371 1762 4428 :Fortitudo
1799 4385 1982 4432 nostra
2006 4363 2045 4370 ﬁ
2084 4382 2140 4429 et
2183 4389 2343 4443 quam
2373 4374 2508 4429 nihil
2557 4374 2906 4445 profectionis
2951 4389 3189 4444 unquam
3240 4375 3301 4429 ﬁt
3337 4377 3388 4442 δ,
3420 4375 3554 4445 quod
3590 4374 3642 4428 ίιι

409 4460 512 4514 est,
539 4453 663 4520 quia
711 4454 784 4507 ita
825 4471 922 4510 nos
949 4465 1137 4511 contra
1182 4458 1362 4513 omnia
1404 4462 1535 4515 vitia
1574 4463 1774 4519 invicta
1803 4478 1982 4536 prote-

407 4540 588 4594 ctione
622 4543 960 4610 corroborat,
988 4557 1048 4599 ut
1098 4547 1338 4600 animum
1369 4559 1615 4604 nostrum
1656 4568 1757 4608 nec
1784 4555 1979 4612 blanda

407 4628 721 4694 dissolvant,
754 4648 853 4687 nec
888 4634 1115 4690 adversa
1145 4636 1432 4705 dejiciant;
1483 4648 1537 4694 et
1563 4649 1690 4695 tunc
1737 4641 1854 4698 laus
1883 4661 1979 4700 no-

405 4729 520 4772 stra
560 4720 814 4778 Dominus
844 4724 926 4791 tit,
958 4727 1003 4780 si
1029 4743 1138 4786 non
1169 4744 1269 4785 nos
1298 4731 1363 4786 de
1392 4733 1707 4788 muneribus
1733 4733 1848 4801 Dei,
1882 4739 1976 4793 sed

407 4807 590 4862 divina
621 4811 672 4863 iu
703 4813 856 4868 nobis
884 4817 1164 4886 cupiamus
1187 4835 1412 4875 munera
1435 4823 1738 4891 praedicari.
1766 4825 1834 4880 Et
1871 4829 1978 4883 uti-

407 4914 516 4969 que
549 4903 714 4958 animi
737 4903 998 4964 fortitudo
1031 4919 1141 4965 tam
1175 4912 1494 4980 desperandi
1517 4913 1785 4984 ignaviam
1823 4918 1979 4974 debet

407 4998 665 5049 excutere
711 5009 874 5063 quam
910 4997 1187 5066 iactantia:
1227 5004 1516 5058 mutraire.
1548 5003 1575 5044 ἀ
1597 5005 1664 5059 Et
1700 5008 1828 5077 quid
1873 5009 1976 5066 hac

407 5077 724 5145 fortitudine
755 5086 947 5148 melius
971 5101 1070 5157 est,
1099 5108 1263 5162 quam
1286 5093 1558 5152 diabolum
1595 5099 1832 5164 vincere,
1858 5117 1974 5157 om-

480 5263 506 5331 ξι
531 5251 819 5331 fluensque
840 5273 908 5312 ex
939 5259 1211 5331 Brosper.,
1237 5277 1355 5331 cap.
1380 5261 1472 5317 22.

479 5320 507 5404 ξ)
531 5320 820 5404 fluensque
843 5342 908 5381 ex
940 5320 1225 5404 Prosper.)
1250 5320 1406 5404 ibid,
1432 5349 1551 5404 cap.
1581 5336 1672 5390 26.

482 5402 506 5474 ξ
535 5391 822 5474 llucusque
842 5411 910 5452 ex
938 5391 1226 5474 Erosper._,_
1247 5391 1403 5474 ibid-i
1579 5405 1670 5459 24·

477 5459 504 5541 ἦ
538 5459 825 5541 [lucusque
849 5480 916 5519 ex
944 5459 1160 5541 Prosp,
1193 5459 1345 5541 ibid,
1371 5459 1607 5541 cap-20.

483 5539 511 5567 ο
540 5529 828 5605 ﬂuensque
874 5549 938 5589 ex
986 5529 1199 5608 Prosp.,
1236 5529 1342 5594 lib;
1383 5529 1454 5595 ιη’
1495 5529 1628 5598 Vita:
1668 5549 1982 5620 contempl.,

2083 4465 2202 4520 istis
2226 4466 2516 4520 virtutibus
2537 4482 2644 4522 non
2669 4467 2746 4520 fit.
2772 4465 2907 4521 Nam
2934 4466 2979 4520 si
3005 4467 3289 4537 prudentia
3310 4468 3640 4538 prudentem,

2075 4557 2288 4627 justitia
2317 4557 2525 4627 justum
2549 4598 2565 4623 ,
2594 4561 2948 4628 temperantia
2975 4567 3369 4629 temperantem
3412 4557 3553 4621 facit,
3579 4570 3640 4610 eo

2082 4649 2225 4719 quod
2251 4649 2565 4717 prudenter,
2603 4657 2657 4704 et
2679 4649 2846 4719 juste,
2891 4660 2949 4706 et
2974 4651 3210 4716 fortiter,
3238 4667 3304 4707 ac
3347 4661 3640 4722 temperan-

2083 4748 2169 4795 ter
2194 4734 2325 4810 agit,
2349 4740 2480 4794 nihil
2503 4742 2751 4810 estquod
2769 4743 2944 4810 possit
2972 4756 3092 4797 esse
3117 4742 3410 4812 perfectius
3436 4744 3474 4794 ί.
3501 4739 3638 4807 Qua-

2083 4841 2303 4902 propter
2332 4833 2474 4886 sicut
2512 4847 2576 4886 ex
2608 4832 2997 4889 elementorum
3039 4848 3268 4889 numero
3314 4828 3634 4904 quaternarii

2082 4937 2344 4994 compago
2371 4922 2578 4988 mundi,
2607 4937 2708 4977 nec
2740 4938 2846 4978 non
2876 4931 2931 4978 et
2971 4937 3203 4992 corpora
3234 4924 3458 4978 humana
3481 4919 3636 4990 perti-

2081 5011 2319 5076 ciuntur,
2356 5012 2551 5080 quibus
2599 5012 2784 5066 insunt
2810 5026 2961 5066 vente
2992 5052 3007 5078 ,
3036 5013 3299 5082 nervique
3321 5052 3337 5076 ,
3367 5027 3426 5066 ac
3447 5017 3631 5064 cretera

2083 5097 2325 5170 corporis
2351 5099 2536 5172 [Forte
2560 5100 2794 5173 corpori]
2822 5102 2972 5157 utilia
2994 5119 3012 5162 -;
3045 5103 3120 5157 ita
3152 5101 3508 5174 principalium
3535 5113 3632 5153 nu-

2084 5273 2501 5426 ⁰³¹ξέὲᾆυεηιῖει
2529 5361 2596 5401 ex
2619 5345 2840 5426 frosp"
2865 5348 3028 5426 _i_b_id.,
3051 5363 3171 5420 cap.
3203 5349 3288 5426 is.

2161 5415 2185 5490 ἕ
2209 5412 2506 5490 _Sequentia
2531 5431 2594 5469 ex
2619 5412 2833 5490 Prosp.,
2864 5412 3021 5482 ibid.,
3046 5412 3168 5490 cap.
3204 5421 3289 5475 18.

2158 5484 2181 5522 ιι
2209 5482 2416 5554 Broqu
2445 5501 2664 5554 usquam
2685 5482 2773 5539 sit.

2168 5554 2178 5591 ί
2227 5552 2605 5623 Ιίιιοιιςίιιιεεχ
2639 5555 2853 5626 Prosp.,
2884 5572 3003 5627 cap.
3043 5559 3120 5612 l8.
