3856 6190
205 245 319 296 6'77

1211 232 1305 287 DE
1341 229 1788 288 PGLN’ITENTIA
1827 229 2006 284 LIBRI
2048 230 2111 285 V.
2154 259 2222 269 —
2259 229 2385 284 LIB.
2427 229 2513 284 III.

3359 235 3462 295 6.78

206 371 367 414 mero
395 352 659 408 virtutum
675 347 862 404 omnia
887 359 1219 416 quacunque
1247 351 1393 398 recte
1414 342 1631 397 vivendi
1661 351 1791 398 sunt
1816 347 1868 404 Α
1891 342 2098 396 δεδι-εκ
2126 340 2435 395 virtutibus.
2465 339 2634 404 :Satis,
2659 348 2724 394 ut
2761 339 2958 410 opinor
2983 383 2996 403 ,
3027 356 3096 396 ex
3121 342 3301 400 tribus
3333 360 3456 415 gra-

207 446 484 506 instituta,
515 455 676 496 nemo
713 437 834 508 quis
857 436 1067 490 dubitet
1088 450 1212 489 esse
1240 448 1505 488 connexa.

282 533 382 587 Ilua
415 539 546 586 sunt
577 529 719 584 enim
747 543 777 581 a
817 525 1200 580 sacratissimis
1241 524 1372 578 viris
1424 525 1651 578 virtutes
1693 537 1786 578 ex-

1895 431 2071 494 dibus,
2114 430 2413 486 caelestium
2464 431 2692 494 scilicet,
2727 431 2834 486 ﬁde
2859 471 2877 496 ,
2902 447 2996 502 Spe
3045 442 3101 488 et
3152 435 3415 491 cbaritate
3439 477 3460 504 ,

1896 538 1994 578 nec
2028 538 2133 577 non
2163 529 2219 576 et
2263 522 2554 576 virtutibus
2587 529 2826 589 quatuor
2853 561 2868 586 ,
2899 523 3094 592 quibus
3119 526 3186 579 ad
3225 527 3464 581 culmina

204 627 428 698 positae,
453 639 589 694 quas
616 622 923 678 sacerdotes
946 619 1181 683 Domini,
1213 617 1303 686 qui
1326 615 1449 686 jura
1479 624 1663 670 tenent
1688 615 1796 670 Ec~
1892 613 2158 666 virtutum
2219 612 2530 664 ascenditur
2557 651 2571 674 ,
2627 619 2709 665 est
2746 611 3105 680 disputatum.
3160 613 3313 670 Nunc
3351 614 3465 684 jam

203 719 408 783 clesiaa,
428 731 537 773 nec
571 729 677 767 non
701 711 900 782 ligandi
923 718 1085 778 atque
1131 706 1370 762 solvendi
1404 706 1667 761 habentes
1695 719 1790 774 po-

1893 701 2129 770 qualiter
2173 701 2591 769 unumquodque
2619 699 2826 768 judicio
2867 703 3190 758 sacerdotali
3223 720 3461 774 purgan-

207 817 463 864 testatem
485 848 498 872 ,
527 807 730 862 intente
770 804 967 859 debent
1007 800 1306 870 intelligere
1341 815 1404 853 ac
1451 797 1789 867 frequentius
1889 794 2016 848 dum
2050 793 2122 846 sit
2158 793 2348 847 vitium
2373 832 2388 856 ,
2419 793 2655 849 breviter
2693 800 2781 848 est
2808 793 3142 865 insequentis
3188 797 3370 865 operis
3397 797 3464 850 li-

205 899 530 970 pradicare,
577 905 636 948 ut
675 893 904 963 populus
946 899 1131 947 careat
1161 891 1330 952 vitiis,
1389 896 1443 941 et
1489 886 1788 955 opitulante

205 1001 448 1057 superno
500 983 769 1053 adjutorio
797 989 1022 1037 conetur
1062 996 1162 1052 pro
1208 979 1413 1034 viribus
1440 978 1671 1048 quisque
1701 976 1784 1029 in-

1886 882 2026 937 hello
2064 882 2431 936 inserendum.

216 1114 3456 1151 __________________________________———————_—_______.

1416 1246 1714 1326 LIBER
1785 1235 2262 1318 TERTIUS.

1736 1412 1931 1431 μ

719 1521 945 1577 CAPUT
985 1519 1273 1576 PRIMUM.

211 1617 274 1670 l't
300 1615 624 1687 panitentiaz
669 1623 899 1683 tempora
916 1613 1076 1682 juxta
1103 1611 1409 1683 qualitatem
1453 1609 1651 1679 peccati
1689 1607 1776 1661 dev

849 1691 1152 1737 cernantur.

273 1789 299 1818 ι
332 1774 738 1830 Pmnitentibus
756 1773 1049 1827 secundum
1067 1770 1424 1826 differentiam
1439 1775 1782 1838 peccatorum

205 1865 446 1936 episc0pi
485 1863 710 1918 arbitrio
746 1861 1077 1930 poenitentiae
1115 1868 1360 1930 tempora
1397 1859 1778 1912 decernantur.

783 1953 917 2007 Item
941 1954 994 2006 in
1015 1952 1216 2006 eodem.

273 2047 548 2103 Sacerdos
565 2046 940 2116 penitentiam
968 2042 1274 2114 imploranti
1310 2041 1510 2111 absque
1538 2054 1784 2111 personae

207 2138 525 2209 acceptione
541 2136 880 2206 .pmnitentize
905 2135 1050 2204 leges
1080 2131 1342 2204 injungat.

831 2244 1057 2301 CAPUT
1083 2243 1148 2298 Il.

351 2339 512 2405 Quod
543 2337 674 2391 nulli
697 2339 763 2391 sit
785 2336 970 2390 ultima
992 2334 1291 2406 paenitentia
1311 2331 1637 2402 deneganda.

271 2433 300 2472 ι’
327 2433 470 2487 Vera
503 2445 630 2500 ergo
669 2430 734 2482 ad
771 2429 937 2482 Deum
987 2427 1271 2482 conversio
1298 2425 1351 2479 in
1407 2423 1611 2478 ultimis
1638 2421 1785 2492 posi-

208 2536 384 2575 torum
415 2529 598 2573 mente
631 2519 808 2587 potius
831 2525 921 2575 est
958 2515 1296 2580 mstimanda,
1325 2530 1486 2583 quam
1516 2521 1777 2582 tempore,

206 2614 480 2682 Propheta
519 2612 621 2666 hoc
650 2611 830 2664 taliter
872 2618 1151 2666 asserente
1183 2608 1357 2662 :Cum
1384 2621 1679 2662 conversus
1701 2606 1783 2659 in-

207 2701 501 2771 gemueris,
529 2709 655 2754 tunc
683 2698 865 2753 salvus
897 2699 1026 2753 eris.
1061 2708 1083 2737 ε
1112 2695 1244 2750 Cum
1271 2712 1400 2768 ergo
1424 2696 1683 2749 Dominus
1711 2695 1783 2749 sit

207 2793 392 2848 cordis
415 2792 710 2861 inspector,
741 2791 931 2860 quovis
960 2797 1201 2859 tempore
1227 2803 1335 2846 non
1363 2795 1450 2842 est
1469 2786 1780 2856 deneganda

207 2885 528 2956 pmnitentia
559 2883 872 2954 postulanti,
901 2897 1022 2937 cum
1047 2881 1124 2936 illi
1156 2895 1216 2936 se
1247 2879 1449 2951 obliget
1471 2877 1659 2950 judici,
1693 2877 1780 2933 cui

209 2974 420 3030 occulta
446 2973 632 3032 munia
670 2973 882 3030 noverit
907 2971 1162 3026 revelari.

815 3063 1038 3121 CAPUT
1066 3063 1152 3119 Ill.

209 3155 280 3211 De
309 3158 400 3210 his
434 3156 523 3226 qui
582 3155 887 3212 necessitate
947 3153 1134 3206 mortis
1180 3161 1391 3226 urgente
1428 3149 1782 3226 paenitentiam

270 3220 458 3281 simul'
495 3237 541 3278 et
593 3226 838 3278 viaticum
867 3232 1087 3292 petunt;
1116 3230 1178 3292 et
1201 3222 1264 3275 de
1297 3222 1386 3292 iliis
1417 3220 1506 3292 qui
1553 3220 1784 3292 obmute-

280 3305 462 3359 scunt,
505 3304 781 3363 antequam
801 3291 873 3346 ad
888 3309 972 3346 eos
997 3291 1239 3345 sacerdos
1270 3291 1491 3344 daturus
1530 3291 1782 3359 pwniten-

274 3367 409 3418 tiam
433 3365 666 3417 accedat.

272 3455 302 3496 ει
337 3455 420 3510 Ita
453 3469 584 3524 ergo
614 3453 801 3507 talium
831 3450 1142 3507 necessitati
1189 3449 1556 3504 auxiliandum
1583 3457 1689 3514 est,
1724 3457 1785 3504 ut

209 3561 307 3600 nec
339 3546 488 3600 actio
516 3544 620 3598 illis
648 3543 979 3614 pmnitentiae
1005 3581 1019 3606 ,
1056 3554 1155 3595 nec
1184 3539 1581 3594 communionis
1609 3539 1782 3608 gratia

208 3635 538 3704 denegetur:
563 3633 644 3687 sic
661 3647 781 3688 eam
805 3633 966 3686 etiam
993 3631 1194 3684 amisso
1207 3629 1355 3684 vocis
1374 3628 1572 3693 ollicio,
1587 3644 1684 3698 per
1701 3629 1784 3683 in-

187 3726 348 3784 ‘dicia
373 3726 569 3796 integri
595 3740 788 3782 sensus
815 3739 1062 3794 quaere
1095 3723 1532 3792 comprobentur.
1565 3720 1720 3790 Quod
1737 3721 1783 3776 si

208 3821 282 3875 ita
303 3821 488 3890 aliqua
505 3818 821 3888 aegritudine
839 3814 1352 3885 fuerintaggravati,
1367 3821 1426 3868 ut
1456 3816 1598 3884 quod
1620 3815 1784 3884 paulo

209 3918 335 3964 ante
365 3909 678 3978 poscebant,
731 3906 832 3960 sub
855 3905 1142 3975 praasentia
1198 3903 1504 3975 signiﬁcare
1531 3920 1637 3960 non
1684 3920 1781 3959 va-

208 4000 376 4062 leant,
405 3997 714 4053 testimonia
762 3995 841 4050 eis
870 3995 1101 4074 ﬁdelium
1139 3995 1616 4049 circumstantium
1661 4009 1784 4063 pro-

211 4092 368 4147 desse
391 4090 682 4146 debebunt.
709 4087 880 4142 Simul
909 4098 1088 4142 tamen
1117 4126 1132 4151 ,
1154 4094 1212 4140 et
1237 4086 1592 4156 pceuitentiaa,
1616 4094 1668 4140 et
1699 4101 1784 4142 re—

209 4181 604 4238 conciliationis
626 4178 948 4234 beneﬁcium
982 4186 1403 4247 consequantur.

823 4270 1049 4327 CAPUT
1076 4271 1164 4326 IV.

408 4365 486 4420 De
511 4366 594 4420 Itis
619 4366 706 4434 qui
735 4364 1088 4435 ptenitentiam
1119 4379 1272 4433 agere
1313 4363 1584 4432 differunt.

283 4466 310 4495 ο
335 4453 713 4511 Dissimulat-io
748 4461 925 4522 potest
959 4467 1070 4508 non
1101 4460 1408 4522 contemptu
1452 4467 1572 4507 esse
1599 4466 1777 4506 reme-

211 4547 304 4613 dii,
357 4547 458 4602 sed
505 4547 572 4601 de
609 4555 754 4601 metu
801 4545 1018 4615 gravius
1076 4543 1440 4613 delinquendi.
1484 4544 1637 4600 Unde
1670 4561 1786 4614 pm-

213 4639 439 4696 nitentia
475 4653 598 4707 qua:
628 4637 789 4692 dilata
811 4645 912 4701 est,
944 4651 1067 4690 cum
1094 4635 1384 4690 studiosius
1407 4635 1574 4704 petita
1599 4634 1781 4699 fuerit,

208 4749 316 4788 non
351 4742 618 4802 negetur,
652 4740 711 4786 ut
740 4747 847 4802 quo
881 4730 1044 4786 modo
1085 4730 1154 4784 ad
1185 4730 1530 4800 indulgentia:
1564 4730 1784 4786 medici-

213 4839 334 4878 nam
362 4823 550 4878 anima
585 4820 867 4876 vulnerata
897 4820 1199 4890 perveniat.

835 4910 1060 4968 CAPUT
1091 4909 1156 4966 V.

205 5001 370 5068 Quod
418 5013 653 5075 oporteat
679 5020 795 5058 eum
852 5005 941 5076 qui
982 5003 1047 5076 ali
1097 5003 1295 5076 illicitis
1331 5006 1533 5060 veniam
1589 5015 1784 5076 poscet,

549 5076 706 5128 etiam
733 5092 766 5128 a
793 5073 971 5128 multis
1009 5073 1164 5128 licitis
1187 5074 1464 5130 abstinere.

293 5163 312 5202 ί
340 5163 506 5219 Aliud
526 5165 743 5234 quidem
789 5172 873 5220 est
915 5164 1092 5219 debita
1115 5164 1262 5236 justa
1306 5181 1609 5237 reposcere,
1646 5167 1790 5223 aliud

287 5287 313 5316 ι
347 5275 426 5329 Ex
458 5275 688 5330 concilio
711 5273 988 5330 Africano.

290 5345 319 5384 ιι
354 5345 432 5415 Ex
465 5345 622 5414 epist.
646 5360 796 5415 papae
824 5344 1061 5415 Caelesti.

295 5424 318 5451 ε
356 5414 490 5468 Vide
517 5423 673 5469 notas
697 5414 915 5470 Antonii
940 5415 1222 5486 Augustini
1270 5415 1323 5470 in
1359 5415 1565 5471 Rabani
1608 5415 1792 5472 Poeni-

221 5491 427 5625 ωιξιίξι
449 5553 606 5623 epist.
623 5569 773 5625 Papa:
795 5554 989 5608 Leonis
1005 5555 1072 5609 ad
1087 5554 1429 5625 Theodorum
1459 5570 1791 5625 ep'scopum°

304 5635 327 5662 ⁸
366 5623 426 5680 lu
457 5625 676 5680 decreto
698 5623 865 5680 Leon.
890 5640 1041 5697 papa:
1079 5639 1198 5694 cap.
1226 5623 1313 5678 2t.

1889 1504 2106 1575 propria
2137 1502 2484 1572 perfectionis
2531 1516 2714 1558 amore
2756 1511 3123 1560 contemnere.
3157 1503 3262 1561 Sed
3303 1507 3458 1561 illici-

1889 1602 2065 1648 torum
2120 1592 2330 1648 veniam
2386 1591 2746 1659 postulantem
2775 1601 2990 1660 oportet
3029 1594 3194 1648 etiam
3237 1610 3268 1648 a
3297 1595 3460 1650 licitis

1809 1672 1856 1731 Β
1885 1684 2176 1746 abstinere,
2205 1683 2419 1735 dicente
2455 1680 2713 1749 Apostolo
2742 1699 2754 1734 :
2798 1679 2988 1736 Omnia
3013 1681 3169 1737 licent
3195 1725 3210 1749 ,
3241 1685 3332 1738 sed
3357 1703 3461 1739 non

1885 1774 2061 1830 munia
2107 1771 2404 1841 expediunt.
2440 1771 2615 1834 Unde,
2647 1771 2692 1824 si
2737 1771 3063 1840 poenitentcs
3093 1773 3297 1828 habent
3329 1789 3458 1828 cau-

1887 1878 2024 1946 sam,
2047 1878 2209 1933 quam
2234 1862 2505 1932 negligere
2529 1860 2666 1916 forte
2690 1878 2799 1916 non
2851 1863 3103 1928 debeant,
3136 1864 3327 1919 melius
3367 1880 3462 1920 ex-

1881 1956 2018 2026 petit
2041 1955 2162 2024 quis
2177 1954 2599 2009 eeclesiasticum
2619 1969 2779 2022 quam
2807 1953 3018 2007 forense
3036 1951 3317 2022 judicium.

2490 2061 2716 2117 CAPUT
2751 2061 2837 2116 Vl.

1884 2155 2037 2222 Quod
2057 2155 2324 2226 paenitenti
2343 2153 2489 2207 nulla
2519 2153 2666 2206 lucra
2676 2151 3054 2232 negotiationis
3070 2167 3310 2206 exercere
3328 2168 3455 2207 con-

2573 2231 2763 2276 veniat.

1952 2314 1977 2352 8
2003 2310 2244 2378 Qualitas
2289 2310 2649 2382 negotiantem
2687 2318 2782 2364 aut
2807 2317 3033 2365 excusat
3061 2349 3077 2377 ,
3109 2317 3204 2364 aut
3245 2310 3446 2380 arguit,

1879 2403 2005 2473 quia
2039 2411 2124 2457 est
2144 2403 2401 2457 honestus
2419 2409 2684 2471 quaestus,
2727 2409 2783 2456 et
2823 2403 3013 2471 turpis.
3065 2403 3452 2459 Verumtamen

1879 2493 2167 2562 pmuitenti
2199 2494 2384 2548 utilius
2411 2502 2495 2549 est
2525 2495 2802 2563 diSpendia
2826 2495 2958 2564 pati.
3001 2510 3162 2564 quam
3192 2495 3450 2564 periculis

1880 2583 2259 2652 negotiationis
2305 2583 2552 2653 astringi.
2612 2583 2640 2622 ιι
2706 2582 2841 2649 Quia
2889 2581 3104 2638 diﬁicile
3165 2592 3250 2638 est
3313 2583 3458 2638 inter

1879 2672 2110 2727 ementis
2138 2673 2531 2742 vendentisque
2576 2673 2962 2728 commercium
2987 2687 3094 2726 non
3124 2673 3456 2728 intervenire

1879 2769 2182 2831 peccatum.

2467 2847 2695 2904 CAPUT
2737 2849 2849 2906 VII.

1881 2939 2034 3006 Quod
2060 2940 2130 2995 ad
2155 2939 2398 2994 militiam
2417 2939 2726 3062 sa’culazeizt
2753 2949 2865 3009 post
2903 2941 3253 3010 pmnitentiam
3294 2941 3462 2997 redire

2481 3026 2586 3062 non
2657 3027 2684 3062 e
2719 3019 2858 3062 eant.

2481 3026 2586 3063 non
2621 3019 2858 3064 debeant.

1966 3101 2365 3158 iContrarium
2400 3110 2485 3158 est
2532 3101 2754 3156 omnino
2802 3101 3188 3158 ecclesiasticis
3242 3103 3462 3174 regulis,

1883 3194 2008 3255 post
2029 3186 2362 3256 pmnitentire
2399 3187 2668 3240 actionem
2715 3184 2894 3250 redire
2918 3186 2986 3240 ad
3013 3186 3260 3239 militiam
3298 3202 3466 3242 saecu.

1884 3276 2079 3342 larem,
2110 3293 2233 3332 cum
2259 3276 2550 3346 Apostolus
2598 3276 2788 3331 dicat:
2835 3275 3002 3329 Nemo
3046 3275 3278 3330 militans
3326 3277 3457 3345 Deo,

1883 3367 2117 3437 implicat
2152 3383 2208 3420 se
2237 3368 2453 3436 negotiis
2473 3366 2836 3420 secularibus.
2871 3365 3024 3420 Unde
3054 3381 3158 3420 non
3189 3373 3275 3421 est
3322 3367 3460 3422 liber

1885 3473 1916 3516 a
1937 3457 2146 3526 laqueis
2173 3457 2392 3522 diaboli,
2417 3457 2508 3526 qui
2528 3473 2588 3513 se
2621 3457 2677 3511 in
2725 3456 2974 3511 militiam
3015 3458 3344 3512 mundanam
3366 3475 3460 3514 vo-

1884 3545 2049 3604 luerit
2077 3544 2377 3615 implicare.

2467 3633 2695 3690 CAPUT
2733 3633 2867 3689 VIII.

2011 3725 2088 3780 De
2123 3725 2204 3778 his
2232 3727 2322 3795 qui
2352 3726 2708 3796 paenitentiam
2741 3725 2957 3779 minime
2993 3738 3344 3783 servaverunt.

1955 3813 1972 3865 J'
2011 3815 2075 3868 Hi
2105 3829 2236 3869 vero
2277 3815 2394 3884 qui,
2427 3822 2547 3868 acta
2590 3815 2907 3884 poenitentia
2941 3855 2957 3880 ,
2997 3823 3254 3886 tanquam
3296 3833 3464 3875 canes

1885 3919 1948 3959 ac
1977 3920 2100 3960 sues
2116 3904 2184 3957 ad
2213 3905 2445 3962 vomitus
2469 3905 2728 3974 pristinos
2749 3913 2804 3959 et
2828 3905 3111 3960 volutabra
3138 3907 3448 3976 redeuntes,

1883 4000 1938 4046 et
1971 3991 2174 4046 militia:
2200 3991 2493 4062 cingulum,
2521 4001 2575 4046 et
2601 3991 2837 4048 ludicras
2875 3993 3204 4064 voluptates,
3235 4004 3292 4050 et
3315 4011 3456 4052 nova

1885 4085 2154 4155 conjugis,
2185 4092 2240 4138 et
2267 4084 2524 4139 inhibitos
2553 4085 2728 4140 denuo
2757 4086 3066 4156 appetivere
3100 4089 3450 4145 concubitus:

1888 4189 2116 4243 quorum
2171 4172 2471 4242 professam
2519 4174 2971 4230 incontinentiam
3029 4179 3270 4245 generati
3332 4187 3458 4248 post

1886 4263 2278 4318 absolutionem
2305 4263 2398 4318 ﬁlii
2425 4264 2793 4333 prodiderunt.
2825 4262 2901 4316 De
2930 4263 3126 4332 quibus
3147 4305 3162 4329 ,
3193 4267 3317 4334 quia
3345 4264 3460 4334 jam

1806 4384 1860 4444 Β
1886 4356 2172 4425 suffugium
2196 4371 2299 4409 non
2330 4357 2531 4410 habent
2554 4356 2872 4424 pumileadi,
2918 4357 2972 4410 id
3000 4357 3249 4413 duximus
3277 4359 3462 4427 decen-

1887 4447 2142 4509 nendum,
2168 4454 2229 4499 ut
2264 4444 2378 4499 sola
2411 4445 2552 4498 intra
2593 4445 2875 4500 ecclesiam
2914 4445 3157 4500 ﬁdelibus
3205 4449 3454 4503 oratione

1882 4535 2210 4606 jungantur;
2237 4549 2407 4590 sacras
2448 4535 2828 4604 mysteriorum
2853 4535 3177 4602 celebritati,
3207 4539 3455 4607 quamvis

1887 4641 1995 4679 non
2026 4634 2352 4689 mereantur,
2384 4624 2655 4678 intersint.
2678 4624 2722 4677 A
2749 4625 3040 4680 Dominicze
3054 4635 3232 4680 autem
3258 4643 3461 4683 mensae

1887 4713 2136 4769 convivio
2181 4722 2532 4783 segregentur
2569 4732 2582 4767 :
2631 4720 2690 4767 ut
2738 4715 2841 4768 hac
2881 4714 3070 4769 saltem
3122 4715 3459 4771 districtione

1888 4803 2144 4872 correpti,
2167 4811 2222 4856 et
2243 4802 2345 4871 ipsi
2375 4801 2429 4856 in
2455 4816 2513 4858 se
2544 4817 2640 4856 sua
2687 4811 2869 4856 errata
2900 4803 3164 4872 castigent
3191 4821 3204 4857 :
3239 4811 3292 4857 et
3335 4804 3458 4860 aliis

1889 4893 2192 4962 exemplum
2245 4893 2486 4948 tribuant
2518 4911 2531 4945 :
2565 4900 2832 4961 quatenus
2853 4895 2921 4949 ab
2963 4895 3212 4950 obscenis
3255 4896 3466 4966 cupidi~

1890 4984 2088 5042 tatibus
2111 4985 2476 5039 retrahantur.
2506 4981 2710 5048 Quibus
2739 4990 2918 5038 tamen
2985 4985 3240 5054 quoniam
3268 5000 3462 5040 carna-

1890 5075 1927 5129 li
1953 5074 2239 5145 fragilitate
2264 5075 2597 5139 ceciderunt,
2619 5073 2818 5129 viatico
2839 5088 3088 5142 munere,
3111 5091 3232 5130 cum
3254 5075 3319 5130 ad
3349 5074 3457 5129 Do-

1895 5166 2100 5221 minum
2126 5165 2389 5234 coeperint
2413 5163 2706 5234 proﬁcisci,
2762 5179 2861 5233 per
2905 5165 3297 5220 communionis
3331 5178 3448 5236 gra-

1972 5280 1991 5318 ῐ
2019 5280 2076 5333 In
2107 5279 2357 5333 decretali
2387 5278 2647 5348 ejusdem.

1969 5351 1996 5389 ⁸
2018 5349 2076 5403 In
2114 5348 2301 5402 eodem
2330 5362 2447 5415 cap.
2470 5347 2560 5401 25.

1967 5419 1994 5458 ιι
2028 5417 2338 5540 ιξίὲῗονεώει
2370 5408 2680 5474 inseruntur
2701 5416 2960 5488 Capitulis
2987 5415 3079 5469 lib.
3097 5430 3193 5478 vri,
3217 5423 3338 5480 cap.
3364 5408 3456 5463 62.

1895 5503 2042 5566 P382
2119 5519 2130 5530 ‘
2195 5526 2212 5566 ε
2591 5555 2654 5566 η.

1978 5555 1988 5597 ί
2025 5557 2080 5611 In
2113 5559 2234 5612 end.
2266 5572 2421 5611 conc.
2449 5571 2568 5626 cap.
2590 5555 2682 5607 24.

1974 5628 1985 5676 i
2021 5628 2074 5680 In
2100 5627 2352 5682 decretali
2383 5621 2571 5680 Siriéii
2599 5641 2769 5695 papte,
2808 5639 2928 5695 cap.
2959 5621 3012 5676 5.
