3856 6190
247 299 266 312 ,
309 244 412 301 679

1297 219 1687 278 HALITCARII
1725 215 2029 272 EPlSCOPl
2069 207 2590 269 CAMERACENSIS

3447 201 3555 260 680

309 354 439 408 tiam
470 345 718 403 volumus
768 338 1068 400 subveniri.
1103 337 1274 404 Quam
1327 333 1574 396 formam,
1624 338 1679 384 et
1727 328 1871 382 circa
1899 329 1949 387 Α
1976 333 2177 379 tantem
2207 323 2322 392 ejus
2357 328 2625 392 praecepto
2655 317 3004 373 reconciliare
3028 333 3040 368 :
3063 330 3222 386 quam
3252 329 3367 370 rem
3393 316 3558 372 debe-

311 439 585 500 mulieres,
613 450 731 506 quae
761 448 818 488 se
847 439 968 502 post
993 423 1366 497 paenitentiam
1396 421 1592 475 talibus
1624 415 1877 486 pollutio—

313 533 472 588 nibus
495 529 871 588 devinxerunt,
900 519 1218 575 servandam
1257 529 1378 569 esse
1401 526 1703 568 censemus.

912 629 1138 686 CAPUT
1191 627 1283 681 1X.

316 736 393 789 De
427 701 648 787 remedio
676 724 1007 797 pw'nitentia’,
1031 730 1080 775 et
1099 719 1236 790 quod
1249 715 1514 797 absolutio
1535 713 1886 797 paenitentiam

385 783 746 935 pegmagmiim
771 783 1150 864 impositionein
1180 783 1892 860 episcoporum‘supplicatio-

391 889 441 925 ni
482 886 540 922 us
608 877 682 920 at.

391 974 418 1002 α
457 959 553 1014 His
587 967 787 1022 autem,
836 955 928 1025 qui
975 954 1030 1008 in
1072 960 1312 1021 tempore
1351 946 1691 1004 necessitatis
1737 951 1790 999 et
1837 943 1890 996 in

318 1051 570 1125 periculis
613 1047 855 1119 urgentis
896 1043 1186 1106 instantiae,
1226 1039 1534 1110 praesidium
1564 1032 1894 1106 pmnitentiaa

319 1123 376 1200 et
419 1159 540 1198 mox
587 1135 1038 1196 reconciliationis
1088 1131 1418 1201 implorant:
1451 1143 1552 1182 nec
1596 1123 1896 1180 satisfactio

323 1231 690 1289 interdicenda
721 1236 962 1292 est,'nec
991 1221 1359 1278 reconciliatio
1387 1217 1728 1288 deneganda;
1770 1214 1897 1284 quia

324 1326 708 1384 misericordiae
742 1322 836 1376 Dei
870 1335 970 1374 nec
1009 1330 1318 1372 mensuram
1351 1325 1638 1383 possumus
1676 1321 1898 1378 ponere,

327 1437 426 1476 nec
455 1428 696 1486 tempora
726 1413 980 1475 delinire,
1015 1409 1154 1478 apud
1186 1421 1347 1475 quem
1372 1403 1546 1457 nullas
1579 1401 1782 1470 patitur
1809 1414 1904 1454 ve-

329 1513 446 1566 nire
471 1522 653 1562 moras
681 1502 982 1562 conversio,
1013 1499 1225 1552 dicente
1262 1493 1355 1547 Dei
1398 1491 1602 1561 Spiritu
1639 1503 1739 1557 per
1769 1486 1903 1540 Pro-

327 1602 544 1670 pbetam
569 1615 581 1650 :
607 1594 739 1649 Cum
768 1605 1042 1646 conversus
1077 1583 1410 1670 ingemuerit,
1439 1591 1561 1634 tunc
1581 1578 1756 1632 salvus
1777 1577 1901 1630 eris.

328 1657 397 1747 Et
445 1691 569 1746 alibi
596 1709 607 1742 :
632 1689 727 1741 Dic
769 1684 1063 1754 iniquitates
1097 1688 1214 1732 tuas
1259 1657 1443 1746 prior,
1486 1683 1543 1727 ut
1570 1671 1901 1743 justiﬁceris.

328 1783 480 1844 Item,
505 1779 624 1851 quia
653 1775 790 1847 apud
813 1773 1093 1827 Dominum
1115 1765 1473 1822 misericordia
1495 1772 1592 1828 est,
1621 1772 1669 1816 et
1697 1761 1906 1831 copiosa

332 1869 471 1940 apud
511 1849 677 1921 Deum
720 1861 1022 1932 redemptio.
1074 1857 1131 1911 In
1175 1853 1551 1925 diSpensandis
1591 1852 1774 1920 itaque
1809 1849 1907 1903 Dei

332 1959 488 2015 donis
514 1973 621 2011 non
649 1955 908 2010 debemus
946 1963 1066 2004 esse
1107 1945 1369 2009 ditliciles,
1416 1957 1516 1998 nec
1554 1957 1612 1997 se
1650 1955 1907 1995 accusan«

332 2054 466 2106 tium
520 2048 750 2120 gemitus
793 2045 1170 2114 lacrymasque
1211 2038 1520 2109 negligere,
1567 2050 1691 2089 cum
1738 2033 1911 2101 ipsam

331 2139 624 2212 paenitendi
655 2135 993 2189 affectionem
1020 2145 1087 2184 ex
1114 2128 1207 2182 Dei
1235 2126 1520 2182 credamus
1560 2121 1912 2190 inspiratione

334 2210 642 2285 contentam
662 2267 676 2291 ,
702 2225 913 2279 dicente
942 2219 1197 2289 Apostolo
1222 2235 1234 2270 :
1263 2216 1343 2269 Ne
1372 2215 1505 2283 forte
1527 2213 1612 2265 det
1641 2211 1745 2264 illis
1773 2210 1912 2263 Deus

335 2319 718 2392 paenitentiam,
746 2325 802 2370 ut
835 2313 1136 2382 resipiscant
1180 2327 1212 2363 a
1251 2305 1445 2362 diaboli
1485 2304 1706 2376 laqueis,
1740 2318 1774 2355 a
1814 2316 1914 2371 quo

337 2412 527 2483 captivi
554 2418 793 2464 tenentur
820 2406 888 2461 ad
915 2405 1076 2476 ipsius
1109 2402 1444 2458 voluntatem.

953 2510 1179 2566 CAPUT
1232 2509 1301 2563 X.

345 2612 421 2667 De
453 2610 532 2664 his
570 2609 659 2679 qui
688 2603 1099 2660 communionem
1127 2611 1352 2669 tempore
1381 2597 1564 2650 mortis
1589 2603 1868 2678 caposcunt
1899 2610 1918 2648 :

344 2665 459 2746 aut,
505 2680 550 2734 si
583 2665 892 2746 desperatus
926 2683 972 2727 et
1009 2665 1334 2734 consecutus,
1367 2665 1784 2722 communienem
1816 2665 1918 2718 ite-

412 2767 526 2803 rum
557 2746 895 2802 convaluerit.

409 2841 440 2881 b
488 2839 564 2892 De
589 2837 673 2891 his
697 2836 788 2904 qui
819 2835 884 2888 ad
906 2834 1110 2888 exitum
1151 2831 1408 2895 veniunt,
1448 2827 1612 2884 etiam
1651 2841 1797 2881 nunc
1834 2823 1922 2879 lex
1951 2817 1955 2821 ’

342 2929 566 2997 antiqua
597 2925 963 2996 regularisque
991 2922 1321 2976 servabitur:
1340 2920 1413 2973 ita
1437 2927 1497 2972 ut
1517 2918 1561 2972 si
1576 2917 1698 2987 quis
1717 2913 1926 2985 egredi-

345 3029 434 3073 tur
487 3031 745 3086 corpore,
793 3013 980 3067 ultimo
1008 3022 1062 3064 et
1109 3009 1378 3064 necessari

345 3109 604 3181 privetur.
643 3105 794 3173 Quod
822 3103 866 3159 si
897 3104 1215 3171 desperatus
1243 3107 1297 3152 et
1325 3105 1648 3153 consecutus
1683 3111 1928 3151 commu-

349 3196 586 3262 nionem,
619 3194 1011 3262 oblationisque
1043 3191 1310 3262 particeps
1344 3187 1534 3249 factus,
1573 3187 1768 3242 iterum
1799 3201 1931 3240 con-

347 3289 618 3353 valuerit,
662 3286 722 3340 fit
759 3287 899 3339 inter
941 3298 1035 3337 eos
1073 3281 1165 3351 qui
1207 3278 1638 3335 communionem
1668 3276 1932 3332 orationis

351 3377 723 3432 tantummodo
749 3380 1168 3441 consequuntur.
1208 3368 1546 3426 Generaliter
1576 3376 1754 3423 autem
1784 3366 1931 3420 omni

354 3469 577 3524 cuilibet
605 3469 658 3521 in
687 3466 831 3521 exitu
858 3464 1056 3536 posito,
1096 3471 1151 3517 et
1190 3462 1431 3532 poscenti
1469 3460 1568 3516 sibi
1607 3459 1936 3516 communio-

352 3561 437 3614 nis
475 3559 702 3629 gratiam
743 3555 936 3619 tribui,
973 3553 1256 3624 episcopus
1294 3551 1648 3623 probabiliter
1679 3565 1743 3606 ex
1786 3547 1934 3604 obla-

354 3651 499 3704 tione
530 3649 658 3702 dare
689 3645 921 3700 debebit.

966 3733 1192 3789 CAPUT
1223 3733 1312 3786 XI.

357 3830 435 3884 De
457 3824 928 3905 pwnitentibus‘,.ut
965 3843 995 3877 a
1033 3822 1352 3904 presbyteris.
1374 3837 1479 3875 non
1541 3818 1932 3887 econcilientur,

767 3894 867 3947 nisi
904 3894 1232 3963 pra‘cipiente
1271 3893 1527 3961 episcopo.

433 4017 456 4044 ο
503 4005 574 4062 Ut
607 4004 998 4075 paenitentibus
1034 4002 1328 4057 secundum
1372 4001 1728 4056 differentiam
1753 4017 1941 4072 pecca-

361 4107 538 4152 torum
573 4093 805 4164 episc0pi
845 4092 1070 4146 arbitrio
1112 4090 1443 4161 paenitentia:
1481 4099 1722 4160 tempora
1755 4092 1940 4147 decer-

360 4196 558 4243 nantur
590 4203 601 4240 :
633 4192 687 4239 et
719 4192 774 4237 ut
815 4183 1094 4254 presbyter
1120 4181 1420 4237 inconsulto
1448 4182 1699 4252 episcopo
1725 4197 1832 4236 non
1861 4197 1942 4236 re-

361 4277 614 4335 conciliet
649 4274 1021 4346 ptenitentcm,
1064 4271 1167 4326 nisi
1205 4271 1449 4326 absentia
1481 4270 1716 4340 episcopi
1755 4285 1942 4326 neces-

1983 431 2104 470 mus
2128 413 2328 469 salubri
2357 409 2583 466 concilio
2607 409 2884 464 roborare.

2569 521 2796 578 CAPUT
2832 520 2966 575 XIII.

2256 616 2333 671 De
2360 625 2584 687 tempore
2619 613 2937 668 remissionis
2959 611 3293 681 paenitentia'.

2062 745 2087 772 ε
2143 732 2218 786 De
2242 726 2626 799 paenitentibus
2653 732 2830 780 autem
2859 725 2972 793 qui,
3000 724 3112 781 sive
3136 737 3203 778 ex
3228 721 3572 792 gravioribus

1991 821 2316 885 commissis,
2357 819 2470 873 sive
2510 833 2574 872 ex
2615 815 2907 871 levioribus
2942 813 3314 884 paenitentiam
3351 820 3568 883 gerunt,

1993 917 2038 972 si
2073 913 2217 970 nulla
2249 912 2567 967 interveniat
2596 909 2876 981 aegritudo,
2915 907 3103 978 quinta
3143 905 3276 961 feria
3314 913 3442 961 ante
3475 905 3581 962 Pa-

1994 1005 2126 1059 scha
2152 1004 2231 1058 eis
2257 1002 2638 1057 remittendum
2665 999 2920 1054 Romanae
2955 997 3210 1053 Ecclesiae
3237 999 3577 1052 consuetudo

1996 1098 2350 1152 demonstrat.
2401 1092 2669 1148 Caeterum
2717 1091 2782 1145 de
2818 1090 3056 1162 pondere
3093 1088 3410 1143 aestimando
3449 1088 3584 1144 deli-

1998 1194 2208 1241 ctorum
2251 1181 2548 1239 sacerdotis
2574 1188 2659 1234 est
2681 1179 2945 1247 judicare,
2973 1186 3036 1232 ut
3068 1177 3314 1232 attendat
3350 1177 3418 1231 ad
3452 1192 3586 1232 con-

1999 1273 2288 1330 fessionem
2328 1269 2669 1342 pmnitentis,
2712 1277 2767 1324 et
2805 1268 2874 1322 ad
2913 1266 3069 1322 ﬂetus
3115 1276 3276 1336 atque
3311 1266 3582 1337 lacrymas

2001 1363 2341 1435 corrigentis,
2376 1368 2555 1415 actum
2591 1358 2783 1429 jubere
2815 1357 3035 1422 dimitti,
3076 1371 3198 1410 cum
3227 1356 3419 1411 viderit
3448 1369 3584 1410 con-

2003 1473 2193 1530 gruam
2244 1454 2688 1511 satisfactionem.
2748 1450 2888 1506 Sane
2936 1451 2984 1505 si
3028 1449 3152 1519 quis
3207 1449 3580 1520 aegritudinem

2005 1547 2277 1611 inciderit,
2305 1552 2465 1614 atque
2501 1557 2673 1612 usque
2711 1541 2779 1595 ad
2817 1541 3247 1610 desperationem
3282 1539 3586 1604 devenerit,

1932 1668 1980 1727 B
2008 1640 2058 1694 ei
2094 1646 2178 1693 est
2217 1644 2342 1691 ante
2379 1644 2588 1704 tempus
2623 1633 2843 1688 Pasclne
2872 1633 3224 1711 relaxandum
3248 1671 3264 1698 ,
3296 1646 3363 1686 ne
3386 1631 3452 1686 de
3481 1631 3588 1687 hoc

2008 1726 2202 1783 saeculo
2233 1726 2436 1794 absque
2458 1722 2836 1779 communione
2860 1706 3117 1775 discedat.

2588 1833 2816 1890 CAPUT
2867 1833 3006 1888 XIV.

2156 1933 2230 1988 De
2272 1931 2632 1986 communione
2677 1928 2914 1999 privatis,
2959 1937 3010 1982 et
3046 1929 3121 1981 ita
3163 1927 3442 1998 defunctis.

2088 2043 2108 2082 ί
2165 2042 2370 2096 Horum
2403 2055 2566 2095 causa
2600 2037 2803 2107 judicio
2835 2037 3158 2093 reservanda
3189 2045 3272 2093 est
3300 2053 3314 2093 :
3346 2038 3398 2091 in
3435 2037 3593 2107 cujus

2013 2157 2176 2196 manu
2209 2139 2336 2205 fuit,
2364 2146 2424 2192 ut
2450 2137 2635 2192 talium
2676 2135 2854 2190 obitus
2892 2149 3062 2204 usque
3097 2135 3164 2190 ad
3197 2135 3616 2190 communionis

2014 2231 2313 2306 remedium
2345 2228 2642 2286 differatur.
2695 2225 2804 2281 Nos
2835 2234 3044 2292 autem,
3071 2225 3267 2295 quibus
3286 2226 3597 2282 viventibus

2017 2340 2125 2381 non
2169 2320 2684 2379 communieavimus
2705 2359 2720 2384 ,
2769 2319 2998 2377 mortuis
3037 2318 3435 2374 communicare
3483 2333 3597 2374 non

2017 2428 2324 2487 possumus.

2622 2498 2850 2556 CAPUT
2880 2497 2997 2554 XV.

2019 2596 2097 2650 De
2119 2597 2200 2650 his
2229 2595 2317 2667 qui
2341 2609 2436 2665 pro
2462 2593 2678 2648 diversis
2710 2593 2898 2646 erratis
2925 2589 3294 2661 paenitudinem
3318 2588 3602 2659 ferventius

2651 2670 2948 2732 exegerunt.

2097 2777 2126 2818 ⁸
2172 2776 2248 2831 De
2273 2775 2359 2830 his
2398 2775 2490 2844 qui
2521 2773 2751 2830 diversis
2778 2772 3105 2828 facinoribus
3131 2781 3523 2843 peccaverunt,
3544 2779 3606 2828 et

2022 2871 2435 2938 perseverantes
2468 2863 2522 2916 in
2551 2862 2815 2928 oratione,
2855 2860 3210 2917 confessionis
3249 2869 3305 2916 et
3337 2860 3610 2931 poeniten-

2028 2963 2136 3028 tiaa,
2171 2959 2581 3017 conversionem
2623 2972 2653 3011 a
2693 2955 2850 3010 malis
2888 2953 3141 3008 omnibus
3168 2952 3406 3007 habuere
3429 2951 3612 3022 perfe-

1384 3015 1657 3122 Ejiljf?
1951 3027 1996 3088 Ο
2028 3015 2173 3109 ctam
2212 3067 2312 3122 pro
2351 3050 2610 3120 qualitate
2646 3046 2849 3110 delicti,
2884 3044 3080 3099 talibus
3113 3015 3449 3113 paenitentiae
3473 3050 3613 3096 tem-

2029 3161 2131 3218 pus
2178 3145 2478 3212 impensum
2523 3146 2745 3210 propter
2787 3137 3126 3192 clementiam
3152 3174 3167 3200 ,
3212 3142 3270 3188 et
3307 3133 3616 3189 bonitatem

2033 3238 2128 3294 Dei
2160 3235 2469 3293 communio
2489 3231 2830 3288 concedatur.

2615 3339 2842 3397 CAPUT
2888 3336 3026 3394 XVI.

2034 3441 2111 3496 De
2136 3437 2374 3511 Epistola
2411 3433 2470 3492 S.
2503 3433 2687 3511 Jacobi
2720 3429 2969 3511 apostoli,
3011 3427 3068 3481 in
3104 3443 3213 3511 qua
3249 3440 3345 3495 pro
3390 3421 3618 3491 infirmis

2341 3522 2492 3562 orare
2519 3495 2843 3575 praecipitur,
2869 3509 2916 3554 et
2948 3495 3139 3568 ungere
3164 3495 3299 3550 oleo.

2043 3656 2045 3658 ·
2106 3629 2132 3669 ιι
2182 3625 2415 3682 Jacobus
2464 3619 2738 3692 apostolus
2783 3613 3376 3687 scripsit:lnﬁrmatur
3407 3609 3523 3681 quis
3564 3609 3622 3663 in

2032 3721 2176 3779 vobis
2202 3721 2226 3774 Ρ
2249 3716 2464 3772 inducat
2492 3713 2835 3785 presbyteros,
2878 3717 2926 3763 et
2967 3715 3114 3762 orent
3148 3721 3304 3773 super
3332 3719 3484 3768 eum,
3522 3717 3615 3754 un-

2035 3819 2212 3884 gentes
2245 3824 2362 3862 eum
2403 3805 2516 3858 oleo
2551 3806 2605 3858 in
2645 3802 2852 3857 nomine
2897 3797 3124 3853 Domini.
3173 3795 3241 3849 Et
3281 3793 3449 3847 oratio
3497 3791 3624 3860 fidei

2037 3903 2258 3960 salvabit
2298 3899 2590 3969 inﬁrmum,
2622 3905 2668 3950 et
2705 3892 2977 3948 suscitabit
3018 3889 3168 3944 illum
3207 3886 3483 3940 Dominus.
3528 3883 3626 3947 Et,

2037 3997 2084 4050 si
2105 3996 2160 4049 in
2188 3991 2410 4064 peccatis
2433 3985 2609 4058 fuerit,
2635 3983 2958 4052 remittantur
2981 3981 3047 4033 ei.
3097 3978 3248 4046 Quod
3277 3991 3382 4030 non
3415 3982 3502 4029 est
3534 3975 3627 4028 in-

2040 4084 2259 4140 dubium
2286 4081 2350 4135 de
2381 4077 2626 4134 fidelibus
2648 4071 3033 4144 aegrotantibus
3059 4069 3252 4137 accipi,
3283 4066 3368 4121 vel
3395 4063 3629 4136 intelligi

2041 4175 2254 4230 debere.
2304 4170 2406 4238 Qui
2439 4176 2627 4224 sancto
2664 4166 2783 4220 oleo
2816 4162 3043 4234 perungi
3083 4166 3331 4230 possunt,
3370 4156 3517 4226 quod
3551 4156 3627 4210 ab

2040 4266 2294 4336 episcopo
2333 4260 2637 4317 confectum
2660 4297 2675 4322 ,
2719 4271 2828 4310 non
2871 4253 3045 4309 solum
3094 4247 3486 4311 sacerdotibus,
3526 4245 3630 4301 sed

361 4373 522 4425 sitate
561 4375 804 4438 cogente.
855 4364 1233 4437 Cujuscunque
1276 4371 1455 4418 autem
1493 4362 1805 4434 paenitentis
1836 4377 1936 4430 pu-
1962 4359 2016 4420 D
2041 4357 2292 4414 omnibus
2320 4353 2505 4421 utique
2528 4347 2850 4406 Christianis
2889 4346 2942 4399 in
2981 4359 3100 4407 sua,
3144 4350 3237 4397 aut
3268 4355 3488 4395 suorum
3530 4353 3635 4394 ne-

360 4463 559 4517 blicum
597 4468 653 4514 et
689 4457 1114 4528 vulgatissimum
1169 4454 1378 4509 crimen
1413 4461 1517 4516 est,
1545 4452 1688 4522 quod
1720 4451 1935 4506 univer-

363 4568 476 4607 sam
517 4549 816 4606 Ecclesiam
849 4545 1216 4607 commoverit,
1246 4551 1370 4597 ante
1397 4542 1639 4596 absidam
1669 4556 1858 4595 manus
1887 4540 1936 4594 ei

361 4642 472 4715 imp
489 4650 689 4698 matur.

955 4723 1182 4781 CAPUT
1228 4721 1340 4776 ΧΠ.

954 4815 1030 4868 De
1056 4813 1235 4867 eadem
1263 4828 1337 4864 re.

434 4911 462 4946 ά
511 4906 762 4962 Aurelius
789 4907 1070 4974 episcopus
1113 4901 1247 4956 dixit
1271 4919 1283 4952 :
1309 4898 1366 4953 Si
1400 4897 1678 4966 quisquam
1722 4893 1778 4947 in
1807 4893 1945 4964 peri-

367 5002 487 5058 culo
516 4999 678 5054 fuerit
714 4999 1056 5059 constitutus,
1085 5001 1140 5047 et
1167 5007 1224 5048 se
1257 4986 1593 5044 reconciliari
1636 4984 1835 5040 divinis
1869 4984 1943 5038 al-

367 5093 573 5147 taribus
621 5087 878 5158 petierit:
910 5086 955 5140 si
996 5085 1279 5153 episcopus
1321 5080 1517 5133 absens
1549 5074 1741 5142 fuerit,
1785 5074 1946 5129 debet

366 5184 553 5252 utique
579 5177 861 5250 presbyter
886 5173 1166 5230 consulere
1192 5171 1522 5244 episcopum,
1547 5176 1602 5223 et
1626 5167 1705 5223 sic
1727 5164 1944 5238 pericli-

437 5331 463 5360 ι
513 5317 572 5372 lu
600 5312 851 5370 decretali
888 5311 1082 5366 Leonis
1112 5324 1285 5380 papae,
1316 5307 1383 5362 ad
1415 5305 1757 5362 Theodorum
1779 5299 1945 5356 Foro-

363 5389 657 5460 jnliensenl
681 5388 1008 5460 episcopum.

443 5463 468 5502 δ
512 5459 588 5512 Ex
619 5447 1106 5512 Concilio'Niccno,
1129 5463 1246 5517 cap.
1278 5447 1368 5500 l5.

440 5543 462 5568 ε
503 5529 579 5581 Ex
599 5525 837 5581 Concilio
861 5512 1312 5588 Carthaginiensi,
1333 5530 1452 5584 cap.
1487 5512 1574 5588 l_0.

438 5601 462 5639 ιι
503 5599 579 5652 Es
602 5595 841 5653 Concilio
866 5583 1313 5659 Carthaginiensi,
1348 5583 1465 5654 cap.
1500 5583 1552 5636 7.

2042 4446 2297 4502 cessitate
2347 4439 2675 4512 ungendum.
2746 4435 2882 4490 Nam
2927 4435 3131 4490 idcirco
3167 4430 3502 4502 presbyteris
3545 4429 3636 4484 di-

2042 4547 2188 4592 ctum
2211 4540 2315 4594 est,
2343 4532 2468 4601 quia
2489 4527 2725 4598 episcopi
2750 4523 3195 4594 occupationibus
3215 4520 3336 4574 aliis
3357 4518 3634 4588 impediti,

2042 4629 2110 4683 ad
2139 4641 2326 4683 omnes
2345 4622 2625 4694 languidos
2644 4621 2725 4674 ire
2751 4634 2854 4673 non
2879 4622 3124 4687 possunt.
3155 4611 3419 4668 Caeterum
3446 4611 3496 4664 si
3515 4610 3638 4679 epi-

2043 4733 2238 4788 scOpus
2272 4722 2470 4785 potest,
2512 4721 2606 4766 aut
2630 4710 2851 4780 dignum
2879 4706 3026 4761 ducit
3053 4719 3084 4758 a
3111 4718 3170 4758 se
3193 4699 3545 4763 visitandum,
3575 4707 3637 4752 et

2042 4813 2365 4869 benedicere
2392 4851 2406 4875 ,
2455 4816 2508 4863 et
2545 4817 2767 4878 tangere
2803 4802 3098 4857 chrismate
3131 4799 3250 4853 sine
3283 4794 3644 4852 cunctatione

2043 4910 2242 4974 potest,
2265 4899 2418 4969 cujus
2439 4905 2522 4953 est
2549 4897 2724 4968 ipsum
2753 4892 2990 4948 chrisma
3021 4888 3306 4945 conﬁcere.
3344 4883 3478 4938 Nam
3509 4895 3638 4953 pe-

2044 4995 2341 5051 nitentibus
2368 4989 2510 5047 istud
2540 4986 2690 5042 fundi
2716 5001 2820 5041 non
2849 4990 3046 5053 potest,
3071 4979 3196 5050 quia
3229 4991 3399 5048 genus
3426 4984 3516 5029 est
3545 4987 3644 5026 sa-

2046 5083 2341 5142 cramenti.
2371 5079 2506 5134 Nam
2527 5076 2724 5148 quibus
2745 5074 2951 5143 reliqua
2978 5075 3312 5125 sacramenta
3341 5071 3618 5134 negantur

2047 5173 2316 5246 quomodo
2351 5185 2519 5226 unum
2556 5181 2725 5238 genus
2756 5171 2976 5234 putatur
3001 5173 3159 5230 posse
3185 5155 3410 5213 concedi
3428 5153 3458 5210 ν

2123 5305 2146 5333 θ
2184 5291 2261 5346 Ex
2293 5285 2544 5344 decretali
2575 5297 2730 5354 papae
2754 5275 3086 5354 Innocentii1
3096 5288 3229 5354 cap.
3256 5271 3311 5326 7.

2126 5363 2145 5401 τ
2186 5343 2262 5416 Es
2296 5343 2873 5428 epist.pap:e'l{eonis,
2904 5361 3023 5417 cap.
3055 5343 3146 5428 29:

2126 5435 2150 5473 ε
2190 5414 2267 5485 Ex
2289 5414 2528 5484 Concilio
2552 5414 2898 5482 Laodicensi,
2929 5414 3050 5486 cap.
3081 5414 3169 5468 21.

2127 5507 2152 5545 ιι
2195 5503 2267 5556 lix
2297 5496 2591 5555 Innocentii
2619 5506 2788 5565 papae,
2824 5503 2943 5558 cap.
2975 5493 3030 5542 δ.
