1928 3095
207 160 265 189 685

202 265 353 292 anathema
366 265 413 293 sit.

243 309 273 337 Si
293 310 355 345 quis
367 309 460 339 fratris
470 319 583 340 uxorem
607 313 715 341 duxerit
737 314 764 342 in
781 314 920 351 coniugio,
934 323 999 344 ana-

207 356 297 382 thema
313 356 362 382 sit.

242 400 270 427 Si
293 400 355 435 quis
376 404 483 436 neptem
505 402 616 430 duxerit
634 404 661 431 in
682 404 822 441 conjugio,
851 407 995 435 anathema

203 445 251 473 sit.

239 491 268 518 Si
283 491 344 526 quis
360 499 516 526 novercam,
540 498 587 521 aut
610 502 715 523 nurum
739 503 816 524 suam
845 497 953 525 duxerit
968 498 994 525 in

197 536 340 572 coniugio,
353 538 497 565 anathema
509 539 552 566 sit.

238 581 267 609 Si
281 582 341 617 quis
355 582 388 609 de
399 583 507 618 propria
519 584 690 619 cognatione,
710 585 752 612 vel
769 593 849 621 quam
862 592 993 623 cognatus

199 627 308 660 habuit,
322 627 430 655 duxerit
443 628 471 655 in
484 629 620 665 conjugio,
634 631 779 658 anathema
791 632 836 660 sit.

239 672 267 699 Si
281 673 342 707 quis
356 673 464 701 viduam
485 673 588 702 furatus
601 675 683 704 fuerit
696 677 723 704 in
736 685 857 710 uxorem,
873 678 913 706 vel
927 687 989 707 con-

193 718 379 746 sentientibus
391 719 425 752 ei,
436 721 580 748 anathema
592 722 637 749 sit.

232 763 264 790 Si
292 764 352 798 quis
377 764 528 800 virginem,
553 767 606 795 nisi
633 768 854 803 desponsaverit,
884 770 989 801 furatus

194 809 282 836 fuerit
297 809 327 837 in
340 818 462 844 uxorem,
478 811 520 839 vel
538 814 772 842 consentientibus
784 815 825 848 .ei,
845 817 988 845 anathema

196 855 245 882 sit.

231 901 262 929 Si
284 903 346 937 quis
373 902 475 936 ariolis,
500 905 679 940 aruspicibus,
707 907 748 934 vel
773 903 1024 937 incantatorihusB

185 948 388 982 observaverit,
402 953 449 977 aut
461 949 627 985 pbylacteria
650 960 716 981 usus
732 952 822 985 fuerit,
839 955 982 982 anathema

191 996 240 1020 ψ’
468 1029 586 1058 CAPUT
606 1031 698 1059 xxm.

475 1074 515 1102 De
529 1076 691 1104 multinubis.

228 1129 292 1156 ¢Be
312 1129 355 1157 his
376 1131 421 1165 qui
449 1130 475 1157 in
500 1131 630 1165 plurimas
652 1133 760 1168 nuptias
773 1134 935 1169 inciderunt,
954 1140 982 1163 et

185 1179 299 1210 tempus
311 1176 418 1211 quidem
428 1176 600 1211 praefinitum,
612 1178 784 1207 manifestum
795 1185 846 1213 est,
859 1181 906 1209 sed
916 1189 980 1209 con-

184 1220 308 1248 wersatio
318 1228 423 1255 eorum,
435 1225 463 1250 et
477 1221 553 1255 ﬁdes,
571 1227 598 1250 et
612 1227 720 1259 tempus
729 1225 879 1253 abbreviat.

463 1276 583 1306 CAPUT
600 1278 696 1306 XXIV.

357 1323 396 1351 Ds
409 1325 594 1360 quwstionibus
609 1327 802 1362 ronjugionmt.

217 1378 276 1413 Qui
293 1379 320 1406 in
344 1380 517 1409 matrimonio
531 1385 603 1414 sunt,
619 1382 705 1410 tribus
726 1383 851 1412 noctibus
869 1391 902 1412 ac
916 1385 975 1413 die-

185 1425 241 1452 bus
253 1424 404 1453 abstineant
417 1432 447 1453 se
461 1433 477 1453 a
490 1425 687 1461 conjunctione,
699 1432 843 1463 antemnam
850 1436 975 1457 commu-

181 1470 290 1497 :nicent.

222 1514 272 1543 Vir
293 1515 427 1543 abstineat
449 1523 478 1544 se
495 1516 530 1544 ab
550 1525 635 1545 uxore
656 1526 704 1546 sua
720 1519 897 1555 quadraginta
918 1520 974 1548 dic-

181 1559 236 1588 bus
257 1565 320 1588 ante
332 1560 437 1589 Pascha
455 1562 482 1589 in
503 1567 614 1590 octavas
629 1563 748 1591 Pascha.
765 1564 829 1592 Inde
853 1565 890 1592 ait
902 1565 973 1600 Apo-

178 1606 281 1639 stolus,
303 1612 330 1633 ut
345 1607 438 1634 vacetis
454 1608 575 1635 orationi.
603 1608 698 1637 Mulier
722 1614 778 1637 tres
801 1618 908 1638 menses
930 1611 973 1638 de-

174 1652 230 1679 ibet.
243 1659 272 1679 se
285 1652 421 1680 abstinere
435 1661 449 1680 a
472 1653 531 1680 viro
554 1661 613 1686 suo,
629 1655 738 1689 quando
755 1656 887 1690 concepit,
909 1660 972 1683 ante

174 1702 301 1735 partum.
325 1699 359 1727 Et
376 1703 447 1735 post,
463 1703 583 1735 tempore
599 1701 776 1737 purgationis,
796 1702 847 1728 hoc
867 1706 917 1734 est,
936 1702 971 1728 ω

179 1744 278 1771 diebus
292 1748 320 1772 et
330 1744 464 1777 motibus,
478 1744 535 1772 sive
545 1745 704 1778 masculum,
718 1746 774 1773 sive
786 1745 912 1773 feminam
924 1754 970 1781 ge-

173 1789 281 1817 aluerit.

408 1825 463 1856 DE
484 1825 732 1858 SACRILEGIO.

460 1884 574 1913 CAPUT
595 1885 677 1914 XXV.

330 1931 369 1958 De
381 1932 421 1959 his
435 1932 479 1967 qui
494 1932 666 1961 divinationes
681 1939 813 1970 expetunt.

210 1987 230 2007 ιδ
245 1986 295 2020 Qui
311 1987 491 2015 divinationes
503 1992 642 2023 expetimt,
666 1993 713 2017 aut
728 1997 803 2017 more
826 1991 965 2025 gentilium

169 2032 390 2067 subsequuntur,
405 2036 452 2059 aut
465 2033 558 2060 domos
571 2041 634 2061 suas
646 2033 833 2069 hujuscemodi
843 2035 966 2063 homines

171 2077 354 2105 «introducunt
383 2078 544 2112 exquirendi
567 2079 669 2113 aliquid
698 2084 757 2107 arte
771 2080 904 2114 maleﬁca,
920 2086 965 2108 aut

172 2123 405 2158 expiandicausa,
420 2124 471 2151 sub
481 2124 573 2160 regula
584 2125 759 2160 quinquennii
766 2126 859 2161 jaceat
868 2133 965 2155 seum-

173 2167 242 2195 dum
257 2167 534 2203 graduspteniwntin‘.
546 2169 681 2197 deﬁnitus.

453 2224 567 2253 CAPUT
585 2226 679 2254 XXVI.

690 164 739 192 DE
757 165 982 195 NENITENTIA
1001 169 1065 197 LIB.
1086 169 1119 197 ν.
1137 187 1172 193 -
1191 171 1281 200 LIBRI
1301 173 1344 201 IV.

243 220 273 248 Si
283 221 346 255 quis
355 225 533 249 commatrem
545 222 693 257 spiritalem
704 224 810 253 duxerit
823 226 850 253 in
861 225 997 262 coniugio,
1013 234 1038 262 Α

1787 185 1839 213 688

1168 253 1172 257 .
1378 233 1411 260 In
1424 235 1521 263 eodem.

1084 273 1141 302 Non
1168 275 1248 304 liceat
1268 277 1296 305 in
1320 278 1479 309 collectione
1496 283 1651 319 herbarum,
1674 294 1734 322 quae
1752 291 1836 317 medi-

1047 321 1149 350 cinales
1165 327 1238 356 sunt,
1254 324 1359 359 aliquas
1382 327 1598 364 observationes,
1614 332 1656 359 vel
1676 333 1836 362 incantatio-

1047 375 1095 395 nes
1117 369 1277 396 altendcre:
1294 371 1344 398 nisi
1367 376 1480 405 tantum,
1509 382 1571 402 cum
1598 379 1719 412 symbolo
1743 381 1835 408 divino

1046 415 1073 437 et
1095 413 1219 440 oratione
1232 414 1383 449 Dominica,
1409 421 1439 445 ut
1458 418 1531 447 Deus
1554 424 1582 447 et
1605 420 1735 452 Dominus
1750 425 1834 453 hono-

1046 462 1130 484 retur.

1402 497 1468 525 Item
1473 518 1479 525 .

1080 536 1137 564 Non
1149 537 1230 566 liceat
1251 540 1378 568 mulieres
1390 541 1558 572 Christianas
1572 547 1717 574 vanitatem
1735 548 1763 576 in
1775 551 1832 579 suis

1043 581 1168 610 laniﬁciis
1180 583 1326 613 observare
1342 595 1348 612 :
1364 587 1410 614 sed
1431 588 1574 616 Dominum
1588 591 1713 620 invocent
1727 594 1831 630 adjuto—

1042 635 1111 660 rem,
1126 628 1171 663 qui
1184 629 1224 657 eis
1237 630 1398 665 sapientiam
1410 634 1517 662 texendi
1534 635 1652 664 donavit.

1329 688 1371 718 ΙΝ
1392 689 1543 721 EODEM.

1287 748 1423 777 CAPUT
1455 751 1576 779 XXVII.

1345 793 1382 819 De
1401 796 1529 829 auguriis.

1072 834 1200 871 Auguriis
1225 837 1266 864 vel
1292 839 1519 868 incantationibus
1545 843 1708 872 servientem
1726 852 1742 872 θ
1763 851 1828 873 con-

1039 884 1120 908 ventu
1133 881 1256 910 ecclesia
1270 885 1460 918 separandum.

1303 928 1418 959 CAPUT
1437 931 1555 961 XXVIII.

1336 975 1375 1003 De
1391 977 1526 1012 perjuriis.

1070 1017 1230 1061 Quicunque
1244 1028 1309 1048 vero
1336 1022 1423 1050 sciens
1446 1024 1595 1058 periurium
1610 1029 1822 1061 perpetraverit,

1032 1072 1118 1093 annos
1129 1070 1232 1101 septem
1247 1075 1275 1095 se
1287 1069 1453 1103 paenitentia:
1469 1071 1568 1099 subdat
1583 1077 1629 1100 :ct
1649 1073 1685 1100 ita
1698 1074 1823 1110 deinceps

1032 1111 1066 1138 ad
1080 1113 1297 1142 communionem
1314 1120 1477 1144 revertatur.

1306 1159 1421 1188 CAPUT
1439 1160 1534 1191 XXlX.

1351 1206 1391 1234 De
1406 1207 1489 1241 furlo.

1065 1246 1116 1281 Qui
1132 1256 1196 1277 vero
1216 1251 1364 1286 cupiditate
1385 1257 1481 1287 captus
1502 1253 1603 1281 furtum
1621 1255 1727 1290 fecerit,
1748 1257 1819 1292 quod

1029 1293 1139 1322 abstulit
1156 1295 1261 1329 reddat,
1276 1301 1303 1325 et
1314 1298 1394 1325 annis
1408 1298 1527 1334 quinque
1542 1301 1729 1335 paenitentiam
1745 1307 1816 1338 agat.

1311 1342 1426 1371 CAPUT
1445 1344 1531 1372 XXX.

1294 1388 1332 1416 De
1344 1389 1420 1424 falsis
1435 1391 1552 1419 testibus.

1059 1431 1156 1459 Falsus
1167 1436 1252 1460 testes
1272 1440 1288 1461 a
1303 1436 1492 1464 communione
1512 1437 1697 1466 ecclesiastica
1709 1440 1817 1468 submo-

1026 1477 1136 1510 vendas,
1160 1478 1212 1506 nisi
1234 1479 1401 1514 paenitentiae
1425 1481 1612 1511 satisfactione
1637 1484 1751 1512 crimina
1768 1486 1816 1512 ad—

1024 1521 1107 1550 missa
1119 1521 1259 1551 diluerint.

1301 1568 1415 1597 CAPUT
1435 1569 1531 1598 XXXI.

1305 1613 1344 1640 De
1354 1614 1529 1643 discordibus.

1059 1654 1073 1674 ἀ
1084 1655 1239 1685 Oblationes
1251 1658 1440 1687 dissidentium
1449 1660 1566 1689 fratrum
1578 1670 1666 1698 nequc
1680 1665 1707 1692 in
1722 1672 1812 1693 sacra-

1023 1701 1122 1734 crario,
1135 1698 1223 1737 neque
1241 1703 1268 1731 in
1282 1705 1476 1740 gazophylacio
1490 1708 1656 1742 recipiantur

1293 1759 1408 1788 CAPUT
1427 1761 1535 1790 XXXII.

1073 1803 1113 1831 De
1126 1805 1166 1832 his
1176 1806 1221 1841 qui
1232 1813 1279 1841 per
1289 1806 1380 1834 odium
1393 1808 1428 1835 ad
1441 1816 1531 1843 pacem
1543 1817 1596 1837 non
1609 1816 1752 1841 vertuntur.

1066 1849 1195 1877 OPIacuit
1220 1850 1302 1878 etiam
1317 1871 1325 1884 ,
1351 1852 1422 1880 sicut
1444 1853 1605 1889 plerumque
1633 1857 1682 1889 iit.
1709 1863 1739 1885 ut
1762 1861 1807 1894 q‘i

1014 1900 1080 1920 cum
1099 1894 1170 1928 odio,
1185 1898 1230 1922 aut
1239 1895 1383 1931 longinqua
1401 1897 1472 1926 inter
1484 1907 1514 1927 se
1528 1899 1574 1927 lite
1584 1902 1768 1937 discesserint,
1782 1910 1808 1932 et

1018 1939 1052 1966 ad
1067 1945 1161 1973 pacem
1176 1941 1300 1969 revocari
1319 1941 1446 1970 diuturna
1460 1944 1610 1973 intentione
1625 1947 1805 1982 nequiverint,

1017 1982 1051 2011 de
1062 1983 1184 2012 ecclesiae
1198 1989 1270 2013 ccetu
1279 1986 1431 2022 iustissime
1449 1991 1729 2022 excommunicatione
1749 1994 1806 2029 pcl-

1017 2026 1117 2055 lantur.

1280 2065 1394 2095 CAPUT
1413 2067 1520 2097 XXXIII

1016 2106 1054 2134 De
1066 2108 1106 2137 his
1123 2109 1167 2144 qui
1188 2116 1352 2138 sacramento
1365 2120 1394 2172 ἑο
1414 2113 1540 2173 seligant,
1559 2123 1591 2142 ne
1604 2116 1639 2142 ad
1650 2124 1740 2150 pacem
1764 2127 1802 2145 rc-

1384 2155 1432 2173 ean
1448 2166 1454 2173 .

1384 2155 1444 2173 eam
1448 2166 1454 2173 .

1052 2187 1062 2207 τ
1077 2188 1127 2222 Qui
1151 2194 1323 2217 sacramento
1338 2198 1366 2217 se
1384 2191 1573 2226 obligaverint,
1597 2199 1624 2220 ut
1642 2194 1748 2230 litigans
1775 2199 1800 2224 in

1012 2232 1133 2267 quolibet
1145 2233 1178 2261 ad
1200 2241 1294 2269 pacem
1310 2235 1381 2262 nullo
1395 2238 1474 2263 modo
1491 2238 1582 2265 redeat
1596 2248 1601 2264 :
1616 2248 1665 2273 pro
1683 2242 1800 2276 perjuriu

1021 2266 1029 2267 κ
1200 2266 1209 2269 ν
1616 2266 1625 2273 Ι
1683 2266 1695 2276 ιν
1705 2266 1739 2276 ’ίιΙ
1749 2266 1768 2268 7'
1777 2266 1781 2268 ⁷

172 2266 254 2300 Quod
264 2275 315 2294 non
333 2267 391 2295 licet
410 2268 572 2321 Christianis!
578 2270 765 2299 observationes
782 2273 897 2301 diversas
920 2279 960 2301 ιιι-
972 2270 999 2300 Ῑ)
1012 2286 1095 2306 unum
1113 2286 1214 2307 annum
1240 2288 1256 2307 a
1270 2282 1458 2309 communione
1479 2285 1602 2319 corporis
1620 2290 1647 2312 et
1663 2287 1800 2321 sanguinis

512 2310 552 2321 Inn
574 2313 615 2321 asin

511 2305 623 2332 tendere.

1010 2324 1116 2352 Domini
1140 2329 1306 2361 segregetur.
1335 2326 1449 2353 Beatum
1469 2335 1547 2355 suum
1571 2329 1748 2366 elccmosynis
1773 2338 1799 2359 ct

211 2363 225 2377 ε
238 2357 294 2385 Non
309 2357 561 2386 liceat-ChriStianis
577 2360 735 2388 traditiones
752 2361 888 2396 gentilium
912 2363 959 2391 ob-
1008 2366 1124 2402 ﬂetibus,
1139 2357 1248 2405 quantis
1263 2371 1381 2405 potuerit
1391 2370 1511 2406 jejuniis,
1525 2373 1645 2401 absolvat
1660 2384 1665 2401 :
1681 2357 1714 2402 ad
1736 2376 1798 2403 cha-

168 2410 293 2435 servare,
308 2403 352 2431 vel
366 2404 454 2431 colere
479 2404 623 2437 elementa,
640 2409 687 2432 aut
702 2405 782 2437 lunm,
808 2411 855 2433 aut
870 2407 959 2435 stella-

1008 2412 1117 2440 ritatem
1130 2421 1202 2445 vero,
1222 2422 1281 2449 quae
1294 2415 1382 2449 operit
1400 2415 1599 2445 multitudinem
1612 2424 1796 2453 peccatorum,

170 2456 234 2476 rum
250 2456 368 2481 cursum,
393 2453 442 2476 aut
464 2450 571 2477 inanem
588 2450 727 2485 signorum
753 2451 887 2479 fallaciam
909 2461 958 2488 pro
1008 2458 1133 2486 celeriter
1145 2459 1237 2487 venire
1250 2460 1368 2488 rectinet.

168 2494 252 2521 domo
275 2493 409 2526 facienda,
432 2494 476 2522 vel
490 2494 525 2522 ob
550 2499 665 2530 segetes,
685 2496 726 2524 vel
752 2497 864 2525 arbores
881 2499 957 2532 plan-

166 2539 275 2570 tandas,
293 2539 333 2566 vel
347 2539 471 2574 coniugia
497 2540 633 2567 socianda.
650 2540 786 2576 Scriptum
805 2547 846 2570 est
861 2543 933 2570 enim
949 2553 954 2570 :

161 2583 267 2611 Omnia
278 2592 438 2620 quiscunque
448 2584 545 2619 facitis,
561 2586 588 2612 in
602 2586 688 2618 verbo,
709 2592 755 2614 aut
767 2596 851 2622 opere,
867 2589 894 2615 in
911 2597 957 2615 no-

1272 2504 1386 2534 CAPUT
1406 2506 1525 2534 XXXIV.

1038 2547 1115 2580 Quod
1125 2557 1232 2575 usuram
1244 2549 1306 2576 laici
1316 2549 1460 2578 Christiani
1471 2553 1572 2588 exigere
1585 2562 1637 2582 non
1648 2555 1766 2584 debeant.

1045 2593 1059 2612 ⁸
1073 2592 1112 2620 Ne
1119 2594 1170 2620 hoc
1178 2601 1283 2629 quoque
1293 2597 1508 2630 praetereundum
1519 2598 1654 2632 duximus,
1663 2602 1793 2636 quosdam

165 2628 239 2655 utine
252 2628 358 2656 Domini
372 2630 455 2657 nostri
468 2629 532 2657 Iesu
548 2629 647 2658 Christi
666 2631 753 2665 facile,
765 2634 864 2667 gratias
880 2642 957 2667 agen-
1008 2637 1075 2665 lucri
1105 2639 1191 2673 turpis
1216 2628 1363 2674 cupiditate
1394 2645 1487 2676 captos
1501 2644 1653 2672 usurariam
1666 2628 1793 2674 exercere

161 2679 208 2701 tes
220 2674 275 2702 Deo

202 2754 218 2788 ξ
232 2748 271 2788 ξι
291 2749 405 2788 concilio
413 2749 637 2788 Neocaesariensi,
647 2760 710 2788 cap.
723 2753 751 2780 ι.

203 2783 217 2802 h
232 2783 270 2821 lix
283 2784 396 2821 concilio
406 2785 560 2821 Ancyrano,
572 2783 634 2821 cap.
643 2783 687 2814 25L

203 2823 214 2838 τ
232 2818 270 2844 Ex
284 2819 399 2846 concilio
414 2818 583 2848 Bracarensi.

202 2852 216 2872 ἀ
232 2853 271 2879 Ex
282 2855 396 2883 concilio
408 2854 633 2891 Carthaginiensi.

1003 2683 1159 2717 pecuniam,
1182 2687 1210 2711 et
1224 2683 1317 2712 fenore
1337 2685 1404 2713 velle
1428 2687 1569 2716 ditescere.
1593 2688 1668 2722 Quod
1682 2696 1735 2717 non
1749 2691 1791 2718 dl-

1045 2759 1111 2835 533
1123 2760 1463 2835 3333333
1481 2797 1661 2828 οηεκναηη.

1041 2829 1056 2848 ⁸
1070 2829 1110 2856 Ex
1120 2830 1198 2864 epist.
1210 2830 1307 2858 Leonis
1315 2838 1400 2866 papae.
