3856 6190
258 354 373 411 ὕ39

1266 351 1355 407 DE
1392 347 1832 406 PIIIN'ITENTIA
1871 346 2049 403 LIBRI
2090 348 2152 401 γ.
2193 376 2264 386 -—-
2293 344 2422 400 LIB.
2460 345 2524 401 V.

3411 343 3517 398 θῦν

256 474 423 537 tiam,
458 482 637 538 neque
680 465 745 521 ad
787 464 1101 537 dignitatern
1132 464 1369 534 aliquam
1404 463 1588 518 venire
1624 461 1850 515 munda-
1877 464 1924 522 Λ
1953 460 2198 515 nesciens
2221 459 2509 529 pertulisse
2531 459 2702 528 magis
2720 457 2985 517 dolendus
3003 464 3086 515 est
3110 471 3275 526 quam
3303 456 3517 513 fecisse.

259 581 395 623 nam
419 582 434 618 :
462 569 559 621 aut
576 562 679 617 hoc
703 568 994 625 tentantes,
1014 568 1070 616 et
1091 574 1196 614 non
1218 566 1439 631 agentes
1458 558 1851 629 pmnitentiam,

258 653 561 727 quominus
601 652 827 706 redeant
853 651 921 705 ad
959 651 1063 705 hoc
1102 650 1246 719 quod
1298 656 1518 719 propter
1547 650 1715 703 Deum
1750 648 1856 718 pri-

261 748 441 802 mitus
468 745 770 815 elegerunt,
802 741 1348 797 anathematizantur.

278 848 301 854 ‘
875 832 1103 889 CAPUT
1139 831 1278 887 IIII.

260 929 351 983 De
363 927 638 982 monachis
659 926 738 981 vel
754 923 1038 994 virginibus
1049 921 1372 995 propositum
1389 937 1493 974 non
1506 917 1849 975 servantibus.

343 1032 383 1060 ι-
403 1018 675 1088 Virginem
695 1030 814 1086 qua:
835 1028 956 1070 sese
974 1013 1205 1068 Domino
1224 1012 1582 1085 superavit,
1605 1010 1855 1066 similiter

258 1117 324 1163 et
349 1107 669 1163 monachum
700 1146 717 1170 ,
744 1119 850 1160 non
874 1104 1039 1160 licere
1059 1100 1320 1173 nuptialia
1338 1101 1464 1171 jura
1494 1102 1849 1157 contrahere:

259 1200 419 1270 quod
441 1200 485 1254 si
514 1199 617 1252 hoc
645 1197 849 1252 inventi
888 1195 1088 1252 fuerint
1115 1201 1513 1266 perpetrantes,
1542 1209 1855 1250 excommu-

260 1298 543 1345 meentur.
570 1287 965 1343 Confitentibus
991 1295 1170 1340 autem
1198 1284 1556 1351 decrevimus,
1580 1292 1642 1338 ut
1659 1283 1855 1338 habeat

260 1379 648 1435 auctoritatem
677 1376 916 1446 ejusdem
958 1377 1061 1431 loci
1106 1377 1390 1447 episcOpus
1428 1374 1853 1431 misericordiam

263 1471 776 1538 humanitatemque
805 1467 1011 1539 largiri.

863 1556 1092 1615 CAPUT
1129 1556 1270 1613 XIV.

466 1649 534 1704 Ut
562 1651 632 1704 ad
660 1651 956 1704 sacrarium
988 1648 1230 1703 mulieres
1253 1665 1357 1703 non
1384 1651 1665 1703 introeant.

343 1743 374 1783 δ
400 1742 559 1809 Quod
585 1756 692 1796 non
714 1748 960 1810 oporteat
986 1739 1242 1796 mulieres
1268 1739 1474 1810 ingredi
1501 1740 1567 1793 ad
1593 1738 1780 1793 altare.

875 1827 1102 1884 CAPUT
1123 1827 1235 1884 XV.

264 1922 429 1989 Quod
464 1921 610 1990 nefas
652 1920 721 1973 sit
759 1919 979 1988 feminas
1023 1919 1190 1972 sacris
1232 1917 1490 1972 altaribus
1528 1920 1855 1990 ministrare,

342 1991 424 2113 te:
453 1988 653 2061 aliquid
682 2005 747 2043 ea:
778 1991 859 2044 his
885 2005 1001 2060 qua
1033 1989 1261 2044 virorum
1298 1998 1420 2043 sunt
1465 1988 1645 2059 Oﬁciis
1685 1989 1853 2059 dspu-

367 2079 399 2113 a
425 2078 479 2113 a.

348 2162 369 2189 ε
401 2149 760 2207 Nihilominus
788 2149 1135 2220 intpatienter
1178 2149 1502 2215 audivimus,
1534 2157 1745 2204 tantum
1774 2148 1857 2204 di-

263 2243 522 2297 vinarum
549 2257 730 2297 rerum
761 2224 981 2298 subesse
1003 2243 1339 2312 despectum,
1364 2250 1425 2297 ut
1444 2241 1657 2298 feminae
1687 2241 1858 2297 sacris

265 2332 538 2388 altaribus
555 2332 864 2390 ministrare
884 2332 1185 2400 ﬁrmentur,
1209 2341 1511 2409 cunctaque
1534 2350 1640 2391 non
1663 2333 1770 2388 nisi
1786 2333 1857 2388 vi-

266 2439 465 2480 rorum
486 2420 767 2481 famulatui
794 2422 1075 2498 deputata,
1102 2438 1309 2489 sexum,
1333 2423 1421 2479 cui
1444 2439 1553 2479 non
1576 2423 1853 2493 competit,

265 2515 536 2570 exhibere
561 2533 574 2568 :
601 2514 705 2573 nisi
736 2514 879 2583 quod
903 2515 1144 2570 omnium
1171 2513 1489 2570 delictorum
1511 2529 1632 2584 quae
1657 2514 1858 2586 sigilla-

270 2606 381 2660 tim
403 2604 837 2674 perstrinximus,
876 2606 1163 2663 noxiorum
1210 2612 1393 2663 reatus
1429 2605 1608 2681 omnis
1650 2614 1706 2660 et
1753 2605 1860 2662 cri-

273 2710 408 2750 men
451 2709 547 2752 eos
571 2695 790 2764 respicit
835 2698 1161 2760 sacerdotes,
1191 2696 1282 2767 qui
1339 2695 1424 2752 vel
1464 2695 1568 2751 ista
1612 2698 1860 2752 commit-

275 2797 425 2854 tunt,
470 2789 556 2860 vel
598 2790 995 2845 committentes
1037 2791 1261 2848 minime
1303 2791 1647 2868 publicando,
1678 2793 1861 2865 pravis

271 2878 597 2937 excessibus
623 2895 682 2935 se
713 2879 896 2934 favere
936 2870 1259 2952 signiﬁcant.

868 2970 1093 3026 CAPUT
1134 2971 1269 3028 XVI.

413 3056 566 3121 Quod
594 3056 726 3112 nulli
744 3059 1016 3120 _sacerdozi
1041 3076 1262 3114 canones
1293 3062 1444 3115 licent
1470 3063 1732 3132 ignorare.

354 3145 382 3186 δ
411 3145 550 3202 Nulli
575 3148 914 3203 sacerdotum
944 3164 1071 3205 suos
1114 3148 1269 3204 liceat
1313 3167 1546 3208 canones
1586 3153 1855 3227 ignorare,
1886 3140 1931 3204 C

273 3256 383 3295 nec
413 3241 704 3311 quidquam
726 3240 905 3297 facere
930 3242 1072 3313 quod
1098 3242 1317 3299 Patrum
1350 3246 1521 3315 possit
1546 3246 1746 3317 regulis
1770 3246 1861 3301 ob-

271 3333 455 3387 viare.

864 3402 1089 3462 CAPUT
1130 3402 1291 3460 XVII.

274 3492 365 3548 De
394 3489 768 3561 pollutionibus
807 3493 1477 3617 interggatioullngustini,
1514 3503 1563 3549 et
1597 3496 1860 3565 responsio

992 3580 1201 3617 reaorn.

992 3580 1201 3634 regem.

362 3662 385 3691 ο
410 3650 471 3707 Si
496 3661 619 3721 post
644 3652 945 3708 illusionem
973 3669 1091 3723 quae
1132 3670 1230 3725 per
1262 3655 1530 3709 somnium
1554 3654 1690 3710 solet
1717 3657 1862 3711 acci-

275 3744 437 3808 dere,
478 3744 561 3798 vel
599 3759 795 3816 corpus
835 3744 1048 3801 Domini
1093 3747 1346 3816 quislibet
1380 3749 1625 3817 accipere
1666 3748 1860 3810 valeat.

275 3832 391 3896 vel,
429 3831 479 3887 si
506 3834 757 3890 sacerdos
780 3834 869 3899 sit,
902 3849 1054 3889 sacra
1085 3837 1337 3907 mysteria
1376 3837 1680 3893 celebrare?

782 3923 1070 3995 Responsio
1111 3926 1381 3998 Gregorii;

360 4009 428 4064 Et
454 4012 671 4079 quidem
701 4013 843 4068 hunc
872 4013 1276 4070 Testamentum
1305 4015 1517 4073 Veteris
1543 4018 1696 4088 legis,
1722 4020 1865 4074 sicut

278 4103 344 4157 in
378 4104 644 4172 superiori
692 4105 926 4175 capitulo
966 4105 1079 4175 jam
1127 4108 1382 4174 diximus,
1410 4109 1668 4179 pollutum
1710 4111 1863 4177 dicit,

277 4190 396 4246 nisi
424 4190 590 4245 lotum
626 4208 785 4263 aqua.
813 4194 878 4249 Ei
906 4210 1078 4266 usque
1114 4198 1183 4252 ad
1220 4212 1503 4268 vesperum
1535 4200 1742 4256 intrare
1780 4214 1868 4256 ec-

279 4283 513 4339 clesiam
541 4300 644 4341 non
672 4287 986 4343 conceditur
1013 4307 1025 4342 :
1058 4292 1201 4359 quod
1231 4298 1411 4347 tamen
1448 4292 1606 4347 aliter
1640 4292 1867 4364 populus

277 4378 587 4447 spiritualis
628 4380 949 4451 intelligens,
980 4383 1080 4438 sub
1121 4384 1307 4439 eodem
1340 4385 1611 4441 intellectu
1644 4387 1869 4456 accipiet

1952 548 2089 604 Cum
2121 563 2251 602 vero
2278 546 2417 601 ultra
2448 546 2664 601 modum
2702 546 2969 616 appetitus
2992 546 3131 617 gula:
3160 546 3214 600 in
3243 546 3521 603 sumendis

1952 639 2222 694 alimentis
2250 638 2475 708 rapitur,
2517 644 2681 707 atque
2722 637 2925 692 idcirco
2952 637 3238 692 humerum
3272 645 3517 707 recepta-

1950 728 2072 783 cula
2102 736 2414 799 gravantur,
2447 727 2609 781 habet
2642 725 2838 781 exinde
2878 726 3092 781 animus
3137 726 3370 797 aliquem
3400 740 3522 781 rea-

1953 827 2090 885 tum,
2117 834 2225 874 non
2256 827 2435 873 tamen
2461 830 2632 889 usque
2656 818 2725 873 ad
2749 818 3165 888 prohibitionem
3190 819 3524 889 percipiendi

1950 911 2091 965 sacri
2128 910 2391 980 mysterii,
2438 909 2523 964 vel
2567 909 2856 965 missarum
2902 909 3164 965 solemnia
3193 908 3524 975 celebrandi,

1952 1016 2076 1056 cum
2099 1000 2329 1056 fortasse
2352 1007 2446 1054 aut
2471 999 2641 1056 festus
2664 1001 2779 1056 dies
2800 1000 2989 1073 exigit,
3018 1008 3113 1055 aut
3139 1000 3383 1056 exhiberi
3410 1015 3522 1071 my-

1952 1092 2177 1148 sterium
2211 1106 2311 1162 pro
2338 1105 2405 1146 eo
2429 1092 2573 1161 quod
2614 1092 2869 1147 sacerdos
2910 1090 3047 1146 alius
3092 1091 3147 1145 in
3193 1089 3312 1145 loco
3351 1089 3526 1155 deest,

1953 1182 2068 1252 ipsa
2091 1180 2388 1237 necessitas
2407 1178 2698 1249 compellit.
2728 1178 2865 1236 Nam
2891 1179 2939 1235 si
2965 1180 3162 1237 adsunt
3197 1180 3288 1236 alii
3313 1180 3404 1250 qui
3426 1179 3547 1239 imm

1951 1272 2100 1342 plere
2147 1270 2505 1349 ministerium
2554 1268 2851 1337 ‘valeant,
2878 1270 3055 1327 illusio
3103 1287 3202 1342 per
3250 1271 3523 1343 crapulam

1953 1360 2095 1416 facta
2141 1375 2175 1415 a
2220 1360 2567 1431 perceptione
2618 1359 2761 1417 sacri
2804 1361 3045 1435 mysterii
3093 1362 3383 1432 prohibere
3405 1375 3528 1417 non

1952 1449 2133 1515 debet,
2163 1449 2260 1505 sed
2287 1449 2357 1505 ab
2385 1449 3194 1527 immtatisne-sacriyysterii
3233 1450 3528 1516 abstinere,

1954 1549 2015 1595 ut
2051 1540 2307 1605 arbitror,
2353 1539 2633 1598 humiliter
3217 1541 3535 1600 dormientis

1955 1641 2191 1688 mentem
2236 1632 2411 1703 turpis
2458 1632 2772 1703 imaginatio
2829 1648 2957 1687 non.
2976 1622 3345 1695 concusserit.
3394 1633 3534 1691 Nam

1954 1731 2083 1784 sunt.
2126 1722 2324 1793 quibus
2355 1723 2430 1783 ita
2475 1722 2792 1793 plerumque
2840 1722 3019 1779 illusio
3047 1724 3305 1790 nascitur,
3336 1734 3401 1782 ut
3438 1739 3537 1783 eo-

1878 1804 1928 1864 Β
1956 1829 2074 1868 rum
2100 1814 2313 1869 animus
2338 1812 2504 1869 etiam
2533 1812 2586 1866 in
2616 1825 2808 1870 somno
2830 1812 3074 1881 corporis
3100 1813 3335 1887 positus,
3357 1813 3535 1883 turpi-

1952 1904 2558 1976 busimaginatiouibus
2584 1917 2691 1957 non
2720 1901 2972 1957 findetur.
3015 1901 3129 1969 Qua
3177 1903 3229 1956 in
3271 1918 3335 1961 re
3366 1918 3535 1958 unum

1955 1996 2030 2052 ibi
2052 1996 2375 2061 «tenditur,
2404 1994 2548 2064 quod
2578 1994 2705 2063 ipsa
2723 2008 2876 2051 mens
2905 2007 2996 2048 rea
3032 2008 3138 2051 non
3165 2001 3291 2048 tunc
3319 1994 3412 2059 sit,
3440 1994 3535 2049 sed

1955 2100 2055 2141 suo
2072 2084 2278 2155 judicio
2307 2084 2496 2150 libers,
2519 2098 2643 2139 cum
2677 2097 2738 2138 se
2773 2096 2843 2137 ex
2873 2082 3161 2137 dormienti
3199 2096 3427 2150 corpore
3452 2082 3538 2136 ui-

1955 2178 2032 2235 bil
2056 2176 2303 2234 meminit
2326 2176 2544 2241 vidisse,
2575 2182 2753 2231 tamen
2777 2174 2831 2229 in
2852 2172 3051 2244 vigiliis
3076 2171 3320 2241 corporis
3346 2166 3537 2227 mcmié

1956 2270 2039 2324 nit
2064 2269 2119 2325 in
2156 2266 2446 2340 ingluviem
2474 2264 2756 2323 cecidisse.
2801 2262 2896 2319 Sin
2935 2279 3063 2321 vero
3101 2279 3168 2317 ex
3215 2262 3358 2332 turpi
3389 2261 3539 2331 cogi-

1958 2364 2166 2419 tatione
2199 2361 2472 2433 vigilantis
2497 2360 2674 2419 oritur
2699 2358 2878 2415 illusio
2906 2358 2960 2412 in
2991 2366 3173 2413 mente
3199 2354 3536 2419 dormientis,

1957 2461 2109 2527 patet
2138 2454 2324 2509 animo
2348 2461 2532 2508 reatus
2569 2465 2719 2507 suus.
2756 2449 2915 2507 Videt
2950 2448 3094 2504 enim
3130 2462 3161 2503 a
3202 2461 3309 2517 qua
3355 2445 3538 2502 radice

1961 2546 2259 2615 inquinatio
2310 2544 2404 2600 illa
2447 2541 2816 2613 processerit,
2880 2539 3007 2609 quia
3076 2538 3220 2608 quod
3284 2538 3540 2607 cogitavit

1961 2636 2161 2701 sciens,
2206 2634 2308 2691 hoc
2350 2632 2573 2704 pertulit
2606 2631 2881 2691 nesciens.
2921 2628 3028 2685 Sed
3069 2628 3402 2698 pensandum
3431 2634 3536 2690 est,

1962 2727 2079 2797 ipsa
2106 2723 2367 2797 cogitatio
2406 2731 2589 2780 utrum
2628 2722 2683 2777 in
2728 2720 3093 2791 suggestione,
3121 2733 3193 2774 an
3220 2717 3274 2772 in
3304 2716 3539 2772 delecta-

1964 2817 2127 2882 tione,
2156 2814 2241 2869 vel
2265 2813 2409 2885 quod
2435 2811 2627 2883 majus,
2656 2810 2711 2865 in
2734 2808 2943 2879 peccati
2966 2821 3231 2862 consensu
3259 2802 3534 2859 ceciderit.

1963 2905 2158 2962 Tribus
2201 2904 2345 2961 enim
2385 2901 2560 2959 modis
2590 2900 2841 2971 impletur
2867 2912 3026 2952 omne
3053 2904 3358 2967 peccatum,
3387 2893 3538 2951 vide-

1964 2998 2092 3055 licet
2124 2995 2486 3068 suggestione,
2529 2991 2915 3054 delectatione,
2936 3003 3221 3045 consensu.
3257 2986 3541 3058 Suggestio

1963 3096 2173 3166 quippe
2210 3093 2272 3149 lit
2318 3108 2417 3163 per
2463 3088 2769 3153 diabolum,
2821 3085 3108 3141 delectatio
3147 3098 3246 3152 per
3297 3095 3540 3146 carnem,

1961 3200 2259 3244 Consensus
2308 3200 2406 3255 per
2446 3183 2719 3254 spiritum,
2762 3178 2889 3248 quia
2937 3186 2992 3234 et
3046 3175 3279 3247 primam
3327 3171 3540 3242 culpam

1962 3292 2186 3347 serpens
2236 3274 2521 3346 suggessit.
2581 3271 2713 3335 Eva,
2754 3266 2898 3325 velut
2946 3281 3077 3322 caro
3123 3264 3389 3323 delectata
3434 3269 3540 3315 est.

1961 3368 2134 3423 Adam
2174 3379 2305 3420 vero
2351 3362 2513 3421 velut:
2542 3361 2763 3432 spiritus
2801 3356 3092 3427 consensit.
3130 3353 3541 3416 lit-necessaria

1961 3464 2044 3510 est
2069 3468 2265 3524 magna
2293 3451 2553 3511 discretio
2580 3450 2722 3504 inter
2759 3445 3162 3516 suggestionem
3202 3452 3364 3513 atque
3391 3441 3537 3498 dele-

1964 3545 2295 3609 ctationem;
2331 3542 2473 3599 inter
2513 3538 2925 3597 delectationem
2979 3544 3141 3604 atque
3189 3548 3540 3597 consensum,

1958 3638 2195 3710 judicem
2222 3636 2307 3691 sui
2328 3632 2622 3705 prtesidere
2647 3631 2908 3689 animum.
2936 3624 3069 3686 Cum
3103 3626 3247 3682 enim
3276 3625 3544 3696 malignus

1964 3728 2187 3798 spiritus
2212 3732 2493 3795 peccatum
2519 3721 2756 3793 suggerit
2783 3719 2838 3774 in
2867 3718 3139 3782 mente,,si
3164 3717 3309 3772 nulla
3333 3716 3544 3788 peccati

1966 3816 2249 3873 delectatio
2301 3821 2593 3883 sequatur,
2647 3818 2926 3883 peccatum
2983 3806 3295 3866 omnimodo
3353 3820 3545 3877 perpe-

1967 3913 2168 3963 tratum
2212 3920 2322 3961 non
2366 3910 2467 3961 est.
2494 3901 2631 3957 Cum
2671 3916 2799 3957 vero
2835 3901 3107 3961 delectari
3130 3914 3259 3953 caro
3292 3896 3544 3967 coeperit.

1967 4007 2095 4055 tunc
2138 4004 2417 4067 peccatum
2472 3993 2664 4063 incipit
2715 3993 2887 4049 nasci.
2915 3991 3001 4048 -Si
3048 3998 3228 4049 autem
3267 3989 3429 4043 etiam
3475 3986 3543 4040 ad

1966 4087 2373 4145 consensionem
2402 4100 2469 4142 ex
2509 4085 2896 4142 deliberatione
2925 4082 3222 4147 descendit.
3256 4088 3385 4137 tunc
3421 4093 3545 4148 pec-

1966 4184 2159 4233 catum,
2175 4174 2523 4245 cognoscitur
2547 4173 2757 4243 perfici.

2036 4297 2092 4351 in
2117 4296 2462 4367 suggestione
2500 4294 2666 4364 igitur
2692 4294 2902 4363 peccati
2947 4306 3133 4347 semen
3163 4299 3271 4354 est,
3312 4291 3368 4343 in
3397 4287 3543 4343 dele-

1970 4388 2203 4442 ctatione
2243 4386 2303 4439 lit
2340 4384 2753 4449 nutrimentum,
2782 4385 2835 4438 in
2866 4398 3132 4439 consensu
3170 4379 3452 4451 perfectio.
3478 4379 3550 4435 Et

278 4483 402 4564 quo
423 4469 629 4564 praefati
669 4485 857 4528 sumus
885 4491 907 4564 :7
929 4474 1078 4545 quia,
1115 4476 1268 4545 quasi
1305 4491 1404 4546 per
1445 4478 1713 4532 somnium
1746 4478 1869 4533 illu-
1892 4503 1945 4564 D
1971 4493 2113 4547 saepe
2137 4476 2402 4546 contingit
2424 4482 2486 4530 ut
2512 4476 2615 4531 hoc
2640 4476 2786 4547 quod
2815 4475 3082 4547 malignus
3123 4473 3348 4545 spiritus
3386 4470 3549 4527 semi-

278 4560 462 4623 ditur,
489 4561 579 4627 qui
616 4569 854 4617 tentatus
896 4563 1257 4631 immunditia,
1287 4567 1428 4621 veris
1466 4568 1788 4639 imaginibus
1811 4569 1864 4623 in

279 4649 618 4717 cogitatione
664 4651 977 4721 inquinatur
1007 4672 1033 4707 τι
1060 4654 1454 4711 sed'lavandus
1495 4666 1580 4713 est
1619 4674 1776 4727 aqua,
1806 4668 1867 4712 ut

276 4739 482 4808 culpas
530 4743 869 4813 cogitationis
918 4745 1170 4817 lacrymis
1213 4746 1413 4801 abluat.
1461 4748 1527 4803 Et
1571 4748 1674 4804 nisi
1718 4750 1867 4819 prius

278 4830 434 4902 ignis
464 4834 773 4889 tentationis
801 4837 1111 4902 recesserit,
1139 4852 1289 4892 reum
1321 4853 1379 4892 se
1410 4840 1563 4910 quasi
1595 4855 1766 4910 usque
1798 4840 1865 4895 ad

289 4935 583 4991 .‘esperum
607 4934 914 4992 cognoscat.
947 4925 1053 4981 Sed
1076 4934 1160 4982 cst
1191 4926 1246 4982 in
1267 4929 1452 4983 eadem
1494 4929 1740 4985 illusione
1774 4944 1869 4984 ne-

282 5014 534 5069 cessaria
563 5015 718 5070 valde
751 5017 1035 5084 discretio;
1077 5033 1195 5088 qua:
1232 5020 1501 5076 subtiliter
1531 5021 1746 5092 pensari
1778 5021 1871 5075 de-

282 5105 447 5167 beat,
477 5119 542 5158 ex
566 5120 673 5174 qua
694 5120 753 5160 re
775 5106 986 5161 accidat
1010 5109 1176 5163 menti
1206 5109 1538 5165 dormientis.
1572 5109 1871 5178 Aliquando

285 5191 443 5248 enim
470 5206 534 5247 ex
565 5196 803 5265 crapula,
833 5196 1122 5267 aliquando
1147 5214 1214 5255 ex
1248 5208 1454 5255 natura:
1483 5200 1868 5271 superfluitate,

288 5283 387 5338 vel
432 5284 768 5351 inﬁmitate,
799 5288 1086 5358 aliquando
1122 5305 1188 5345 ex
1225 5292 1545 5362 cogitatione
1588 5292 1868 5363 contingit.

288 5375 368 5428 Et
398 5374 611 5441 quidem
654 5377 699 5430 si
725 5392 793 5432 ex
829 5388 1037 5435 natura:
1065 5380 1435 5451 superﬂuitate
1462 5382 1723 5445 evenerit,
1752 5396 1877 5435 oms

287 5464 429 5518 nino
459 5465 573 5519 haec
599 5465 776 5522 illusio
800 5483 907 5522 non
937 5478 1021 5524 est
1050 5472 1308 5536 timenda,
1342 5473 1464 5541 quia
1491 5473 1639 5526 hanc
1663 5473 1875 5527 animus

373 5604 397 5667 τ
432 5590 487 5667 |_n
517 5593 748 5667 concilio
770 5594 1215 5667 Qbalcedonensi,
1239 5614 1357 5667 cap.
1394 5599 1468 5661 15,

372 5661 400 5700 ³³
430 5661 508 5737 ᾖσι
536 5664 763 5737 concilio
794 5665 1133 5737 Laodicensi,
1165 5661 1282 5737 cap.
1304 5661 1394 5723 Ἠ»

377 5742 397 5767 τ
428 5730 504 5784 Ex
533 5733 687 5801 epist.
711 5749 862 5805 papm
882 5736 1099 5800 Gclasii,
1120 5730 1251 5808 ἀφ’.
1281 5738 1367 5793 26.

1974 4576 2069 4623 nat
2094 4568 2147 4622 in
2176 4566 2519 4637 cogitatione,
2551 4581 2678 4621 caro
2715 4567 2767 4621 in
2803 4566 3160 4621 deléctatione
3200 4563 3408 4627 trahat,
3447 4574 3549 4615 nec

1975 4668 2156 4714 tamen
2184 4658 2363 4712 anima
2394 4657 2568 4712 eidem
2603 4656 2947 4713 delectationi
2978 4656 3299 4711 consentiat.
3330 4653 3546 4707 Etcum

1973 4763 2101 4806 caro
2128 4747 2386 4805 delectari
2422 4747 2541 4803 sine
2581 4747 2763 4801 animo
2782 4756 3039 4817 nequeat,
3076 4747 3195 4816 ipse
3223 4754 3404 4800 tamen
3432 4742 3550 4797 ani-

1972 4854 2094 4894 mus
2131 4838 2311 4893 carnis
2352 4836 2714 4907 voluptatibus
2756 4837 3046 4903 reluctans,
3094 4837 3151 4891 in
3196 4834 3551 4891 delectatione

1974 4927 2175 4983 carnali
2203 4927 2384 4998 aliquo
2413 4927 2572 4981 modo
2601 4924 2796 4998 ligatur
2831 4926 3050 4993 invitus,
3082 4934 3143 4982 ut
3166 4927 3216 4982 ei
3244 4942 3311 4981 ex
3340 4925 3551 4979 ratione

1974 5016 2328 5081 contradicat,
2376 5031 2443 5070 ne
2492 5017 2827 5084 consentiat,
2875 5025 2933 5073 et
2969 5029 3144 5074 tamen
3192 5016 3551 5073 delectatione

1975 5107 2171 5179 ligatus
2196 5107 2285 5170 sit,
2317 5107 2411 5163 sed
2451 5108 2671 5180 ligatum
2714 5123 2773 5165 se
2816 5111 3171 5166 vehementer
3211 5109 3548 5181 ingemiscat.

1978 5197 2128 5252 Unde
2154 5206 2207 5252 et
2233 5197 2324 5251 ille
2360 5198 2599 5254 caelestis
2627 5201 2897 5256 exercitus
2939 5204 3241 5273 pneeipuus
3269 5200 3425 5255 miles
3459 5214 3552 5267 ge-

1976 5289 2179 5354 mebat,
2216 5288 2400 5344 dicens
2429 5307 2442 5343 :
2484 5287 2639 5346 Video
2673 5291 2835 5346 aliam
2858 5294 3021 5364 legem
3051 5295 3106 5347 in
3134 5292 3375 5347 membris
3398 5289 3549 5352 meis.

1978 5387 2347 5448 repugnantem
2368 5377 2470 5450 legi
2492 5382 2678 5435 utentis
2710 5398 2858 5446 mete,
2885 5394 2932 5437 et
2962 5384 3219 5451 captivam
3246 5396 3332 5434 me
3355 5376 3551 5431 duren-

1976 5481 2076 5527 tem
2098 5473 2152 5527 in
2173 5472 2283 5542 lege
2306 5476 2523 5540 peccati,
2546 5490 2664 5545 qua:
2678 5487 2750 5529 est
2782 5476 2837 5531 in
2857 5476 3099 5531 membris
3114 5475 3257 5528 meis.
3287 5472 3341 5528 Si
3368 5476 3550 5525 autem

2058 5599 2081 5685 (ξ
2103 5600 2576 5685 gmlestini‘papzc.
2596 5620 2713 5685 cr‘p.
2742 5605 2825 5685 uti.

2062 5671 2457 5743 flnttn‘rogatio
2478 5671 2788 5743 Augustini.

2064 5739 2081 5780 ί
2110 5741 2258 5812 Vulg.
2292 5739 2445 5809 edit.,
2477 5739 2795 5813 myiterium.
