3856 6190
437 280 537 336 om
1398 277 1797 335 HALITGARII
1832 278 2145 338 EPl-SCOPI
2192 283 2716 344 GAMERACENSIS
3526 300 3612 356 692

434 392 683 464 captivus
713 397 854 458 erat,
888 389 1112 446 minime
1147 389 1422 461 pugnabat
1447 405 1463 445 :
1494 392 1590 448 sed
1629 401 1684 448 et
1717 395 2009 465 pugnabat.
2040 396 2090 457 Α
2116 410 2306 452 sensus
2331 397 2617 455 invenerit.
2668 401 3013 456 Annuntiabls
3032 402 3126 470 eis,
3151 404 3327 476 inquit,
3357 425 3413 463 es
3444 428 3610 478 me;es

433 487 772 556 Quapropter
817 493 870 539 et
918 482 1164 553 captivus
1197 489 1336 549 erat,
1371 490 1428 539 et
1455 487 1730 555 pugnabat
1767 498 1814 540 α.
1843 486 2011 558 igitur
2113 504 2216 552 me,
2245 501 2351 543 non
2380 503 2446 544 ex
2471 497 2542 544 te.
2569 489 2684 544 Mea
2711 492 2876 546 verba
2900 490 3136 562 loqueris
3162 514 3175 548 :
3203 511 3301 552 non
3319 507 3394 553 est
3415 502 3536 570 quod
3555 519 3608 558 ex

437 577 784 656 tegimentis,
815 576 924 642 lex,
957 591 1078 646 qua:
1111 577 1166 630 in
1202 577 1464 632 membris
1491 587 1598 644 est,
1628 580 1963 650 repugnabat
1989 597 2007 634 :
2111 579 2210 643 eis,
2255 587 2508 648 tanquam
2535 579 2698 647 Deus,
2739 581 2959 637 inﬂeris.
2997 583 3076 638 Ex
3103 599 3207 652 me,
3235 586 3410 656 inquit,
3441 591 3512 646 eis
3533 607 3612 647 an—

435 647 697 722 sivautem
736 667 1030 737 pugnabat,
1059 669 1304 738 captivus
1332 683 1440 723 non
1475 679 1617 723 erat.
1642 647 1785 726 Ecce
1829 672 2018 742 itaque
2111 671 2317 725 nuntia.
2367 647 2476 726 Sed
2500 671 2616 740 jam
2657 675 2786 744 quid
2811 675 3117 741 annuntiat,
3149 647 3424 736 audiamus.
3467 681 3517 738 Si
3542 700 3614 740 me

432 765 515 812 cst
551 758 736 822 homo,
776 758 1022 826 captivus
1060 756 1217 812 liber.
1268 757 1431 814 Liber
1473 774 1538 815 ex
1577 760 1807 830 justitia,
1847 778 2011 833 quam
2111 761 2324 818 dicente
2353 765 2419 817 ad
2452 760 2702 834 impium,
2731 765 2917 836 lmpie,
2945 768 3208 834 morieris,
3242 786 3340 826 non
3369 770 3514 845 lueris
3547 775 3616 830 lo-

432 847 606 917 ιῖίιίεἰι
632 862 646 900 :
678 848 924 917 captivus
945 862 1013 903 ex
1038 847 1420 917 delectatione,
1451 866 1614 920 quam
1655 862 1836 922 portat
1874 855 2011 909 invi-
2110 862 2270 909 cutus
2297 863 2358 908 ut
2389 870 2447 909 se
2478 856 2754 929 custodiat
2791 856 3040 926 impiusa
3074 859 3162 913 via
3191 875 3304 926 sua,
3334 861 3434 931 ipse
3456 863 3616 933 impius

433 946 537 990 tus.
573 936 761 992 Amen.
2109 945 2164 998 iu
2196 944 2486 1014 iniquitate
2511 961 2607 1000 sua
2635 947 2916 1012 morietur,
2949 951 3262 1020 sanguinem
3287 968 3405 1008 vero
3430 955 3531 1024 ejus
3565 956 3617 1010 de

2109 1049 2271 1088 manu
2321 1041 2412 1088 tua
2442 1035 2734 1104 requiram.
2777 1036 2915 1102 Quid
2956 1040 3132 1107 potuit
3163 1042 3480 1109 expressius,
3514 1044 3618 1112 quid

2106 1124 2348 1195 apertius
2371 1131 2552 1194 potest
2577 1125 2716 1180 dici?
2765 1124 2823 1181 Si
2853 1127 3041 1196 impio,
3087 1128 3284 1198 inquit,
3325 1129 3512 1186 locutus
3531 1149 3617 1188 non

2107 1214 2294 1280 fueris,
2323 1223 2384 1268 ut
2412 1229 2471 1269 se
2498 1215 2566 1270 ab
2604 1215 2882 1285 impietate
2909 1218 3198 1284 custodiat,
3225 1229 3276 1275 et
3302 1219 3383 1275 ille
3408 1222 3616 1290 perierit,

2105 1305 2421 1374 sanguinem
2445 1306 2564 1374 ejus
2599 1305 2664 1360 de
2701 1320 2864 1361 manu
2899 1315 2989 1361 tua
3019 1310 3303 1378 requiram.
3338 1310 3440 1366 Hoc
3457 1320 3529 1366 est
3557 1313 3621 1367 di-

2105 1410 2268 1451 cere:
2300 1395 2358 1450 Si
2397 1396 2448 1450 ei
2489 1404 2714 1464 peccata
2746 1412 2843 1451 sua
2875 1412 2988 1452 non
3006 1400 3415 1464 annuntiaveris,
3453 1401 3492 1454 si
3519 1416 3620 1456 eum

2103 1503 2212 1543 non
2239 1487 2486 1557 argueris
2513 1494 2574 1540 ut
2597 1485 2664 1540 ab
2691 1487 2965 1557 impietate
2989 1504 3088 1543 sua
3117 1498 3458 1556 convertatur,
3489 1499 3534 1546 et
3557 1491 3623 1543 vi-

980 1049 1209 1109 CAPUT
1245 1053 1427 1109 XVIII.

431 1135 584 1202 Quod
630 1137 763 1192 nihil
790 1142 972 1212 _prosit
1017 1143 1300 1208 sacerdoti,
1349 1146 1555 1199 etiamsi
1593 1146 1718 1200 bene
1758 1149 1916 1212 vivat,
1961 1149 2009 1202 si

690 1208 828 1263 male
853 1212 1103 1265 viventem
1129 1213 1348 1267 tacendo
1377 1231 1480 1268 non
1509 1218 1741 1286 corrigit.

504 1300 535 1342 δ
560 1300 716 1368 Quod
758 1316 892 1357 vero
927 1302 1060 1358 dicit
1084 1304 1394 1374 Apostolus,
1444 1317 1501 1361 ut
1530 1325 1625 1364 nos
1662 1310 1890 1379 formam
1918 1312 2007 1365 de-

427 1392 640 1446 beamus
665 1392 908 1447 exhibere
925 1393 1190 1462 ﬁdelibus,
1229 1397 1357 1465 quid
1393 1397 1612 1465 valebit,
1644 1401 1688 1455 si
1718 1401 1766 1456 is
1801 1403 1886 1456 cui
1922 1402 2006 1457 vel

428 1481 674 1537 hortandi
723 1483 912 1548 bonos,
967 1484 1054 1538 vel
1094 1485 1395 1556 castigandi
1444 1488 1647 1554 malos,
1689 1503 1817 1544 cura
1857 1501 2006 1545 com-

427 1571 590 1626 missa
625 1578 726 1639 est,
759 1574 896 1628 bene
926 1574 1156 1629 vivendo
1199 1589 1260 1630 se
1304 1575 1622 1632 imitandum
1664 1580 1820 1635 bonis
1853 1583 2004 1636 exivi-
2103 1587 2224 1644 vat;
2267 1587 2324 1634 et
2356 1587 2432 1643 te,
2463 1578 2556 1649 qui
2585 1593 2693 1634 non
2727 1579 3035 1649 increpasti,
3065 1589 3123 1634 et
3154 1583 3338 1651 ipsum,
3369 1583 3451 1651 qui
3477 1589 3522 1637 te
3558 1589 3622 1635 ta-

426 1667 567 1730 lcat,
599 1673 654 1720 et
682 1666 852 1722 malos
881 1667 1109 1722 tacendo
1145 1683 1253 1723 non
1287 1669 1567 1740 corrigat?
1589 1670 1670 1725 Ad
1700 1673 1805 1727 hoc
1829 1675 1998 1740 enim,
2103 1679 2260 1726 cente
2296 1669 2562 1739 peccavit.
2603 1668 2840 1724 ﬂammis
2875 1671 3203 1740 perennibus
3247 1672 3466 1742 perdam-
3514 1670 3625 1738 θυῖε

423 1757 526 1812 nisi
550 1773 637 1813 me
668 1757 805 1814 fallit
825 1760 1028 1828 opinio,
1059 1768 1248 1816 sancte
1271 1760 1569 1817 vivendum
1590 1773 1674 1818 est
1703 1768 1997 1832 sacerdoti,
2027 1752 2074 1810 Β
2103 1774 2234 1830 r080
2279 1767 2390 1813 tam
2439 1759 2588 1814 επεὶ
2643 1760 2924 1828 Pectoris?
2970 1762 3094 1830 (“is
3143 1771 3250 1817 tam
3292 1761 3480 1817 ferreus
3521 1762 3628 1824 erit,

425 1865 545 1902 nam
577 1850 735 1904 dicta
753 1865 849 1905 sua
879 1850 1304 1923 repugnantibus
1328 1849 1490 1908 factis
1519 1864 1747 1911 evacuet
1775 1858 1820 1912 si
1857 1859 1999 1928 quod
2101 1866 2265 1921 quem
2287 1850 2556 1906 sententia
2588 1850 2693 1906 iSla
2718 1866 2826 1906 non
2853 1852 3100 1906 terreat?
3128 1853 3248 1921 quis
3271 1859 3375 1908 tam
3399 1851 3577 1906 alienus
3598 1866 3628 1904 ³

419 1939 676 2006 przedicat
715 1939 831 1995 fieri
868 1940 1098 2007 debere,
1145 1955 1253 1996 non
1295 1941 1486 2008 faciat;
1529 1953 1624 2000 aut
1642 1946 1689 2001 si
1718 1950 1862 2017 quod
1892 1965 1998 2005 non
2101 1943 2224 2010 ﬁde,
2253 1945 2346 2014 qui
2371 1944 2653 2000 sementim
2692 1945 2782 2000 isti
2819 1960 2926 2000 non
2962 1947 3154 2001 credat
3182 1947 3244 2002 εἳ

422 2032 569 2098 facit,
619 2032 916 2103 prmdicare
956 2033 1383 2103 praesumpserit,
1430 2035 1575 2090 nihil
1602 2039 1742 2107 apud
1783 2053 1878 2094 eos
1907 2041 1998 2108 qui
2689 2036 2918 2092 CAPUT
2947 2035 3087 2090 XIX.

419 2123 535 2188 ejus
574 2124 739 2177 vitam
769 2138 969 2178 novere
991 2125 1258 2194 proﬁciat.
1291 2125 1428 2194 Quia
1461 2127 1530 2183 ad
1572 2127 1677 2185 hoc
1703 2139 1787 2186 est
1814 2132 1990 2188 Ecele-
2100 2128 2365 2183 Lucluosa
2399 2128 2676 2198 descriptio
2704 2127 2988 2182 carnaliter
3021 2127 3296 2181 viventium
3324 2125 3624 2180 sacerdotum.

418 2216 511 2269 size
558 2213 654 2269 Dei
701 2217 1044 2286 prmpositus,
1098 2226 1158 2272 ut
1203 2234 1313 2275 non
1364 2219 1536 2276 solum
1581 2221 1720 2283 bene
1767 2225 2002 2281 vivendo
2169 2220 2276 2276 Sed
2306 2236 2404 2276 nos
2428 2219 2787 2290 praesentibus
2829 2217 3105 2285 delectati,
3158 2219 3279 2274 dum
3323 2219 3375 2273 in
3411 2217 3503 2273 hac
3535 2216 3628 2270 vita

417 2305 552 2358 alios
607 2306 856 2375 exemplo
909 2322 1022 2362 suae
1076 2309 1508 2366 conversationis
1562 2312 1846 2376 instituat,
1902 2316 1996 2371 sed
2095 2312 2381 2366 commoda
2407 2319 2590 2364 nostra
2615 2317 2670 2364 et
2695 2309 2930 2364 honores
2956 2309 3305 2379 inquirimus,
3334 2322 3432 2363 non
3458 2314 3510 2361 ut
3534 2319 3628 2359 me-

418 2394 580 2447 etiam
634 2394 960 2451 ﬁducialiter
988 2399 1353 2468 praedicando,
1399 2401 1624 2471 singulis
1653 2413 1780 2458 ante
1808 2408 1996 2461 oculos

2093 2405 2281 2467 liores,
2333 2402 2426 2457 sed
2470 2410 2531 2457 ut
2575 2401 2827 2467 ditiores;
2882 2412 2988 2455 non
3017 2408 3078 2454 ut
3117 2401 3424 2465 sanctiores,
3468 2396 3550 2453 sed
3579 2403 3624 2448 ut
3724 2451 3727 2453 _

415 2492 642 2550 peccata
681 2500 788 2539 sua
820 2488 1154 2543 constituat:
1184 2503 1304 2558 quae
1343 2501 1504 2558 paena
1541 2501 1760 2547 maneat
1803 2493 1992 2560 duros,

413 2591 532 2644 quae
576 2577 743 2648 gloria
788 2577 1144 2646 obedientes,
1189 2581 1458 2636 ostendat.
1510 2580 1718 2638 Nullius
1762 2584 1992 2640 salutem

413 2667 773 2737 desperando,
805 2677 1119 2723 contemnat
1153 2687 1169 2725 :
1207 2672 1417 2728 animas
1468 2673 1750 2729 emendari
1806 2676 1993 2731 nolen-

415 2757 542 2809 tium
571 2757 818 2827 plangat,
865 2758 1107 2815 imitatus
1147 2759 1488 2832 Apostolum,
1516 2767 1610 2835 qui
1648 2767 1724 2822 ait
1761 2786 1773 2821 :
1811 2765 1877 2822 Ut
1910 2767 1993 2822 lu-

414 2862 560 2914 geam
585 2847 776 2901 mullos
813 2864 880 2902 ea:
901 2850 983 2903 Itis
1007 2851 1097 2920 qui
1123 2861 1244 2905 ante
1270 2866 1630 2924 peccaverunt,
1659 2867 1708 2911 et
1736 2873 1840 2912 non
1869 2875 1987 2929 ege—

414 2947 539 2991 runt-
559 2941 932 3008 pcem'tentiam.
956 2942 1025 2997 Et
1045 2943 1242 2998 iterum
1269 2963 1282 3000 :
1303 2946 1433 3011 Quis
1467 2949 1787 3018 inﬁrmatur,
1821 2961 1873 3005 et
1896 2967 1990 3022 ego

413 3044 514 3080 non
541 3029 828 3096 inﬁrmari
849 3029 980 3096 Quis
1007 3033 1433 3101 scandalizatur,
1481 3047 1528 3091 et
1559 3054 1652 3108 ego
1678 3055 1782 3094 non
1819 3042 1988 3096 uror?

411 3121 748 3191 Quapropter
789 3124 1142 3196 sciensquod
1181 3127 1226 3182 si
1264 3129 1592 3198 quibuslibet
1622 3132 1876 3190 divitibus
1917 3151 1985 3193 ac

410 3211 719 3281 potentibus
761 3215 900 3270 male
924 3217 1232 3275 viventibus
1269 3229 1481 3291 parcat,
1513 3214 1621 3277 ‘aut
1659 3223 1838 3280 foveat
1866 3241 1983 3294 eos,

2094 2492 2472 2549 honoratiores
2499 2490 2669 2545 simus
2698 2490 2909 2544 czetcrls
2930 2489 3275 2544 festinamus.
3306 2487 3406 2543 Nec
3445 2498 3622 2558 gregem

2095 2583 2344 2648 Domini,
2374 2582 2468 2652 qui
2508 2581 2665 2636 nobis
2693 2582 2996 2650 pascendus
3032 2582 3368 2651 tuendusque
3405 2575 3626 2634 commis-

2094 2688 2186 2727 sus
2214 2677 2320 2737 est,
2348 2670 2443 2724 sed
2464 2678 2682 2725 nostras
2701 2669 3027 2733 voluntates,
3059 2669 3494 2730 dominationem,
3514 2661 3624 2719 divi-

2093 2763 2218 2828 tias,
2271 2769 2328 2817 et
2371 2770 2566 2816 caetera
2611 2761 2976 2814 blandimenta
3017 2761 3310 2815 carnaliter
3346 2758 3618 2827 cogitamus.

2089 2852 2343 2907 Pastores
2379 2851 2486 2906 dici
2528 2851 2792 2914 volumus,
2843 2865 2947 2906 nec
2998 2859 3185 2905 tamen
3233 2865 3348 2905 esse
3385 2845 3637 2919 contendi-~

2090 2959 2230 2998 mus.
2263 2941 2442 2998 Ofﬁcii
2471 2942 2643 2998 nostri
2683 2943 2915 2997 vitamus
2942 2941 3212 3008 laborem,
3238 2941 3515 3012 appetimus
3551 2936 3620 2990 di-

2090 3033 2367 3103 gnitatem,
2419 3033 2819 3087 immundorum
2851 3033 3144 3103 spirituum
3171 3033 3313 3088 feras
3341 3048 3370 3087 a
3399 3043 3538 3103 grege
3559 3027 3623 3081 di-

2090 3124 2379 3180 laceranda
2423 3140 2530 3180 non
2572 3125 2852 3195 pellimus;
2904 3133 2960 3180 et
2995 3126 3145 3195 quod
3189 3127 3270 3182 eis
3306 3127 3622 3181 remanserat.

2086 3217 2187 3288 ipsi
2223 3217 2615 3282 consumimus,
2643 3219 2858 3288 quando
2887 3227 3186 3287 peccantes
3224 3219 3409 3273 divites
3434 3213 3508 3268 vel
3535 3225 3617 3281 po.

2085 3316 2260 3364 tentes
2274 3323 2378 3363 non
2393 3308 2564 3364 solum
2579 3323 2684 3363 non
2700 3307 2998 3377 arguimus,
3012 3309 3113 3363 sed
3125 3309 3291 3364 etiam
3303 3315 3615 3361 veneramur:

2084 3417 2150 3456 ac
2175 3401 2330 3458 nobis
2360 3409 2454 3456 aut
2481 3415 2706 3456 munera
2733 3397 2890 3454 solita
2915 3397 3112 3454 offensi
3148 3415 3256 3455 non
3282 3397 3514 3466 dirigant,
3544 3396 3622 3443 aut

2081 3493 2344 3563 obsequia
2385 3493 2686 3549 desiderata
2728 3491 3063 3558 subducant;
3117 3507 3182 3547 ac
3230 3491 3307 3546 sic
3349 3483 3627 3543 muneribus

2080 3599 2268 3639 eorum
2296 3590 2358 3638 et.
2376 3583 2652 3652 obsequiis
2690 3581 2857 3651 capti,
2892 3581 3002 3636 imo
3031 3596 3138 3651 per
3165 3582 3283 3636 haec
3310 3577 3408 3634 illis
3434 3569 3622 3632 addicti,

2079 3673 2227 3744 loqui
2255 3675 2336 3729 eis
2365 3673 2430 3729 de
2473 3682 2698 3742 peccato
2726 3688 2842 3737 suo,
2877 3681 2972 3727 aut
3006 3674 3078 3728 de
3115 3673 3302 3728 futuro
3327 3666 3515 3738 judicio
3535 3662 3626 3717 lor-

2078 3764 2349 3818 midamus
2377 3781 2391 3816 :
2420 3771 2476 3817 et
2501 3763 2622 3817 ideo
2644 3763 2929 3818 minaciter
2960 3763 3280 3832 superbiam
3313 3767 3532 3814 nostram
3556 3750 3626 3804 di-

2078 3856 2234 3911 vinus
2277 3870 2458 3910 sermo
2508 3855 2832 3910 contundit:
2866 3855 2961 3911 sed
3008 3865 3209 3911 noster
3249 3852 3454 3907 auditus
3492 3841 3620 3903 nihil.

2075 3947 2219 4002 unde
2266 3945 2614 4017 proﬁciamus
2636 3986 2652 4012 ,
2704 3945 2964 4011 admittit,
3020 3947 3154 4015 quia
3207 3940 3478 4015 praesentis
3519 3935 3624 3988 vita:

2075 4038 2218 4110 capti
2276 4038 2581 4105 dulcedine,
2625 4053 2746 4108 qua:
2783 4051 2943 4106 ptena
2987 4037 3378 4109 negligentiam
3415 4036 3622 4088 nostram

2072 4140 2292 4187 maneat
2317 4131 2370 4185 in
2403 4139 2686 4196 asternum,
2721 4130 2992 4186 noluimus
3031 4132 3299 4201 cngitare.
3327 4128 3382 4182 In
3407 4130 3622 4194 pastores

2073 4237 2204 4294 ergo
2239 4223 2341 4276 ista
2369 4221 2642 4287 dicuntur,
2685 4221 2751 4275 de
2773 4235 3005 4290 quorum
3041 4221 3210 4275 nobis
3251 4217 3394 4272 inani
3421 4206 3623 4294 appella-

394 4309 654 4377 peccato?
681 4309 942 4377 Μηίων,
985 4312 1087 4368 nisi
1128 4313 1232 4368 hoc
1278 4313 1546 4369 Dominus
1569 4329 1666 4384 per
1711 4315 1969 4370 Ezechie-
2070 4292 2216 4367 tione
2260 4311 2589 4366 blandimur.
2640 4308 2770 4363 Hazc
2820 4309 2945 4362 dicit
3000 4307 3267 4363 Dominus
3311 4306 3445 4359 Deus
3483 4313 3501 4352 ἔ
3549 4292 3620 4347 γε

393 4398 498 4453 lem
521 4400 843 4470 prophetam
869 4403 970 4456 sub
1000 4401 1278 4470 cujusdam
1308 4404 1535 4459 terroris
1562 4404 1967 4459 denuntiatione
1991 4441 2046 4501 D
2068 4405 2363 4479 pastoribus
2409 4401 2582 4457 Israel
2623 4402 2714 4473 qui
2767 4400 3046 4501 pascebant
3071 4400 3420 4501 semetipsos:

391 4489 660 4562 loquitur,
699 4491 886 4547 dicens
909 4492 978 4547 ad
1001 4508 1124 4548 eum
1160 4511 1174 4548 :
1205 4491 1276 4547 Et
1300 4502 1380 4560 tu,
1411 4493 1490 4563 ﬁli
1515 4494 1762 4560 hominis,
1786 4511 1969 4564 specu—
1991 4481 2044 4501 ”
2069 4511 2262 4568 greges
2303 4501 2603 4564 pascuntur
2631 4507 2660 4550 a
2689 4491 3029 4562 pastoribus?
3070 4491 3159 4544 lac
3185 4481 3620 4579 comedebalisv.“

387 4582 610 4639 latorem
635 4583 756 4640 dedi
793 4593 844 4640 te
874 4585 1054 4640 domui
1084 4584 1277 4641 Israel.
1326 4585 1439 4640 Nec
1481 4586 1586 4642 hoc
1622 4593 1966 4640 transeunter
2067 4589 2207 4643 lanis
2229 4585 2617 4657 cperiebamini
2643 4601 2658 4638 :
2683 4583 2824 4654 quod
2850 4583 3097 4638 cra'ssum
3129 4590 3272 4673 erat,
3298 4573 3616 4673 occidebat};

387 4679 646 4735 debemus
681 4680 872 4735 audire
897 4680 1041 4749 quod
1077 4681 1414 4736 sacerdotem
1445 4679 1835 4750 speculatorem
1865 4693 1966 4748 ap—
2065 4693 2279 4750 gregem
2327 4685 2512 4731 autem
2553 4689 2735 4730 meum
2782 4688 2890 4728 non
2945 4672 3276 4742 pascebatis.
3303 4665 3450 4735 Quod
3491 4657 3616 4714 inﬁr-

387 4767 572 4836 pellat.
623 4768 727 4833 Ut,
776 4769 917 4824 sicut
969 4769 1294 4840 speculatori
1345 4777 1430 4823 est
1474 4769 1540 4823 de
1578 4767 1697 4822 loco
1751 4765 1962 4821 editiori
2065 4787 2210 4824 mum
2238 4767 2356 4832 fuit,
2391 4782 2496 4822 non
2519 4765 2820 4830 solidastis;
2863 4763 3090 4832 etquod
3113 4769 3399 4833 mgrotum,
3430 4761 3617 4848 nlmfa'

387 4856 732 4924 prospicere,
765 4864 820 4910 et
844 4857 964 4926 plus
993 4858 1242 4913 omnibus
1269 4855 1643 4925 contemplari,
1677 4856 1751 4908 ita
1781 4869 1962 4909 sacer-
2062 4859 2233 4914 nastis
2260 4875 2275 4911 ε
2307 4857 2451 4926 quod
2483 4855 2738 4919 fractum,
2772 4869 2878 4908 non
2925 4853 3217 4924 alligastis,
3257 4860 3310 4904 et
3337 4844 3472 4917 quod
3491 4841 3616 4905 δαῖθ’

386 4947 484 5004 dos
511 4943 669 5001 debet
706 4960 826 5000 esse
854 4949 1162 5017 propositus
1202 4944 1535 5002 sublimitate
1581 4945 1777 5002 celsior
1825 4962 1958 5001 cun-
2059 4959 2229 5015 ctum,
2259 4963 2370 5003 non
2433 4945 2726 5002 reduxistis
2770 4961 2784 4998 :
2827 4943 2970 5013 quod
3018 4943 3286 5038 perierat,
3342 4939 3612 5038 nonqui-

384 5037 506 5102 ctis,
534 5052 600 5093 ac
627 5035 850 5105 majoris
876 5038 1115 5094 scientiae
1147 5039 1351 5094 habere
1376 5038 1623 5108 gratiam,
1653 5054 1757 5109 qua
1785 5039 1960 5107 possit
2059 5040 2230 5104 sistis,
2277 5038 2372 5094 sed
2397 5052 2534 5102 cum
2569 5035 2892 5092 auctoritate
2921 5030 3283 5103 imperabatis
3303 5029 3414 5090 eis,
3436 5029 3487 5076 et
3506 5029 3611 5072 cum

382 5126 484 5181 sub
511 5140 574 5199 se
608 5127 853 5182 viventes
881 5127 1170 5184 instruere.
1213 5127 1504 5183 Videamus
1537 5129 1651 5199 jam
1697 5131 1826 5199 quid
1873 5130 1956 5186 di-
2055 5131 2341 5202 potentia:
2375 5137 2431 5185 et
2456 5129 2712 5204 dispersa:
2739 5134 2866 5182 sunt
2891 5140 3022 5180 oves
3059 5137 3224 5187 mete,
3258 5133 3324 5174 eo
3360 5112 3493 5186 quod
3517 5119 3608 5163 non

357 5193 541 5274 vinus
579 5233 762 5274 sermo
785 5218 1081 5273 continuet.
1131 5218 1348 5285 Audies,
1379 5219 1574 5288 inquit,
1615 5236 1682 5275 ea:
1724 5237 1813 5275 ore
1841 5237 1954 5277 meo
2053 5231 2198 5278 esset
2224 5229 2429 5292 pastor.
2477 5220 2546 5273 Et
2587 5217 2745 5272 factm
2794 5224 2922 5272 sunt
2968 5216 3024 5270 in
3078 5210 3476 5268 devoiationem
3510 5212 3605 5254 om'

375 5328 690 5378 sermonem,
737 5320 788 5365 et
829 5310 1166 5365 annuntiabis
1211 5311 1286 5364 eis
1319 5328 1383 5366 ea:
1423 5327 1506 5365 me
1536 5325 1554 5363 :
1581 5321 1640 5366 ut
1667 5313 1771 5368 hoc
1805 5313 1951 5368 dicat
2053 5313 2200 5368 nium
2245 5311 2540 5366 bestiarum
2587 5307 2723 5378 agri.
2765 5307 2833 5396 Et
2877 5305 3037 5396 paulo
3264 5320 3279 5354 :
3325 5298 3601 5396 Proplcl‘fl,

377 5403 631 5459 sacerdos
657 5376 802 5473 quod
839 5419 903 5458 ex
927 5401 1111 5456 divina
1141 5399 1374 5456 lectione
1404 5401 1674 5467 didicerit,
1707 5402 1850 5471 quod
1872 5403 1948 5457 illi
2050 5411 2306 5472 pastores,
2334 5399 2511 5452 audite
2537 5376 2745 5450 verbum
2790 5395 3004 5449 Domini
3033 5405 3052 5444 :
3094 5390 3222 5446 Vivo
3246 5405 3338 5460 ego
3365 5385 3482 5439 dicit

377 5495 518 5548 Deus
546 5493 914 5565 inspiraverit,
963 5507 1070 5548 non
1099 5489 1242 5561 quod
1283 5491 1699 5561 praesumptione
1726 5493 1948 5548 humani
2050 5496 2222 5550 minus
2271 5493 2433 5547 Deus.
2467 5489 2574 5543 Pro
2612 5505 2670 5543 eo
2712 5488 2851 5560 quod
2894 5487 3020 5558 facti
3065 5493 3189 5538 sunt
3229 5494 3402 5552 greges
3429 5486 3520 5526 me!
3550 5479 3596 5518 "l

2119 5606 2147 5647 δ
2174 5603 2275 5676 Est
2295 5616 2416 5671 cap.
2438 5600 2624 5676 201il_).
2655 5617 2672 5656 ι
2699 5598 2766 5654 de
2794 5599 2918 5654 Vita
2935 5594 3242 5676 contempla
3259 5583 3514 5676 Prosperi.

2122 5687 2142 5714 ε
2169 5660 2455 5744 “mustine
2483 5686 2547 5728 ex
2569 5669 2758 5741 Prosp.
2782 5684 2903 5741 cap.
2931 5669 3016 5733 21,
3040 5665 3140 5722 lib.
3162 5660 3188 5720 ἱ
3209 5660 3339 5719 ibid.

407 3305 598 3372 perdat
643 3306 822 3373 simul,
881 3317 936 3364 et
984 3319 1194 3380 pereat.
1235 3312 1306 3368 Et
1355 3323 1542 3371 sancte
1589 3315 1748 3372 debet
1801 3318 1984 3374 vivere

406 3404 626 3466 propter
668 3399 971 3469 exemplum
1001 3419 1016 3455 :
1044 3410 1103 3457 et
1139 3403 1352 3467 docere,
1393 3415 1616 3476 propter
1652 3423 1765 3464 suae
1810 3409 1984 3464 admi-

408 3485 747 3543 nistrationis
773 3488 1006 3546 oﬂicium
1037 3510 1052 3547 :
1085 3500 1288 3561 certus,
1319 3497 1465 3566 quod
1497 3497 1547 3553 ei
1577 3500 1712 3554 nihil
1739 3516 1834 3556 sua
1859 3502 1978 3572 jus-

405 3576 518 3629 titia
570 3576 909 3649 sullragetur,
964 3583 1031 3639 de
1076 3584 1231 3656 cujus
1277 3601 1440 3643 manu
1489 3589 1670 3644 anima
1706 3593 1981 3660 pereuntis

400 3668 678 3738 exigitur:
711 3673 926 3742 quando
973 3675 1281 3746 quicunque
1328 3678 1466 3734 alius
1519 3680 1766 3750 perierit,
1819 3696 1978 3750 quem

402 3758 547 3813 nulla
591 3761 820 3818 docendi
871 3767 1172 3823 necessitas
1211 3777 1415 3836 manet,
1468 3769 1617 3824 solus
1662 3785 1854 3839 poenas
1894 3771 1974 3824 sui

403 3848 623 3905 sceleris
649 3852 818 3909 dabit.
857 3853 938 3909 illi
966 3865 1147 3912 autem
1178 3858 1264 3914 cui
1296 3860 1624 3930 dispensatio
1647 3862 1797 3917 verbi
1824 3877 1990 3918 com--

401 3941 562 3998 missa
593 3953 696 4011 est,
737 3946 952 4003 etiamsi
994 3958 1184 4005 sancte
1218 3950 1398 4018 vivat,
1445 3961 1501 4008 et
1545 3961 1726 4009 tamen
1767 3956 1976 4026 perdite

396 4035 644 4093 viventes
690 4053 921 4111 arguere
965 4049 1061 4095 aut
1101 4042 1389 4098 erubescat
1426 4051 1520 4098 aut
1567 4054 1794 4111 metuat,
1849 4061 1984 4101 cum-

397 4127 648 4183 omnihus
675 4129 768 4198 qui
795 4145 860 4191 eo
892 4139 1106 4187 tacente
1133 4132 1436 4201 perierunt,
1471 4134 1631 4203 perit.
1662 4133 1734 4190 Et
1763 4135 1892 4204 quid
1919 4135 1972 4190 ei

399 4219 640 4288 proderit
677 4235 786 4275 non
827 4221 1007 4291 puniri
1037 4239 1163 4288 suo,
1194 4222 1286 4292 qui
1324 4225 1642 4292 puniendus
1667 4233 1756 4280 est
1793 4225 1970 4281 alieno

441 5619 466 5646 ι
510 5607 692 5678 Vulg,
727 5609 936 5663 minime
967 5606 1264 5678 pugnabat,
1305 5615 1619 5678 (μαρτυρίαις
1641 5616 1689 5660 et
1717 5608 1946 5677 captivus

376 5685 510 5741 erat,
533 5687 577 5729 et
604 5675 836 5747 captivus
863 5675 1122 5747 nonor-al,
1151 5677 1240 5732 sed
1265 5675 1547 5749 pugnabat.
1590 5675 1768 5733 Cms.
