3856 6190
390 303 496 360 695

1346 301 1742 360 HALITGARII
1779 299 2085 360 EPlSCOPl
2121 301 2645 360 csusmcsusns
2665 263 2684 272 ’

3529 311 3628 366 695

386 419 672 476 :mimabus
695 429 918 490 peccata
959 415 1194 484 auferre,
1218 418 1322 474 nisi
1367 426 1658 490 praestante
1694 419 1954 474 sollicitu-
1979 422 2028 484 Α
2057 417 2468 488 ιεηιὶιιέιιερίρθ
2501 418 2672 472 illum.
2701 415 2804 484 Qui
2837 427 2966 474 vero
2997 428 3178 490 potest
3197 417 3468 489 ieiunare,
3491 427 3626 492 quod

386 513 592 568 diue-et
625 512 870 568 oratione
901 513 1280 582 lacrymarum.
1303 511 1537 568 Necesse
1569 521 1652 568 est
1695 528 1824 582 ergo
1851 529 1952 568 no-

383 603 490 668 bis,
513 601 682 658 frater
710 602 1052 670 charissime,
1093 601 1356 658 sollicitos
1391 617 1512 658 esse
1540 618 1640 672 pro
1681 603 1956 674 peccanti-

383 694 520 746 l:us:
549 696 674 762 qula
715 707 902 746 sumus
945 691 1268 747 alterutrum
1313 693 1575 748 membra.
1625 691 1694 746 Et
1737 693 1782 747 si
1824 692 1954 761 quid

380 783 583 851 patitur
605 797 772 836 unum
800 783 1127 848 membrum,
1157 783 1563 852 compatiuntur
1581 785 1762 840 omnia
1785 799 1954 840 mem-

381 873 496 924 bra.
529 869 759 939 Ideoque
783 879 838 926 et
863 885 982 936 nos,
1013 871 1060 926 si
1083 871 1380 928 viderimus
1404 873 1638 944 aliquem
1681 873 1734 928 in
1761 888 1954 942 pecca-

379 961 447 1015 tz's
479 959 773 1028 iacentem,
817 961 1137 1018 festinemus
1181 977 1306 1020 eum
1343 964 1412 1020 ad
1449 965 1828 1034 paenitentiam
1855 979 1954 1033 per

377 1061 616 1108 nostram
647 1053 950 1110 doctrinam
979 1069 1196 1110 vocare.
1239 1054 1306 1110 Et
1330 1055 1759 1126 quotiescunque
1793 1055 1952 1110 dede-

376 1145 452 1198 ris
475 1144 759 1202 consilium
787 1145 1032 1215 peccanti
1053 1186 1068 1210 ,
1107 1145 1176 1202 da
1205 1145 1282 1208 illi
1309 1146 1686 1216 paenitentiam
1717 1146 1902 1200 statim
1933 1164 1948 1200 :

374 1246 634 1306 quantum
663 1237 860 1294 debeat
895 1236 1166 1308 ieiunare,
1191 1245 1245 1293 et
1278 1239 1542 1294 redimere
1569 1245 1792 1307 peccata
1817 1253 1947 1304 sua;

374 1343 444 1384 ne
487 1327 630 1384 forte
671 1327 1040 1394 obliviscaris,
1096 1337 1354 1396 quantum
1400 1343 1526 1382 eum
1567 1335 1816 1398 oporteat
1850 1341 1952 1396 pro

373 1421 486 1477 suis
526 1421 764 1490 peccatis
775 1418 1022 1488 ieiunare
1053 1439 1066 1473 :
1101 1420 1174 1474 ita
1199 1421 1346 1488 quod
1373 1435 1595 1475 necesse
1627 1421 1720 1485 sit,
1749 1420 1948 1474 iterum

373 1521 432 1566 ut
453 1511 710 1581 exquiras
737 1513 806 1566 ab
835 1527 902 1566 eo
933 1520 1174 1582 peccata.
1221 1511 1316 1566 Ille
1357 1519 1538 1568 autem
1567 1511 1794 1568 forsitan
1823 1527 1950 1567 eru-

375 1603 580 1666 bescet,
616 1600 812 1656 iterum
849 1610 1070 1670 peccata
1099 1617 1196 1658 sua
1217 1601 1484 1666 confiteri,
1511 1609 1566 1656 et
1595 1601 1794 1657 iterum
1833 1616 1950 1656 am-

371 1693 511 1762 plius
523 1691 776 1762 iudicari.
793 1691 908 1749 Non
928 1694 1074 1748 enim
1098 1707 1122 1736 α
1145 1709 1334 1750 manes
1353 1695 1537 1750 clerici
1563 1695 1704 1751 hanc
1721 1695 1948 1766 scriptu-

373 1798 490 1838 ram
509 1798 794 1853 usurpare,
811 1791 908 1837 aut
923 1784 1100 1854 legere
1123 1783 1346 1850 debent,
1365 1785 1462 1854 qui
1481 1785 1762 1840 inveniunt
1781 1797 1904 1841 eam
1927 1803 1940 1838 :

2053 507 2366 578 impositum
2395 517 2484 565 est.
2507 509 2604 576 illi,
2627 508 2736 564 noli
2769 510 3075 578 prohibere,
3103 513 3196 566 sed
3223 513 3492 582 permitte.
3517 513 3626 568 Ma—

2051 604 2134 674 gis
2155 604 2300 660 enim
2323 604 2574 658 laudandi
2605 610 2730 658 sunt
2757 604 2852 672 qui
2873 604 3126 662 celeriter
3153 605 3390 660 debitum
3425 609 3632 676 pondus

2051 694 2358 764 persolvere
2387 693 2674 758 festinant;
2703 694 2831 762 quia
2855 691 3120 761 jejunium
3153 695 3394 750 debitum
3433 704 3534 750 est.
3567 696 3634 752 Et

2051 783 2130 838 sic
2193 785 2318 838 date
2367 783 2680 838 utenda-tum
2715 783 2823 838 illis
2871 783 2963 854 qui
3005 783 3378 853 penitentiam
3427 794 3628 855 agunt:

2051 875 2178 942 quia
2213 874 2260 928 si
2279 872 2606 942 ieiunaverit
2645 883 2700 930 et
2727 875 3080 944 compleverit
3123 875 3262 946 quod
3307 875 3382 928 illi
3411 877 3632 932 manda-

2050 969 2164 1016 tum
2195 969 2280 1017 est
2319 979 2351 1017 a
2381 963 2680 1027 sacerdote,
2711 963 3090 1032 puriﬁcabitur
3112 980 3144 1019 a
3191 967 3446 1034 peccatis.
3479 967 3630 1034 Quod

2050 1053 2096 1106 si
2121 1053 2317 1110 iterum
2351 1055 2419 1108 ad
2447 1055 2734 1125 pristinam
2767 1056 3216 1112 consuetudinem
3241 1057 3322 1112 vel
3349 1068 3630 1128 peccatum

2050 1161 2308 1202 reversus
2321 1145 2504 1213 merit,
2528 1148 2608 1204 sic
2628 1157 2712 1202 est
2731 1147 3001 1217 quomodo
3033 1148 3188 1204 canis
3215 1150 3312 1218 qui
3339 1153 3630 1206 revertitur

2049 1238 2120 1291 ad
2141 1237 2408 1292 vomitum
2433 1253 2610 1292 suum.
2649 1236 2840 1292 Omnis
2865 1237 3050 1306 itaque
3073 1224 3364 1308 innitens,
3385 1255 3496 1294 non
3529 1242 3632 1295 hoc

2049 1329 2220 1384 solum
2251 1329 2412 1386 debet
2443 1328 2712 1400 ieiunare,
2743 1329 2888 1398 quod
2927 1329 3001 1382 illi
3033 1330 3344 1386 mandatum
3371 1340 3456 1385 est
3489 1347 3522 1386 a
3553 1347 3632 1385 sa-

2047 1418 2300 1486 cerdote;
2333 1435 2523 1476 verum
2570 1420 2733 1474 etiam
2769 1429 3051 1490 postquam
3079 1419 3368 1490 complevit
3413 1435 3480 1476 ea
3511 1437 3634 1490 qua:

2047 1509 2124 1564 illi
2153 1509 2308 1582 iussa
2357 1520 2486 1566 sunt
2506 1551 2522 1578 ,
2575 1511 2737 1566 debet
2779 1519 3040 1580 quantum
3101 1511 3203 1582 ipsi
3249 1514 3423 1566 visum
3469 1512 3634 1568 fuerit

2038 1597 2288 1670 ieiunare
2311 1619 2326 1654 :
2349 1601 2466 1656 sive
2485 1601 2540 1656 in
2569 1609 2764 1671 quarta
2785 1599 2918 1656 feria
2949 1603 3150 1668 tradas,
3167 1602 3280 1656 sive
3305 1618 3628 1673 parasecve;

2047 1691 2094 1746 si
2135 1692 2306 1763 egerit
2345 1705 2409 1745 ea
2447 1707 2569 1761 qua:
2601 1691 2678 1746 illi
2715 1691 2966 1746 sacerdos
3011 1693 3364 1761 praeceperit,
3409 1704 3634 1764 peccata

2047 1785 2164 1856 eius
2205 1784 2576 1862 diruitteutur;
2617 1783 2662 1838 si
2715 1797 2846 1838 vero
2889 1792 3078 1852 postea
3109 1797 3174 1837 ex
3201 1799 3300 1838 sua
3351 1785 3637 1843 volunt-ate

371 1873 472 1927 nisi
487 1873 583 1928 soli
599 1872 882 1942 illiquibus
905 1889 1126 1929 necesse
1146 1881 1250 1940 est,
1267 1873 1318 1928 id
1335 1881 1424 1930 est
1443 1875 1766 1945 presbyteri.
1795 1875 1947 1932 Sicut
2035 1878 2382 1950 ieiunaverit,
2431 1877 2738 1934 mercedem
2766 1879 2864 1932 sibi
2905 1878 3140 1947 acquirit
3165 1885 3220 1932 et
3245 1891 3474 1947 regnum
3525 1891 3638 1932 cte-

303 1979 308 1982 ·
370 1964 514 2018 enim
549 1964 876 2020 sacriﬁcium
906 1963 1102 2018 offer-re
1149 1979 1256 2018 non
1283 1965 1500 2030 debent,
1549 1965 1654 2020 nisi
1707 1966 1944 2036 episcopi

369 2063 426 2108 et
471 2056 796 2126 presbyteri,
841 2055 1036 2125 quibus
1072 2055 1258 2111 claves
1288 2057 1442 2126 regni
1471 2057 1710 2112 celestis
1735 2057 1945 2112 traditae

369 2156 494 2202 sunt
527 2165 540 2200 :
573 2148 655 2203 sic
678 2163 776 2202 nec
805 2147 1010 2218 iudicia
1039 2148 1128 2204 illa
1155 2149 1247 2204 alii
1274 2165 1542 2221 usurpare
1565 2150 1784 2206 debent.

439 2237 498 2292 Si
533 2246 710 2292 autem
745 2239 1040 2295 necessitas
1091 2241 1362 2304 evenerit,
1411 2247 1470 2294 et
1519 2242 1808 2312 presbyter
1835 2255 1946 2296 non

369 2330 532 2386 fuerit
563 2345 804 2400 praesens
828 2373 842 2397 ,
893 2333 1150 2388 diaconus
1189 2333 1450 2404 suscipiat
1491 2334 1844 2404 pmnitentem
1875 2333 1944 2389 ad

370 2421 398 2459 δ
431 2420 860 2478 satisfactionem
901 2423 992 2478 vel
1013 2433 1256 2480 sanctam
1303 2426 1760 2481 communionem.
1791 2425 1946 2481 Sicut

367 2525 498 2580 ergo
525 2511 778 2580 superius
804 2511 1042 2568 diximus
1073 2531 1090 2568 :
1117 2515 1402 2571 humiliare
1433 2531 1492 2572 se
1509 2517 1708 2572 debent
1734 2517 1944 2588 episco-

365 2602 442 2670 pi,
471 2603 586 2656 sive
613 2605 939 2674 presbyteri,
971 2614 1028 2660 et
1063 2621 1185 2661 eum
1216 2607 1450 2664 tristitiae
1475 2609 1679 2679 gemitu
1699 2649 1712 2674 ,
1761 2607 1940 2680 lscry-

365 2693 576 2764 tuisque
597 2709 775 2760 orare,
802 2710 910 2750 non
941 2696 1114 2752 solum
1138 2713 1239 2768 pro
1269 2699 1384 2755 suis
1407 2699 1638 2764 delictis,
1663 2700 1758 2754 sed
1777 2701 1941 2754 etiam

366 2799 464 2852 pro
489 2783 920 2842 Christianorum
945 2789 1208 2855 omnium,
1235 2799 1296 2846 ut
1322 2792 1534 2861 possint
1561 2791 1778 2847 dicere:
1811 2790 1946 2857 Quis

365 2873 690 2944 inﬁrmatur,
707 2874 764 2929 ἐι
787 2893 886 2947 ego.
911 2894 1016 2932 non
1055 2879 1344 2948 inﬁt-mor?
1367 2881 1484 2952 quis
1516 2881 1938 2947 scandalizatur,

363 2976 412 3020 et
441 2983 534 3037 ego
557 2983 658 3021 non
692 2969 858 3023 uror?
889 2969 1024 3024 Cum
1049 2985 1181 3043 ergo
1211 2973 1421 3028 venerit
1450 2973 1644 3042 aliquis
1671 2971 1738 3026 ad
1767 2987 1942 3027 sacer-

364 3060 546 3113 dotem
577 3059 822 3115 conliteri
855 3069 1077 3130 peccata
1103 3077 1222 3129 sua,
1255 3063 1474 3118 mandet
1503 3064 1552 3118 ei
1583 3062 1854 3128 sacerdos,
1881 3069 1941 3116 ut
1965 3103 2012 3165 Ε

364 3159 642 3221 exspectet
661 3153 950 3219 modicum,
978 3155 1148 3210 donec
1175 3156 1344 3210 intret
1367 3156 1422 3209 in
1452 3155 1755 3211 cubiculum
1782 3171 1938 3210 suum

365 3241 432 3294 ad
474 3241 774 3298 orationem
809 3263 822 3298 :
855 3245 900 3300 si
937 3254 1118 3301 autem
1165 3263 1271 3302 non
1313 3247 1564 3302 habuerit
1601 3248 1938 3315 cubiculum,

365 3329 544 3390 tamen
575 3337 826 3392 sacerdos
857 3338 1000 3392 dicat
1033 3339 1169 3394 hanc
1209 3341 1262 3394 in
1292 3341 1453 3396 corde
1493 3355 1590 3396 suo
1617 3341 1936 3396 orationem.

1038 3425 1278 3483 Oremus.

366 3517 368 3519 ’
434 3517 660 3572 Domine
689 3518 830 3574 Deus
873 3530 894 3557 ε
930 3520 1302 3590 omnipotens,
1333 3522 1597 3593 propitius
1640 3533 1758 3579 esto
1807 3521 1947 3577 mihi

362 3611 666 3678 pecca‘tori;
717 3623 778 3665 ut
818 3611 1080 3682 condigne
1117 3614 1318 3682 possim
1369 3614 1467 3670 tibi
1497 3617 1699 3686 gratias
1745 3631 1934 3686 agere,

362 3702 454 3769 qui
479 3717 566 3757 me
595 3702 872 3773 indignum
899 3712 1120 3774 propter
1142 3713 1286 3760 tuam
1318 3707 1743 3763 misericordiam
1787 3709 1941 3764 mini-

361 3801 532 3845 strum
581 3791 756 3848 fecisti
810 3797 1161 3851 sacerdotalis
1199 3795 1400 3852 ollicii:
1438 3807 1492 3852 et
1531 3813 1619 3854 me
1649 3799 1936 3866 humilem,

361 3882 724 3952 exiguumque
769 3892 1111 3952 peccatorum
1149 3887 1476 3941 constituisti
1515 3887 1585 3941 ad
1637 3889 1936 3954 orandum,

363 3972 910 4044 intercedendumque
985 3977 1052 4031 ad
1111 3976 1396 4032 Dominum
1461 3985 1706 4033 nostrum
1754 3978 1944 4035 Jesum-

361 4063 636 4120 Christum
663 4105 678 4129 ,
727 4080 824 4134 pro
849 4066 1230 4135 peccantibus,
1279 4073 1334 4122 et
1359 4067 1428 4122 ad
1449 4069 1824 4138 paenitentiam
1853 4085 1939 4126 re-

359 4157 730 4212 vertentibus:
767 4158 992 4227 ideoque
1013 4159 1318 4214 dominator
1337 4160 1582 4226 Domine,
1613 4161 1703 4230 qui
1749 4177 1944 4217 omnes.

359 4249 606 4306 homines
641 4250 725 4306 vis
754 4250 932 4306 salvos
965 4251 1102 4318 ﬁeri,
1128 4260 1182 4306 et
1227 4253 1294 4307 ad
1339 4252 1670 4324 agnitionem
1697 4253 1938 4309 veritatis

361 4351 568 4416 venire,
595 4351 688 4421 qui
717 4366 824 4406 non
861 4353 946 4408 vis
973 4359 1200 4408 mortem
1239 4354 1562 4422 peccatoris,
1592 4355 1688 4409 sed
1717 4365 1777 4409 ut
1806 4369 1938 4432 con-

2043 1969 2238 2024 lorum.
2269 1967 2371 2036 Qui
2418 1983 2546 2038 ergo
2595 1975 2708 2022 tota
2742 1968 3040 2038 septimana
3061 1965 3272 2035 ieiunat
3303 1981 3406 2036 pro
3437 1981 3640 2036 pecca-

2043 2059 2112 2114 tis
2137 2058 2270 2122 suis,
2303 2056 2539 2113 Sahbato
2565 2066 2622 2112 et
2658 2057 2938 2114 Dominico
2971 2057 3060 2112 die
3079 2057 3374 2111 manducet
3401 2066 3460 2110 et
3481 2057 3639 2112 bibat

2043 2150 2300 2221 quidquid
2327 2149 2376 2204 ei
2405 2150 2708 2220 appositum
2751 2148 2931 2204 fuerit.
2968 2149 3246 2205 Custodiat
3273 2157 3458 2202 tamen
3499 2165 3564 2204 se
3605 2165 3636 2204 a

2042 2243 2262 2312 crapula
2291 2250 2348 2296 et
2385 2242 2650 2296 ebrietate
2679 2259 2692 2295 :
2725 2241 2851 2310 quia
2897 2241 3112 2296 luxuria
3153 2241 3222 2294 de
3243 2239 3516 2294 ebrietate
3547 2255 3638 2293 na-

2041 2336 2231 2390 scitur.
2281 2334 2406 2388 ldeo
2432 2335 2622 2390 beatus
2647 2333 2848 2387 Paulus
2875 2333 3150 2402 prohibuit
3191 2333 3378 2386 dicens
3403 2347 3418 2384 :
3449 2331 3638 2385 Nolite

2040 2427 2290 2482 inebriari
2320 2428 2458 2490 uino,
2493 2427 2548 2478 in
2567 2442 2670 2496 quo
2701 2435 2776 2479 est
2801 2423 3014 2478 luxuria
3045 2437 3064 2476 :
3091 2427 3199 2478 non
3225 2423 3354 2492 quia
3405 2422 3464 2476 in
3505 2422 3636 2478 vino

2041 2527 2125 2574 est
2151 2517 2382 2582 luxuria,
2414 2518 2508 2572 sed
2535 2518 2588 2571 in
2620 2517 2902 2572 ebrietate.

2113 2611 2170 2665 Si
2203 2611 2324 2679 quis
2355 2609 2494 2664 forte
2529 2625 2634 2666 non
2665 2609 2904 2678 potuerit
2939 2606 3203 2677 ieiunare,
3231 2615 3288 2660 et
3311 2605 3338 2646 δ
3373 2607 3634 2660 habuerit

2042 2701 2184 2756 unde
2219 2700 2352 2755 dare
2395 2702 2569 2769 possit
2611 2701 2676 2755 ad
2713 2699 3120 2754 redimendum:
3147 2695 3380 2752 sidives
3427 2695 3630 2758 fuerit,

2041 2805 2140 2860 pro
2157 2806 2234 2846 vu
2265 2789 2693 2845 hebdomadibus
2717 2788 2810 2843 det
2835 2787 3036 2842 solidos
3063 2802 3163 2851 xx;
3211 2785 3260 2840 si
3301 2793 3488 2840 autem
3521 2801 3630 2840 nor.

2041 2881 2294 2937 habuerit
2323 2889 2534 2936 tantum
2559 2880 2702 2934 unde
2727 2879 2858 2934 dare
2883 2878 3070 2946 possit,
3109 2877 3200 2930 det
3225 2875 3432 2931 solidos
3455 2892 3492 2929 x
3519 2893 3535 2940 ;
3587 2874 3632 2929 si

2043 2984 2224 3028 autem
2253 2973 2482 3028 multum
2523 2987 2730 3042 pauper
2757 2969 2943 3035 fuerit,
2977 2970 3064 3024 det
3095 2967 3298 3023 solidos
3329 2983 3416 3022 ιιι.
3449 2968 3632 3023 Nemi-

2043 3080 2165 3120 nem
2204 3081 2334 3120 vero
2361 3063 2667 3128 conturbet,
2697 3062 2822 3132 quia
2837 3061 3099 3130 iussimus
3125 3075 3196 3114 xx
3227 3058 3435 3114 solidos
3469 3059 3630 3120 dare.

2043 3163 2136 3210 aut
2166 3155 2347 3210 minus
2376 3169 2391 3207 :
2421 3155 2550 3224 quia
2579 3153 2624 3208 si
2649 3153 2802 3207 dives
2827 3151 3012 3216 fuerit,
3035 3149 3244 3205 facilius
3277 3157 3364 3204 est
3399 3149 3480 3203 illi
3503 3150 3634 3202 dare

2043 3245 2244 3302 solidos
2263 3261 2364 3310 xx,
2380 3259 2541 3314 quam
2573 3243 2796 3314 pauperi
2825 3251 2936 3297 tres
2963 3241 3180 3296 solidos.
3205 3239 3315 3296 Sed
3337 3238 3635 3308 unusquis-

2041 3353 2148 3408 que
2173 3336 2438 3400 attendat,
2467 3337 2554 3390 cui
2587 3335 2719 3390 dare
2749 3335 2906 3390 debet
2931 3349 2943 3386 :
2982 3333 3096 3386 sive
3133 3347 3231 3400 pro
3257 3329 3634 3398 redemptione

2041 3429 2396 3499 captivorum,
2427 3427 2541 3482 sive
2568 3439 2731 3496 super
2773 3431 3015 3478 sanctum
3042 3421 3211 3476 altare
3235 3439 3250 3474 :
3278 3422 3398 3474 sive
3427 3431 3630 3489 paupe—

2039 3521 2189 3574 ribus
2210 3518 2532 3575 Christianis
2557 3516 2907 3588 erogandum.
2939 3515 3005 3568 Et
3027 3515 3130 3568 hoc
3157 3512 3374 3575 scitote,
3407 3509 3626 3568 fratres.

2041 3621 2100 3667 ut
2125 3613 2250 3666 dum
2273 3611 2523 3666 venerint
2549 3609 2616 3664 ad
2645 3623 2740 3664 vos
2768 3607 2910 3662 servi
2955 3605 3036 3660 vel
3065 3603 3294 3668 ancillae,
3320 3609 3630 3672 quaerentes

2039 3701 2436 3772 paenitentiam,
2465 3717 2572 3756 non
2597 3713 2691 3754 eos
2741 3698 2973 3770 gravetis
2994 3738 3008 3762 ,
3057 3711 3231 3764 neque
3273 3692 3486 3762 cogatis
3517 3699 3634 3744 tau-

2041 3803 2152 3850 tum
2178 3791 2422 3864 ieiunare
2448 3799 2707 3861 quantum
2735 3791 2951 3852 divites,
2986 3788 3110 3856 quia
3154 3785 3296 3840 servi
3321 3792 3378 3837 et
3423 3783 3630 3837 ancills:

2039 3901 2150 3941 non
2179 3891 2303 3939 sunt
2345 3883 2398 3938 in
2435 3899 2530 3938 sua
2573 3889 2880 3951 potestate:
2917 3877 3036 3933 ideo
3082 3875 3430 3932 medietatem
3457 3873 3631 3944 paeni-

2037 3977 2222 4034 tentiae
2247 3974 2353 4030 illis
2393 3972 2668 4042 imponite.
2747 4039 2753 4045 _

2555 4060 2782 4132 Emplicit
2819 4057 3086 4130 prologus.

2117 4173 2387 4214 INCIPIUNT
2427 4169 2725 4212 ORATIONES
2761 4169 2828 4206 ΑΙ)
2869 4165 3083 4206 υΛΝΒΑὶι
3123 4159 3542 4202 ΗΕΝΠΈΝΤΙΛΙ.

2109 4247 2168 4303 In
2215 4247 2405 4316 primis
2461 4245 2605 4300 dicat
2655 4242 2914 4298 sacerdos
2959 4239 3226 4309 psalmum
3253 4251 3481 4291 xxxvn:
3517 4235 3624 4290 Do-

2039 4337 2214 4400 mine,
2271 4352 2333 4389 ne
2368 4335 2424 4388 in
2467 4334 2643 4403 furore
2697 4341 2787 4384 tuo
2826 4346 3020 4399 arguas
3063 4343 3161 4380 me.
3204 4325 3399 4381 Postea
3443 4323 3624 4386 dicat,

359 4450 620 4508 vertatur,
651 4451 706 4497 ct
731 4443 875 4497 vivat
900 4462 912 4496 :
941 4443 1156 4514 suscipe
1173 4437 1492 4508 orationem
1525 4437 1731 4512 meam,
1773 4427 1934 4516 quam

2050 4425 2302 4478 Oremus:
2335 4432 2392 4477 et
2432 4421 2696 4492 psalmum
2725 4433 2856 4474 cxt":
2889 4415 3225 4480 Beuedicam,
3257 4428 3428 4482 usque
3474 4428 3628 4466 reno-

361 4533 528 4588 l'undo
569 4543 696 4588 ante
746 4533 1090 4590 clementiam
1120 4543 1264 4589 tuam
1293 4551 1392 4605 pro
1419 4536 1635 4592 famulis
1659 4547 1822 4607 atque
1851 4537 1931 4591 fa-

360 4625 610 4681 mulabus
657 4626 804 4690 tuis,
865 4626 956 4696 qui
999 4628 1472 4696 ad'pmnitentiam
1496 4635 1792 4693 venerunt,
1835 4643 1932 4696 per

363 4715 642 4772 Dominum
675 4725 937 4773 nostrum.

427 4809 628 4864 Videns
656 4818 834 4863 autem
863 4809 950 4864 ille
979 4811 1070 4879 qui
1099 4811 1166 4864 ad
1217 4811 1592 4880 paenitentiam
1622 4811 1803 4873 venit,
1853 4825 1935 4864 sa-

360 4899 637 4953 cerdotem
669 4899 876 4954 tristem
904 4911 957 4956 et
981 4901 1368 4971 lacrymantem
1397 4915 1497 4972 pro
1525 4901 1636 4954 suis
1681 4901 1934 4956 facinori-

359 4989 478 5054 bus,
511 4991 681 5059 magis
714 4991 826 5059 ipse
872 4991 926 5044 in
970 4992 1163 5044 timore
1205 4990 1300 5044 Dei
1347 4989 1657 5058 perculsus,
1710 4991 1931 5061 amplius

361 5081 610 5136 tristatur
633 5087 687 5135 et
715 5079 1051 5135 exborrescit
1076 5089 1296 5148 peccata
1333 5095 1450 5134 sua.

432 5173 496 5227 Et
521 5187 954 5241 unumquemque
983 5172 1257 5226 hominem
1293 5172 1636 5226 accedentem
1667 5172 1734 5226 ad
1767 5170 1937 5243 pomi-

339 5267 583 5332 ,tentiam
610 5265 650 5319 si
678 5263 880 5318 videris
917 5263 1134 5329 acriter,
1165 5271 1219 5319 et
1245 5263 1457 5320 assidue
1493 5272 1639 5318 stare
1669 5263 1722 5317 in
1759 5263 1933 5334 pomi-

431 5434 458 5462 ι
499 5418 706 5475 Similia
731 5417 913 5473 videre
935 5413 1108 5486 possis
1129 5415 1183 5468 in
1213 5415 1352 5470 libro
1380 5415 1448 5469 de
1465 5413 1690 5477 Ofﬁciis,
1719 5415 1808 5484 qui
1835 5414 1935 5468 tri-

357 5492 540 5546 buitur
563 5489 805 5546 Alcuino.
1194 5555 1203 5556 ί
1576 5553 1590 5556 η

431 5561 457 5600 δ
497 5561 648 5630 Apud
697 5559 990 5630 Egbertum
1027 5555 1142 5612 haec
1176 5555 1400 5630 desunt;
1427 5569 1536 5630 nec
1573 5551 1662 5607 ille
1699 5553 1932 5622 loquitur

359 5631 424 5684 de
469 5623 834 5686 satisfactione
882 5629 964 5684 vel
999 5627 1396 5682 communione.
1427 5623 1662 5694 Negatur
1691 5634 1869 5676 autem
1905 5639 1934 5677 a

361 5700 544 5755 ntultis
570 5701 852 5756 diaconum
882 5699 1118 5770 potuisse
1159 5697 1286 5751 talia
1317 5693 1600 5752 conficere.

2038 4516 2260 4570 vabitur.
2298 4513 2364 4567 Et
2395 4513 2591 4566 iterum
2622 4509 2803 4574 dicat,
2852 4507 3105 4570 Oremus,
3153 4513 3207 4558 et
3251 4502 3520 4572 psalmum
3551 4519 3584 4557 ι.
3609 4542 3622 4553 .

2042 4607 2307 4672 Miserere,
2345 4619 2516 4674 usque
2571 4618 2745 4656 omnes
2799 4601 3095 4669 iniquitates
3135 4613 3274 4650 meas
3327 4594 3460 4650 dele.
3493 4593 3627 4648 Post

2039 4699 2154 4752 haec
2183 4695 2450 4766 psalmum
2478 4712 2490 4746 :
2521 4693 2683 4756 Deus,
2719 4692 2774 4744 in
2811 4689 3017 4743 nomine
3053 4697 3164 4740 tuo.
3201 4687 3270 4740 Et
3295 4686 3462 4750 dicat,
3494 4681 3626 4738 Ore-

2041 4806 2172 4844 mus.
2221 4787 2423 4841 Deinde
2469 4783 2778 4855 psalmum:
2813 4779 2953 4846 Quid
3003 4777 3248 4848 gloriaris
3295 4777 3349 4829 in
3375 4773 3628 4829 malitia?

2044 4895 2212 4950 usque
2245 4877 2488 4935 videbunt
2509 4877 2662 4946 justi.
2693 4875 2760 4928 Et
2790 4873 2934 4928 dicat
2961 4873 3101 4926 hanc
3127 4871 3426 4925 orationem
3459 4883 3474 4918 :

2711 4983 2952 5039 Oremus.

2110 5078 2269 5142 Deus,
2293 5075 2444 5145 cuius
2485 5075 2818 5146 indulgentia
2847 5089 3006 5128 nemo
3057 5087 3162 5125 non
3203 5069 3446 5139 indiget,
3507 5079 3618 5118 me-

2039 5177 2221 5225 mento
2243 5169 2471 5224 Domine
2497 5168 2686 5223 famuli
2717 5167 2813 5230 tui,
2837 5163 2902 5218 N.
2928 5173 2980 5219 et
3008 5163 3099 5232 qui
3145 5159 3360 5224 lubrici,
3387 5153 3618 5212 terreni-

2040 5279 2144 5334 que
2171 5263 2410 5332 corporis
2450 5262 2504 5314 in
2551 5257 2842 5328 fragilitate
2873 5255 3127 5319 nudatur,
3158 5263 3463 5321 quaesumus
3486 5287 3502 5310 ,
3553 5253 3614 5298 ut

2116 5427 2156 5494 °_
2175 5415 2414 5494 [iubetur
2437 5411 2756 5494 luegporatio
2780 5409 3010 5494 "integra
3035 5405 3088 5458 in
3117 5405 3308 5459 ordine
3351 5401 3604 5454 Rotnano.

2041 5485 2175 5540 Bibl.
2208 5485 2326 5540 Pat.
2360 5493 2490 5540 tom.
2529 5482 2600 5544 Χ,
2633 5497 2756 5553 pag.
2779 5479 2870 5532 ΕΠ.
3057 5545 3106 5553 __
3169 5543 3202 5553 h
3283 5541 3295 5553 .
3397 5539 3409 5551 ,
3487 5533 3580 5553 Αι,

2107 5557 2134 5597 ἀ
2181 5555 2354 5609 Habet
2373 5553 2560 5608 eadem
2587 5542 2916 5618 totidemque
2959 5545 3140 5601 verbis
3167 5542 3374 5618 Regino
3397 5542 3450 5593 in
3479 5542 3606 5590 ants-

2044 5641 2149 5695 qua
2170 5624 2484 5680 collectione
2521 5637 2622 5676 ms.
2653 5621 2746 5675 lib.
2787 5612 2849 5687 ιιζ
2883 5633 3001 5686 cap.
3035 5629 3176 5670 κων.
3215 5612 3376 5666 Bssa.
