3856 6190
269 364 379 421 637

1510 361 1712 416 υιιιειι
1751 360 2332 417 ΡΟΕΝΙΤΕΝΤΙΑΙΛΞ.

3436 370 3541 427 698

270 478 376 551 des
414 473 624 527 veniam
655 469 957 535 conﬁtenti,
995 487 1155 541 parce
1181 471 1426 542 supplici,
1456 480 1514 526 ut
1541 473 1633 542 qui
1661 474 1863 527 nostris
1891 489 1938 545 Α
1967 490 2103 544 pane
2132 484 2184 530 ct
2221 491 2380 547 aqua.
2410 475 2467 530 Si
2505 478 2762 532 diaconus
2812 487 2867 533 et
2892 481 3188 536 monachus
3219 522 3235 544 ,
3289 497 3362 538 vn
3390 503 3404 536 :
3435 493 3549 541 trcs

271 568 491 622 meritis
518 579 867 626 accusantur,
921 571 1009 616 tua
1045 563 1392 618 miseratione
1434 563 1720 618 salvemur.
1757 564 1861 617 Per

272 659 592 721 Dominum,
625 664 730 710 etc.

975 725 1160 778 Aliter.

358 819 519 881 Deus,
547 816 647 872 sub
676 815 828 885 cujus
861 815 1031 870 oculis
1079 831 1237 870 omne
1270 831 1368 870 cor
1399 815 1650 884 trepidat,
1675 830 1866 870 omnes

272 908 632 964 conscienth
661 905 1084 960 contremiscunt
1110 946 1124 969 ,
1180 906 1476 974 propitiare
1503 905 1742 960 omnium
1775 920 1866 974 ge-

273 999 528 1062 mitibus,
553 1005 607 1051 et
661 996 902 1050 omnium
950 996 1167 1050 medere
1217 997 1565 1061 vulneribus,
1624 1002 1683 1049 ut
1724 997 1865 1049 sicut

275 1105 447 1154 nemo
482 1095 722 1142 nostrum
754 1084 888 1140 liber
936 1092 1020 1140 est
1049 1101 1077 1138 a
1109 1085 1285 1153 culpa,
1316 1085 1388 1139 ita
1427 1100 1586 1139 nemo
1637 1083 1710 1138 sit
1735 1083 1865 1137 alie-

273 1196 388 1235 nus
417 1195 450 1232 a
484 1177 659 1232 venia.
695 1176 801 1230 Per
837 1176 1144 1238 Dominum,
1176 1183 1281 1229 etc.

905 1286 1036 1340 Item
1069 1285 1242 1340 aliter.

360 1382 502 1435 Deus
529 1378 754 1434 infinitae
781 1377 1164 1431 misericordia:
1191 1378 1544 1446 veritatisque
1564 1378 1866 1441 immensa,

272 1471 582 1540 propitiare
613 1469 986 1539 iniquitatibus
1018 1469 1244 1531 nostris,
1299 1478 1354 1524 et
1381 1469 1632 1523 omnibus
1661 1469 1868 1522 anima-

277 1576 407 1614 rum
445 1566 752 1613 nostrarum
804 1557 1020 1611 medere
1055 1558 1434 1627 languoribus,
1473 1565 1534 1611 ut
1565 1558 1868 1612 miseratio-

277 1667 416 1707 num
456 1662 668 1704 tuarum
721 1648 1038 1704 remissione
1084 1656 1374 1718 percepta,
1417 1650 1471 1702 in
1517 1657 1609 1704 tua
1651 1663 1870 1718 semper

275 1740 662 1796 benedictione
699 1739 964 1794 laatemur.
1005 1737 1108 1792 Per
1141 1737 1447 1794 Dominum.

993 1823 1182 1882 Aliter.

253 1931 274 1951 ⁴
356 1921 577 1986 Precor,
601 1920 859 1986 Domine,
901 1919 1198 1975 clementia:
1227 1927 1282 1974 et
1321 1919 1708 1975 misericordiae
1752 1928 1861 1975 tuae

275 2011 649 2081 maiestatem,
680 2016 739 2062 ut
762 2006 963 2063 famqu
989 2016 1080 2062 tuo
1123 2015 1345 2078 peccata
1386 2018 1440 2063 et
1470 2005 1708 2063 facinora
1735 2024 1864 2064 con-

277 2102 484 2166 fitenti,
513 2101 728 2155 veniam
778 2100 1021 2154 relaxare
1064 2100 1303 2170 digneris
1333 2117 1347 2152 :
1377 2108 1430 2154 et
1468 2100 1862 2169 prazteritorum

274 2195 579 2250 criminum
605 2191 794 2262 culpas
820 2191 1115 2261 indulgeas,
1149 2192 1242 2261 qui
1288 2191 1529 2246 humeris
1575 2191 1682 2246 tuis
1708 2207 1865 2246 ovem

271 2284 555 2357 perditam
586 2282 875 2344 reduxisti;
905 2281 995 2350 qui
1018 2281 1285 2350 publicani
1315 2297 1504 2352 preces
1525 2283 1866 2338 confessione

273 2378 532 2447 placatus
552 2375 815 2429 exaudisti
831 2391 845 2425 :
864 2381 918 2427 tu
939 2375 1102 2426 etiam
1130 2373 1255 2428 huic
1284 2372 1484 2429 famulo
1512 2381 1602 2428 tuo
1627 2374 1862 2444 placare,

276 2465 546 2529 Domine;
593 2473 648 2518 tu
692 2463 808 2532 ejus
860 2463 1108 2534 precibus
1147 2463 1408 2534 benignus
1453 2464 1630 2533 aspira
1661 2481 1676 2518 :
1705 2471 1765 2518 ut
1811 2464 1866 2518 in

273 2556 630 2613 confessione
678 2555 956 2624 placabilis
1001 2562 1359 2624 permaneat,
1415 2554 1532 2624 ejus
1575 2561 1632 2609 et
1677 2554 1866 2625 petitio

277 2654 606 2718 perpetuam
623 2645 964 2712 clementiam
989 2653 1131 2698 tuam
1150 2644 1399 2702 celeriter
1411 2651 1620 2710 exoret,
1637 2645 1869 2700 sanctis-

276 2752 399 2806 que
428 2734 691 2790 altaribus
721 2743 777 2790 et
811 2735 1165 2789 sacramentis
1191 2734 1493 2800 restitutus,
1517 2735 1632 2806 spei
1677 2749 1867 2790 rursus

275 2836 510 2884 acterna:
533 2829 658 2882 vitae
701 2837 755 2882 et
781 2827 1016 2881 ccclesiis
1041 2826 1224 2895 gloria:
1250 2827 1604 2896 mancipetur.
1634 2826 1738 2881 Per
1763 2827 1870 2882 Do-

278 2922 521 2976 mitium.

824 3009 1014 3063 Manus
1056 3009 1336 3079 impositio.
1731 3023 1772 3058 ο

366 3103 590 3157 Domine
634 3110 817 3156 sancte
849 3101 1012 3156 Pater
1045 3102 1415 3173 omnipotens,
1443 3109 1646 3157 aeterne
1692 3097 1868 3166 Deus,

1966 571 2019 623 in
2048 586 2185 639 pane
2205 579 2258 624 et
2285 587 2444 640 aqua.
2475 572 2770 642 Episcopus
2813 567 2888 626 xu
2917 592 2929 626 :
2961 590 2991 626 v
3024 575 3078 628 in
3102 590 3242 644 pane
3281 585 3336 629 et
3379 591 3542 646 aqua.

1967 662 2023 715 Si
2060 663 2180 730 quis
2231 661 2484 726 clericus,
2513 661 2596 716 vel
2623 662 2776 731 cujus
2805 663 3054 731 superior
3078 665 3276 734 gradus
3319 676 3422 730 est,
3452 668 3547 736 qui

1966 768 2161 806 uxores
2187 752 2421 818 habent;
2457 752 2539 806 vel
2569 763 2693 821 post
2719 755 3143 817 conversionem,
3169 755 3252 809 vel
3284 757 3545 812 honorent

1967 844 2160 897 iterum
2180 859 2300 897 eam
2324 845 2654 914 cognoverit,
2697 845 2835 899 sciat
2869 861 2926 901 se
2960 847 3282 902 adulterium
3323 850 3548 903 commi-

1966 936 2132 998 sisse;
2166 933 2386 999 idcirco,
2415 941 2476 987 ut
2501 935 2748 1003 superius
2797 943 3056 990 statutum
3092 948 3211 1001 est,
3258 939 3542 1006 poeniteat.

1969 1024 2024 1078 Si
2054 1024 2174 1093 quis
2221 1023 2569 1078 fornicaverit
2594 1040 2719 1078 cum
2758 1026 3153 1080 sanctimoniali
3188 1027 3270 1079 vel
3315 1027 3423 1082 Deo
3466 1028 3548 1080 di-

1966 1123 2108 1178 cata,
2123 1121 2411 1184 cognoscat
2437 1129 2495 1168 se
2523 1113 2844 1168 adulterium
2861 1117 3224 1170 commisisse:
3247 1118 3544 1170 secundum

1965 1205 2149 1274 priora
2211 1213 2413 1260 statuta
2461 1206 2832 1274 unusquisque
2889 1204 3045 1272 juxta
3092 1208 3339 1262 ordinem
3385 1223 3543 1263 suum

1966 1295 2250 1365 paeniteat.
2277 1294 2339 1350 Si
2377 1295 2502 1364 quis
2540 1310 2638 1364 per
2666 1295 3012 1362 semetipsum
3055 1296 3423 1362 fornicaverit,
3451 1306 3547 1354 aut

1966 1399 2091 1438 cum
2123 1385 2389 1454 jumento,
2413 1391 2508 1439 aut
2539 1399 2661 1439 cum
2692 1384 2934 1454 quolibet
2963 1387 3330 1456 quadrupede,
3351 1404 3410 1444 ιιι
3441 1404 3541 1443 an-

1967 1487 2066 1527 nos
2108 1474 2384 1543 paeniteat.
2419 1474 2476 1528 Si
2506 1486 2626 1543 post
2651 1475 2897 1545 gradum,
2927 1476 3012 1530 vel
3039 1486 3244 1542 votum,
3268 1494 3341 1531 vn
3385 1479 3543 1532 annis

1965 1564 2242 1632 pteniteat.
2278 1563 2335 1618 Si
2369 1566 2490 1634 quis
2527 1565 2757 1619 clericus
2803 1567 3188 1635 concupiscens
3227 1567 3540 1627 mulierem,

1967 1660 2023 1707 et
2049 1667 2154 1706 non
2192 1653 2367 1722 potuit
2414 1669 2662 1722 peccare,
2690 1655 2817 1722 quia
2847 1655 3041 1710 mulier
3069 1672 3196 1712 eum
3224 1673 3332 1711 non
3371 1659 3543 1712 susci-

1964 1744 2066 1814 pit,
2089 1743 2370 1798 dimidium
2397 1759 2597 1797 annum
2637 1745 2896 1812 paeniteat
2932 1745 2988 1799 in
3019 1762 3158 1815 pane
3187 1756 3241 1804 et
3279 1764 3451 1817 aqua,
3484 1756 3542 1802 et

1892 1839 1942 1898 B
1971 1843 2083 1890 toto
2108 1849 2168 1889 se
2191 1834 2460 1888 abstineat
2489 1849 2519 1887 a
2545 1834 2674 1888 vino
2695 1842 2750 1888 et
2778 1850 2961 1889 carne.

2037 1925 2093 1980 Si
2123 1926 2245 1995 quis
2273 1925 2522 1990 clericus,
2552 1933 2838 1995 postquam
2867 1942 2926 1982 se
2959 1927 3069 1982 Deo
3095 1929 3323 1992 voverit,
3356 1930 3422 1982 ad
3445 1930 3540 1982 ha-

1962 2015 2134 2070 bitum
2185 2014 2497 2069 smeularem
2537 2015 2798 2080 redierit,
2842 2015 2983 2070 sicut
3011 2018 3158 2071 canis
3189 2018 3257 2071 ad
3283 2019 3544 2072 vomitum

1963 2119 2140 2167 suum,
2169 2104 2254 2157 vel
2277 2118 2501 2159 uxorem
2535 2103 2770 2169 duxerit,
2803 2121 2836 2158 x
2862 2105 3019 2160 annis
3043 2107 3347 2175 paeniteat:
3380 2123 3440 2162 ιιι
3477 2122 3545 2161 ex

1963 2195 2051 2249 his
2086 2195 2140 2248 in
2177 2209 2317 2264 pane
2344 2201 2399 2248 et
2429 2209 2590 2264 aqua,
2622 2203 2677 2248 et
2701 2202 2886 2263 postea
2935 2196 2989 2248 in
3018 2195 3265 2265 conjugio
3323 2212 3428 2250 non
3454 2213 3548 2252 oo-

1963 2283 2195 2354 pulctur.
2246 2284 2398 2351 Quod
2443 2285 2490 2340 si
2522 2285 2750 2339 vetuerit
2801 2293 2990 2338 sancta
3022 2286 3280 2354 synodus,
3303 2287 3388 2341 vel
3417 2303 3548 2356 apo-

1964 2376 2154 2430 stolica
2181 2378 2352 2439 sedes,
2383 2377 2657 2446 separabit
2697 2392 2791 2431 eos
2814 2393 2844 2430 a
2879 2379 3261 2434 communione
3307 2381 3541 2437 catholi-

1965 2481 2150 2521 corum
2183 2486 2195 2521 :
2231 2467 2477 2522 similiter
2505 2477 2561 2522 et
2599 2468 2810 2531 mulier,
2844 2477 3134 2538 postquam
3163 2485 3220 2524 se
3242 2469 3352 2525 Deo
3386 2488 3545 2528 vove-

1965 2557 2058 2621 rit,
2090 2558 2135 2611 si
2162 2557 2266 2611 tale
2306 2559 2484 2613 scelus
2507 2559 2857 2623 commiserit,
2886 2561 3003 2628 pari
3054 2564 3335 2616 sententia:
3364 2564 3548 2630 subja‘

1965 2647 2127 2702 cebit.
2159 2647 2215 2702 Si
2261 2649 2382 2716 quis
2427 2648 2597 2706 laicus
2651 2647 3031 2716 fornicaverit,
3064 2651 3204 2705 sicut
3255 2652 3548 2709 Sodomita:

1967 2735 2240 2801 fecerunt,
2288 2754 2362 2792 vn
2418 2726 2576 2794 annis
2625 2739 2907 2809 pteniteat.
2958 2739 3017 2794 Si
3059 2741 3181 2810 quis
3223 2741 3288 2796 de
3323 2742 3550 2798 alterius

1965 2844 2135 2884 uxore
2156 2829 2324 2882 ﬁlium
2353 2829 2620 2899 genuerit,
2646 2830 2700 2884 id
2729 2838 2813 2885 est
2838 2829 3160 2885 adulterium
3191 2832 3546 2896 commiserit,

1966 2927 2240 2975 actorum
2289 2919 2519 2988 proximi
2571 2920 2880 2983 violaverit,
2935 2936 2996 2973 ιιι
3041 2935 3212 2974 annos
3259 2921 3545 2989 pceniteat.

1966 3011 2249 3066 Abstineat
2295 3027 2351 3064 se
2387 3026 2415 3064 a
2449 3010 2766 3064 lautioribus
2794 3010 2930 3065 cibis
2957 3020 3010 3064 et
3039 3027 3067 3064 a
3099 3011 3313 3080 propria
3337 3027 3544 3065 uxore:

1968 3104 2103 3158 dans
2165 3103 2383 3173 insuper
2449 3102 2680 3172 pretium
2755 3103 3025 3171 pudicitiae
3097 3103 3294 3156 marito
3365 3103 3550 3157 uxoris

275 3197 385 3264 qui
415 3210 512 3263 per
530 3193 710 3249 Jesum
734 3193 928 3248 Filium
960 3202 1110 3249 tuum
1139 3195 1427 3249 Dominum
1456 3202 1720 3260 nostrum,
1747 3193 1865 3247 vul-
1893 3193 1937 3252 Ο
1969 3196 2200 3250 violatas.

279 3305 430 3343 nera
471 3295 651 3342 nostra
697 3302 890 3342 curare
915 3287 1165 3358 dignatus
1192 3304 1287 3342 es:
1321 3295 1372 3342 te
1403 3287 1670 3357 supplices
1710 3301 1868 3355 roga-

278 3396 417 3434 mus
442 3391 498 3433 et
523 3383 776 3449 petimus,
799 3393 898 3434 nos
925 3379 1155 3434 humiles
1185 3381 1260 3432 tui
1295 3378 1627 3441 sacerdotes,
1659 3385 1718 3428 ut
1746 3391 1869 3444 pre-

275 3471 446 3524 cibus
473 3468 673 3524 nostris
697 3483 882 3523 aurem
927 3477 1030 3522 tuae
1061 3468 1274 3537 pietatis
1302 3465 1566 3521 inclinare
1607 3464 1864 3534 digneris,

277 3564 646 3630 remittasque
673 3561 853 3615 omnia
873 3559 1104 3614 crimina
1130 3568 1186 3614 et
1211 3566 1429 3627 peccata
1457 3557 1707 3612 universa
1739 3572 1868 3611 con-

276 3657 482 3716 tiones,
497 3653 698 3720 desque
711 3653 837 3706 huic
856 3651 1056 3706 famulo
1080 3659 1192 3716 tuo,
1208 3651 1454 3715 Domine,
1473 3665 1571 3718 pro
1593 3647 1869 3719 suppliciis

278 3747 530 3810 veniam,
558 3760 656 3814 pro
695 3758 928 3798 maerore
955 3744 1220 3810 laetitiam,
1249 3760 1347 3814 pro
1376 3753 1553 3798 morte
1583 3743 1771 3807 vitam,
1809 3749 1872 3795 ut

276 3839 358 3890 de
385 3846 476 3890 tua
506 3834 875 3889 misericordia
891 3833 1170 3889 conlidens
1199 3835 1484 3904 pervenire
1507 3841 1782 3890 mereatur
1799 3833 1868 3889 ad

279 3948 304 3980 ι
323 3929 459 3981 itam
481 3937 759 3979 aeternam.
788 3925 890 3980 Per
927 3926 1234 3981 Dominum.
1799 3941 1806 3950 δ

276 4060 355 4098 EX
397 4054 801 4097 ΡἘΝΙΤΕΝΤΙΑΙΛ
841 4054 1086 4102 κοιίλκο,
1135 4055 1400 4102 ρυιιιτειι
1438 4053 1711 4094 JUDICANDI
1745 4055 1868 4094 SINT

767 4125 972 4165 SINGULI
1012 4124 1380 4164 ΡωΝΙΤι-ΣΝΤΕΒ.

707 4199 777 4255 1η
815 4203 1001 4268 primis
1038 4201 1102 4255 de
1145 4200 1448 4256 homicidio.

357 4293 417 4346 Si
455 4291 579 4360 quis
612 4291 846 4344 clericus
879 4289 1227 4344 homicidium
1253 4288 1460 4349 fecerit,
1496 4303 1528 4340 x
1555 4301 1725 4341 annos
1754 4302 1862 4356 pte-

281 4387 462 4438 i.iteat
493 4402 505 4435 :
536 4399 596 4436 ιιι
640 4397 704 4437 ev
731 4383 818 4436 his
844 4382 898 4435 in
928 4396 1068 4451 pauc
1091 4390 1148 4435 et
1165 4396 1325 4449 aqua.
1358 4378 1416 4432 Si
1447 4378 1614 4433 laicus
1641 4397 1653 4431 :
1685 4395 1743 4433 ιιι
1767 4394 1865 4432 an—

280 4495 384 4533 nos
395 4475 692 4546 paeniteat:
718 4490 734 4526 ι
749 4490 814 4528 ex
833 4473 916 4527 his
942 4473 995 4525 in
1011 4487 1149 4541 pane
1161 4480 1215 4525 et
1227 4485 1384 4539 aqua.
1405 4468 1776 4523 Subdiaconus
1791 4484 1862 4532 vt,

277 4539 551 4626 diae-onus
584 4583 676 4632 vn,
704 4567 986 4635 presbyter
1012 4539 1068 4630 ὲ,
1091 4564 1374 4632 cpiscopus
1409 4577 1506 4614 xu.
1538 4562 1595 4614 Si
1628 4562 1750 4629 quis
1794 4561 1862 4614 ad
1890 4539 1943 4596 D

277 4661 642 4719 homicidium
674 4659 974 4712 faciendum
997 4655 1349 4718 consenserit,
1382 4669 1453 4706 vn
1483 4668 1691 4707 annos:
1723 4667 1784 4706 ιιι
1809 4653 1862 4707 in

275 4770 425 4826 pane
449 4761 507 4805 et
543 4766 701 4820 aqua.
732 4749 789 4802 Si
815 4748 939 4817 quis
965 4747 1131 4800 laicus
1175 4742 1522 4798 homicidium
1555 4741 1744 4796 fecerit
1771 4758 1863 4796 vo-

275 4843 543 4905 luntarie,
572 4857 647 4895 vn
673 4855 844 4894 annos
871 4838 1159 4908 pmniteat:
1193 4850 1252 4889 ιιι
1281 4834 1332 4889 in
1359 4848 1498 4904 pane
1534 4841 1588 4886 et
1615 4847 1771 4902 aqua.
1805 4829 1863 4886 Si

275 4939 406 5008 quis
428 4934 693 4989 infantem
725 4931 1052 5001 oppresserit
1073 4946 1134 4983 ιιι
1165 4942 1336 4982 annos
1349 4926 1626 4996 paeniteat.
1649 4924 1865 4979 Primus

274 5048 348 5086 ex
371 5031 465 5086 his
489 5029 542 5080 in
566 5042 705 5096 pane
723 5037 780 5080 et
792 5041 950 5094 aqua.
978 5024 1044 5078 Et
1069 5023 1299 5078 clericus
1320 5021 1571 5076 similiter
1591 5021 1863 5075 observet.

460 5120 541 5174 De
581 5119 961 5189 fornicatione;
998 5131 1064 5172 ex
1102 5115 1279 5169 eodem
1315 5111 1692 5168 Paenitentialt'.

355 5213 420 5268 Si
451 5211 576 5280 quis
602 5209 832 5264 clericus
867 5207 1229 5272 fornicaverit,
1262 5204 1712 5260 sicutSodomita:
1734 5203 1871 5259 fece-

282 5309 444 5364 runt,
480 5317 514 5352 x
569 5313 739 5352 annos
789 5297 1069 5366 pmniteat.
1123 5295 1255 5349 Tres
1301 5309 1365 5348 ex
1410 5293 1495 5346 his
1538 5293 1592 5345 in
1625 5307 1763 5360 pane
1812 5302 1868 5346 et

279 5409 452 5465 aqua.
469 5390 530 5444 Si
558 5389 678 5458 quis
706 5388 935 5443 clericus
959 5385 1283 5441 adulterium
1309 5382 1660 5446 commiserit,
1689 5382 1741 5435 id
1761 5389 1864 5444 est,

281 5500 418 5540 cum
449 5495 636 5544 uxore,
667 5479 754 5535 vel
796 5494 990 5548 sponsa
1023 5477 1274 5540 alterius,
1323 5475 1369 5529 si
1407 5473 1573 5528 lilium
1598 5472 1865 5543 genuerit,

284 5591 365 5631 vn
409 5569 593 5645 [ann.]
641 5570 938 5640 paeniteat;
1000 5568 1044 5621 si
1095 5581 1222 5620 vero
1281 5564 1449 5618 tilium
1507 5577 1612 5616 non
1670 5577 1866 5632 genue-

287 5668 385 5729 rit,
419 5672 474 5717 ct
518 5662 571 5715 in
611 5661 856 5714 notitiam
907 5659 1183 5712 hominum
1242 5669 1346 5708 non
1406 5653 1625 5715 venerit,
1670 5653 1714 5706 si
1761 5651 1868 5706 cle-

290 5756 445 5810 ricus
480 5760 602 5819 est,
651 5759 759 5806 tres
794 5763 962 5804 annos
1000 5747 1292 5817 pmnitcat:
1333 5744 1563 5814 primum
1602 5757 1664 5795 ex
1699 5741 1780 5794 his
1813 5741 1864 5794 in

2042 3286 2099 3340 Si
2129 3287 2251 3356 quis
2277 3286 2585 3340 adulterare
2612 3284 2866 3350 voluerit,
2896 3293 2951 3339 ct
2971 3301 3078 3340 non
3107 3287 3362 3355 potuerit,
3386 3287 3440 3340 id
3463 3294 3549 3341 est

1970 3386 2252 3446 susceptus
2283 3393 2386 3431 non
2435 3385 2534 3441 est,
2573 3394 2642 3432 xi.
2681 3377 2798 3432 dies
2824 3378 3105 3446 pmniteat.
3155 3377 3211 3432 Si
3243 3379 3364 3446 quis
3395 3379 3549 3450 virgo

1968 3467 2162 3537 virgini
2195 3467 2513 3536 conjunctus
2538 3466 2723 3530 fuerit,
2751 3467 2798 3521 si
2832 3467 3099 3520 voluerint
3123 3476 3374 3535 parentes
3405 3469 3544 3538 ejus,

1968 3559 2039 3614 sit
2064 3573 2219 3612 uxor.
2255 3557 2458 3610 Tamen
2498 3572 2662 3612 unum
2695 3571 2897 3611 annum
2948 3557 3281 3625 pmniteant,
3335 3569 3394 3613 et
3439 3559 3547 3614 sint

1967 3649 2258 3720 coniugati.
2308 3647 2365 3702 Si
2404 3648 2526 3718 quis
2563 3663 2685 3702 cum
2712 3648 2959 3718 jumcnto
3007 3649 3377 3714 fornicaverit,
3413 3668 3546 3705 ian-

1967 3754 2095 3792 num
2134 3738 2410 3808 pmniteat.
2459 3736 2517 3790 Si
2544 3751 2766 3790 uxorem
2813 3751 2918 3789 non
2961 3737 3230 3801 habuerit,
3263 3739 3542 3793 dimidium

1969 3844 2166 3884 annum
2199 3828 2475 3898 paeniteat.
2514 3825 2570 3882 Si
2595 3827 2718 3896 quis
2756 3827 3020 3896 virginem
3047 3867 3061 3892 ,
3104 3827 3187 3880 vel
3213 3828 3426 3881 viduam
3462 3845 3545 3884 ra-

1969 3919 2166 3989 puerit,
2193 3934 2252 3972 ιιι
2275 3933 2446 3972 annos
2471 3917 2750 3988 paeniteat.
2777 3915 2832 3970 Si
2876 3918 2997 3985 quis
3027 3931 3282 3986 Sponsam
3319 3919 3544 3981 habens,

1968 4011 2142 4064 sorori
2185 4007 2302 4076 ejus
2330 4009 2558 4063 forsitan
2589 4008 2781 4062 vitium
2830 4007 3110 4073 intulerit,
3163 4019 3218 4063 et
3265 4012 3546 4066 cohaeserit

1969 4109 2228 4170 tanquam
2255 4115 2364 4155 sua:
2394 4117 2406 4154 :
2450 4099 2591 4154 hanc
2613 4105 2792 4153 autem
2819 4114 3040 4154 uxorem
3087 4100 3324 4165 duxerit,
3353 4103 3404 4154 id
3428 4111 3542 4164 est,

1969 4191 2374 4260 desponsatam;
2407 4191 2499 4244 illa
2530 4205 2678 4256 vero,
2695 4205 2814 4260 quae
2838 4191 3025 4243 vitium
3057 4205 3214 4258 passa
3231 4200 3330 4252 est,
3349 4193 3391 4245 si
3409 4192 3546 4247 forte

1968 4300 2156 4339 necem
2184 4283 2287 4337 sibi
2316 4284 2593 4337 intulerit:
2624 4298 2812 4338 omnes
2839 4283 2930 4350 qui
2963 4280 3122 4347 hujus
3147 4281 3273 4336 [λιειὶ
3317 4298 3545 4337 consen-

1971 4373 2113 4427 lanci
2135 4371 2364 4436 fuerint,
2410 4388 2444 4424 x
2473 4372 2630 4425 annis
2674 4372 2727 4425 in
2754 4387 2892 4440 pane
2931 4380 2987 4425 et
3015 4387 3155 4440 aqua
3200 4371 3543 4442 redigantur,

1971 4466 2262 4520 secundum
2295 4472 2494 4520 statuta
2531 4479 2818 4519 canonum.
2875 4464 2932 4518 Si
2966 4466 3089 4533 quis
3114 4465 3180 4518 de
3230 4463 3545 4518 mulieribus

1970 4575 2090 4628 qua:
2111 4558 2390 4614 fornicata:
2419 4568 2545 4612 sunt
2575 4558 2910 4613 interfecerit
2936 4573 3056 4626 quae
3085 4564 3410 4620 nascuntur;
3449 4565 3546 4611 aut

1969 4651 2186 4706 festinet
2211 4649 2482 4704 abortivos
2505 4648 2706 4714 facere,
2746 4649 2979 4718 primum
3001 4648 3352 4702 constitutum
3376 4663 3544 4716 usque

1969 4743 2036 4796 ad
2076 4742 2278 4796 exitum
2308 4741 2744 4797 communionem
2786 4748 2948 4796 vetat.
2985 4739 3040 4792 ld
3071 4747 3154 4794 est
3190 4739 3407 4808 quidem
3451 4755 3542 4793 ve-

1969 4848 2088 4886 rmn
2129 4831 2426 4885 deﬁnitum.
2469 4829 2614 4901 (Ut)
2643 4829 2930 4884 humanius
2957 4827 3158 4897 aliquid
3200 4842 3539 4896 consequan-

1971 4930 2080 4985 tur,
2113 4921 2503 4975 constituamus
2529 4920 2608 4973 eis
2632 4919 2876 4974 decennii
2929 4926 3191 4988 tempora,
3242 4918 3535 4972 secundum

1967 5013 2186 5084 gradus,
2219 5027 2338 5080 qua:
2364 5020 2488 5065 sunt
2525 5009 2840 5075 constituta,
2867 5009 3181 5078 pamiteant.

2581 5100 2654 5154 De
2679 5100 2930 5170 perjurio.

2038 5193 2094 5246 Si
2127 5192 2248 5260 quis
2279 5190 2506 5245 clericus
2559 5189 2882 5259 periuravit,
2927 5205 2999 5244 vn
3034 5191 3191 5244 annis
3239 5189 3538 5258 pceniteat:

1965 5301 2026 5338 ιιι
2055 5283 2109 5336 in
2141 5297 2276 5351 panic
2303 5288 2356 5336 et
2381 5296 2537 5350 aqua.
2568 5281 2762 5334 Laicus
2791 5295 2887 5345 vn,
2935 5280 3292 5334 subdiaconus
3315 5293 3390 5338 vt,
3423 5275 3540 5330 dia-

1968 5389 2140 5430 conus
2168 5387 2264 5436 vn,
2287 5372 2566 5442 presbyter
2590 5387 2644 5434 x,
2672 5371 2954 5440 episcopus
2983 5385 3078 5422 xu.
3099 5368 3154 5420 Si
3179 5365 3298 5435 quis
3321 5371 3539 5416 coactus

1968 5482 2067 5535 pro
2104 5461 2343 5532 qualibet
2369 5460 2721 5522 necessitate,
2771 5466 2863 5511 aut
2914 5457 3159 5510 nesciens
3189 5449 3536 5520 pejeraverit,

1970 5564 2081 5610 tres
2106 5570 2278 5609 annos
2301 5551 2560 5623 pmuitcat
2592 5569 2602 5601 :
2637 5566 2800 5606 unum
2825 5550 2877 5604 in
2901 5562 3038 5617 pane
3059 5554 3113 5599 et
3138 5557 3305 5612 aqua;
3345 5549 3400 5595 et
3431 5540 3546 5594 ani-

1970 5662 2111 5699 mam
2143 5660 2243 5714 pro
2273 5660 2330 5698 sc
2362 5642 2584 5704 reddat,
2615 5641 2790 5708 idest,
2829 5651 3040 5691 servum
3072 5632 3154 5686 vcl
3186 5629 3435 5685 ancillam
3474 5630 3538 5683 de

1969 5738 2229 5794 servitute
2257 5734 2518 5800 absolvat,
2549 5741 2602 5786 et
2650 5730 3013 5796 cleemosynas
3040 5721 3233 5777 multas
3267 5719 3454 5788 faciat.
3479 5716 3538 5772 Si
