3856 6190
331 275 434 330 699

1292 283 1684 344 llALlTGARlI
1723 289 2028 347 EPISCOPI
2068 293 2603 353 CAMERACENSIS

3491 314 3598 368 700

329 396 452 466 quis
499 393 824 466 pejeraverit
867 412 965 467 per
1013 399 1400 468 cupiditatem,
1452 408 1595 458 totas
1640 418 1728 458 res
1785 419 1910 458 suas
1938 407 1989 467 Α
2015 406 2422 463 manducaverit
2465 419 2560 464 aut
2579 410 2784 468 biberit
2803 413 2961 484 juxta
3001 417 3188 474 fanum
3211 435 3309 491 per
3342 422 3609 494 ignoran-

331 486 565 551 vendat,
598 496 654 542 et
678 489 836 543 donet
866 489 1223 558 pauperibus,
1277 501 1332 546 et
1381 495 1707 563 tondeatur;
1746 506 1803 552 ct
1835 499 1916 552 in-

329 587 439 634 tret
465 579 874 644 monasterium,
903 588 958 634 et
977 580 1049 635 ibi
1078 582 1347 638 deserviat
1377 600 1547 655 usque
1568 587 1636 642 ad
1661 596 1911 645 mortem.

985 689 1066 743 De
1100 690 1260 760 furto.

402 776 459 832 Si
485 778 608 846 quis
631 777 835 832 furtum
862 779 1114 850 capitale,
1145 783 1197 837 id
1245 792 1347 850 est,
1379 788 1804 858 quadrupedem,
1828 791 1914 846 vel

328 869 590 936 fregerit,
647 876 741 923 aut
775 871 1047 939 quodlibet
1103 872 1278 942 majus
1329 878 1564 944 pretium
1614 878 1907 945 iuraverit,

326 972 401 1009 vn
430 972 602 1012 annos
630 959 914 1026 poeniteat,
942 960 1111 1017 laicus
1148 978 1202 1030 v,
1226 965 1594 1022 subdiaconus
1626 984 1736 1035 vn,
1798 971 1914 1026 dia-

323 1060 495 1100 conus
519 1063 634 1113 vm,
662 1051 945 1122 presbyter
972 1069 1003 1106 ιε
1023 1093 1038 1119 ,
1081 1055 1368 1125 episcopus
1412 1072 1489 1111 xn
1526 1074 1697 1115 annos
1739 1063 1912 1131 poeni-

325 1145 456 1191 teat.
487 1138 543 1193 Si
569 1140 690 1208 quis
715 1140 786 1196 de
828 1143 1129 1199 minoribus
1153 1147 1340 1210 semel,
1375 1156 1469 1203 aut
1493 1149 1578 1204 bis
1605 1149 1809 1206 furtum
1837 1152 1912 1207 fe-

321 1228 480 1292 cerit,
511 1230 697 1284 reddat
729 1246 828 1302 pro
854 1234 1034 1289 animo
1078 1249 1196 1302 suo,
1233 1244 1290 1292 et
1316 1251 1484 1292 unum
1511 1254 1711 1295 annum
1737 1245 1911 1312 poeni-

324 1327 436 1372 teat
485 1321 540 1374 in
571 1337 710 1391 pane
749 1331 806 1378 et
850 1339 1008 1395 aqua.
1060 1325 1128 1381 Et
1176 1329 1220 1384 si
1268 1329 1496 1384 reddere
1539 1347 1650 1387 non
1686 1344 1904 1403 potest,

323 1426 383 1464 ιιι
435 1427 606 1467 annos
652 1415 933 1482 pmniteat.
981 1415 1038 1472 Si
1067 1419 1191 1488 quis
1239 1423 1546 1492 sepulcrum
1588 1424 1904 1494 violaverit,

324 1503 727 1583 vti-poeniteat:
760 1519 820 1559 ιιι
866 1519 933 1560 ex
967 1508 1052 1562 bis
1094 1510 1148 1563 in
1199 1526 1338 1582 pane
1378 1523 1433 1569 et
1478 1531 1636 1586 aqua.
1693 1517 1751 1573 Si
1785 1521 1906 1590 quis

323 1575 502 1646 laicus
529 1592 733 1646 furtum
767 1593 986 1661 fecerit,
1035 1575 1224 1654 reddat
1249 1605 1497 1672 proximo
1525 1575 1623 1662 suo
1643 1575 1908 1678 quod-fu;-

325 1681 466 1734 ravit
494 1699 508 1735 :
544 1697 602 1736 ιιι
629 1685 1072 1755 quadragesimus
1109 1690 1164 1743 in
1191 1706 1332 1761 pane
1372 1702 1428 1748 et
1453 1710 1592 1765 aqua
1619 1699 1899 1766 poeniteat.

2016 496 2167 562 tiam,
2223 501 2508 569 promittat
2554 503 2830 575 deinceps,
2877 506 3063 583 (quod)
3108 527 3388 582 nunquam
3431 517 3612 573 reite-

2015 595 2100 642 ret
2133 607 2145 642 :
2171 598 2227 644 et
2257 592 2614 660 quadraginta
2643 595 2833 652 diebus
2888 599 2940 653 in
2972 614 3112 669 pane
3149 612 3204 657 et
3229 621 3373 675 aqua
3395 606 3609 678 (patui-

2016 680 2166 752 teat).
2201 680 2256 736 Si
2287 698 2419 738 vero
2457 699 2556 753 per
2588 694 2960 758 contemptum
3007 691 3112 746 hoc
3156 693 3370 762 fecerit,
3403 699 3458 753 id
3493 709 3612 766 est,

2012 779 2296 841 postquam
2324 776 2580 830 sacerdos
2616 777 2665 831 ei
2707 781 3046 849 praedicavit,
3075 786 3219 852 quod
3249 789 3606 861 sacrilegium

2011 870 2151 926 erat,
2191 879 2394 919 mensae
2419 866 2806 922 daemoniorum
2841 873 3351 941 communicaverit;
3387 878 3432 934 si
3457 879 3611 948 gulae

2012 955 2116 1009 hoc
2138 957 2269 1012 vitio
2299 961 2671 1016 tantummodo
2719 961 2928 1030 fecerit,
2961 982 3022 1020 ιιι
3059 971 3517 1040 quadragesimas
3551 974 3606 1030 in

2011 1060 2148 1114 pane
2169 1054 2225 1100 et
2261 1063 2400 1118 aqua
2424 1051 2685 1119 poeniteat
2716 1071 2730 1106 :
2757 1053 2802 1108 si
2826 1070 2955 1110 vero
2982 1072 3081 1127 pro
3114 1059 3258 1113 cultu
3288 1063 3608 1120 daemonum

2009 1141 2064 1188 et
2091 1135 2297 1191 honore
2325 1137 2600 1194 simulacri
2648 1141 2753 1196 hoc
2780 1140 2991 1210 fecerit,
3021 1161 3080 1200 ιιι
3109 1163 3278 1203 annos
3305 1153 3604 1220 poeniteat.

2011 1221 2068 1278 Si
2098 1225 2219 1294 quis
2239 1229 2475 1283 secundo
2503 1239 2557 1283 et
2584 1232 2743 1286 tertio
2765 1234 3074 1291 immolatus
3106 1242 3302 1308 paruit,
3331 1258 3397 1296 ιιι
3422 1259 3610 1300 annos

2009 1317 2292 1385 paniteat,
2327 1325 2384 1374 et
2405 1321 2614 1378 duobus
2645 1323 2764 1380 sine
2814 1326 3087 1383 oblatione
3116 1335 3514 1390 communicet.
3550 1335 3608 1392 Si

2010 1405 2134 1473 quis
2161 1408 2570 1465 manducaverit
2593 1414 2931 1484 sanguinem,
2958 1427 3052 1472 aut
3075 1422 3472 1485 morticinium,
3513 1437 3611 1481 aut

2007 1495 2165 1552 idolis
2195 1499 2544 1567 immolatum,
2575 1512 2632 1558 et
2657 1521 2766 1561 non
2811 1504 2912 1562 fuit
2951 1510 3000 1565 ei
3028 1515 3350 1581 necessitas,
3381 1515 3613 1585 jejunet

1983 1587 2373 1646 hebdomadas
2397 1607 2493 1646 xu.

2481 1681 2561 1736 De
2588 1683 2807 1741 diversis
2835 1690 3100 1760 capitulis.

325 1770 424 1824 Det
449 1771 818 1843 eleemosynas
841 1777 1169 1845 pauperibus
1191 1758 1258 1834 ac
1288 1758 1574 1850 labore,'e¢
1605 1758 1903 1844 ἐπετείους
1932 1758 1979 1818 Β
2078 1765 2134 1819 Si
2162 1768 2282 1835 quis
2303 1769 2580 1838 quodlibet
2619 1758 2921 1832 membruin
2958 1781 3061 1835 sibi
3103 1784 3409 1842 voluntarie
3443 1797 3615 1848 trun-

316 1862 520 1931 judicio
549 1861 810 1933 jungatur
839 1865 1017 1921 altari.

917 1955 996 2010 De
1022 1958 1300 2027 maleﬁcio.

393 2039 452 2097 Si
481 2044 604 2113 quis
627 2045 893 2103 maleficio
940 2064 1040 2104 suo
1079 2051 1314 2122 aliquem
1359 2057 1677 2126 perdiderit,
1701 2073 1778 2116 vu
1809 2075 1908 2116 an-

318 2147 420 2187 nos
482 2136 745 2204 patniteat
777 2155 790 2191 :
822 2153 884 2192 ιιι
931 2140 985 2195 in
1024 2155 1164 2211 pane
1216 2153 1272 2200 et
1332 2163 1492 2217 aqua.
1527 2149 1586 2204 Si
1637 2152 1760 2221 quis
1805 2169 1904 2222 pro

321 2236 507 2277 amore
528 2225 807 2282 maleficus
843 2227 923 2295 ﬁt,
955 2239 1010 2285 et
1043 2236 1318 2291 neminem
1346 2240 1646 2307 perdiderit
1673 2260 1686 2295 ε
1719 2243 1765 2298 si
1801 2243 1910 2298 Iai-'

317 2326 413 2367 cus
441 2321 547 2379 est,
572 2315 852 2374 dimidium
880 2334 1079 2377 annum
1117 2328 1380 2395 pceniteat
1414 2349 1428 2384 :
1467 2331 1512 2386 si
1539 2332 1772 2389 clericus
1796 2345 1899 2402 est,

325 2417 490 2457 unum
533 2405 587 2460 in
625 2421 767 2477 pane
819 2417 874 2465 et
923 2427 1104 2483 aqua:
1135 2419 1180 2472 si
1231 2419 1510 2489 diaconus,
1557 2440 1618 2480 ιιι
1649 2441 1822 2484 annos
1844 2429 1902 2484 in

315 2511 457 2566 pane
504 2505 558 2552 et
591 2514 727 2569 aqua
760 2521 776 2556 :
815 2504 860 2559 si
897 2509 1174 2576 sacerdos,
1207 2527 1240 2566 v
1271 2527 1442 2569 annos
1473 2533 1485 2568 :
1517 2531 1557 2570 ιι
1586 2517 1639 2571 in
1679 2533 1820 2587 pane
1847 2528 1904 2575 ct

317 2602 479 2657 aqua.
513 2587 570 2644 Si
618 2601 796 2648 autem
839 2612 938 2666 per
966 2600 1068 2655 hoc
1117 2611 1305 2672 partus
1347 2607 1593 2664 mulieris
1635 2612 1758 2680 quis
1811 2613 1899 2668 ded

315 2681 558 2748 ceperit,
614 2699 668 2737 γι
706 2688 1169 2759 ~q~uadragesimas
1229 2696 1604 2767 unusquisque
1679 2700 1902 2771 insuper

315 2769 496 2835 addat,
550 2787 618 2826 ne
680 2774 957 2832 homicidii
1019 2796 1144 2836 reus
1204 2783 1293 2838 sit.
1345 2784 1402 2840 Si
1462 2789 1584 2857 quis
1627 2769 1903 2848 immissor

317 2871 699 2933 tempestatum
724 2868 903 2936 fuerit,
929 2887 1002 2927 vn
1025 2875 1290 2944 paeniteat
1320 2895 1332 2932 :
1359 2894 1412 2933 tv
1429 2879 1483 2933 in
1503 2895 1644 2950 pane
1667 2891 1894 2954 etaqua.

909 2960 984 3016 De
1008 2965 1302 3036 sacrilegio.

387 3040 447 3098 Si
475 3057 598 3113 quis
643 3047 982 3119 sacrilegium
1038 3051 1257 3125 [Forte,
1294 3059 1654 3135 sortilegium]
1684 3062 1895 3133 fecerit,

315 3133 371 3188 id
397 3143 500 3200 est,
552 3151 688 3205 quos
732 3141 1008 3209 aruspices
1061 3156 1288 3214 vocant,
1322 3150 1413 3218 qui
1461 3133 1686 3223 auguria
1711 3155 1899 3214 colunt

314 3237 530 3295 semper
571 3228 988 3295 auguraverint,
1051 3241 1146 3287 aut
1185 3251 1510 3308 quocunque
1554 3242 1696 3297 malo
1748 3246 1899 3317 inge-

313 3315 425 3379 nio,
458 3331 518 3369 ιιι
552 3331 724 3371 annos
757 3320 1058 3387 poeniteant
1110 3326 1162 3379 in
1203 3343 1342 3397 pane
1390 3340 1444 3386 et
1495 3348 1656 3404 aqua.
1691 3335 1747 3391 Si
1775 3315 1896 3408 quis

311 3404 515 3461 ariolus
565 3405 748 3475 fuerit,
798 3425 934 3478 quos
970 3414 1182 3474 divinos
1213 3431 1426 3488 vocant,
1477 3432 1532 3479 et
1578 3404 1897 3498 aliquas-di—

311 3497 616 3554 vinationes
667 3499 888 3570 fecerit,
945 3510 1070 3575 quia
1127 3509 1517 3570 dacmoniacum
1565 3497 1686 3585 est,
1725 3536 1758 3575 v
1799 3535 1897 3576 an-

315 3602 412 3642 nos
442 3591 706 3657 poeniteat
737 3609 750 3645 :
782 3609 843 3649 ιιι
877 3595 932 3649 in
967 3611 1106 3666 pane
1149 3606 1206 3654 et
1249 3613 1410 3672 aqua.
1445 3603 1502 3660 Si
1549 3610 1671 3677 quis
1707 3610 1763 3664 in
1790 3611 1898 3667 Ka-

313 3681 482 3735 lendis
501 3680 762 3747 Januarii,
797 3688 940 3754 quod
964 3688 1118 3743 multi
1143 3689 1370 3760 faciunt,
1413 3703 1469 3750 et
1494 3697 1547 3750 in
1577 3701 1796 3755 cervulo
1815 3703 1895 3756 di-

312 3777 461 3834 cunt,
497 3779 590 3824 aut
618 3773 673 3826 in
709 3774 958 3830 vehiculo
1000 3777 1168 3845 vadit,
1218 3797 1280 3835 ιιι
1303 3797 1477 3839 annos
1516 3789 1797 3856 pteniteat.
1833 3791 1890 3848 Si

312 3859 431 3926 quis
481 3867 657 3916 sortes
707 3862 979 3932 habuerit,
1038 3881 1174 3937 quas
1228 3883 1254 3912 ι
1308 3871 1649 3945 Sanctorum,
1701 3890 1889 3939 contra

310 3949 577 4004 rationem
608 3959 804 4006 vocant
836 3967 851 4006 :
881 3955 966 4010 vel
1012 3956 1223 4028 aliquas
1274 3971 1450 4019 sortes
1507 3965 1779 4037 habuerit,
1803 3974 1889 4028 vel

310 4039 670 4111 qualicunque
722 4042 865 4098 malo
897 4045 1110 4118 ingenio
1153 4053 1380 4109 sortitus
1426 4055 1608 4124 fuerit,
1639 4061 1722 4116 vel
1753 4064 1889 4118 divi-

306 4134 538 4200 naverit,
566 4150 624 4188 ιιι
664 4149 836 4191 annos
873 4141 1153 4208 pmniteat,
1189 4144 1424 4213 primum
1453 4160 1590 4219 pane
1619 4161 1674 4206 et
1695 4168 1834 4224 aqua
1869 4172 1883 4211 :

306 4223 352 4276 si
387 4223 509 4293 quis
555 4225 624 4280 ad
671 4225 916 4293 arbores,
944 4227 1028 4284 vel
1073 4231 1141 4286 ad
1192 4233 1402 4302 fontes,
1431 4237 1514 4293 vel
1557 4241 1624 4296 ad
1671 4223 1887 4299 cancel-

303 4310 436 4379 lum,
468 4313 553 4370 vel
598 4315 926 4386 ubicunque,
966 4329 1253 4391 exceptum
1302 4325 1355 4380 in
1391 4327 1666 4398 Ecclesia,
1699 4343 1885 4391 votum

303 4405 531 4471 voverit,
574 4413 666 4460 aut
712 4407 1023 4476 exsolverit,
1051 4428 1112 4466 ιιι
1159 4429 1331 4471 annos
1365 4420 1628 4487 poeniteat
1660 4423 1714 4478 in
1745 4440 1884 4495 pane

301 4505 357 4551 et
384 4513 543 4569 aqua,
586 4502 713 4571 quia
746 4501 852 4557 hoc
899 4506 1244 4577 sacrilegium
1299 4519 1405 4577 est,
1448 4515 1532 4570 vel
1589 4516 1882 4575 daemonia-

301 4604 443 4643 cum.
473 4590 574 4658 Qui
610 4605 740 4648 vero
777 4595 974 4651 ibidem
1003 4598 1179 4654 ederit
1226 4609 1321 4655 aut
1365 4602 1585 4671 biberit,
1623 4623 1641 4661 ι
1678 4623 1881 4667 annum

299 4676 355 4733 in
384 4694 523 4748 pane
573 4689 627 4737 et
676 4698 815 4752 aqua
857 4688 1142 4754 paeniteat.
1177 4689 1235 4746 Si
1297 4694 1418 4762 quis
1440 4697 1876 4767 mathematicus,

299 4765 354 4820 id
389 4777 494 4835 est,
526 4787 622 4840 per
660 4774 1058 4832 invocationem
1115 4779 1419 4837 daemonum
1466 4785 1702 4844 hominis
1727 4805 1880 4850 men-

269 4867 409 4931 tem
440 4861 656 4929 tulerit,
704 4880 740 4917 v
779 4869 934 4923 annis
974 4871 1261 4939 paeniteat,
1301 4876 1536 4944 primum
1565 4879 1619 4933 in
1655 4895 1796 4949 pane
1824 4893 1878 4942 et

298 4965 459 5021 aqua.
491 4952 549 5006 Si
605 4955 726 5023 quis
795 4957 1057 5028 ligaturas
1107 4961 1317 5029 fecerit,
1371 4969 1514 5036 quod
1564 4971 1884 5029 detestabile

293 5047 402 5106 est,
427 5057 487 5096 ιιι
519 5057 688 5098 annos
731 5048 991 5115 pmniteat
1041 5050 1097 5103 in
1145 5066 1285 5120 pane
1315 5065 1370 5109 et
1412 5072 1571 5126 aqua.
1602 5059 1657 5115 Si
1687 5064 1778 5133 qui
1805 5066 1877 5120 si-

299 5130 410 5187 mul
446 5133 651 5187 vadunt
703 5136 770 5190 ad
820 5136 1193 5205 festivitatem,
1226 5144 1279 5198 in
1335 5146 1469 5202 locis
1498 5130 1875 5211 abominandis

296 5223 600 5291 gentilium,
631 5230 685 5278 et
732 5240 886 5281 suam
929 5244 1107 5284 escam
1155 5233 1461 5292 deferentes
1509 5241 1866 5312 contederint,

292 5313 494 5384 placuit
541 5330 634 5372 eos
662 5307 1165 5389 per‘ptnnitentiam
1195 5325 1397 5380 biennii
1428 5330 1645 5398 suscipi.
1676 5307 1868 5387 Utrum

292 5415 423 5459 vero
445 5419 567 5460 cum
596 5407 868 5464 oblatione
891 5451 907 5476 ,
939 5411 1136 5480 singuli
1181 5416 1555 5486 episcoporum
1581 5422 1872 5488 probantes

294 5493 461 5549 vitam
485 5510 697 5566 eorum,
735 5508 791 5556 et
817 5500 1055 5572 singulos
1101 5513 1253 5561 actus
1292 5508 1621 5563 examinem.
1663 5510 1721 5566 Si
1750 5515 1870 5581 quis

367 5603 607 5678 {Sortes
635 5623 931 5668 sanctorum
971 5622 1129 5670 erant
1169 5616 1532 5674 divinationes
1573 5635 1637 5674 ex
1692 5625 1870 5678 verbis

299 5672 610 5745 Scriptum,
633 5681 698 5737 de
727 5684 921 5753 quibus
945 5683 1002 5741 S.
1029 5672 1360 5760 Augustinus
1381 5672 1492 5744 "sub
1515 5672 1673 5743 linem
1706 5672 1863 5760 ciuili

2009 1857 2233 1923 caverit,
2284 1874 2340 1912 ιν
2399 1875 2570 1917 annos
2619 1866 2882 1934 paeniteat
2913 1887 2926 1922 :
2955 1873 3190 1939 prirnum
3240 1877 3293 1931 in
3345 1893 3503 1950 pane
3553 1892 3613 1941 et

2007 1959 2149 2015 aqua
2182 1963 2195 2000 :
2221 1947 2413 2017 siquis
2458 1951 2708 2008 abortum
2738 1957 3042 2016 voluntarie
3083 1962 3294 2031 fecerit,
3323 1947 3389 2023 ιιι
3417 1986 3613 2031 asinos

2004 2038 2268 2107 pmiteat
2299 2057 2310 2092 :
2349 2042 2523 2110 primo
2562 2045 2615 2099 in
2655 2063 2795 2117 pane
2833 2060 2889 2106 et
2936 2068 3094 2124 aqua.
3131 2057 3187 2112 Si
3221 2061 3344 2128 quis
3369 2075 3481 2132 per
3511 2083 3612 2137 po-

2007 2137 2274 2192 testatem,
2305 2141 2398 2186 aut
2430 2135 2672 2202 quolibet
2701 2139 2939 2209 ingenio,
2974 2161 3062 2200 res
3093 2147 3297 2204 alienas
3329 2154 3486 2208 maio
3512 2135 3610 2211 or-

2006 2219 2131 2274 dine
2154 2219 2436 2288 invaserit,
2466 2223 2548 2278 vel
2591 2226 2798 2295 tulerit,
2832 2234 3113 2301 superiore
3144 2241 3419 2295 sententia
3446 2245 3611 2301 simi-

2005 2307 2131 2364 liter
2157 2311 2434 2378 pt'eniteat,
2458 2321 2513 2368 et
2533 2314 2906 2390 eleemosynas
2933 2323 3131 2380 multas
3159 2326 3343 2383 faciat.
3375 2330 3438 2386 Si
3479 2338 3610 2404 quis

2005 2417 2239 2470 servum,
2264 2414 2358 2460 aut
2385 2423 2760 2480 quemcunque
2786 2414 3082 2483 hominem,
3107 2421 3350 2489 quolibet
3371 2425 3610 2496 ingenio

2004 2496 2059 2550 in
2085 2499 2452 2565 captivitatem
2481 2500 2775 2571 reduxerit,
2808 2507 2892 2561 vel
2917 2513 3300 2580 transmiserit,
3334 2517 3490 2574 sicut
3513 2537 3608 2576 9.x-

2001 2603 2100 2658 pra
2143 2591 2424 2657 pceniteat.
2486 2591 2545 2648 Si
2597 2595 2718 2664 quis
2757 2596 3054 2654 Ecclesiam
3103 2604 3496 2674 combusserit,
3535 2625 3606 2667 xv

2003 2682 2158 2736 annis
2181 2684 2462 2752 pceniteat,
2491 2695 2559 2742 et
2590 2703 2708 2742 eam
2742 2691 2927 2746 sedule
2968 2695 3239 2760 restituat,
3265 2705 3320 2752 et
3345 2707 3603 2768 pretium

2002 2788 2160 2828 suum
2181 2777 2508 2846 pauperibus
2532 2779 2842 2837 distribuat.
2876 2783 2933 2837 Si
2967 2785 3088 2853 quis
3117 2801 3320 2852 aream,
3365 2801 3468 2846 aut
3503 2795 3604 2849 do-

2002 2881 2149 2920 mum
2177 2865 2544 2938 cujuscunque
2569 2870 2872 2928 voluntarie
2893 2879 3236 2943 cremaverit,
3263 2879 3405 2935 sicut
3421 2897 3601 2953 supra

1999 2959 2279 3028 poemteat.
2313 2959 2374 3016 Si
2425 2963 2547 3030 quis
2574 2979 2673 3033 per
2711 2965 2848 3020 iram
2901 2968 3062 3022 alium
3119 2974 3487 3040 percusserit,
3549 2987 3603 3031 et

2002 3051 2318 3122 sanguinem
2361 3052 2581 3120 fuderit,
2613 3063 2708 3110 aut
2751 3058 3142 3126 debilit'uverit;
3189 3063 3366 3117 solvat
3390 3065 3444 3119 ei
3483 3069 3600 3136 pri-

2004 3159 2149 3196 mum
2180 3147 2507 3211 mercedem,
2531 3155 2586 3202 et
2606 3148 2874 3205 medicum
2905 3161 3112 3222 quierat
3137 3171 3150 3221 ;
3189 3155 3234 3209 si
3265 3155 3441 3214 laicus
3483 3171 3595 3227 est,

1998 3249 2066 3288 xi.
2096 3234 2211 3290 dies
2241 3237 2294 3290 in
2319 3251 2461 3306 pane
2490 3246 2545 3293 et
2588 3252 2727 3309 aqua
2751 3240 2960 3311 jejunet
3007 3263 3022 3299 :
3061 3247 3106 3300 si
3145 3247 3400 3314 clericus,
3435 3267 3550 3307 xu-
3576 3272 3590 3317 ;

1999 3324 2278 3392 diaconus,
2307 3343 2381 3382 vn
2434 3345 2652 3386 menses
2690 3350 2704 3386 :
2745 3333 3029 3406 presbyter
3069 3347 3233 3392 unum
3264 3355 3497 3396 annum.
3534 3344 3594 3400 Si

1997 3417 2120 3484 quis
2167 3420 2510 3476 venationem
2566 3427 2872 3482 exercuerit
2923 3446 2935 3481 :
2986 3428 3215 3486 clericus
3269 3446 3442 3487 unum
3492 3450 3594 3489 an-

1997 3524 2125 3562 num
2173 3512 2435 3580 pceniteat
2466 3529 2480 3567 :
2513 3515 2770 3573 diaconus
2820 3535 2882 3584 ιι,
2926 3523 3211 3593 presbyter
3239 3539 3320 3578 ιιι.
3363 3523 3426 3580 Si
3462 3529 3592 3597 quis

1997 3598 2064 3652 de
2101 3600 2404 3657 ministerio
2456 3613 2660 3660 sancta:
2708 3607 2964 3664 Ecclesiae
3013 3613 3388 3683 qualecunque
3445 3631 3591 3687 opus

1995 3688 2342 3756 fraudaverit,
2381 3693 2467 3748 vel
2510 3696 2824 3766 neglexerit,
2855 3712 2928 3754 vn
2966 3715 3140 3758 annos
3185 3705 3491 3773 pmnitest:
3521 3722 3587 3762 ιιι

1993 3794 2134 3848 pane
2161 3789 2216 3836 et
2261 3795 2420 3851 aqua.
2445 3783 2506 3838 Si
2531 3787 2624 3855 qui
2667 3801 2794 3842 cum
2841 3791 3166 3848 animalibus
3208 3797 3582 3864 peccaverint,

1992 3871 2083 3939 qui
2115 3873 2350 3928 nondum
2387 3890 2460 3930 xx
2499 3892 2766 3934 annorum
2791 3877 3013 3949 fuerint,
3053 3901 3123 3939 xv
3172 3885 3328 3942 annis
3368 3890 3586 3945 exactis

1993 3962 2048 4015 in
2097 3964 2440 4033 paenitentia,
2496 3971 2932 4032 communionem
2973 3975 3283 4031 orationum
3324 3992 3584 4034 merean—

1993 4060 2100 4106 tur.
2159 4053 2363 4110 Deinde
2406 4073 2440 4110 v
2493 4059 2648 4114 annis
2696 4060 2750 4114 in
2804 4062 2908 4117 hac
2945 4067 3328 4121 communione
3372 4069 3581 4124 duran-

1989 4150 2092 4206 tes,
2134 4143 2424 4201 oblationis
2470 4157 2810 4204 sacramenta
2850 4152 3182 4224 contingant.
3236 4155 3579 4215 Discutiatur

1990 4243 2168 4292 autem
2191 4247 2246 4292 et
2294 4240 2402 4293 vita
2463 4255 2669 4306 eorum,
2705 4244 2882 4313 qualis
2922 4253 3166 4317 tempore
3217 4250 3576 4320 ptenitudinis

1988 4329 2278 4393 exstiterit,
2304 4339 2360 4384 et
2391 4332 2465 4385 ita
2503 4333 2934 4390 misericordiam
2966 4348 3384 4409 consequantur.
3413 4341 3572 4408 Quod

1989 4416 2034 4470 si
2059 4417 2455 4487 inexplebiliter
2484 4421 2569 4476 his
2611 4422 2818 4479 haesere
2837 4424 3174 4491 criminibus,
3207 4429 3275 4483 ad
3303 4432 3568 4500 agendam

1986 4507 2362 4576 ptenitentiam
2408 4511 2670 4580 prolixius
2722 4521 2936 4585 tempus
2967 4516 3262 4572 insumunt.
3293 4518 3571 4589 Quotquot

1985 4606 2165 4650 autem
2209 4607 2428 4668 peracta
2470 4615 2543 4654 xx
2599 4615 2866 4656 annorum
2903 4610 3082 4669 aetate,
3109 4615 3166 4659 et
3217 4621 3414 4662 uxores
3467 4609 3565 4662 ha-

1984 4688 2194 4756 bentes,
2224 4689 2329 4744 hoc
2355 4699 2578 4760 peccato
2600 4692 2837 4762 prolapsi
2862 4700 3008 4759 sunt,
3039 4703 3148 4749 xxv
3195 4697 3353 4751 annis
3388 4699 3564 4765 pani-

1984 4779 2225 4835 tudinem
2250 4789 2520 4852 gerentes,
2567 4782 2625 4837 in
2664 4785 3046 4840 communione
3079 4786 3410 4856 recipiantur
3429 4803 3557 4842 ora—

1983 4870 2210 4925 tionum.
2243 4871 2302 4925 ln
2344 4879 2450 4942 qlia
2495 4873 2863 4944 quinquennio
2913 4877 3289 4946 perdurantes,
3328 4887 3438 4933 tum
3463 4879 3560 4933 de-

1980 4976 2129 5016 mum
2155 4961 2444 5018 oblationis
2479 4973 2816 5021 sacramenta
2860 4967 3184 5037 percipiant.
3214 4969 3365 5036 Quod
3386 4969 3429 5023 si
3459 4969 3550 5038 qui

1977 5066 2176 5105 uxores
2201 5051 2463 5109 habentes
2490 5058 2544 5109 et
2579 5057 3025 5112 transcendentes
3050 5074 3084 5112 ι.
3135 5060 3295 5113 annis
3323 5060 3393 5114 ita
3419 5058 3550 5112 deli-

1979 5143 2211 5214 querint,
2232 5144 2306 5198 ad
2343 5145 2550 5200 exitum
2586 5147 2714 5202 vitae
2745 5149 3145 5204 communionis
3173 5151 3402 5220 gratiam
3425 5163 3547 5205 con-

1971 5245 2283 5306 sequantur.

2354 5326 2433 5382 De
2456 5328 2705 5384 ebrietate
2725 5338 2772 5384 et
2799 5331 3170 5399 fornicatione.

2043 5415 2345 5472 lnenrtatur
2377 5419 2499 5487 quis
2542 5434 2575 5474 a
2625 5419 2768 5484 vino,
2804 5421 2918 5475 sive
2959 5422 3214 5486 eervisia,
3244 5431 3424 5476 contra
3464 5420 3539 5474 in-

1974 5490 2262 5563 terdictum
2322 5507 2620 5564 Salvatoris
2668 5518 2726 5566 et
2777 5510 3146 5581 apostolorum
3204 5510 3341 5580 ejus.
3389 5505 3530 5577 mod

1971 5623 2062 5684 ἓὶῖἱ,
2088 5623 2158 5675 al.
2197 5623 2215 5674 l
2235 5621 2314 5674 I9.
2347 5621 2614 5677 Czeterum
2634 5625 2702 5679 de
2724 5624 2809 5678 his
2835 5631 2890 5678 et
2913 5623 3183 5678 similibus
3200 5624 3417 5679 consule
3435 5621 3528 5676 Be-

1974 5693 2191 5746 r‘ardum
2224 5692 2291 5746 ad
2313 5707 2430 5746 can.
2464 5693 2548 5760 l6,
2579 5709 2743 5749 causa
2771 5694 2861 5763 26,
2893 5695 3190 5766 quaestione
3217 5696 3268 5749 7.
