3856 6190
206 373 314 429 τοι

1431 367 1635 425 “BER
1678 369 2259 432 PG'INITENTIALIS.

3377 387 3485 444 702

207 488 262 541 si
310 492 498 540 votum
540 481 795 540 habuerit
836 481 1166 549 sanctitatis,
1225 497 1294 537 xi.
1350 482 1543 538 diebus
1574 485 1629 538 in
1670 499 1811 555 pane
1837 488 1888 550 Α
1912 487 2126 554 cibum,
2159 489 2240 545 vel
2271 491 2506 562 aliquam
2535 497 2912 566 parvissimam
2950 498 3330 568 refectionem,
3381 504 3482 559 nisi

209 589 271 633 et
289 592 425 648 aqua
453 576 669 646 cuipam
720 573 890 630 diluat
921 592 936 628 :
968 574 1139 630 laicus
1175 577 1328 629 vero
1352 592 1426 630 vn
1473 577 1662 633 diebus
1688 591 1802 647 pm-

210 671 402 723 niteat.
442 667 743 737 Episcopus
763 665 968 720 faciens
989 665 1422 731 fornicationem,
1452 667 1800 737 degradetur,

212 768 366 813 ctxu
393 756 553 811 annis
578 756 862 826 paeniteat.
891 756 1206 826 Presbyter,
1252 765 1346 810 aut
1381 756 1662 823 diaconus,
1689 757 1800 813 for-

214 848 546 904 nicationem
576 846 782 901 faciens
821 845 1124 900 naturalem
1156 859 1179 886 ι
1208 847 1432 916 prmlato
1459 856 1588 902 ante
1615 864 1802 904 mena-

213 939 300 994 chi
330 946 519 992 votum
551 946 661 990 tres
697 951 866 990 annos
910 936 1206 1004 paeniteat,
1238 938 1452 992 veniam
1491 939 1639 993 omni
1668 939 1802 994 hora

214 1035 410 1098 roget:
445 1025 936 1096 superpositionem
981 1025 1035 1080 in
1087 1041 1413 1096 unaquaque
1465 1027 1800 1084 hebdomada

215 1119 398 1186 faciat,
431 1119 672 1189 exceptis
701 1118 1169 1188 quinquagesima:
1197 1119 1409 1174 diebus.

723 1207 813 1268 ,οε
848 1209 1063 1262 minutis
1085 1209 1277 1262 causis.

285 1301 349 1357 Si
386 1299 510 1370 quis
547 1314 678 1354 casu
725 1299 1005 1370 negligens
1044 1299 1370 1354 sacriﬁcium
1419 1297 1616 1368 perdit,
1643 1297 1803 1352 relin-

215 1407 387 1462 quens
413 1389 567 1456 foris,
587 1389 732 1444 etab
761 1389 942 1457 aliquo
971 1390 1283 1455 devoratur,
1318 1406 1384 1446 ιι,
1415 1390 1605 1444 diebus
1629 1389 1802 1458 paeni-

215 1488 360 1544 teat;
393 1479 478 1534 sin
505 1480 535 1518 b
569 1492 719 1543 vero,
745 1493 945 1531 annum
975 1495 1140 1533 unum
1167 1479 1445 1548 pmniteat.
1477 1477 1534 1548 Si
1564 1494 1800 1533 commu-

217 1569 485 1624 nicaverit
507 1568 762 1640 ignorans
787 1569 1332 1633 excommunicatum,
1375 1569 1564 1623 diebus
1592 1584 1659 1623 xx.
1686 1584 1800 1638 poe-

214 1665 407 1719 niteat.
445 1663 504 1718 Si
527 1663 650 1734 quis
667 1671 863 1734 sponte
909 1662 1390 1716 communicaverit
1429 1663 1800 1718 excommuni-

215 1765 359 1820 cato,
385 1755 577 1817 verbo,
599 1752 687 1808 vel
712 1752 1000 1816 relatione,
1024 1750 1108 1806 vel
1135 1753 1276 1817 cibo,
1305 1751 1389 1806 vel
1418 1764 1568 1821 potu,
1595 1769 1662 1806 xi.
1681 1753 1796 1807 dies

216 1847 269 1901 in
296 1861 440 1916 pane
462 1853 518 1900 et
543 1860 704 1914 aqua,
741 1853 798 1899 et
823 1844 935 1899 sale
954 1844 1234 1912 pmniteat.
1261 1843 1318 1898 Si
1343 1844 1666 1899 sacriﬁcium
1691 1853 1799 1899 ter-
1827 1829 1871 1887 Β

216 1945 437 1990 ratenus
462 1937 611 1991 cadit
640 1948 662 1975 α
696 1935 1050 2008 negli-gendo,
1087 1936 1451 2005 superpositio
1484 1935 1598 1990 ﬁat.
1624 1934 1681 1989 Si
1709 1951 1796 1990 ce-

215 2028 412 2083 ciderit
437 2027 766 2082 sacriﬁcium
793 2028 862 2083 de
885 2043 1050 2081 manu
1087 2026 1364 2082 offerentis
1395 2035 1720 2090 terratenus,
1744 2035 1799 2081 et

215 2137 318 2176 non
341 2121 616 2175 invenitur
639 2119 841 2189 aliquid
875 2138 887 2173 :
916 2134 1095 2184 omne,
1128 2119 1488 2188 quodcunque
1519 2119 1793 2174 inventum

214 2211 396 2277 fuerit,
448 2211 503 2265 in
534 2210 685 2278 loco,
723 2211 778 2265 in
831 2225 939 2279 quo
991 2209 1268 2274 ceciderit,
1317 2211 1662 2264 comburetur
1695 2227 1708 2262 :
1741 2217 1798 2264 ct

212 2303 347 2358 cinis
373 2301 478 2356 sub
507 2301 699 2356 altario
747 2300 1095 2366 recondatur,
1125 2309 1180 2356 et
1215 2301 1466 2356 sacerdos
1510 2300 1795 2357 dimidium

213 2408 409 2446 annum
435 2393 720 2463 pmniteat.

277 2483 387 2538 Pro
419 2483 576 2538 bonis
602 2483 762 2539 rebus
801 2481 997 2538 offerre
1039 2482 1327 2547 debemus;
1363 2496 1462 2550 pro
1491 2479 1667 2546 malis,
1700 2495 1796 2536 ne-

213 2591 504 2647 quaquam.
536 2575 844 2646 Presbyteri
885 2591 984 2645 pro
1027 2576 1142 2630 suis
1183 2575 1449 2644 episcopis
1478 2589 1583 2628 non
1609 2573 1794 2642 prohi-

214 2668 409 2722 bentur
433 2667 646 2723 oﬂ'erre.
673 2667 775 2734 Qui
816 2667 1022 2737 praebet
1045 2667 1285 2721 dicatum
1313 2665 1579 2730 barbaris,
1607 2680 1666 2718 ιιι
1699 2679 1794 2720 an-

215 2774 310 2812 nos
327 2759 611 2829 paeniteat.
655 2757 757 2825 Qui
806 2757 1136 2812 monasteria
1178 2756 1500 2826 exspoliant,
1526 2755 1660 2810 falso
1709 2754 1794 2809 di—

213 2858 395 2903 centes
433 2863 491 2903 se
536 2848 777 2918 captivos
816 2848 1104 2912 redimere,
1134 2862 1194 2901 ιιι
1245 2862 1416 2901 annos
1443 2847 1786 2915 pmniteant:

212 2947 267 2992 ct
309 2939 513 3002 omnia,
548 2954 668 3010 qua:
725 2939 1134 3002 abstraxerunt,
1190 2938 1518 3008 pauperibus
1566 2937 1786 2992 donent.

213 3030 310 3096 Qui
367 3046 590 3086 carnem
642 3029 955 3085 animalium
984 3069 1001 3094 ,
1057 3045 1284 3098 quorum
1327 3038 1554 3084 mortem
1594 3030 1786 3096 nescit,

213 3120 521 3184 manducat,
557 3119 771 3174 tertiam
807 3127 1014 3188 partem
1059 3118 1185 3172 anni
1229 3118 1508 3187 poeniteat.
1538 3115 1787 3173 Priorum

1907 591 2007 644 pro
2030 577 2228 632 viatico
2260 597 2272 632 :
2300 582 2478 651 pueri,
2504 591 2635 650 tres,
2667 583 2904 653 majores
2928 601 3035 652 vn,
3062 587 3246 642 clerici
3275 604 3343 644 xx
3369 589 3486 644 dies

1905 666 2222 731 poenitcant.

1974 753 2034 808 Si
2085 755 2140 810 in
2186 754 2379 817 farina,
2428 759 2512 813 vel
2559 759 2613 814 in
2661 760 2842 830 aliquo
2891 763 3036 818 sicco
3077 765 3232 830 cibo,
3276 767 3389 821 sive
3429 768 3483 821 in

1904 844 2080 908 melle,
2109 845 2193 900 vel
2221 847 2272 899 in
2313 847 2487 913 lacte,
2518 850 2758 905 bestiola:
2786 852 3075 909 immundre
3107 855 3482 926 inveniuntur,

1903 937 2046 1004 quod
2069 937 2213 991 circa
2244 953 2470 1007 corpora
2500 954 2689 995 eorum
2718 949 2819 1005 est,
2851 943 3190 1012 projiciatur.

1976 1029 2002 1066 ⁸
2039 1027 2140 1094 Qui
2177 1029 2553 1100 negligentiam
2579 1046 2708 1101 erga
2734 1034 3058 1088 sacriﬁcium
3088 1035 3298 1100 fecerit,
3320 1043 3380 1090 ut
3410 1037 3484 1092 sit

1902 1131 1932 1170 a
1962 1118 2236 1190 vermibus
2271 1128 2671 1190 consumptum,
2712 1130 2768 1175 et
2813 1123 2880 1176 ad
2924 1124 3149 1178 nihilum
3203 1126 3484 1190 deveniat,

1905 1221 1962 1260 ιιι
1992 1207 2434 1279 quadragesimas
2469 1211 2750 1278 paeniteat.
2785 1207 2842 1266 Si
2887 1212 3156 1283 integrum
3189 1217 3477 1280 invenerit,

1901 1302 1954 1348 et
1977 1295 2030 1348 in
2055 1310 2120 1350 eo
2143 1296 2307 1350 fuerit
2342 1297 2566 1363 vermis,
2595 1299 2966 1365 comburatur,
3006 1313 3064 1356 et
3091 1304 3169 1357 sic
3191 1305 3331 1359 cinis
3357 1305 3485 1373 ejus

1903 1387 2004 1440 sub
2033 1385 2189 1440 altari
2218 1387 2617 1454 abscondatur;
2661 1397 2718 1444 et
2745 1389 3024 1459 negligens
3063 1407 3133 1446 xi.
3161 1393 3277 1447 dies
3304 1393 3480 1464 paeni-

1900 1485 2030 1531 teat.
2060 1478 2125 1531 Et
2149 1478 2193 1532 si
2223 1479 2501 1533 inventum
2528 1479 2720 1545 fuerit,
2751 1489 2814 1535 ut
2841 1496 3001 1551 supra
3021 1523 3035 1547 ,
3067 1485 3355 1538 mandetur
3385 1502 3399 1537 :
3427 1485 3476 1537 si

1900 1581 2070 1636 usque
2095 1566 2162 1621 ad
2190 1568 2362 1622 altare
2387 1577 2595 1622 tantum
2633 1570 2795 1624 fuerit
2851 1572 3093 1641 lapsum,
3153 1589 3480 1644 superpona-

1899 1667 2006 1711 tur.
2043 1654 2097 1712 Si
2122 1658 2188 1712 de
2215 1659 2381 1714 calice
2403 1659 2603 1729 aliquid
2632 1661 2936 1726 stillaverit,
2962 1678 3060 1732 per
3092 1665 3474 1735 negligentiam

1898 1749 1953 1802 in
1985 1758 2206 1814 terram,
2246 1749 2424 1820 lingua
2461 1750 2730 1805 lambatur
2773 1770 2785 1804 :
2838 1752 3020 1807 tabula
3055 1755 3278 1808 radatur
3308 1773 3321 1808 :
3353 1756 3475 1826 igne

1899 1845 2280 1909 comburawr;
2313 1851 2371 1898 et
2401 1858 2430 1898 ι.
2453 1842 2646 1898 diebus
2685 1845 2967 1913 pmniteat.
3013 1845 3073 1899 Si
3115 1861 3279 1916 super
3307 1847 3478 1902 altare

1901 1933 2188 1988 stillaverit
2236 1934 2406 1999 calix,
2466 1935 2686 1990 sorbeat
2731 1936 3000 2002 minister,
3055 1944 3109 1992 et
3159 1937 3476 2004 linteamen,

1899 2025 2042 2094 quod
2073 2025 2250 2096 tetigit
2279 2025 2421 2079 stilla
2442 2065 2458 2089 ,
2487 2025 2740 2081 abluatur
2762 2027 2935 2082 tribus
2961 2027 3197 2091 vicibus,
3223 2035 3276 2082 et
3305 2028 3478 2102 tribus

1898 2116 2090 2172 diebus
2108 2118 2390 2186 paeniteat.
2415 2117 2470 2172 Si
2489 2118 2801 2173 titubaverit
2815 2119 3070 2174 Sacerdos
3087 2135 3250 2189 super
3276 2107 3482 2173 oratio—

1898 2223 2021 2264 nem
2043 2208 2398 2275 Dominicam,
2418 2225 2538 2280 quae
2552 2209 2768 2274 dicitur,
2787 2209 3092 2280 periculose
3113 2226 3216 2264 una
3234 2211 3375 2275 vice,
3391 2210 3478 2264 vel

1897 2303 2140 2373 psalmis,
2157 2320 2187 2358 ι
2201 2303 2454 2373 psalmis;
2480 2303 2716 2358 secunda
2737 2303 2876 2367 vice,
2896 2319 2925 2358 c
2949 2303 3120 2372 plagis
3149 2301 3474 2373 (paeniteat).

2405 2392 2539 2447 Item
2561 2393 2624 2446 de
2648 2392 2954 2446 homicidio.

1968 2483 2026 2540 Si
2058 2484 2178 2554 quis
2215 2484 2270 2539 in
2306 2485 2647 2555 expeditione
2693 2484 2908 2554 publica
2956 2484 3156 2540 occidit
3199 2484 3476 2539 hominem

1895 2575 2014 2630 sine
2038 2590 2231 2640 causa,
2263 2574 2464 2644 jejunet
2514 2573 2879 2629 hebdomadas
2918 2590 3030 2628 xxi.
3071 2572 3129 2627 Si
3158 2582 3339 2627 autem
3368 2572 3480 2627 for-

1897 2665 2038 2720 sitan
2080 2680 2140 2720 se
2163 2663 2521 2728 defendendo,
2553 2673 2646 2718 aut
2688 2673 2940 2734 parentes
2984 2680 3144 2727 suos,
3179 2670 3271 2717 aut
3315 2663 3479 2717 fami-

1896 2757 2024 2812 liam
2053 2773 2205 2812 suam
2226 2799 2240 2823 ,
2281 2757 2481 2813 occidit
2505 2757 2741 2826 aliquem
2761 2796 2777 2823 ,
2826 2757 2915 2813 ille
2950 2772 3058 2812 non
3087 2757 3191 2812 erit
3235 2771 3380 2812 reus.
3413 2756 3476 2812 Si

1895 2848 2126 2904 voluerit
2163 2848 2433 2919 jejunare,
2468 2848 2524 2902 in
2570 2847 2716 2902 illius
2754 2856 3021 2918 potestate
3064 2855 3178 2912 est;
3229 2847 3357 2915 quia
3385 2861 3479 2902 co—

1893 2949 2046 2996 actus
2092 2941 2198 2995 hoc
2241 2938 2387 2994 fecit.
2433 2937 2492 2993 Si
2537 2938 2885 2993 homicidium
2923 2938 2977 2992 in
3016 2953 3147 3007 pace
3179 2935 3388 3002 fecerit,
3417 2943 3473 2992 et

1892 3045 1999 3084 non
2023 3028 2184 3084 fuerit
2206 3030 2360 3082 turba
2381 3042 2477 3099 per
2493 3035 2836 3098 potestatem,
2853 3037 2947 3082 aut
2966 3027 3262 3082 inimicitiae
3284 3042 3476 3091 causa,

1891 3128 1954 3178 ut
1981 3136 2071 3176 res
2114 3119 2230 3191 ejus
2258 3121 2476 3191 capiat,
2510 3119 2715 3190 jejunet
2760 3120 3128 3176 hebdomadas
3170 3136 3340 3176 xxvut
3363 3161 3379 3182 ,
3419 3127 3476 3176 et

213 3219 414 3266 statuta
439 3209 658 3265 Patrum
679 3225 1010 3282 promamus.
1035 3209 1197 3265 Pueri
1223 3210 1394 3265 solum
1419 3211 1788 3266 sermocinan-
1815 3188 1860 3251 (ἶ
1891 3229 1979 3270 res
1996 3211 2127 3282 eius
2143 3188 2546 3284 quem—occidit
2567 3188 2764 3268 reddat
2788 3213 2945 3296 uxori
2962 3253 2976 3276 ,
3007 3212 3088 3267 vel
3117 3212 3242 3267 ﬁliis
3261 3212 3400 3282 ejus.

216 3317 312 3372 tes,
355 3313 414 3361 et
464 3303 920 3373 transgredientes
965 3302 1214 3356 instituta
1270 3303 1565 3366 seniorum,
1615 3302 1788 3358 tribus

212 3396 736 3470 superpositionihus
761 3395 1136 3450 emendentur.
1185 3392 1438 3449 Osculum
1471 3392 1788 3464 simpliciter

214 3490 492 3550 facientes,
517 3503 592 3542 vn
628 3484 1166 3554 superpositionibus.
1209 3481 1342 3537 Cum
1379 3483 1788 3552 inquinamento

212 3591 392 3636 autem
447 3581 566 3634 sine
613 3577 883 3648 amplexu.
934 3592 1004 3632 xv
1052 3575 1576 3647 superpositionibus
1618 3575 1789 3632 corri-

210 3681 427 3742 gantur.

564 3759 642 3815 De
661 3759 1136 3831 dispensationibas
1161 3758 1432 3828 sacriﬁcii.

278 3853 380 3922 Qui
413 3867 522 3908 non
549 3852 688 3907 bene
724 3851 1041 3906 custodierit
1066 3849 1423 3914 sacriﬁcium,
1453 3856 1512 3904 et
1549 3863 1672 3904 mus
1695 3863 1788 3904 co-

212 3943 462 4009 mederit,
493 3958 561 3997 xi.
591 3942 781 3997 diebus
817 3941 1096 4011 paeniteat.
1126 3940 1226 4008 Qui
1274 3948 1451 3995 autem
1490 3939 1790 4011 perdiderit

210 4048 366 4089 suum
395 4031 634 4087 chrisma
657 4028 685 4069 (ι
710 4046 761 4095 ι,
786 4036 880 4083 aut
904 4028 1076 4084 solum
1107 4029 1454 4094 sacriﬁcium,
1481 4029 1536 4082 in
1563 4028 1786 4099 regione

212 4125 473 4195 qualibet,
517 4130 578 4176 ut
613 4136 718 4176 non
767 4119 1091 4186 inveniatur,
1133 4137 1195 4174 ιιι
1226 4121 1670 4192 quadragesimas
1701 4119 1788 4175 vel

211 4231 412 4270 annum
435 4228 602 4268 unum
630 4210 911 4284 pmniteat.
959 4209 1295 4266 Perfundens
1331 4209 1525 4280 aliquis
1561 4209 1786 4265 calicem

211 4323 372 4379 super
424 4305 631 4371 altare,
683 4303 898 4376 quando
950 4301 1269 4358 auferuntur
1321 4302 1666 4369 linteamina,
1710 4319 1784 4358 vn

209 4401 400 4455 diebus
430 4397 708 4468 paeniteat.
741 4395 799 4450 Si
837 4394 1096 4451 ceciderit
1143 4405 1166 4433 θ
1197 4395 1251 4448 in
1280 4403 1540 4459 stramen,
1569 4408 1643 4448 vn
1670 4394 1786 4450 dies

2339 3302 2417 3356 De
2443 3302 2807 3372 pauitantibus
2831 3303 3008 3371 «gris.

1958 3393 2017 3450 Si
2044 3394 2168 3464 quis
2209 3393 2278 3448 ad
2305 3393 2681 3463 paenitentiam
2720 3393 2904 3457 venit,
2947 3400 3004 3446 et
3043 3392 3308 3463 aegritudo
3349 3408 3474 3449 eve-

1886 3487 2050 3554 nerit,
2079 3495 2134 3542 et
2172 3503 2280 3541 non
2309 3485 2550 3555 potuerit
2585 3484 2912 3553 adimplere,
2951 3485 3091 3553 quod
3131 3484 3206 3538 illi
3247 3485 3472 3540 manda-

1888 3589 2000 3638 tum
2036 3588 2122 3634 est
2147 3594 2178 3633 a
2223 3577 2525 3642 sacerdote,
2572 3576 2900 3646 suscipiatur
2937 3576 3004 3630 ad
3040 3583 3283 3630 sanctam
3319 3591 3469 3630 com—

1887 3673 2218 3728 munionem.
2274 3671 2344 3725 Et
2385 3669 2432 3725 si
2481 3669 2712 3725 voluerit
2757 3683 2880 3723 eum
2924 3667 3186 3722 Dominus
3235 3669 3469 3732 salvare,

1887 3763 2086 3836 jejunet
2107 3770 2314 3834 postea.
2346 3762 2403 3817 Si
2437 3763 2560 3832 quis
2589 3778 2697 3818 non
2737 3762 2998 3832 paenitet,
3030 3769 3085 3814 et
3124 3759 3352 3816 forsitan
3383 3776 3472 3816 ce-

1886 3857 2082 3915 ciderit
2126 3857 2183 3910 in
2219 3853 2615 3926 aegritudinem,
2645 3862 2702 3909 et
2730 3854 3008 3923 quaesierit
3045 3854 3470 3918 communicare,

1887 3967 1994 4007 non
2037 3948 2408 4021 prohibeatur.
2447 3945 2554 4000 Sed
2595 3947 2719 4002 date
2761 3945 2812 4001 ei
2857 3953 3102 4000 sanctam
3138 3945 3475 4000 communio-

1885 4059 2047 4109 nem,
2077 4053 2134 4099 et
2159 4045 2415 4098 mandata
2460 4042 2576 4108 illi,
2611 4049 2672 4096 ut
2699 4041 2742 4096 si
2781 4039 3049 4110 placuerit
3084 4037 3473 4093 misericordia:

1885 4133 2002 4198 Dei,
2034 4141 2089 4190 et
2130 4132 2369 4188 evaserit
2415 4131 2480 4186 de
2513 4133 2631 4201 ipsa
2670 4129 3009 4200 mgritudine,
3051 4135 3241 4199 postea
3285 4127 3470 4182 omnia

1885 4226 2167 4282 confessus
2192 4225 2284 4290 sit,
2315 4231 2372 4279 et
2401 4223 2482 4278 sic
2509 4223 2792 4292 paeniteat.

2250 4313 2327 4366 De
2357 4310 2826 4366 excommunicatia
2850 4308 3096 4362 mortuis.

1957 4404 2017 4459 Si
2044 4402 2168 4472 quis
2205 4401 2706 4457 excommunicatus
2723 4397 2896 4452 fuerit
2918 4403 3194 4462 mortuus,
3233 4394 3324 4466 qui
3357 4393 3467 4462 jam

207 4489 491 4561 poeniteat.
516 4487 750 4544 Vomens
776 4485 910 4558 [Al.,
935 4484 1175 4558 sumens]
1189 4485 1514 4540 sacriﬁcium
1529 4493 1782 4556 gravatus
1807 4529 1862 4588 Β
1887 4493 1961 4549 si:
1991 4491 2296 4556 confessus,
2331 4497 2386 4545 et
2424 4505 2531 4544 non
2559 4487 2818 4552 occurrit,
2872 4487 2967 4543 sed
3013 4485 3301 4555 occupavit
3342 4500 3464 4539 eum

209 4584 496 4638 saturitate
544 4581 770 4646 ventris,
812 4595 882 4634 ιι.
912 4580 1099 4635 diebus

203 4673 419 4742 iecerit,
464 4689 537 4727 xx
581 4671 770 4726 diebus
818 4671 1100 4741 paeniteat.
1155 4668 1424 4722 Diaconus
1463 4667 1784 4723 obliviscens

205 4761 534 4819 oblationem
556 4760 751 4816 offerre
775 4762 892 4816 sine
913 4756 1244 4822 linteamine,
1272 4755 1443 4811 donec
1459 4752 1780 4821 oﬂ‘emntur,

206 4855 460 4912 similiter
510 4854 789 4926 paeniteat.
843 4851 944 4920 Qui
989 4849 1262 4920 acceperit
1296 4847 1624 4904 sacriﬁcium
1662 4855 1786 4918 post

277 5002 305 5030 ι
332 4987 569 5042 Pra’lato
593 4995 712 5039 ante
745 4984 986 5040 monachi
1009 4993 1201 5040 votum.
1244 4981 1477 5037 Deerant
1505 4979 1591 5035 illa
1620 4979 1784 5034 verba

207 5060 260 5114 in
286 5060 479 5113 codice
509 5056 798 5111 Stewartii.

280 5131 307 5170 δ
335 5129 394 5182 Id
419 5135 525 5191 est,
560 5128 732 5180 sinon
761 5142 908 5180 casu.

277 5212 299 5238 ε
337 5197 432 5252 Sic
465 5189 758 5267 Gregorius
799 5197 850 5250 in
889 5193 1114 5267 iudiciis
1154 5191 1268 5248 suis
1302 5209 1315 5245 :
1355 5209 1374 5243 ι
1410 5189 1467 5267 Si
1513 5191 1635 5267 quis
1681 5192 1786 5246 Eu-

207 5268 549 5330 charistiam,
573 5261 625 5320 i'd
647 5273 749 5328 est,
775 5265 1097 5319 sacriﬁcium
1123 5277 1285 5318 causa
1312 5261 1648 5332 negligentia
1666 5275 1787 5332 per-

206 5337 428 5400 diderit,
458 5351 622 5390 unum
651 5351 850 5389 annum
881 5335 963 5388 vel
995 5345 1104 5388 tres
1141 5331 1784 5403 quadragesimaspmni-

209 5416 353 5471 teat;
381 5407 527 5476 quod
553 5405 600 5459 si
639 5405 695 5459 in
719 5413 919 5459 terram
948 5419 1109 5460 causa
1139 5400 1478 5474 negligentia:
1499 5400 1778 5466 ceciderit,

209 5495 238 5534 ι.
262 5477 510 5546 Psalmos
539 5483 738 5546 cantet.
774 5493 794 5527 ι
930 5543 941 5546 _
1137 5541 1150 5546 _
1312 5540 1322 5546 ,
1449 5539 1460 5546 ,
1635 5538 1647 5546 .
1695 5537 1706 5546 .

274 5547 302 5587 ἀ
341 5546 461 5601 Non
487 5545 766 5615 legendum
791 5543 945 5613 quasi
969 5560 998 5597 ι,
1028 5541 1153 5597 anni
1181 5539 1512 5615 ptenitentite
1543 5538 1782 5615 assigna-

211 5625 422 5683 rentur,
465 5609 568 5671 nec
599 5613 778 5669 littera
810 5609 842 5669 ἱ.
871 5627 1156 5683 numerum
1183 5609 1778 5683 'denotat;__legendum

209 5679 522 5808 ἓξὶτὲειὰσιη
567 5683 726 5741 debet
773 5693 952 5740 autem
999 5683 1087 5739 hic
1125 5679 1345 5752 intelligi
1393 5679 1777 5751 palla’corpo-

293 5771 360 5808 is.

214 5770 360 5811 rans.

1151 4597 1164 4631 :
1208 4577 1254 4632 si
1299 4578 1352 4631 in
1388 4576 1407 4616 ί
1440 4579 1616 4649 ignem
1656 4592 1783 4646 pro-
1807 4576 1858 4588 “’
1886 4598 2054 4648 mors,
2087 4583 2201 4638 sive
2228 4583 2284 4636 in
2308 4581 2420 4648 via,
2469 4580 2586 4636 sive
2613 4580 2666 4634 in
2699 4579 2886 4644 domo;
2937 4576 2984 4632 si
3030 4584 3114 4632 est
3159 4576 3358 4644 aliquis
3399 4589 3466 4630 ex

1883 4674 2200 4746 parentibus
2243 4671 2359 4741 eius
2380 4711 2396 4739 ,
2427 4687 2528 4744 pro
2556 4687 2622 4728 eo
2649 4671 2854 4740 aliquid
2891 4669 3083 4724 offerat
3122 4667 3189 4723 ad
3219 4675 3466 4724 sanctum

1885 4767 2073 4830 altare,
2121 4773 2218 4820 aut
2264 4764 2332 4818 ad
2387 4763 2812 4833 redemptionem
2849 4760 3212 4832 captivorum,
3254 4765 3347 4813 aut
3394 4756 3466 4814 ad

1887 4856 2456 4915 commemorationem
2483 4855 2677 4918 animae
2701 4851 2836 4921 ejus.

1961 4999 1985 5027 ο
2024 4987 2118 5040 Vel
2147 4988 2191 5041 si
2239 4985 2480 5040 ceciderit
2525 4984 2845 5053 sacriﬁcium
2883 4983 3028 5036 intra
3062 4998 3318 5053 mensam.
3367 4981 3466 5038 Sic

1885 5059 2053 5113 codex
2084 5056 2348 5119 Menardi;
2385 5055 2574 5110 melius
2606 5052 2781 5108 tamen
2824 5055 2879 5106 in
2905 5063 3154 5107 stramen.
3195 5053 3249 5106 lu
3280 5052 3462 5108 Pmni~

1887 5128 2097 5183 tentiali
2147 5142 2249 5182 ms.
2288 5125 2417 5178 bibl.
2458 5125 2800 5189 Colliertinaa,
2842 5139 2896 5177 n.
2947 5122 3102 5187 1548,
3142 5121 3456 5193 legitur.....

1885 5199 1950 5252 de
1974 5213 2132 5249 manu
2168 5195 2485 5263 sacriﬁcium
2517 5193 2756 5248 ceciderit
2794 5194 2849 5248 in
2889 5202 3138 5257 stramen,
3163 5191 3238 5246 vit
3271 5191 3455 5246 diebus

1884 5268 2130 5338 paeniteat
2156 5282 2188 5318 a
2216 5280 2316 5338 quo
2341 5264 2605 5338 ceciderit.

1963 5335 1983 5376 ί
2026 5335 2150 5390 Haec
2195 5327 2518 5389 omittuntur
2554 5335 2609 5388 in
2656 5331 2776 5387 aliis
2819 5331 3119 5388 codicibus.
3171 5329 3305 5386 Vide
3343 5327 3450 5382 edi.

1887 5406 2087 5461 tionem
2115 5403 2324 5458 Morini.

1960 5479 1986 5517 ⁸
2023 5475 2223 5530 Eadem
2246 5471 2544 5544 ferebabet
2567 5471 2793 5544 Gregor.
2823 5468 3206 5544 lll_in_J_ud_i_cii_s
3230 5464 3464 5544 cap.28‘,.

1885 5561 2006 5616 quae
2039 5546 2160 5599 vide
2194 5543 2398 5616 Concil.
2429 5550 2562 5616 tom.
2600 5537 2704 5616 Vl,‘
2722 5557 2843 5611 pag.
2887 5539 3042 5616 MS_5_.
3078 5537 3237 5616 Multa
3276 5543 3458 5616 tamen

1887 5602 1976 5672 hic
2013 5616 2160 5671 circa
2207 5613 2606 5671 Eucharistiam
2645 5602 2931 5669 obseﬁ'are
2964 5608 3220 5678 iubentur
3247 5619 3280 5660 a
3317 5602 3456 5660 Gre—

1885 5686 2036 5757 gorio
2061 5685 2280 5743 omissa.
