3856 6190
274 282 378 337 ἳθῦ

1489 287 1693 347 LIBER
1728 287 2306 350 PCENITENTIALIS.

3436 308 3555 362 706-

268 395 440 456 v'utam
482 398 730 481 donasti,
773 398 848 453 ita
894 408 950 454 et
998 400 1142 455 hunc
1184 400 1441 455 famulum
1480 411 1631 456 tuum
1665 419 1696 457 a
1723 404 1862 457 lecto
1889 406 1935 465 Α
1967 404 2127 461 debet
2158 410 2212 462 in
2239 422 2381 479 pane
2400 415 2458 463 et
2485 424 2656 480 aqua,
2684 429 2715 466 ι.
2734 412 2974 480 psalmos
3004 425 3184 472 cantet
3210 415 3363 473 ﬂexis
3395 423 3542 492 geni-

264 470 610 561 agritudinis
629 489 831 558 eripias
860 491 928 545 ad
961 490 1211 545 salutem.
1236 491 1342 547 Per
1367 493 1673 548 Dominum.

264 616 538 666 QUALITER
573 618 693 656 ILLE
732 618 901 659 ANNUS
936 620 1309 661 OBSERVA‘NDUS
1342 622 1455 667 SIT,
1498 622 1585 669 QUI
1627 623 1679 661 IN
1720 624 1850 662 PANE

334 706 405 746 ΕΤ
447 706 585 755 Αρωι
629 707 805 747 Αιλευι
857 709 1148 749 IMPONITUR
1196 712 1251 750 ΙΝ
1301 711 1651 751 Ρωκιτεκτιλ
1708 713 1852 753 ,νεω-

335 798 569 838 NANDUS.

678 866 763 929 Ea:
786 873 1141 931 Pwnilenliali
1164 877 1419 934 Romano.

335 968 668 1023 Pmnitentia
692 969 851 1024 unius
880 970 1031 1037 anni,
1063 975 1153 1042 qui
1185 972 1240 1026 in
1275 987 1415 1041 pane
1448 982 1503 1028 et
1539 989 1676 1043 aqua
1708 973 1851 1043 ieiu-

264 1060 479 1116 nandus
509 1067 611 1124 est,
647 1061 771 1115 talis
790 1076 913 1116 esse
932 1062 1104 1129 {debet
1136 1082 1148 1116 :
1197 1060 1251 1118 in
1283 1079 1607 1135 unaquaque
1646 1067 1849 1122 hebdo-

264 1150 427 1206 mada
452 1158 565 1206 tres
591 1149 727 1216 dies,
754 1151 806 1206 id
830 1160 938 1218 est,
965 1155 1257 1209 secundam
1288 1154 1499 1221 feriam,
1523 1164 1770 1227 quartam
1792 1167 1849 1213 et

263 1251 477 1297 sextam
504 1243 558 1296 in
585 1258 727 1313 pane
752 1251 807 1297 et
833 1259 972 1314 aqua
986 1243 1215 1314 ieiunet.
1243 1247 1310 1300 Et
1333 1260 1443 1303 tres
1466 1248 1581 1305 dies
1601 1290 1617 1315 ,
1644 1250 1699 1305 id
1729 1259 1843 1317 est,

264 1336 487 1390 tertiam
517 1335 729 1401 feriam,
761 1336 1010 1406 quintam
1036 1346 1093 1393 et
1120 1340 1404 1395 sabbatum
1432 1358 1463 1397 a
1488 1343 1635 1410 vino,
1664 1344 1849 1400 medo-

264 1442 353 1493 ne,
376 1426 603 1492 mellita,
630 1428 882 1495 cervisia,
906 1444 937 1483 a
960 1445 1153 1496 carne,
1186 1438 1240 1485 et
1264 1433 1552 1502 sagimine,
1579 1441 1633 1488 et
1664 1450 1843 1501 casco,

263 1526 316 1573 et
345 1518 488 1582 ovis,
518 1526 574 1572 et
595 1518 901 1585 abdomine,
935 1525 989 1575 et
1017 1521 1304 1592 pinguibus
1330 1522 1571 1591 piscibus
1596 1539 1655 1578 se
1683 1525 1847 1579 absti-

262 1617 407 1663 neat.
433 1606 719 1664 Manducet
746 1617 927 1664 autem
950 1611 1190 1665 minutos
1219 1612 1508 1681 pisciculos
1527 1654 1541 1679 ,
1566 1613 1609 1667 si
1640 1615 1845 1670 habere

262 1708 472 1768 potest;
502 1699 588 1754 sin
617 1710 820 1764 autem,
849 1700 1010 1755 unius
1037 1702 1251 1772 generis
1290 1703 1490 1772 piscem
1508 1744 1522 1767 ,
1550 1703 1840 1775 legumina,

262 1800 313 1846 et
334 1791 513 1858 olera,
538 1799 595 1848 et
617 1807 775 1863 poma
810 1781 1078 1859 comedat,
1109 1800 1162 1847 et
1189 1794 1475 1849 cervisiam
1497 1795 1665 1850 bibat.
1693 1796 1760 1850 Et
1788 1797 1843 1850 in

262 1880 562 1935 Dominicis
590 1881 796 1944 diebus,
829 1886 887 1936 et
909 1882 967 1937 in
997 1880 1178 1936 Natali
1197 1881 1434 1949 Domini,
1468 1884 1587 1939 illos
1607 1900 1663 1938 ιν
1686 1884 1839 1950 dies;

260 1973 393 2028 etin
428 1972 729 2042 Epiphania
762 1973 997 2039 Domini,
1022 1990 1038 2028 ι
1061 1974 1232 2039 diem;
1265 1982 1319 2028 et
1345 1976 1399 2028 in
1424 1974 1632 2030 Pascha
1671 1991 1845 2045 usque

260 2066 312 2119 in
354 2073 612 2120 octavum
656 2064 837 2127 diem:
866 2073 920 2120 et
966 2066 1021 2120 in
1070 2065 1399 2121 Aseensione
1438 2067 1652 2123 Domini
1690 2076 1746 2122 et
1789 2069 1843 2122 in

260 2155 587 2211 Pentecoste
612 2170 666 2209 1v
690 2155 829 2220 dies,
858 2163 913 2210 et
943 2155 999 2209 in
1025 2156 1189 2211 missa
1220 2154 1277 2210 S.
1302 2155 1528 2211 Joannis
1549 2157 1805 2227 Baptistae
1824 2199 1840 2223 ,

257 2257 311 2303 et
337 2256 548 2303 sanctae
570 2245 784 2313 Marias,
819 2255 874 2301 et
916 2247 1201 2302 duodecim
1231 2247 1598 2315 apostolorum
1616 2288 1631 2313 ,
1658 2257 1715 2304 et
1747 2250 1843 2304 Μία

259 2339 465 2396 chaelis
489 2378 505 2404 ,
537 2345 593 2392 et
619 2338 794 2392 sancti
834 2337 1099 2407 Remigii,
1129 2347 1185 2391 et
1213 2337 1457 2392 omnium
1505 2345 1839 2405 sanctorum,

256 2442 310 2488 et
336 2431 518 2487 sancti
545 2430 781 2491 Martini,
806 2438 861 2483 et
885 2430 943 2483 in
972 2429 1268 2485 festivitate
1290 2428 1432 2483 illius
1452 2430 1647 2495 sancti,
1672 2430 1763 2500 qui
1786 2432 1840 2484 in

257 2509 576 2594 episcopatu
598 2521 828 2576 celebris
863 2521 1092 2575 habetur
1119 2538 1130 2573 :
1166 2520 1219 2574 in
1258 2519 1344 2574 his
1374 2519 1700 2589 supradictis
1728 2520 1844 2575 die-

256 2614 360 2669 bus
378 2613 550 2669 faciat
576 2611 902 2666 cbaritatem
921 2625 1043 2665 cum
1065 2609 1275 2665 creteris
1294 2607 1641 2675 Christianis,
1660 2609 1714 2665 id
1734 2618 1838 2677 est,

258 2707 449 2762 eodem
495 2704 619 2760 cibo
656 2710 713 2759 et
751 2711 884 2772 potu
922 2709 1107 2757 utatur
1145 2716 1252 2771 quo
1287 2710 1345 2756 et
1383 2701 1481 2756 illi.
1526 2700 1636 2757 Sed
1661 2709 1840 2757 tamen

257 2797 580 2851 ebrietatem
607 2802 663 2849 et
693 2794 897 2849 ventris
934 2792 1322 2849 distensionem
1347 2807 1562 2862 semper
1586 2793 1640 2847 in
1661 2792 1840 2849 omni-

257 2888 361 2943 bus
382 2894 599 2942 caveat.
1092 2906 1101 2913 ε

708 2954 790 3009 Ea:
815 2953 994 3010 eodem
1027 2951 1399 3018 Pcenitentiali.

333 3049 441 3104 iste
462 3062 638 3102 annus
659 3045 930 3101 secundus
952 3052 1037 3101 est
1062 3045 1131 3099 ab
1151 3044 1242 3117 illo
1262 3046 1355 3114 qui
1377 3045 1432 3100 in
1455 3060 1595 3116 pane
1619 3056 1674 3100 et
1698 3061 1836 3115 aqua

1955 499 2077 567 bus,
2107 504 2152 554 si
2178 509 2356 570 potest
2382 490 2499 558 ﬁeri
2520 545 2535 570 ,
2562 505 2617 558 in
2641 506 2901 570 ecclesia,
2936 508 3018 563 vel
3048 510 3102 564 in
3133 512 3238 566 alio
3261 512 3381 568 loco
3402 490 3538 569 con-

1951 593 2216 657 venienti,
2270 588 2326 648 et
2364 610 2532 650 unum
2575 612 2871 667 pauperem
2902 608 3111 668 pascat.
3148 601 3242 656 Vel
3277 603 3323 658 si
3354 605 3542 660 tandiu

1951 684 2104 740 ﬂexis
2129 688 2355 757 genibus
2380 697 2528 744 stare
2556 705 2665 744 non
2689 699 2895 761 potest,
2921 709 3025 746 Lxx
3052 695 3293 762 psalmos
3326 706 3545 752 erectus

1951 783 2166 842 cantet,
2212 786 2269 832 et
2313 793 2607 848 pauperem
2650 791 2859 849 pascat.
2909 783 3007 837 Vel
3054 786 3262 840 centies
3315 788 3543 857 genibus

1950 862 2122 929 ﬂexis,
2142 868 2348 923 centies
2368 870 2585 924 veniam
2610 879 2775 940 petat.
2793 870 2889 926 Vel
2915 881 3029 928 tres
3047 875 3300 932 denarios
3324 878 3377 931 in
3403 879 3542 934 eice.

1948 969 2230 1025 mosynam
2261 959 2486 1024 tribuat,
2510 959 2595 1014 vel
2626 969 2735 1015 tres
2763 977 3033 1031 pauperes
3070 975 3282 1033 pascat.
3307 966 3409 1033 Qui
3445 984 3542 1023 au-

1950 1052 2058 1098 tem
2092 1061 2259 1099 unum
2301 1047 2442 1101 diem
2483 1049 2536 1102 in
2585 1064 2725 1119 pane
2756 1059 2810 1104 et
2846 1067 2987 1121 aqua
3029 1052 3383 1122 ieiunandum
3431 1058 3535 1112 ali-

1947 1149 2056 1203 quo
2081 1135 2468 1204 prtedictorum
2499 1139 2738 1207 quinque
2782 1141 3066 1196 modorum
3094 1144 3390 1201 redemerit
3413 1187 3429 1212 ,
3461 1164 3529 1203 eo

1947 1226 2052 1289 die,
2083 1238 2314 1297 excepto
2342 1229 2501 1292 vino,
2528 1243 2703 1283 carne
2738 1237 2794 1283 ct
2836 1233 3139 1301 sagimine,
3179 1244 3359 1311 sumat
3392 1239 3536 1307 quod

1948 1315 2143 1385 placet.

1947 1420 2026 1480 De
2069 1428 2294 1481 remedio
2334 1430 2490 1484 unius
2537 1431 2895 1553 hcbdomladw,
2943 1448 3009 1486 ex
3049 1434 3227 1488 eodem
3272 1434 3531 1494 Pcrniten—

2667 1504 2743 1553 lia
2765 1503 2803 1553 ὅ.

2667 1503 2803 1555 tiali.

2015 1585 2123 1641 Pro
2146 1602 2251 1641 una
2284 1588 2621 1643 hebdomade
2649 1605 2813 1658 quam
2843 1591 2896 1645 in
2928 1606 3070 1660 pane
3089 1602 3143 1648 et
3165 1609 3303 1664 aqua
3318 1593 3533 1665 ieiuna-

1947 1675 2007 1730 re
2034 1675 2217 1741 debet,
2250 1693 2344 1733 ccc
2386 1679 2624 1748 psalmos
2668 1681 2893 1750 genibus
2938 1681 3091 1737 ﬂexis
3139 1685 3407 1740 decantet.
3438 1686 3579 1757 Vel‘

1872 1749 1919 1807 Β
1947 1769 2065 1827 sine
2094 1782 2327 1840 genuum
2356 1770 2586 1827 ﬂexione
2610 1749 2956 1843 utipsalteria
2994 1774 3202 1831 intente
3234 1787 3435 1832 cantet.
3462 1779 3533 1833 Et

1944 1867 2231 1930 postquam
2250 1862 2514 1931 psallerit,
2538 1871 2764 1933 excepto
2794 1863 2936 1928 vino,
2968 1880 3132 1919 carne
3154 1874 3209 1919 et
3240 1869 3526 1936 sagiminc,

1942 1959 2129 2007 sumat
2159 1952 2303 2021 quod
2326 1953 2475 2006 velit.

2362 2044 2672 2099 Remedium
2703 2047 2860 2101 unius
2890 2048 3103 2101 mensis.

2011 2134 2197 2191 Primo
2220 2135 2366 2208 [pro]
2391 2152 2733 2202 tlnomense,
2757 2152 2917 2207 quem
2942 2140 2994 2192 in
3030 2153 3171 2207 pane
3201 2148 3256 2195 ct
3284 2155 3423 2210 aqua
3446 2139 3529 2209 ic-

1936 2223 2136 2292 iunare
2166 2225 2347 2288 debet,
2376 2224 2613 2294 psalmos
2638 2224 2786 2279 mille
2815 2225 3323 2298 ducentos/genibus
3342 2226 3527 2293 ﬂexis,

1942 2314 2028 2368 vel
2056 2314 2173 2369 sine
2202 2328 2441 2384 genuum
2465 2313 2695 2369 ﬂexione
2720 2315 2900 2381 mille,
2927 2333 3139 2373 natxxx
3175 2317 3413 2386 psalmos
3440 2319 3533 2373 de-

1942 2413 2145 2460 cantet.
2170 2405 2239 2459 Et
2256 2405 2403 2460 omni
2421 2405 2529 2471 die,
2559 2406 2603 2460 si
2633 2406 2781 2471 velit,
2806 2414 2992 2467 etnon
3017 2416 3198 2478 potest
3231 2410 3527 2474 abstinere,

1942 2495 2223 2550 reticiatur
2256 2496 2326 2550 ad
2375 2504 2583 2551 sextam
2614 2515 2628 2550 :
2662 2496 2766 2554 nisi
2810 2505 3063 2567 quartam
3094 2497 3288 2553 feriam
3331 2507 3386 2551 et
3412 2513 3534 2553 sex-

1943 2594 2094 2639 tam:
2132 2586 2233 2640 has
2255 2585 2464 2655 ieiunet
2497 2587 2566 2642 ad
2612 2603 2835 2642 nonam.
2881 2588 2950 2642 Et
2994 2603 3025 2641 a
3074 2602 3272 2653 carne,
3308 2596 3363 2644 et
3392 2588 3545 2660 sagi--

1943 2677 2108 2743 mine,
2135 2686 2190 2732 et
2206 2678 2336 2732 vino
2357 2686 2529 2733 totum
2557 2694 2795 2734 mensem
2818 2695 2878 2735 se
2904 2679 3197 2735 abstineat.
3221 2679 3407 2734 Alium
3429 2695 3497 2735 an
3513 2709 3529 2719 -

1942 2773 2051 2821 tem
2089 2766 2271 2821 cibum
2319 2774 2444 2837 post
2492 2767 2928 2822 decantationem
2956 2768 3288 2837 psalmorum
3328 2778 3528 2825 sumat.

1940 2855 2049 2913 isto
2072 2858 2283 2922 ordine,
2312 2865 2461 2913 totus
2482 2858 2573 2913 ille
2597 2873 2773 2914 mnus
2793 2858 3139 2915 redimendus
3161 2868 3264 2915 est.

2072 2947 2151 3002 De
2176 2946 2287 3002 alia
2310 2947 2682 3018 redemptione,
2708 2964 2773 3002 ea:
2792 2947 2977 3002 eodem
3011 2946 3394 3003 Ptenitentiali.

2013 3041 2116 3109 Qui
2136 3055 2269 3095 vero
2300 3040 2539 3110 psalmos
2576 3055 2685 3094 non
2714 3040 2865 3095 novit
2884 3079 2898 3105 ,
2926 3048 2984 3094 et
3006 3037 3257 3107 ieiunare
3286 3056 3395 3097 non
3430 3056 3527 3112 po-

250 3140 637 3199 observandus
669 3148 782 3205 est,
812 3148 936 3210 post
976 3138 1124 3195 illum
1145 3106 1491 3210 ieiunandus.
1527 3139 1631 3209 Qui
1672 3106 1835 3195 etiam
1865 3106 1910 3167 Ο
1945 3106 2069 3197 tesi.
2112 3146 2213 3202 pro
2256 3106 2371 3186 IlI—I0
2405 3145 2549 3186 anno
2578 3144 2740 3199 quem
2786 3129 2842 3185 in
2868 3106 3086 3199 pandet
3116 3144 3255 3199 aqua
3278 3106 3527 3199 ieiunare

256 3234 477 3291 dandus
505 3242 592 3289 est
618 3233 705 3288 his
736 3232 830 3302 qui
859 3231 1006 3286 viros
1031 3230 1426 3287 ecclesiasticos
1467 3239 1662 3302 sponte
1693 3232 1839 3287 occi-

254 3327 437 3384 dunt:
463 3335 521 3380 et
541 3324 594 3378 in
616 3323 1000 3404 consuetudine
1022 3322 1224 3378 habent
1244 3321 1619 3378 sodomiticum
1641 3323 1837 3389 scelus,

253 3426 318 3472 et
343 3424 630 3487 peccatum
665 3422 855 3472 contra
896 3421 1145 3468 naturam
1173 3432 1185 3467 :
1218 3420 1274 3467 et
1301 3414 1355 3468 in
1379 3411 1625 3470 ecclesiis
1669 3413 1843 3468 homi-

254 3506 405 3562 cidia
428 3512 623 3577 sponte
645 3503 1007 3569 committunt,
1040 3510 1096 3556 et
1119 3501 1211 3572 qui
1237 3502 1342 3559 alia
1375 3499 1681 3572 huiusmodi
1717 3516 1843 3572 per-

252 3599 618 3670 petraverint.
642 3596 970 3652 Poenitentia
999 3596 1143 3651 illius
1177 3596 1305 3651 anni
1341 3596 1470 3651 talis
1494 3610 1614 3651 esse
1638 3596 1798 3651 debet
1824 3614 1838 3650 :

251 3700 323 3747 ut
344 3693 484 3748 duos
513 3691 661 3755 dies,
690 3689 743 3745 id
772 3696 883 3754 est,
931 3686 1223 3744 secundam
1252 3695 1307 3742 et
1328 3694 1578 3758 quartam
1615 3686 1807 3743 feriam
1825 3727 1840 3756 ,

253 3791 481 3840 sextam
506 3793 829 3849 unaquaque
863 3774 1200 3835 hebdomada
1228 3774 1431 3847 ieiunet
1451 3791 1621 3846 usque
1642 3777 1711 3832 ad
1745 3793 1843 3832 ve-

250 3890 515 3949 speram;
542 3882 601 3929 et
629 3882 758 3928 tunc
784 3869 992 3926 reficiat
1021 3884 1080 3925 se
1104 3869 1249 3924 sicco
1289 3870 1409 3925 cibo
1432 3910 1445 3932 ,
1479 3869 1531 3923 id
1565 3876 1676 3935 est,
1704 3884 1845 3940 pane

251 3980 308 4024 et
334 3964 707 4037 leguminibus
744 3963 925 4025 siccis,
956 3961 1050 4017 sed
1079 3961 1248 4016 coctis
1278 3969 1372 4015 aut
1392 3960 1589 4031 pomis,
1624 3968 1718 4015 aut
1735 3962 1848 4017 ole-

249 4059 414 4113 ribus
443 4054 667 4109 crudis:
700 4068 866 4107 unum
887 4051 1052 4122 eligat
1089 4066 1153 4105 ex
1199 4050 1285 4105 his
1320 4049 1521 4114 tribus,
1551 4056 1607 4103 et
1629 4057 1843 4115 utatur;

246 4157 307 4204 ct
342 4146 644 4204 cervisiam
680 4144 852 4210 bibat,
877 4143 969 4199 sed
994 4143 1194 4197 sobrie.
1225 4142 1294 4196 Et
1318 4150 1529 4197 sextam
1570 4129 1763 4196 feriam
1791 4142 1846 4197 in

246 4253 395 4310 pane
428 4244 486 4292 et
516 4250 655 4305 aqua
679 4235 964 4299 observet;
994 4240 1051 4287 et
1088 4239 1199 4287 tres
1237 4231 1684 4303 quadragesimus
1705 4230 1849 4300 iciu-

249 4340 346 4385 net
378 4348 392 4382 :
425 4330 593 4381 unam
627 4336 752 4382 ante
779 4323 1025 4380 Natalem
1052 4323 1288 4389 Domini,
1331 4324 1629 4378 secundam
1656 4364 1672 4390 ,
1720 4333 1848 4379 ante

246 4419 505 4482 Pascha;
528 4416 762 4480 tertiam,
799 4422 921 4485 post
944 4412 1320 4469 Pentecosten.
1352 4412 1419 4466 Et
1458 4412 1514 4465 in
1546 4412 1632 4467 his
1670 4413 1841 4467 tribus

246 4505 691 4578 quadragesimis
712 4502 917 4573 ieiunet
954 4501 1089 4557 «litos
1130 4501 1246 4557 dies
1276 4501 1344 4557 ad
1375 4515 1577 4556 nonam
1616 4501 1670 4556 in
1715 4502 1841 4557 heb-

246 4597 512 4661 domade,
540 4602 596 4649 et
620 4594 685 4650 de
707 4594 852 4648 sicco
874 4592 994 4647 cibo
1016 4591 1285 4655 comedat,
1312 4598 1374 4644 ut
1402 4602 1564 4660 supra
1593 4597 1836 4644 notatum

243 4698 353 4747 est.
386 4686 459 4740 Et
489 4692 697 4739 sextam
736 4682 925 4738 feriam
959 4678 1167 4748 ieiunet
1209 4680 1267 4732 in
1306 4693 1446 4748 pane
1488 4687 1543 4734 et
1581 4694 1739 4748 aqua.
1777 4678 1834 4733 In

244 4778 474 4836 festivis
508 4783 689 4830 autem
717 4774 907 4830 diebus
928 4773 982 4828 in
1010 4770 1275 4842 superibri
1300 4771 1481 4840 capite
1505 4772 1840 4829 enumeratis

242 4883 446 4930 utatur
472 4870 596 4924 cibo
614 4875 672 4923 et
702 4875 830 4938 potu
854 4882 963 4936 quo
990 4876 1047 4923 et
1071 4863 1256 4921 caeteri
1284 4861 1601 4918 Christiani.
1632 4860 1738 4917 Sed
1761 4871 1837 4916 ta-

244 4980 378 5021 men
422 4961 743 5016 ebrietatem
782 4966 838 5012 et
877 4956 1083 5012 ventris
1117 4955 1503 5011 distensionem
1544 4967 1759 5025 semper
1784 4954 1839 5008 in

243 5053 515 5112 omnibus
534 5058 744 5107 caveat.

244 5162 403 5233 Quid
448 5160 556 5215 illis
598 5159 856 5231 agendum
884 5158 975 5228 qui
1019 5164 1278 5210 statutum
1314 5157 1582 5227 jejunium
1627 5156 1841 5226 implere

709 5284 713 5288 ,
925 5235 1204 5297 nequeunt.

314 5323 436 5392 Ωυί
466 5329 644 5392 Potest
665 5319 917 5390 ieiunare
941 5325 996 5373 et
1037 5316 1261 5387 implere
1284 5317 1429 5385 quod
1466 5317 1521 5370 in
1563 5315 1838 5370 Paeniten-

246 5418 371 5472 tiali
405 5414 672 5484 scriptum
694 5419 797 5476 est,
823 5412 1023 5466 bonum
1044 5417 1147 5473 cst,
1172 5419 1228 5462 ct
1248 5409 1357 5463 Deo
1384 5409 1587 5479 gratias
1615 5407 1836 5463 referat.

245 5510 356 5576 Qui
390 5514 576 5563 autem
601 5519 707 5560 non
731 5510 927 5574 potest,
954 5516 1050 5571 per
1075 5498 1502 5555 misericordiam
1532 5498 1628 5551 Dei
1666 5498 1842 5551 consi-

244 5608 392 5657 lium
431 5597 623 5652 damus
650 5596 755 5651 tale
782 5614 795 5647 :
826 5602 887 5648 ut
913 5608 1012 5649 nec
1046 5592 1171 5656 sibi,
1214 5605 1314 5645 nec
1336 5587 1494 5643 alicui
1521 5601 1742 5642 necesse
1772 5588 1842 5641 sit

249 5695 335 5748 vel
360 5689 569 5761 perire,
596 5686 680 5743 vel
710 5687 1018 5755 desperare.
1050 5682 1153 5736 Pro
1179 5695 1287 5735 uno
1307 5677 1394 5732 die
1422 5692 1579 5747 quem
1596 5675 1842 5748 ieiunare

1942 3223 2123 3289 debet,
2147 3224 2238 3279 det
2263 3223 2659 3293 eleemosynam
2679 3221 3010 3291 pauperibus
3046 3235 3158 3274 χιιι
3192 3219 3413 3275 solidos.
3455 3218 3523 3275 Et

1942 3328 2133 3368 omnes
2162 3319 2355 3368 sextas
2375 3311 2546 3371 ferias
2584 3311 2639 3365 in
2675 3325 2816 3380 pane
2841 3316 2896 3363 et
2932 3323 3072 3377 aqua
3110 3305 3340 3378 ieiunet.
3382 3307 3450 3361 Et
3475 3309 3532 3362 in

1945 3405 2123 3460 tribus
2150 3401 2582 3472 quadragesimis
2610 3400 2756 3454 illius
2787 3398 2937 3463 anni,
2967 3399 3356 3470 quantitatem,
3389 3397 3533 3466 quod

1944 3496 2048 3552 sibi
2070 3501 2407 3565 praeparatur
2432 3492 2485 3545 in
2511 3491 2649 3552 cibo,
2681 3488 2767 3544 vel
2806 3490 2860 3542 in
2902 3495 3029 3557 potu
3049 3527 3064 3552 ,
3097 3485 3226 3540 illud
3264 3487 3529 3550 aestimet,

1945 3585 2130 3656 quanti
2157 3582 2320 3655 pretii
2346 3596 2465 3637 esse
2496 3578 2668 3651 possit
2693 3596 2706 3631 :
2730 3586 2785 3632 et
2808 3576 3155 3631 medietatem
3190 3574 3335 3629 illius
3369 3575 3529 3646 pretii

1946 3678 2237 3734 distribuat
2260 3676 2315 3730 in
2354 3674 2756 3744 eleemosynam
2796 3668 3122 3740 pauperibus
3150 3707 3165 3732 ,
3207 3675 3263 3721 et
3309 3666 3527 3722 assidue

1946 3778 2068 3827 oret
2100 3769 2290 3824 Deum.

2098 3877 2165 3915 ne
2204 3872 2564 3914 russsv'rrzms
2605 3850 2867 3927 [000mm]
2907 3865 3079 3905 rana
3117 3863 3383 3904 EXEIPLA.

2171 3949 2257 4004 Ex
2281 3946 2502 4002 concilio
2529 3959 2721 4015 magno
2752 3941 2847 3995 sub
2874 3939 3140 3993 Ludovico
3170 3954 3308 4008 rege.

1990 4039 2079 4095 «Si
2099 4040 2220 4110 quis
2240 4038 2520 4108 presbyter
2543 4034 2668 4089 vitae
2696 4046 2808 4088 suae
2837 4029 3113 4102 negligens
3133 4028 3318 4098 pravis
3341 4038 3525 4083 exem-

1946 4130 2053 4202 plis
2072 4129 2212 4185 mala
2243 4129 2309 4184 de
2333 4142 2391 4183 sc
2419 4124 2684 4196 suspicari
2721 4121 3033 4193 permiserit
3052 4160 3066 4185 ,
3099 4128 3154 4174 et
3191 4119 3421 4189 populus
3458 4118 3529 4172 ab

1949 4223 2203 4293 episcopo
2232 4219 2543 4289 iuramento
2579 4230 2674 4270 seu
2708 4215 2889 4268 banno
2935 4209 3362 4296 Christianitatis
3396 4222 3526 4263 con-
3559 4216 3567 4220 ’

1951 4315 2175 4369 strictus
2198 4309 2475 4366 infamiam
2497 4306 2613 4375 eius
2637 4302 2988 4374 patefecerit,
3010 4309 3066 4353 et
3096 4298 3228 4354 certi
3250 4305 3528 4353 accusato-

1951 4421 2039 4462 res
2056 4402 2304 4460 criminis
2328 4400 2445 4469 eius
2472 4397 2764 4461 defuerint,
2796 4394 3152 4449 admoneatur
3179 4390 3356 4460 primo
3379 4404 3529 4444 seor-

1943 4498 2048 4554 sim
2076 4498 2144 4551 ab
2163 4494 2418 4564 episcopo
2446 4510 2461 4546 :
2493 4490 2687 4547 deinde
2717 4488 2818 4544 sub
2844 4487 3054 4541 duobus
3072 4484 3157 4539 vel
3176 4484 3348 4537 tribus
3380 4482 3527 4537 testi-

1940 4590 2062 4655 bus,
2091 4586 2137 4642 si
2162 4601 2273 4640 non
2291 4580 2683 4647 emendaverit,
2704 4580 2758 4633 in
2786 4584 3054 4633 conventu
3081 4574 3522 4645 presbyterorum

1938 4677 2223 4749 episcopus
2259 4688 2382 4729 eum
2426 4669 2642 4741 publica
2694 4666 3066 4736 increpatione
3115 4664 3420 4718 admoneat.
3465 4659 3526 4715 Si

1939 4782 2068 4821 vero
2096 4778 2271 4833 neque
2299 4762 2378 4817 sic
2410 4776 2469 4816 se
2505 4758 2772 4823 correxit,
2811 4758 2879 4811 ab
2917 4752 3092 4811 oﬂicio
3135 4749 3515 4820 suspendatur,

1939 4875 2110 4929 usque
2150 4860 2217 4913 ad
2263 4857 2480 4927 dignam
2522 4851 2973 4913 satisfactionem,
3021 4862 3089 4903 ne
3136 4844 3365 4915 populus
3396 4844 3533 4898 fide-

1941 4949 2070 5004 lium
2100 4949 2154 5003 in
2195 4961 2260 5001 eo
2290 4944 2603 5001 scandalum
2629 4941 2885 5014 patiatur.
2929 4938 2987 4994 Si
3031 4945 3210 4992 autem
3240 4943 3524 4990 accusato-

1942 5055 2030 5097 res
2072 5037 2296 5107 legitimi
2324 5036 2545 5099 fuerint,
2571 5034 2663 5103 qui
2697 5031 2814 5101 eius
2854 5030 3086 5085 erimina
3117 5024 3419 5082 manifestis
3446 5024 3528 5078 in-

1942 5133 2098 5191 diciis
2124 5132 2355 5203 probare
2385 5129 2794 5192 contenderint,
2832 5134 2888 5180 et
2929 5126 3043 5194 ipse
3070 5122 3368 5194 negaverit,
3400 5127 3527 5171 tunc

1944 5227 2058 5295 ipse
2084 5239 2206 5278 cum
2252 5222 2414 5277 sociis
2438 5219 2555 5288 eius
2586 5219 2826 5289 eiusdem
2855 5217 3062 5271 ordinis
3086 5231 3181 5269 sex
3210 5213 3256 5269 si
3299 5209 3464 5295 valet,
3492 5222 3520 5259 η

1943 5294 2171 5368 crimine
2192 5325 2250 5365 se
2268 5316 2547 5380 expurget.
2568 5308 2835 5361 Diaconus
2863 5319 3011 5368 vero,
3027 5303 3070 5358 si
3087 5302 3274 5356 eodem
3291 5294 3520 5353 crimine

1945 5410 2231 5459 accusatus
2258 5400 2442 5466 fuerit,
2484 5400 2831 5468 semetipsum
2873 5409 2995 5450 cum
3033 5391 3203 5446 tribus
3227 5385 3520 5442 examinet.

2012 5485 2309 5546 Diversitas
2347 5488 2625 5559 culparum
2674 5485 3044 5541 diversitatem
3085 5477 3217 5531 facit
3256 5474 3523 5545 poeniten-

1946 5584 2163 5638 tiarum.
2203 5581 2338 5635 Nam
2368 5587 2423 5636 et
2465 5593 2752 5648 corporum
2797 5571 2992 5628 medici
3039 5569 3251 5622 diversa
3289 5562 3526 5617 medica-

1948 5682 2127 5729 menta
2174 5678 2540 5741 componunt:
2574 5676 2652 5734 ut,
2698 5666 2856 5722 aliter
2896 5656 3348 5731 vulneranaliter
3379 5668 3524 5709 mor.
