3856 6190
407 213 520 269 ’107

401 331 565 393 ‘bum,
610 324 771 381 aliter
816 332 1077 386 tumores,
1119 319 1280 374 aliter
1305 317 1638 388 putredines,
1670 315 1828 370 aliter
1865 315 1996 370 cali-

409 420 591 488 gines,
637 415 794 469 aliter
820 408 1238 471 confractioues,
1283 405 1441 460 aliter
1473 404 1875 460 combustiones
1901 417 1997 457 cu-

405 517 558 563 rent.
601 505 684 559 .lta
728 512 784 558 et
829 498 1100 570 spiritales
1134 496 1334 552 medici
1379 493 1608 551 diversis
1650 494 1992 548 curationum

415 597 706 668 generibus
754 593 1059 646 animarum
1109 586 1333 641 vulnera
1379 599 1574 640 curare
1619 584 1836 640 debent.
1887 582 1996 638 Sed

414 686 540 754 quia
587 683 702 737 haec
733 691 1033 750 paucorum
1077 682 1162 730 est
1208 674 1276 728 ad
1322 686 1520 742 purum
1561 679 1758 728 cuncta
1797 685 1998 742 cogno-

413 791 586 840 scere,
632 783 688 829 et
715 786 929 836 curare,
973 778 1030 825 et
1059 768 1286 833 mederi,
1317 776 1479 838 atque
1512 770 1582 822 ad
1617 767 1886 837 integrum
1917 779 1998 820 sa-

415 868 542 922 lutis
574 874 775 922 statum
809 877 1090 927 revocare,
1129 861 1251 915 ideo
1274 859 1505 914 solerter
1532 857 1885 913 admonemus
1909 857 1999 910 do-

411 970 563 1015 ctum
599 969 870 1027 quemque
915 952 1257 1010 sacerdotem
1297 948 1522 1014 Christi,
1553 955 1614 1003 ut
1648 963 1760 1003 non
1799 962 1866 1003 ex
1899 961 1997 1002 suo

410 1064 596 1115 sensu,
624 1047 718 1103 sed
747 1044 1043 1101 secundum
1072 1056 1340 1098 canonum
1370 1046 1576 1094 statuta
1596 1045 1653 1092 et
1681 1037 1998 1094 traditiones

410 1138 636 1195 Patrum
655 1137 905 1192 universa
925 1135 1194 1204 disponat,
1223 1139 1278 1188 et
1294 1129 1784 1186 contradictionem
1799 1130 2001 1185 utrius-

409 1245 520 1300 que
571 1243 732 1284 sexus
759 1267 774 1292 ,
822 1233 1060 1289 aetatem,
1108 1237 1388 1294 personas,
1419 1227 1829 1290 paupertatem,
1869 1235 1998 1275 cau-

413 1335 550 1383 sam,
581 1325 782 1373 statum
826 1312 1087 1383 cujusque
1114 1309 1493 1382 pmnitentiam
1523 1308 1756 1379 agentis,
1795 1308 2000 1377 ipsum-

404 1426 521 1480 que
546 1425 643 1466 cor
671 1405 998 1478 pmnitentis
1036 1401 1319 1472 inspiciat;
1362 1408 1418 1455 et
1445 1399 1742 1455 secundum
1770 1399 1906 1465 haec,
1939 1407 2001 1454 ut

397 1504 590 1562 (visum
606 1497 908 1562 sibi-fuerit,
928 1502 988 1551 ut
1001 1489 1504 1564 sapiensjmedicus,
1529 1489 1745 1561 singula
1770 1504 1999 1560 queque

415 1591 690 1662 dijudicet.

611 1718 679 1756 EX
707 1717 892 1757 ’ωσι-ιε
929 1714 1088 1754 ΒΕΑΤῙ
1125 1710 1415 1752 ηιειιοιηηι
1453 1705 1802 1748 Ριιεευῖτειη.

415 1797 771 1853 Curcanones
805 1791 1024 1863 singulis
1052 1787 1360 1913 crigtinibus
1388 1784 1600 1839 modum
1629 1800 1733 1838 non
1751 1785 1998 1856 prseteri-

1167 1867 1276 1912 ant.

1167 1867 1276 1912 ant.

486 1959 794 2014 Mensuram
826 1959 1016 2008 autem
1053 1947 1320 2018 temporis
1349 1945 1646 2016 in'agenda
1677 1943 1998 2014 paenitentia

414 2066 521 2106 non
551 2049 686 2104 satis
725 2052 910 2116 aperte
947 2039 1235 2111 praeﬁgunt
1273 2051 1509 2092 canones
1544 2051 1646 2107 pro
1673 2049 2000 2104 unoquoque

415 2141 660 2202 crimine,
689 2146 750 2192 ut
774 2137 840 2192 de
861 2131 1096 2204 singulis
1119 2131 1302 2185 dicant
1325 2127 1558 2198 qualiter
1579 2125 2000 2194 unumquodque

417 2231 816 2289 emendandum
855 2227 946 2291 sit,
988 2225 1083 2281 sed
1120 2223 1297 2294 magis
1339 2223 1394 2276 in
1437 2220 1666 2275 arbitrio
1703 2219 1998 2275 sacerdotis

414 2322 694 2391 'intolligen
703 2319 771 2375 tis
791 2315 1204 2386 relinquendum
1224 2319 1489 2378 statuunt,
1515 2311 1643 2382 quia
1664 2310 1807 2380 apud
1828 2309 2000 2365 Deum

417 2421 668 2469 nontam
691 2409 840 2465 valet
864 2420 1119 2462 mensura
1157 2402 1417 2474 temporis
1445 2416 1610 2472 quam
1639 2399 1864 2465 doloris,
1899 2413 2002 2454 nec

415 2500 745 2559 abstinentia
765 2504 980 2553 tantum
1001 2495 1252 2551 ciborum
1279 2507 1442 2562 quam
1468 2490 1816 2546 mortiﬁcatio
1844 2488 2002 2543 vitio-

415 2609 559 2650 rum.
597 2591 826 2662 Propter
852 2588 996 2659 quod
1027 2595 1268 2656 tempora
1293 2582 1633 2654 paenitentia:
1659 2581 1766 2637 fide
1792 2588 1848 2636 et
1871 2595 2001 2636 con-

415 2683 725 2741 versatione
750 2676 1130 2751 pmnitentinm
1165 2672 1529 2730 abbrevianda
1562 2669 1914 2741 praecipiunt,
1945 2676 2002 2725 et

412 2770 744 2848 negligentia
783 2768 1097 2841 protelanda
1123 2765 1468 2822 existimant.
1500 2763 1707 2820 Tamen
1739 2777 1842 2831 pro
1879 2759 1999 2831 qui-

411 2868 649 2925 busdam
675 2861 847 2932 culpis
875 2860 1016 2915 modi
1045 2857 1376 2929 pmnitentiat
1405 2861 1532 2912 sunt
1559 2852 1818 2923 impositi,
1845 2849 1999 2920 juxta

407 2974 555 3030 equos
576 2962 784 3011 caeteras
810 2951 1203 3022 perpendenda
1226 2954 1352 3003 sunt
1379 2944 1572 3016 culpae,
1593 2957 1718 2998 cum
1743 2941 1818 2998 sit
1841 2939 1999 2996 facile

415 3063 516 3121 per
545 3043 764 3100 eosdem
790 3039 981 3098 modos
1005 3037 1304 3095 vindictam
1322 3042 1387 3091 et
1406 3045 1702 3090 censuram
1728 3043 2000 3086 canarium

417 3138 758 3193 existimare.

500 3262 734 3305 seuerus
765 3260 866 3301 tso
903 3259 1034 3298 rem
1069 3253 1295 3298 cumcos
1329 3251 1593 3296 srtscom
1625 3234 1764 3309 (cap.
1815 3233 1926 3306 ll).

569 3340 646 3395 De
674 3338 998 3408 confessione
1020 3332 1371 3406 paenitentiam
1398 3347 1502 3386 non
1527 3326 1863 3400 publicanda.

489 3454 643 3511 Illam
669 3449 1145 3522 praesumptionem
1173 3461 1335 3517 quam
1364 3459 1537 3516 nuper
1563 3448 1754 3498 contra
1788 3447 2002 3511 aposto-

415 3547 583 3602 licam
617 3540 861 3613 regulam
895 3536 1089 3609 agnovi
1128 3551 1160 3590 a
1194 3535 1514 3606 quibusdam
1556 3532 1742 3588 illicita
1772 3546 2001 3601 usurpa-

418 3636 572 3690 tione
596 3630 888 3694 committi,
907 3627 1082 3682 modis
1099 3625 1352 3680 omnibus
1371 3623 1646 3677 constituo
1669 3619 1996 3677 submoveri.

421 3726 501 3781 De
525 3721 848 3793 paenitentia
879 3718 1084 3772 scilicet
1107 3731 1227 3784 qua:
1251 3729 1282 3767 a
1299 3713 1554 3768 ﬁdelibus
1575 3713 1908 3782 postulatur,
1930 3728 2001 3767 ne

420 3819 490 3872 de
536 3813 873 3883 singulorum
923 3821 1122 3878 genere
1170 3815 1516 3876 peccatorum
1562 3804 1754 3860 libellis
1800 3805 2001 3874 scripta

420 3903 690 3977 professio
727 3898 1033 3970 publicetur
1074 3894 1549 3959 conscientiarum,
1600 3893 1829 3948 sutliciat
1873 3894 2002 3950 solis

417 3990 798 4054 sacerdotibus
836 3985 1064 4043 indicari
1093 3982 1434 4040 confessione
1473 3991 1703 4040 secreta.
1743 3984 2002 4052 Quamvis

421 4086 568 4143 enim
603 4078 890 4154 plenitudo
924 4076 1051 4132 ﬁdei
1082 4075 1331 4130 videatur
1368 4088 1488 4129 esse
1521 4072 1835 4140 laudabilis,
1880 4091 2001 4144 qum

421 4183 646 4250 propter
674 4171 776 4229 Dei
803 4169 1057 4226 timorem
1085 4167 1228 4237 apud
1266 4165 1515 4221 homines
1543 4165 1863 4219 erubescere
1892 4180 2000 4220 non

421 4249 697 4328 vereatur,
727 4267 927 4323 tamen,
971 4256 1100 4327 quia
1133 4270 1239 4310 non
1268 4253 1509 4311 omnium
1542 4249 1848 4320 huiusmodi
1877 4259 2002 4306 sunt

419 4365 668 4428 peccata,
703 4362 767 4408 ut
810 4366 896 4416 ea,
941 4349 1035 4420 qui
1075 4344 1449 4418 paenitentiam
1487 4349 1737 4415 poscunt,
1780 4358 1889 4398 non
1932 4342 1996 4396 ti-

418 4456 606 4506 meant
645 4444 922 4518 publicare
941 4481 957 4508 ,
1000 4445 1314 4496 amoveatur
1354 4435 1728 4507 improbabilis
1764 4446 1997 4491 consue-

419 4539 593 4595 tudo:
627 4551 696 4591 ne
725 4531 911 4589 multis
954 4545 985 4584 a
1031 4526 1364 4600 poenitentiae
1405 4525 1658 4580 remediis
1685 4532 1994 4590 arceantur,

417 4627 552 4684 dum
579 4633 674 4681 aut
697 4622 1042 4685 erubescunt,
1069 4629 1163 4672 aut
1187 4623 1437 4670 metuunt
1458 4613 1691 4669 inimicis
1719 4613 1832 4668 suis
1853 4611 1995 4668 facta

421 4729 521 4772 sua
566 4712 828 4777 reserari,
877 4711 1072 4779 quibus
1118 4716 1343 4780 possunt
1388 4707 1564 4776 legum
1611 4706 1998 4762 constitutione

419 4802 662 4875 percelli.
703 4799 912 4855 Sufficit
952 4799 1095 4853 enim
1142 4795 1233 4850 illa
1285 4794 1552 4850 confessio
1595 4809 1714 4864 quae
1761 4795 1998 4864 primum

422 4893 653 4950 Domino
689 4888 932 4954 offertur,
971 4896 1100 4942 tunc
1137 4886 1302 4940 etiam
1336 4883 1603 4939 sacerdoti
1643 4883 1734 4952 qui
1762 4899 1862 4954 pro
1901 4885 1997 4940 de-

419 4983 567 5041 lictis
600 4979 980 5052 pcenitentium
1023 4978 1342 5046 deprecator
1385 4975 1613 5030 accedit.
1658 4974 1809 5030 Tunc
1853 4978 1997 5031 enim

419 5075 605 5147 plures
633 5072 701 5126 ad
729 5068 1107 5140 paenitentiam
1130 5073 1384 5134 poterunt
1402 5066 1719 5136 provocari,
1745 5068 1789 5121 si
1816 5068 1997 5138 populi

416 5163 648 5220 auribus
675 5175 784 5215 non
809 5158 1112 5228 publicetur
1132 5156 1462 5211 conscientia
1489 5157 1814 5213 confitentis.

605 5261 610 5263 ’
657 5287 726 5326 sx
761 5283 1020 5324 nscssrts
1051 5283 1298 5322 EVABISTI
1332 5283 1476 5322 pars:
1513 5268 1652 5340 (cap.
1681 5269 1758 5342 5).

494 5365 568 5422 Ut
609 5361 912 5436 presbyteri
956 5360 1024 5416 de
1061 5359 1287 5414 occultis
1325 5361 1566 5430 peccatis
1602 5360 1847 5430 jussioue
1885 5363 1998 5432 epi-

423 5457 574 5524 scopi
599 5455 926 5526 paenitentes
951 5450 1322 5516 reconcilient,
1351 5460 1428 5517 et,
1451 5452 1592 5506 sicut
1613 5453 1987 5522 suprascripsi.

424 5562 569 5613 mus,
596 5546 932 5604 inﬁrmautes
959 5542 1239 5601 absolvant
1264 5553 1319 5599 et
1343 5545 1758 5600 communicent.

1394 201 1794 261 llALl'l‘GARll
1830 201 2140 260 EPISCOPI
2179 201 2709 261 CAHERACENSIS

3535 217 3614 272 708

2022 318 2072 377 Α
2461 329 2528 367 sx
2569 327 2748 368 utc'rts
2782 326 2971 368 SANc'l'l
3009 326 3296 371 Δυουετικι.

2099 399 2168 456 Ut
2219 403 2530 458 canonicum
2578 403 2860 478 remedium
2905 403 3098 458 occulte
3137 407 3372 476 confessis
3410 410 3605 478 primitus

2743 472 3026 526 indicatur.

2169 585 2228 642 Si
2255 586 2378 656 quis
2407 586 2675 643 incestum
2699 585 2911 641 occulte
2935 588 3285 654 commiserit,
3313 598 3365 644 et
3386 595 3607 652 sacerdoti

2096 678 2494 736 confessionem
2522 679 2733 734 occulte
2763 679 2962 748 egerit,
2998 679 3257 734 indicetur
3286 681 3333 736 ei
3361 686 3610 742 remedium

2097 772 2421 826 canonicum
2470 771 2614 840 quod
2662 771 2846 826 subire
2892 771 3163 826 debuisset
3204 772 3251 826 si
3293 773 3400 843 ejus
3441 774 3612 833 facinus

2096 862 2430 931 publicatum
2470 862 2678 917 fuisset.
2726 862 2926 917 Verum
2967 863 3092 931 quia
3130 861 3258 917 latet
3295 868 3612 932 commissum,

2099 955 2257 1009 detur
2281 953 2332 1008 ei
2361 968 2393 1008 a
2425 954 2705 1011 sacerdote
2732 951 3043 1018 consilium,
3072 961 3131 1006 ut
3156 953 3309 1008 saluti
3335 957 3504 1012 animai
3528 973 3615 1014 sua

2096 1059 2199 1114 pro
2225 1043 2438 1099 occulta
2475 1044 2794 1116 paenitentia
2818 1042 3069 1114 proficiat
3097 1062 3110 1097 :
3144 1044 3245 1101 hoc
3268 1053 3370 1113 est,
3397 1055 3452 1102 ut
3473 1049 3616 1118 gravi~

2097 1142 2184 1188 ter
2209 1149 2269 1189 se
2297 1148 2365 1188 ex
2399 1135 2564 1189 corde
2600 1132 2892 1202 deliquisse
2917 1132 3242 1190 conﬁteatur
3273 1155 3287 1191 :
3319 1152 3408 1207 per
3431 1136 3615 1206 jejunis,

2097 1224 2579 1300 egeleemosynas,
2608 1224 2950 1295 vigiliasque,
2984 1234 3151 1295 atque
3184 1241 3360 1284 sacras
3393 1229 3616 1283 orationes

2097 1330 2223 1372 cum
2264 1315 2524 1385 lacrymis
2565 1329 2627 1372 se
2668 1330 2901 1386 purgare
2941 1317 3251 1380 contendat,
3289 1324 3342 1373 et
3381 1318 3451 1374 sic
3485 1334 3535 1374 se
3566 1320 3617 1373 ad

2098 1423 2252 1481 spem
2277 1406 2450 1463 veniae
2470 1421 2570 1476 pro
2597 1405 2969 1470 misericordia
2994 1407 3274 1477 pervenire
3293 1408 3519 1464 conﬁdat

2395 1533 2466 1572 sx
2497 1532 2761 1573 nscasrrs
2798 1533 2870 1573 rit
2907 1534 3057 1573 pars
3099 1517 3235 1590 (cap.
3274 1495 3374 1591 i0).

2101 1609 2185 1666 Ne
2211 1611 2511 1680 renitentes
2537 1617 2658 1664 ante
2683 1611 3186 1691 consummationem
3212 1611 3496 1682 penitentia-
3515 1628 3620 1666 cout-

2743 1690 3006 1733 muniunt
3013 1718 3030 1734 .

2023 1650 2072 1710 Β

2166 1788 2500 1846 Penitentes
2545 1802 2655 1846 non
2700 1788 2899 1844 debet»
2937 1789 3338 1845 communicare
3373 1798 3482 1845 ante
3521 1805 3622 1846 con-

2099 1879 2517 1936 summationem
2538 1879 2895 1950 ptenitentiai.
2919 1879 3078 1947 Quod
3097 1881 3410 1950 praenitentes
3429 1897 3457 1936 a
3477 1881 3620 1936 convi-

2096 1970 2222 2035 viis,
2262 1978 2320 2027 et
2344 1969 2708 2034 ornamentis,
2743 1977 2908 2039 atque
2945 1969 3070 2026 alba
3099 1977 3248 2026 veste
3284 1971 3526 2026 abstinere
3551 1971 3618 2026 de-

2097 2061 2292 2128 beant;
2329 2069 2386 2115 et
2417 2060 2697 2118 discordes
2729 2062 2802 2116 ab
2834 2061 3072 2118 ecclesia
3098 2045 3380 2136 pellantur,
3407 2060 3619 2118 me

2096 2166 2289 2223 pacem
2313 2149 2559 2206 redeant.

2521 2277 2591 2318 ει
2623 2277 2888 2320 ποιεῖτε
2918 2277 3062 2319 τηυξ
3095 2280 3262 2319 PLM.
3583 2323 3587 2328 ,

2102 2357 2255 2424 Quod
2294 2357 2362 2411 sit
2389 2355 2709 2431 sitnoniocus
2746 2356 3049 2431 quicunque
3076 2352 3523 2431 reconciliationem
3549 2365 3620 2431 pro

2132 2444 2348 2482 munere
2371 2425 2450 2480 uel
2469 2425 2639 2496 dignis
2661 2423 3049 2494 negotiumue!
3070 2424 3294 2494 indignis
3317 2423 3594 2477 concesserit.

2167 2535 2243 2592 Ut
2273 2547 2433 2590 nemo
2460 2533 2904 2604 presbyterum
2929 2532 3184 2598 senium,
3215 2530 3299 2587 vel
3324 2528 3623 2600 quodme

2097 2625 2526 2683 emolumentum
2572 2621 2891 2692 temporale,
2938 2623 3058 2678 imo
3105 2622 3468 2678 detrimentum
3499 2615 3621 2685 spiri-

2100 2719 2230 2783 tale,
2276 2732 2309 2774 a
2353 2730 2676 2788 quocunque
2711 2714 2927 2785 publice
2957 2720 3231 2785 peccante
3255 2711 3338 2768 vel
3373 2711 3621 2766 incestum

2099 2807 2359 2880 accipiat,
2403 2812 2466 2863 ut
2509 2807 2762 2878 episcopo
2804 2803 2892 2860 vel
2936 2804 3208 2860 ministris
3247 2802 3359 2871 ejus
3393 2805 3618 2870 peccatum

2095 2902 2245 2957 illius
2273 2900 2542 2957 reticeat:
2573 2911 2678 2953 nec
2702 2911 2802 2966 pro
2839 2904 3102 2965 respectu
3132 2896 3380 2968 cujusque
3407 2900 3617 2959 personat

2027 2985 2072 3048 C
2103 3001 2198 3048 aut
2221 2988 2725 3062 consanguinitatis,
2756 2985 2850 3059 (vel
2881 2985 3294 3052 familiaritatis,
3319 2981 3488 3038 alienis
3505 2991 3618 3033 com-

2100 3087 2387 3142 municans
2425 3083 2691 3156 peccatis,
2735 3081 2842 3137 hoc
2886 3081 3175 3154 episcopos
3219 3081 3517 3136 innotescere
3552 3071 3622 3125 de-

2102 3181 2336 3232 treCtet:
2366 3189 2468 3231 nec
2493 3189 2525 3228 a
2547 3185 2819 3244 quoquam
2847 3170 3156 3242 pmnitente
3180 3177 3271 3225 aut
3294 3167 3530 3241 gratiam,
3550 3167 3620 3215 aut

2094 3267 2361 3332 favorem,
2392 3273 2486 3320 aut
2505 3277 2701 3320 munus
2726 3262 3012 3332 suscipere
3039 3270 3356 3334 praesumat;
3383 3265 3465 3313 aut
3483 3253 3620 3308 minus

2099 3359 2262 3430 digne
2300 3357 2652 3427 poenitentem
2694 3355 2763 3411 ad
2803 3355 3303 3410 reconciliationem
3338 3349 3556 3407 adducat.
3580 3338 3617 3393 ά

2099 3450 2467 3505 testimonium
2504 3445 2959 3503 reconciliationis
2998 3446 3147 3503 ferat
3185 3465 3198 3502 :
3241 3445 3323 3501 vel
3359 3446 3619 3504 cunctim“

2098 3541 2289 3606 livore,
2326 3539 2491 3593 alium
2536 3537 2834 3609 quemlibet
2874 3536 3098 3607 dignius
3143 3537 3466 3608 paenitenter!
3497 3541 3528 3581 s'
3551 3538 3616 3578 re—

2099 3630 2478 3687 conciliatione
2522 3638 2821 3692 removeat,
2874 3627 3005 3698 quia
3056 3629 3161 3685 hoc
3206 3623 3546 3684 simoniacum.
3577 3619 3619 3667 ει

2097 3722 2210 3778 Deo
2236 3728 2290 3777 et
2311 3719 2624 3777 hominibus
2651 3718 2985 3786 contrarium
3019 3730 3124 3776 est.

2381 3847 2457 3887 sx
2485 3846 2750 3887 'DECBETIS
2786 3850 2926 3890 Lucri
2962 3849 3115 3889 pars
3156 3832 3287 3903 (cap.
3321 3828 3390 3899 5).

2355 3923 2440 3980 Ne
2466 3923 2580 3996 quis
2608 3925 2742 3994 pom?
2746 3925 2962 3978 tentiam
2991 3922 3240 3979 morienti
3259 3926 3407 3991 neget.

2167 4040 2229 4098 Si
2273 4039 2398 4110 quis
2433 4038 2725 4110 presbyter
2766 4037 3151 4109 pmnitentiam
3192 4025 3504 4102 abnegaverit
3531 4034 3617 4076 ino-

2098 4130 2389 4195 rientibus,
2419 4143 2546 4183 reus
2577 4135 2662 4183 est
2691 4127 3034 4195 animarum,
3063 4127 3192 4197 quia
3223 4122 3460 4180 Dominus
3480 4110 3611 4169 dicit:

2100 4220 2440 4290 Quacumque
2474 4218 2559 4272 die
2591 4233 2869 4272 conuersus
2898 4216 3065 4286 fuerit
3092 4221 3347 4287 peccator,
3374 4209 3464 4263 vita
3494 4202 3614 4258 sive.

2021 4323 2076 4383 D
2100 4322 2276 4367 etnon
2300 4311 2571 4366 morietur.
2599 4309 2740 4364 Vera
2766 4308 2912 4363 enim
2934 4305 3220 4364 conversio
3252 4304 3303 4358 in
3334 4298 3499 4356 ultimo
3517 4302 3615 4383 tetu-

2097 4416 2234 4473 pore
2252 4415 2380 4458 esse
2400 4406 2600 4470 potest,
2625 4399 2750 4468 quia
2780 4397 3040 4454 Dominus
3069 4411 3178 4452 non
3203 4393 3366 4450 solum
3390 4377 3612 4452 temporis.

2101 4492 2196 4549 sed
2221 4490 2400 4548 cordis
2424 4490 2700 4559 inspector
2726 4495 2827 4543 est.

2587 4601 2673 4656 Em
2695 4599 2914 4656 concilio
2939 4599 3211 4654 Toletum.

2169 4713 2422 4784 Ερῖεοουὶ
2472 4713 2528 4767 in
2570 4697 2918 4783 protegendis
2962 4709 3175 4780 populis
3218 4719 3286 4760 ac
3325 4688 3615 4756 defendendis

2101 4783 2408 4876 impositam
2441 4802 2546 4858 sibi
2587 4816 2773 4856 curam
2811 4816 2922 4856 non
2963 4801 3256 4870 ambigam.
3293 4783 3611 4859 ideoquedum

2100 4892 2439 4963 conspiciunt
2480 4899 2731 4962 potentes
2768 4905 2833 4946 ac
2867 4890 3077 4962 iudices
3117 4897 3402 4958 pauperum
3435 4880 3608 4944 ομρτεε·

2099 4999 2249 5038 sores
2275 4983 2529 5042 existere.
2565 4981 2718 5050 prius
2746 4995 2840 5036 eos
2860 4977 3183 5036 sacerdotali
3212 4967 3535 5030 admonitione

2099 5075 2394 5144 darguant;
2422 5080 2480 5128 et
2503 5046 3014 5141 iii—contempserint
3039 5063 3308 5124 emendari
3325 5101 3340 5127 ,
3363 5066 3522 5144 eorth
3549 5046 3608 5098 ίυ-

2098 5140 2382 5220 solentiam
2409 5163 2553 5233 regis
2576 5160 2800 5216 auribus
2819 5140 3096 5222 intlment,
3126 5165 3188 5212 ut
3207 5168 3337 5225 quos
3361 5140 3608 5205 sacerdou'

2098 5255 2165 5310 lis
2186 5253 2480 5308 admonitio
2501 5265 2610 5306 non
2629 5251 2798 5306 ﬂectit
2820 5250 2888 5305 ad
2903 5247 3184 5321 justitiam,
3211 5240 3396 5315 regalis
3417 5233 3605 5306 90W

2099 5347 2166 5400 ab
2193 5343 2535 5415 improbitate
2560 5349 2828 5397 coerceat.

2559 5453 2634 5508 De
2665 5452 2790 5522 ﬁliis
2819 5468 2922 5506 non
2946 5449 3203 5520 legitimis.
3511 5515 3522 5530 ο

2169 5545 2290 5599 Filii
2345 5558 2471 5599 vero
2519 5557 2586 5596 ex
2640 5540 3024 5614 hujuscemodi.
3059 5530 3386 5608 vituperabili
3425 5528 3600 5588 60³1⁸⁸⁸
