3856 6190
158 306 273 360 ἴδιῖ

925 304 1169 361 SANCTI
1203 301 1516 359 ANSEGISI
1551 303 1837 362 ABBATIS
1864 303 2475 362 FO'NTANELLENSIS
2511 304 2689 360 VITA.

3315 307 3416 361 Ἱδᾶ

154 421 284 472 sive
312 431 437 487 qua:
470 425 657 487 postea
700 430 872 487 eidem
911 415 1118 471 collata:
1155 416 1369 472 fuerant
1409 417 1650 472 ecclesia:
1689 418 1742 471 in
1771 423 1820 480 Α
1847 417 2050 472 siarum
2093 415 2467 487 defendamur,
2509 417 2649 487 sicut
2678 431 2776 485 per
2798 417 2982 472 eadem
3009 425 3329 481 strumenta,
3368 420 3424 472 si-

147 487 286 556 jurc
318 485 374 541 et
408 485 677 557 potestate
713 485 882 557 ipsius
911 487 1058 540 omni
1089 495 1329 555 tempore
1352 487 1580 557 ﬁrmiter
1602 502 1742 557 _eon-

154 555 454 612 sisterent.
500 555 578 610 0b
615 555 924 608 ﬁrmitatem
955 564 1132 608 tamen
1163 557 1239 609 rei
1279 556 1570 612 postulavit
1595 555 1744 609 Jere-

156 628 310 681 mias
328 625 791 680 mansuetudinem
814 633 1054 678 nostram
1079 633 1136 677 ut
1156 625 1368 679 easdem
1394 626 1744 680 auctoritates

154 705 395 766 propter
421 708 661 750 amorem
688 694 781 766 Dei
804 701 859 748 et
881 703 1080 766 nostra:
1107 695 1371 766 mercedis
1397 703 1743 766 augmentum

156 762 310 820 imv'a
375 765 574 819 iterum
625 763 1031 818 conﬁrmatione
1091 762 1512 818 roborassemus.
1581 762 1745 831 Cujus

153 835 428 903 precibus
463 834 691 902 benigne
714 833 1104 903 adquievimus,
1127 840 1181 886 et
1207 834 1309 886 bac
1343 841 1746 903 nostraaucto-

157 901 334 957 ritate
355 902 577 970 jubente
600 901 890 956 Statuimus
919 911 977 956 ut
1002 903 1047 956 si
1079 902 1216 956 forte
1241 916 1403 970 super
1426 901 1630 955 eisdem
1655 916 1740 955 re-

153 972 265 1027 bus
286 972 571 1042 appellatis
585 973 696 1042 jam
719 986 861 1042 sepe
889 971 1044 1026 dicta:
1065 971 1304 1026 ecclesia:
1328 971 1584 1042 moderno
1606 979 1740 1024 tem-

153 1057 298 1109 pore
314 1041 441 1111 jure
464 1041 731 1110 possessis
763 1041 846 1095 vel
871 1050 1157 1111 antequam
1189 1049 1485 1111 strumenta
1525 1041 1740 1111 charta-

157 1127 288 1180 rum
317 1109 672 1180 deperissent,
713 1111 938 1178 qumstio
970 1109 1091 1180 orta
1116 1110 1296 1173 fuerit,
1328 1111 1387 1162 ut
1415 1109 1655 1178 legaliter
1681 1109 1736 1162 in

157 1179 282 1233 foro
299 1179 591 1248 disceptari
617 1195 834 1234 necesse
864 1181 954 1233 sit.
985 1179 1058 1232 lta
1083 1196 1178 1248 per
1202 1180 1341 1233 hanc
1364 1189 1604 1232 nostram
1635 1193 1734 1248 au-

158 1247 476 1304 ctoritatem
519 1248 718 1305 eardem
754 1265 842 1304 res
881 1257 936 1304 et
964 1247 1231 1318 mancipia
1278 1249 1517 1316 ipsarum
1567 1247 1740 1302 eccle-

1844 487 2051 555 perdita
2085 502 2188 540 non
2229 486 2476 557 fuissent,
2501 486 2712 557 defendi
2737 494 3001 557 poterant.
3036 487 3184 542 Hanc
3217 489 3420 557 quippe

1848 557 2224 610 auctoritatem
2268 565 2323 608 ut
2369 555 2665 623 pleniorem
2708 557 2758 608 in
2789 555 2879 608 Dei
2923 557 3136 610 nomine
3174 555 3420 612 obtineat

1847 626 2082 695 vigorem
2108 665 2122 688 ,
2159 634 2214 678 ct
2249 625 2456 695 cunctis
2487 625 2538 695 in
2579 623 2823 695 futurum
2853 626 3181 693 temporibus
3209 628 3276 680 ab
3301 642 3422 680 om-

1846 692 2002 748 nibus
2031 703 2232 747 sanctze
2257 693 2352 747 Dei
2384 693 2638 748 Ecclesia:
2664 692 2907 748 ﬁdelibus
2937 692 2992 747 et
3017 697 3216 750 nostris
3243 695 3418 748 invio-

1847 763 2081 832 labiliter
2115 771 2482 825 conservetur,
2512 778 2673 816 manu
2707 765 2920 832 propria
2949 764 3422 818 subterﬁrmamus

1845 840 1901 888 et
1926 831 2108 902 annuli
2139 832 2306 902 nostri
2332 833 2684 902 impressione
2710 831 2934 902 sigillari
2957 833 3238 900 jussimus.

1917 901 2090 972 (Data
2117 917 2188 972 vn
2218 901 2340 972 ldus
2369 901 2510 972 Maii,
2528 900 2920 972 an~no,Clii'isto
2947 904 3199 972 prOpitio,
3227 902 3290 954 l5
3314 901 3417 954 im-

1839 971 1974 1041 perii
2001 970 2180 1041 domui
2200 970 2471 1041 Ludovici
2501 971 2724 1041 piissimi
2749 970 3000 1041 Augusti,
3038 970 3326 1025 indictione
3353 972 3407 1024 4.

1839 1039 2032 1111 {totum
2075 1039 2500 1111 Aquisgranensi
2530 1039 2733 1108 palatio
2773 1039 2919 1111 regio
2962 1043 3016 1095 in
3058 1042 3150 1094 Dei
3197 1043 3415 1095 nomine

1840 1107 2088 1163 feliciter.
2115 1108 2305 1161 Amen.
2353 1127 2374 1159 ›
2532 1107 2543 1108 “
2601 1143 2610 1154 ,

1910 1177 2152 1230 Mortuus
2195 1184 2278 1230 est
2299 1176 2578 1232 Jcremias
2619 1193 2693 1230 vu
2737 1177 2860 1232 ldus
2902 1180 3154 1234 Decemh.
3193 1179 3320 1245 827,
3359 1189 3416 1234 ct

1839 1246 2080 1315 sepultus
2101 1254 2184 1300 est
2210 1246 2263 1299 in
2291 1248 2620 1300 monasterio
2643 1247 2854 1302 Sanctae
2883 1249 3172 1304 Columbae.

1031 1523 1672 1642 JEREMUE
1754 1520 2528 1635 EPISTOL/E.

646 1813 978 1872 EPISTOLA
1012 1813 1244 1868 PRIMA.

729 1943 797 1981 ΑΙ)
835 1939 1166 1980 AMALARIUM.

383 2018 551 2087 {Vide
586 2016 727 2086 infra
763 2017 900 2072 inter
929 2014 1173 2086 epistolas
1207 2012 1524 2085 Amalarii.)

725 2126 1061 2184 EPISTOLA
1100 2126 1163 2181 ll.
1205 2173 1208 2176 .

385 2236 452 2274 AD
481 2231 823 2274 FRO‘I‘HARIUH
865 2231 1174 2271 TULLENSEM
1208 2230 1520 2272 EPISCOPUI.

297 2330 496 2403 (Apud
543 2327 825 2385 Chcsuium
850 2369 865 2394 ,
911 2337 1037 2384 tom.
1092 2327 1155 2382 ΙΙ
1186 2369 1204 2394 ,
1249 2345 1372 2398 pag.
1421 2328 1590 2400 722.)

227 2439 516 2506 Jeremias,
537 2439 792 2494 minimus
815 2437 1015 2493 Christi
1054 2436 1305 2502 famulus,
1329 2438 1649 2493 charissimo
1676 2445 1732 2493 et

163 2545 378 2601 semper
418 2529 694 2601 diligendo
731 2536 787 2582 et
823 2527 1194 2598 amplectenda
1244 2527 1396 2582 fratri
1445 2527 1729 2585 Frothario

161 2622 460 2680 venerabili
487 2622 738 2692 episcopo
757 2620 1138 2690 sempiternam
1159 2628 1286 2689 Opto
1315 2619 1563 2675 salutem.

227 2713 368 2782 Quid
409 2713 707 2784 gratiarum
753 2711 1021 2766 actionem
1069 2710 1300 2766 referam
1338 2727 1436 2780 pro
1475 2711 1562 2766 his
1608 2727 1733 2781 quae

161 2820 290 2860 mea:
316 2805 574 2875 parvitati
611 2818 708 2873 per
732 2810 1050 2873 praesentem
1091 2802 1478 2856 internuntium
1514 2816 1728 2857 reman-

158 2895 284 2949 dare
309 2895 571 2966 dignatus
613 2909 693 2959 es,
723 2893 927 2947 nescio.
957 2891 1136 2947 Unum
1161 2901 1338 2947 tamen
1369 2893 1545 2947 scribo
1562 2929 1584 2958 ,~
1598 2893 1726 2964 quia

156 2985 398 3041 charitas
426 2995 540 3050 tua,
562 2985 700 3040 sicut
722 2993 978 3040 consueta
1000 2992 1083 3039 est
1113 2984 1310 3048 facere,
1340 2985 1547 3040 liberali
1566 2986 1727 3040 modo

154 3091 210 3130 se
230 3075 500 3130 facturam
525 3077 791 3147 promisit.
813 3075 925 3130 Etsi
951 3075 1165 3145 quidem
1186 3077 1231 3132 si
1260 3076 1417 3132 aliter
1443 3078 1724 3134 sinceritas

1755 1817 1803 1876 Β
1832 1809 2166 1864 manifestus.
2199 1807 2352 1864 Nunc
2391 1817 2570 1864 autem
2602 1809 2838 1878 praemisi
2873 1810 3016 1866 hunc
3042 1827 3273 1882 puerum
3309 1835 3406 1874 no-

1838 1911 2010 1956 strum
2049 1911 2174 1956 ante
2201 1916 2355 1957 carra
2386 1911 2568 1956 nostra
2588 1943 2602 1966 ,
2634 1913 2687 1956 et
2709 1911 2899 1958 caetera
2932 1905 3227 1974 stipendia,
3256 1917 3316 1962 ut
3341 1912 3407 1966 de

1836 1993 1916 2048 eis
1940 1993 2132 2061 jubere
2160 1992 2426 2062 digneris,
2467 1993 2607 2047 sicut
2642 2003 2745 2046 tua:
2779 1993 3048 2048 dilectioni
3081 1995 3212 2049 mihi
3244 2013 3402 2052 mau-

1835 2081 1964 2138 dare
1993 2082 2193 2152 placuit
2221 2097 2236 2135 :
2260 2097 2324 2136 eo
2349 2081 2556 2136 Scilicet
2586 2082 2772 2147 modo,
2810 2090 2869 2136 ut
2898 2091 3087 2138 cuncta
3117 2085 3261 2139 salva
3283 2103 3406 2156 pcr-

1834 2174 2099 2229 ducantur
2127 2173 2196 2229 ad
2221 2173 2397 2228 locum
2432 2189 2537 2243 quo
2570 2172 2932 2241 irejuhemur.
2975 2174 3239 2231 Pmterea
3263 2193 3395 2232 con-

1837 2263 1963 2334 tigit
2012 2264 2067 2318 in
2122 2272 2303 2318 nostra
2342 2263 2615 2333 provincia
2673 2265 2921 2333 praesenti
2972 2280 3112 2320 anno
3156 2267 3233 2320 sal
3283 2266 3406 2323 fore

1831 2349 2252 2415 charissimum,
2307 2366 2373 2406 eo
2427 2351 2571 2421 quod
2618 2361 2837 2420 propter
2890 2351 3101 2421 pluvias
3150 2355 3202 2407 in
3257 2357 3402 2411 aeris

1833 2439 2020 2512 [areis]
2063 2441 2349 2496 maritimis
2395 2441 2488 2496 ubi
2541 2440 2656 2495 ﬁeri
2698 2440 2940 2508 solebat,
2983 2459 3091 2497 non
3136 2445 3403 2513 potuisset

1827 2530 2014 2600 perﬁci
2053 2547 2221 2602 usque
2252 2532 2320 2586 ad
2348 2533 2450 2587 hoc
2486 2541 2711 2603 tempus,
2745 2549 2850 2603 quo
2884 2534 3039 2590 nobis
3064 2536 3274 2590 videtur
3313 2547 3372 2591 ut

1829 2619 1903 2674 ibi
1935 2620 2135 2690 aliquid
2164 2621 2287 2676 inde
2315 2621 2440 2677 licet
2469 2637 2575 2676 non
2611 2623 2860 2692 pleniter,
2891 2623 3005 2678 ﬁeri
3034 2627 3222 2693 possit.
3255 2627 3396 2692 Qua-

1826 2721 2049 2786 propter
2079 2713 2201 2767 misi
2243 2712 2438 2767 libram
2476 2722 2536 2766 ut
2571 2714 2927 2770 consideretis
2967 2715 3196 2783 qualiter
3237 2731 3396 2771 carra

1826 2813 2010 2860 nostra
2079 2804 2191 2860 sale
2250 2805 2374 2860 inde
2433 2806 2565 2862 mihi
2625 2814 2965 2862 revertantur
2993 2815 3238 2882 .onusta,
3272 2811 3397 2879 quia

1825 2895 2028 2964 absque
2047 2909 2241 2964 sapore
2269 2894 2399 2950 salis
2431 2894 2724 2951 Christiani
2754 2897 2866 2951 vita
2889 2935 2904 2960 ,
2937 2907 2999 2952 ut
3032 2899 3225 2963 nostis,
3255 2899 3394 2954 infa-

1825 2995 1974 3046 tuata
2003 2995 2106 3042 est.
2146 2985 2259 3041 Hoc
2281 2995 2462 3042 autem
2515 2987 2587 3044 ita
2617 3003 2714 3059 age
2739 2989 2878 3043 sicut
2908 3004 3036 3060 rogo
3055 3030 3069 3052 ,
3099 2999 3192 3044 aut
3222 2990 3397 3058 ipsum

1824 3087 2108 3150 argentum
2141 3079 2248 3135 tuis
2269 3080 2455 3135 usibus
2486 3081 2677 3136 retine.
2710 3078 3100 3151 Omnipotentis
3121 3081 3294 3136 virtus
3340 3090 3397 3134 te

156 3173 241 3217 tua
284 3165 676 3236 signiﬁcasset,
723 3166 870 3220 nullo
924 3165 1082 3220 modo
1128 3166 1350 3222 credere
1403 3169 1720 3238 potuissem,
1751 3164 1794 3228 C
1825 3183 1857 3222 a
1907 3170 2064 3226 malis
2119 3170 2370 3226 omnibus
2418 3180 2544 3240 Opto
2570 3179 2836 3242 protegat,
2875 3183 2931 3226 et
2969 3188 3090 3241 qua:
3124 3173 3228 3227 sibi
3257 3173 3396 3228 bene

151 3255 402 3321 quamvis
445 3264 502 3310 tu
535 3257 665 3310 mihi
696 3264 841 3309 totus
873 3262 1031 3310 notus
1081 3264 1136 3310 et
1169 3255 1606 3313 manifestissime
1643 3261 1720 3314 sis

1824 3260 2022 3330 placita
2046 3270 2172 3316 sunt
2198 3270 2309 3317 tota
2332 3272 2512 3317 mente
2532 3265 2726 3318 sectari
2761 3261 2944 3319 faciat.

152 3389 3373 3447 Μ

1623 3423 2015 3436 h————————

1340 3531 1369 3571 Δ
1380 3528 1504 3573 NNO
1547 3531 1775 3574 DOMINI
1821 3531 2214 3576 DCCCXXIIII.

961 3695 1148 3860 s.
1290 3649 2584 3864 ANSEGISUS

1303 3963 1524 4020 ABBAS
1563 3962 2199 4022 FONTANELLENSIS.

465 4190 851 4324 VITA
919 4193 1508 4328 ‘SANGTI
1601 4202 2322 4337 ANSEGISI
2417 4207 3080 4340 ABBATIS

747 4405 1021 4466 Auctore
1055 4405 1530 4487 chronographo
1567 4411 2030 4475 Fontanellenst’
2061 4434 2368 4493 anonymo
2402 4418 2531 4496 ejus
2567 4419 2812 4497 wquali.
2888 4442 2890 4445 ·

1000 4547 1224 4612 (Mahilt.,
1253 4550 1360 4600 Act.
1387 4551 1475 4603 SS.
1511 4553 1617 4602 0rd.
1639 4553 1688 4604 S.
1706 4553 1913 4617 Bened.,
1940 4567 2053 4604 saec.
2088 4571 2154 4621 iv,
2179 4571 2224 4618 p.
2244 4571 2278 4620 ι,
2311 4572 2356 4622 p.
2383 4560 2518 4619 630.)

463 4781 1026 4843 OBSERVATIONES
1060 4786 1391 4846 PREVLE.

213 4917 265 4970 1.
296 4916 376 4991 De
398 4915 901 4991 Ansegiso,_pr:eter
923 4935 984 4991 ea
1028 4937 1147 4991 quae
1194 4921 1420 4982 inferius
1454 4941 1520 4981 ex
1556 4927 1715 4983 chro-

145 4987 423 5064 nographo
453 4986 846 5064 Fontanellensi
879 4986 1205 5064 referuntur.
1234 5010 1405 5064 pauca
1449 4999 1604 5052 nobis
1634 4999 1716 5054 di-

143 5057 313 5138 aegida
343 5064 658 5138 supersunt,
681 5059 785 5113 nisi
826 5060 969 5128 quod
994 5060 1041 5138 is
1079 5061 1194 5130 ipse
1226 5057 1419 5138 auctor
1445 5077 1528 5122 est
1552 5069 1714 5124 colle-

143 5126 340 5208 ctionis
366 5125 925 5208 Capitularium,_qit;e
962 5130 1061 5183 sub
1098 5125 1312 5208 nomine
1345 5136 1590 5208 Ansegisi
1622 5141 1716 5194 ab-

143 5197 283 5276 eatis
330 5195 728 5276 circumfertur.
759 5195 919 5276 Hanc
948 5201 1187 5276 nonnulli
1213 5201 1474 5276 A_nsegiso
1491 5195 1711 5276 “abbati,

139 5265 231 5332 qui
257 5274 446 5334 postea
476 5263 1208 5339 Senonumarchiepiscopus
1230 5273 1346 5339 fuit,
1359 5263 1710 5332 "tribuendam

139 5349 404 5416 censuere
429 5350 607 5416 :nquos
637 5336 833 5416 refellit
872 5336 1452 5416 Iacobus—Sirmondus
1497 5346 1554 5400 in
1594 5347 1711 5416 epi-

140 5403 281 5484 stola
328 5405 399 5484 ad
439 5403 854 5484 Constantinum
887 5407 1224 5484 Caietannm,
1257 5421 1407 5469 ratus
1432 5429 1555 5470 eam
1593 5403 1712 5473 esse

141 5472 398 5551 gnsegisi
437 5474 648 5551 abbatis
689 5472 1028 5551 Laubieusis,
1081 5472 1344 5538 adductus
1391 5472 1712 5542 auctoritate

142 5538 408 5621 §igibérti
449 5544 502 5597 in
541 5544 809 5621 Chronico
849 5549 930 5621 ad_
955 5538 1153 5604 annum
1197 5551 1322 5621 827,
1369 5538 1713 5613 cui—auctori

144 5608 478 5697 'l‘_rithemius
511 5614 1138 5697 suffragaturzﬂturecte
1166 5608 1380 5697 quidem
1411 5608 1713 5697 superioris

145 5683 428 5741 sententia:
449 5683 699 5742 auctores
721 5686 913 5743 refellit
934 5683 1251 5746 Sirmondus
1277 5710 1286 5744 :
1314 5701 1370 5749 at
1396 5683 1711 5770 Ansegis-um

1738 4799 1792 4858 D
1818 4798 2066 4870 abbatem
2102 4798 2244 4870 inter
2282 4799 2618 4870 Laubienses
2659 4801 2982 4870 quaerimus,
3032 4820 3132 4861 nec
3175 4805 3384 4864 inveni-

1817 4883 1958 4938 mus.
2005 4867 2063 4922 In
2091 4867 2360 4924 Chronico
2385 4871 2647 4938 siquidem
2677 4867 2986 4938 Laubiensi,
3013 4884 3232 4931 auctore
3266 4878 3388 4934 Fol-

1814 4937 1978 5016 cuiup
2017 4939 2230 5016 abbate,
2278 4937 2564 5016 nullusneo
2610 4942 2839 5016 nomine
2875 4937 3042 5016 abbas
3094 4948 3382 5016 reperitur.

1813 5007 2127 5085 Au_di_endus
2148 5009 2314 5085 Adso,
2343 5026 2435 5065 seu
2464 5010 2794 5085 llerntir‘icus
2818 5007 3172 5085 buxoviensis
3196 5018 3386 5085 abbas,

1815 5077 1906 5145 qui
1930 5077 1996 5131 de
2022 5078 2297 5133 miraculis
2328 5081 2498 5134 sancti
2531 5081 2857 5137 Waldeberti
2885 5099 2950 5137 ac
2971 5085 3036 5140 de
3064 5086 3176 5141 suis
3201 5077 3386 5143 deces-Z

1814 5146 2028 5227 soribus
2058 5147 2252 5227 librum
2285 5151 2741 5227 scripsit_s:eculo
2774 5168 2839 5215 ι,
2868 5147 2933 5208 de
2958 5153 3215 5227 Ansegiso
3249 5159 3384 5212 scri-

1816 5216 1950 5271 bcns
1978 5217 2033 5270 in
2065 5216 2426 5298 hinchverba':
2460 5238 2478 5270 ι
2507 5222 2582 5276 Ea
2615 5230 2932 5298 tempestate
2961 5216 3379 5298 Luaovviensium

1815 5300 2047 5365 quoque.
2067 5287 2298 5357 dignitas
2338 5288 2496 5365 inter_
2518 5287 2974 5365 cmtera‘pristjno
3009 5295 3182 5363 rigore
3229 5296 3380 5348 tabe-

1814 5362 2001 5410 sccnte
2028 5359 2155 5426 jam,
2175 5371 2314 5424 pene
2344 5359 2645 5414 vacillabat.
2674 5359 2824 5426 Quod
2859 5361 3040 5418 Czesar
3059 5359 3381 5418 'Ludovicus

1817 5432 2091 5502 expertus,
2134 5425 2456 5502 Anseg‘isum
2482 5429 2658 5502 virum
2686 5425 3080 5502 dignissimum,
3112 5440 3381 5502 comptum

1815 5494 2079 5571 moribus
2104 5503 2160 5551 et
2211 5494 2517 5571 sapientiae;
2525 5500 2730 5571 decore
2744 5494 2771 5502 ⁷
2783 5494 3178 5571 ρι’ωροιιθηίθιη
3197 5541 3212 5565 ,
3231 5494 3248 5501 ’
3265 5501 3384 5554 loco

1812 5563 2119 5652 in
2153 5563 2445 5652 pastorem:
2473 5569 2571 5650 Hic
2597 5563 2830 5652 collapsa
2860 5563 3093 5652 reparat,
3133 5563 3374 5652 dispersa

1814 5635 2286 5709 recolligit,_si_tuin
2314 5639 2568 5709 Ecclesiae
2605 5635 2817 5709 longius
2849 5635 3106 5706 extendit,
3149 5635 3379 5695 circum-

1811 5705 2015 5773 positas
2048 5705 2286 5764 otIicinas
2317 5708 2665 5783 amplioribus
2694 5705 2878 5782 spatiis
2906 5717 3065 5782 atque
3094 5705 3382 5769 altioribus
