3884 6192
482 298 586 358 7'55

1391 304 1449 358 S.
1491 299 1802 356 ANSEGISI
1840 297 2126 353 ABBATIS
2163 293 2769 354 FONTANELLENSIS

3594 299 3706 354 756

481 439 654 494 muris
681 437 995 517 exporrigit,
1022 438 1254 517 parietes
1283 451 1494 517 quoque
1525 435 1764 517 ecclesia:
1787 448 1918 517 cuni
1944 446 2042 512 cae-
2069 439 2120 495 Α
2145 447 2264 484 rum
2295 430 2617 485 constitutus
2657 436 2765 492 est,
2797 427 2894 490 59;
2931 441 2996 480 ex
3030 442 3136 495 quo
3167 443 3295 482 vero
3337 428 3617 499 imperator
3649 444 3712 487 et

483 509 613 564 teris
651 501 979 560 ornamentis
1023 501 1248 576 pulchra
1287 501 1547 559 varietate
1590 501 2040 576 depipgitaCapi-

483 579 591 633 tula
636 577 900 645 siquidem
929 570 1114 649 regum
1149 576 1499 649 Francorum,
1535 570 1904 649 qum—diversis
1932 570 2044 649 fue-

482 653 607 702 rant
644 642 762 698 acta
794 642 1054 709 conciliis,
1083 646 1312 714 excepit,
1339 653 1392 698 et
1421 660 1527 697 uno
1559 642 1826 714 volum_ine
1867 642 2041 693 conti-

482 715 774 794 nerifccit.
810 714 1047 780 Cumque
1076 711 1230 794 inter
1251 714 1395 794 regni
1436 728 1691 794 proceres
1715 711 2043 794 Francorum

482 784 698 853 regibus
732 791 917 853 gratus
951 793 1113 846 esset,
1139 783 1298 850 justis
1319 780 1375 837 et
1401 780 1504 852 piis
1528 782 1779 853 operibus
1809 780 2045 853 intentus

395 913 400 922 λ
479 847 603 906 vita:
631 847 968 922 ﬁneinifecit,
998 861 1051 906 et
1076 847 1183 906 illic
1209 853 1297 906 ubi
1326 847 1613 922 spatiosius
1643 847 1922 922 ecclesiam
1953 860 2046 899 ex-

482 923 752 995 tenderat,
781 921 994 995 dignam
1030 923 1237 991 accepit
1279 917 1626 995 sepulturam.
1653 939 1676 995 i_
1722 917 1858 995 llinc
1900 922 2047 995 patet

481 992 811 1064 .Ansegisum
835 987 974 1044 hunc
1007 1006 1126 1044 esse
1159 987 1429 1064 praedicta:
1461 987 1802 1064 Collectionis
1844 987 2046 1064 co‘mpi:

481 1053 726 1113 latorem.
776 1057 1090 1127 Quanquam
1134 1053 1330 1113 mirum
1368 1068 1450 1114 est
1491 1059 1544 1112 id
1583 1073 1613 1110 a
1649 1053 2047 1127 Fontanellensi

483 1129 912 1198 chronographo,
948 1125 1048 1197 qui
1099 1144 1228 1183 sane
1272 1129 1496 1249 diligens
1535 1137 1590 1182 et
1636 1125 1814 1194 gravis
1858 1130 2049 1176 auctor

483 1208 598 1249 est.
645 1198 1066 1249 praetermissum
1115 1197 1303 1249 fuisse.
1356 1197 1674 1249 lincmarus
1719 1195 2048 1248 Rhemorum

483 1208 598 1261 est,
645 1195 1066 1267 praetermissum
1115 1197 1303 1252 fuisse.
1356 1195 1674 1267 Hincmarus
1719 1195 2048 1267 Rhemorum

484 1261 924 1336 archiepiscopus
964 1267 1016 1321 in
1059 1268 1317 1336 opusculo
1361 1266 1429 1320 46
1458 1269 1912 1336 commemorat}
1943 1261 2048 1314 duo

484 1284 669 1322 arcme
714 1284 924 1336 lSCOpllS
964 1284 1016 1321 in
1059 1284 1317 1336 OplISClllO
1361 1284 1429 1320 40
1475 1284 1861 1320 COlnlIlemUl'al.
1895 1284 1911 1310 ι
1943 1284 2047 1314 uuu

483 1284 1016 1413 capitulanassumpta
1043 1336 1112 1413 ab
1138 1336 1399 1413 Ansegiso
1424 1335 1636 1413 abbate,
1675 1330 2047 1413 Capitulorum

485 1399 844 1474 inn-perialium
886 1399 952 1458 ex
981 1405 1254 1475 universis,
1285 1399 1509 1475 synodis
1551 1413 1605 1459 et
1639 1399 1848 1472 placitis
1886 1399 2048 1475 colle-

485 1471 636 1528 ctore
668 1495 684 1523 ι
721 1490 786 1528 ex
818 1476 992 1543 primo
1034 1473 1172 1528 libro
1218 1471 1602 1543 Capitulorum,
1640 1471 2050 1543 septuagesimo

486 1544 715 1664 septimo
748 1552 801 1597 et
818 1537 1220 1613 septuagesimo
1267 1537 1480 1606 octavo,
1523 1544 1587 1596 de
1622 1537 1732 1596 ηοιὶ
1758 1537 2050 1593 dividendis

487 1629 544 1664 re
582 1629 641 1664 us
667 1612 1027 1664 ecclesiasticis
1049 1624 1096 1664 et
1124 1613 1480 1664 enisconorum
1502 1612 1765 1664 electione.

487 1612 641 1683 rebus
667 1612 1096 1683 ecclesiasticisiet
1124 1613 1480 1683 episcoporum
1502 1612 1765 1683 electione.

554 1681 610 1734 2.
648 1683 728 1752 De
754 1676 1161 1752 Ansiegisohazc'
1175 1676 1422 1752 leguntur
1449 1682 1500 1752 in
1531 1678 1857 1752 Kalendario
1880 1676 2052 1752 Luxo-

486 1751 692 1820 viensi:
727 1767 813 1804 xvr
847 1746 968 1804 Kal.
993 1746 1418 1820 Augusti'obitus
1461 1751 1594 1804 beati
1620 1748 1857 1820 Ansegisi
1893 1746 2051 1820 abba:

489 1820 576 1872 tis.
619 1819 925 1890 Legendum
954 1837 1053 1890 imi
1078 1814 1250 1884 'Kal.,
1275 1829 1334 1890 ut
1358 1827 1507 1890 patet
1523 1834 1602 1890 ex
1648 1814 1778 1890 Vita'
1811 1814 2054 1890 sequenti

485 1897 542 1942 et
587 1904 650 1943 ex
698 1885 908 1944 vetusto
956 1889 1230 1943 Breviario
1277 1885 1674 1944 Fontanellensi
1718 1887 1857 1957 typis
1910 1885 2056 1957 edito

486 1973 554 2013 ex
585 1960 842 2013 mandato
863 1959 1071 2014 Claudii
1103 1961 1168 2013 de
1191 1959 1430 2013 Pictavia
1459 1960 1690 2021 abbatis,
1715 1955 1820 2027 quo
1846 1955 2058 2027 in_B_re-

485 2028 658 2098 viario
705 2029 938 2083 habetur
960 2045 1058 2082 xm
1097 2028 1222 2098 Kal.
1245 2028 1381 2098 Aug.
1405 2027 1658 2098 Anchisili
1685 2024 1925 2098 monachi
1957 2024 2057 2098 [ιιι-

488 2096 570 2167 jus
594 2097 703 2167 _loci
732 2099 1174 2151 commemoratio.
1204 2097 1264 2151 In
1302 2093 1560 2167 p'rmdicto
1598 2094 1923 2167 Luxoviensi
1953 2093 2058 2146 Ka-

485 2164 728 2220 lendario
758 2169 823 2221 de
845 2181 909 2221 eo
941 2168 1068 2220 item
1095 2167 1162 2221 ad
1196 2164 1338 2221 diem
1361 2167 1431 2220 20
1461 2168 1662 2221 mensis
1694 2165 1817 2218 Maii
1842 2172 2060 2219 notatur

485 2235 709 2317 inventio
732 2238 978 2317 corporis
1009 2237 1196 2317 sancti_
1219 2237 1454 2317 ᾼηςςεῃὶρὶ
1486 2236 1702 2317 ,αὺὸριὶε
1743 2244 1896 2317 etque
1937 2249 2062 2317 ceu-.-

488 2302 699 2366 fessoris
727 2301 920 2359 Christi
942 2322 960 2359 :
987 2306 1200 2360 tametsi
1229 2306 1283 2359 in
1309 2301 1690 2360 ecclesiasticis
1711 2301 1901 2358 olliciis
1925 2301 2061 2356 nihil

487 2373 553 2444 de
589 2388 653 2444 eo
683 2383 846 2444 agunt
868 2374 1244 2444 ,Luxovienses
1270 2376 1460 2430 nostri.
1493 2372 2061 2444 Fontanellensesdie

487 2440 807 2568 ﬁllelklggusti
849 2443 1171 2516 Ansegisum
1215 2445 1422 2511 colunt,
1466 2445 1702 2514 itemque
1744 2441 2060 2498 Novembris

525 2528 542 2565 ι
678 2549 692 2565 .

525 2528 576 2565 ιο
605 2528 692 2565 13.

896 2638 1288 2718 INCIPIT
1361 2642 1635 2722 VITA.

562 2790 614 2843 1.
647 2789 876 2859 lnsignis
909 2793 994 2846 vir
1035 2794 1300 2865 gloriosus
1328 2810 1392 2851 ac
1438 2793 1776 2864 tranquillus,
1807 2792 2064 2862 omnique

490 2878 735 2944 scientia,
763 2881 957 2937 divina:
987 2885 1194 2940 scilicet
1223 2893 1385 2955 atque
1411 2887 1662 2940 humanae
1690 2884 2062 2953 philosophice,

491 2971 817 3027 silliiienter
850 2975 1168 3042 instructus,
1212 2993 1243 3031 a
1289 2978 1447 3033 Patre
1490 2977 1778 3033 Anastasio
1822 2979 2062 3043 nomine,

495 3071 772 3130 matreque
830 3065 1092 3120 vocabulo
1149 3067 1441 3122 llimilrada
1498 3075 1834 3137 procreatus,
1883 3066 2065 3120 divina
2092 3105 2137 3168 Ο

493 3152 772 3207 ordinante
829 3154 1114 3209 clementia
1189 3156 1424 3225 regimen
1485 3156 1690 3224 accepit
1750 3155 1852 3210 loci
1905 3152 2065 3222 hujus

493 3257 636 3296 anno
697 3243 987 3299 Dominica:
1033 3245 1419 3302 incarnationis
1451 3245 1575 3312 89.5,
1606 3247 1697 3316 qui
1734 3255 1851 3301 erat
1890 3261 2066 3301 annus

495 3331 753 3388 Ludovici
781 3333 1160 3404 gloriosissimi
1201 3336 1430 3407 Augusti
1457 3336 1717 3401 decimus,
1759 3351 1923 3405 porro
1963 3334 2066 3390 Pa-

492 3423 692 3477 schalis
728 3423 1007 3492 apostolici
1036 3424 1254 3481 circiter
1291 3427 1567 3496 septimus,
1614 3428 1713 3481 sub
1742 3426 1827 3481 die
1870 3435 2066 3496 quarto

494 3511 767 3566 Nonarum
813 3511 1107 3584 Aprilium,
1163 3515 1455 3572 indictione
1504 3517 1561 3582 l;
1610 3516 1676 3570 de
1725 3516 1880 3585 cujus
1918 3515 2065 3570 clara

495 3601 726 3673 origine,
779 3602 920 3668 vita,
974 3605 1400 3669 conversatione,
1446 3604 1688 3659 moribus
1731 3612 1786 3659 et
1830 3604 2063 3668 actibus,

493 3698 670 3769 placet
696 3698 947 3767 praasenti
982 3697 1132 3768 Operi
1161 3712 1226 3752 ea
1255 3684 1465 3751 tantum
1492 3696 1732 3750 inserere
1755 3710 1874 3766 quae
1900 3695 2068 3751 lecto-

497 3789 575 3842 ris
605 3789 842 3841 animum
882 3801 989 3840 non
1018 3786 1308 3841 offendant.
1351 3785 1484 3839 Nam
1506 3784 1660 3854 juxta
1695 3786 1875 3841 saeculi
1910 3785 2068 3855 hujus

497 3878 814 3947 dignitatem
846 3891 914 3930 ex
961 3877 1126 3930 nobili
1175 3876 1505 3931 Francorum
1560 3877 1811 3946 prosapia
1865 3876 2068 3931 claram

500 3964 656 4018 duxit
689 3964 972 4035 originem,
1019 3979 1180 4033 quam
1225 3965 1545 4019 nobiliorem
1572 3981 1791 4034 operum
1833 3967 2068 4037 Splendi-

499 4053 713 4109 diorum
763 4052 994 4109 reddidit
1046 4055 1324 4124 exemplis.
1377 4055 1504 4110 Duae
1563 4071 1692 4111 vero
1751 4057 2069 4114 clarissimae

500 4144 729 4200 virtutes
757 4145 811 4199 in
858 4159 923 4200 eo
959 4145 1192 4200 maxime
1235 4144 1601 4216 refulgebant:
1641 4162 1867 4216 quarum
1893 4149 2068 4218 prima

512 4234 587 4289 illi
621 4241 734 4299 luit,
767 4235 901 4288 bene
927 4235 1145 4300 vivere;
1176 4236 1432 4300 secunda,
1478 4243 1626 4290 recte
1670 4236 1883 4290 docere.
1912 4237 2069 4291 Deni-

500 4341 608 4395 que
652 4314 865 4380 tenente
903 4325 1082 4381 locum
1121 4327 1399 4397 regiminis
1430 4315 1588 4397 hujus
1634 4327 1866 4382 emnobii
1915 4326 2068 4381 Giro-

501 4419 676 4474 vvaldo
705 4421 898 4477 abbate
924 4423 1225 4492 propinquo
1253 4437 1371 4487 suo,
1403 4422 1506 4478 hoc
1545 4423 1772 4477 accessit
1803 4430 2070 4477 monaste-
2093 4444 2146 4502 Β

505 4511 667 4575 rium,
699 4519 1078 4581 tonsuramque
1119 4511 1310 4581 capitis
1338 4511 1407 4565 ab
1451 4525 1514 4566 eo
1563 4512 1817 4580 suscepit.
1867 4511 2094 4583 Deinde.

503 4619 610 4657 non
661 4603 828 4658 multo
863 4612 986 4674 post
1030 4603 1097 4658 ad
1153 4595 1410 4674 palatium
1462 4621 1585 4660 eum
1630 4606 1964 4673 perducens,
2015 4605 2066 4658 in

503 4707 694 4747 manus
732 4692 1105 4762 gloriosissimi
1143 4695 1285 4763 regis
1325 4692 1501 4754 Caroli
1541 4692 1918 4747 commendare
1950 4701 2065 4746 stu-

506 4783 641 4836 duit.

575 4873 628 4926 2.
653 4871 914 4929 Defuncto
935 4889 1066 4930 vero
1094 4873 1381 4939 Geroaldo,
1408 4874 1690 4928 Trasarius
1715 4874 1818 4928 hoc
1844 4872 2071 4942 adeptus

507 4970 591 5016 est
616 4963 920 5017 cmuobium
947 4983 959 5017 ;
995 4979 1057 5019 ac
1086 4979 1192 5019 non
1220 4973 1342 5033 post
1370 4965 1595 5018 multum
1640 4964 1898 5034 temporis
1934 4980 2072 5035 prte-

510 5056 650 5109 fatus
698 5055 924 5110 domnus
965 5055 1248 5125 Ansigisus
1297 5054 1608 5109 Flaviacum
1652 5056 2068 5119 monasterium,

507 5145 649 5214 quod
690 5154 907 5199 sanctus
950 5145 1274 5201 Geremarus
1304 5145 1576 5213 fundavit,
1621 5162 1684 5203 ac
1726 5161 1951 5217 corpore
1992 5163 2072 5203 re-

506 5235 757 5306 quiescit,
801 5237 943 5305 quod
982 5245 1065 5292 est
1113 5237 1277 5292 situm
1322 5238 1377 5292 in
1422 5254 1558 5309 pago
1606 5239 2003 5304 Bellovacensi,
2038 5255 2068 5294 a

507 5327 708 5381 domno
750 5341 874 5397 rege
918 5326 1112 5382 Carolo
1139 5328 1192 5382 in
1220 5329 1527 5398 precarium
1557 5330 1787 5400 accepit,
1817 5345 1960 5384 anno
1995 5330 2072 5384 vi—

506 5416 701 5473 delicet
747 5417 1133 5473 incarnationis
1174 5419 1386 5475 Domini
1419 5417 1544 5474 Jesu
1585 5418 1783 5475 Christi
1827 5419 1950 5485 807,
1979 5417 2089 5488 qui'

507 5516 627 5561 erat
657 5521 830 5563 annus
861 5509 987 5564 anni
1019 5507 1193 5586 Magni
1221 5508 1418 5574 Caroli,
1449 5524 1515 5566 ex
1557 5523 1663 5579 quo
1695 5524 1789 5565 rex
1829 5508 2068 5564 Franco-

581 5628 606 5655 ει
646 5615 798 5692 Nunc
821 5615 1012 5692 _Sancti
1055 5617 1193 5675 Sixti
1227 5618 1450 5676 ecclesia
1486 5617 1786 5692 parmcialis
1814 5627 1896 5675 est
1927 5618 2066 5674 intra

510 5700 691 5743 muros
716 5687 884 5744 urbis.
923 5693 927 5697 ί

2143 521 2417 590 Augustus
2442 519 2740 588 appellatus
2770 525 2872 581 est,
2903 533 3075 570 annus
3103 518 3166 581 7;
3201 519 3347 586 quod
3387 519 3501 574 fere
3539 523 3709 577 aedili-

2144 613 2242 666 ciis
2271 611 2604 672 destitutum,
2646 625 2709 662 ac
2746 608 2800 661 in
2841 614 3078 677 egestate
3114 609 3392 662 redactum
3437 618 3592 678 atque
3620 627 3713 666 re-

2143 701 2329 756 lictum
2373 701 2606 761 invenit,
2652 699 2748 753 sed
2792 699 2936 752 intra
2983 700 3139 768 pauci
3186 701 3442 770 temporis
3482 705 3713 772 spatium

2146 791 2311 847 nobili
2338 806 2430 845 sua
2463 790 2725 844 industria
2762 803 3083 859 recuperare
3105 791 3326 844 studuit.
3353 791 3545 847 Omnia
3568 811 3717 849 nam-

2145 897 2250 951 que
2275 881 2519 946 aadillcia,
2561 892 2616 934 et
2649 881 2860 950 publica
2885 890 2940 935 et
2967 883 3197 951 privata,
3230 882 3344 952 ipse
3371 883 3588 949 ibidem,
3616 887 3716 940 cli-

2147 971 2365 1026 minatis
2393 980 2554 1040 atque
2580 969 2832 1039 proiectis
2855 971 2923 1026 iis
2954 986 3073 1040 qua:
3097 980 3368 1026 vetustate
3396 984 3713 1045 consumpta

2147 1061 2391 1126 fuerant,
2441 1077 2471 1115 a
2517 1061 2880 1116 fundamentis
2921 1061 3162 1116 construi
3217 1069 3379 1130 atque
3421 1062 3475 1116 in
3523 1063 3715 1132 majori

2149 1151 2413 1221 elegantia
2459 1150 2752 1205 restaurari
2791 1149 2949 1214 fecit,
2988 1150 3151 1205 veluti
3181 1151 3394 1205 cunctis
3421 1151 3515 1205 illo
3557 1154 3718 1207 adve-

2149 1241 2421 1296 nientibus
2463 1240 2637 1310 palam
2674 1249 2776 1294 est.
2810 1239 2941 1294 Nam
2973 1242 3028 1294 in
3075 1243 3355 1311 prmceptis
3398 1245 3475 1297 rei
3509 1247 3718 1299 rustica:

2151 1334 2536 1402 sagacissimus
2565 1343 2718 1389 erat:
2748 1337 2888 1390 unde
2923 1335 3120 1390 factum
3161 1345 3245 1390 est
3285 1346 3345 1390 ut
3381 1337 3717 1391 diversarum

2150 1424 2366 1494 frugum
2412 1425 2646 1478 maxima
2687 1425 2761 1478 illi
2801 1425 2955 1495 copia
2985 1440 3259 1494 nunquam
3296 1427 3528 1491 deesset,
3560 1441 3718 1495 quam

2151 1529 2364 1583 semper
2413 1514 2563 1584 larga
2617 1529 2779 1569 manu
2827 1516 3036 1569 cunctis
3085 1515 3450 1584 indigentibus
3499 1532 3722 1587 erogare

2152 1611 2397 1657 noverat.
2444 1603 2577 1658 Erat
2605 1618 2836 1672 namque
2878 1603 3334 1674 eleemosynarius
3380 1603 3562 1668 valde,
3595 1621 3721 1674 pan-

2151 1709 2450 1762 perumque
2475 1693 2730 1758 refector,
2768 1693 3007 1763 prolluus
3035 1694 3235 1749 ditator
3261 1709 3327 1749 ac
3357 1694 3618 1750 defensor
3645 1712 3722 1750 ec-

2080 1771 2127 1829 Β
2158 1784 2466 1848 clesiarum,
2495 1785 2813 1840 clericorum
2850 1785 3097 1849 nutritor,
3129 1785 3520 1840 monachorum
3559 1788 3719 1839 veris-

2155 1877 2324 1930 simus
2375 1876 2553 1942 Pater,
2603 1877 3010 1947 peregrinorum
3068 1877 3376 1932 lmtissimus
3422 1887 3720 1946 susceptor,

2153 1967 2437 2021 viduarum
2467 1981 2531 2021 ac
2569 1967 2896 2036 pupillorum
2929 1967 3196 2021 maximus
3223 1966 3458 2037 adjutor.
3488 1969 3721 2037 Denique

2155 2065 2279 2111 ante
2319 2057 2665 2114 Flaviaccnse
2704 2060 3009 2114 cmnobium
3051 2061 3155 2114 duo
3191 2059 3295 2113 alia
3339 2061 3406 2115 ad
3435 2063 3722 2131 regendum

2157 2148 2225 2202 ab
2267 2148 2620 2203 invictissime
2662 2163 2788 2220 rege
2835 2149 3028 2204 Carolo
3073 2151 3123 2205 ei
3169 2151 3459 2206 commissa
3517 2151 3721 2206 fuerant

2158 2237 2433 2302 coeuobia;
2462 2253 2629 2291 unum
2652 2239 2792 2307 quod
2819 2247 2902 2294 est
2927 2239 3088 2294 situm
3119 2255 3286 2310 prope
3313 2256 3506 2297 muros
3539 2253 3566 2282 ι
3590 2241 3724 2295 urbis

2160 2325 2500 2391 llhemensis,
2525 2335 2579 2382 et
2606 2327 2659 2382 in
2692 2329 2897 2383 honore
2927 2329 3100 2384 sancti
3130 2328 3268 2384 Sixti
3298 2331 3458 2400 primi
3494 2329 3724 2398 ejusdem

2158 2415 2584 2484 urbis-prmsulis
2623 2426 3011 2482 constructum,
3043 2427 3097 2472 et
3141 2427 3225 2474 est
3266 2419 3324 2473 in
3352 2418 3570 2474 ditione
3601 2421 3726 2489 ejus

2160 2503 2282 2575 dem
2323 2504 2558 2559 civitatis
2585 2523 2597 2557 :
2631 2506 2860 2561 alterum
2885 2507 2940 2562 in
2973 2508 3248 2563 territorio
3281 2507 3624 2564 Catalaunici
3652 2524 3727 2563 ca-

2160 2593 2281 2658 stri,
2303 2608 2410 2662 quo
2437 2602 2656 2650 sanctus
2684 2595 2967 2666 episcopus
2993 2597 3275 2652 Memmius
3317 2613 3556 2668 corpore
3581 2599 3719 2668 quie-

2162 2683 2268 2740 scit
2313 2684 2585 2741 humatus.
2625 2686 2828 2754 Quibus
2879 2687 3108 2744 desertis
3141 2688 3517 2745 Flaviacensis
3564 2674 3735 2744 rectori

2163 2777 2510 2833 constituitur
2533 2793 2676 2834 anno
2710 2793 2873 2849 supra
2901 2780 3128 2849 scripto.
3153 2779 3424 2834 Praeterea
3450 2780 3585 2834 dum
3612 2795 3726 2849 prte-

2165 2868 2367 2923 dictum
2405 2868 2749 2925 Flaviacense
2773 2872 3079 2926 cmnobium
3101 2870 3222 2940 jure
3265 2872 3509 2942 precarii
3543 2888 3605 2926 ac
3648 2873 3726 2924 be-

2166 2956 2348 3013 neﬁcii
2383 2966 2614 3024 teneret,
2639 2960 2801 3013 etiam
2830 2969 3054 3016 exactor
3091 2975 3315 3030 operum
3344 2962 3614 3032 regalium
3636 2961 3661 2999 δ
3681 2961 3725 3014 in

2168 3048 2487 3120 Aquisgrani
2521 3050 2720 3119 palatio
2745 3051 2910 3120 regio,
2935 3053 3034 3107 sub
3072 3051 3343 3107 Einhardo
3380 3054 3586 3108 abbate
3625 3053 3727 3106 viro

2169 3145 2526 3214 undecunque
2548 3145 2879 3220 doctissimo,
2923 3162 2954 3202 a
2985 3147 3202 3214 domino
3236 3161 3364 3218 rege
3413 3149 3727 3202 constitutus

2167 3245 2284 3300 est;
2329 3237 2472 3306 quod
2500 3237 2834 3292 nobilissime
2869 3237 3291 3303 administravit,
3317 3248 3484 3307 atque
3537 3240 3587 3293 in
3616 3254 3726 3292 cun-

2169 3329 2272 3384 ctis
2313 3329 2567 3398 operibus
2609 3329 2721 3384 suis
2770 3329 3064 3399 prudenter
3109 3344 3168 3384 se
3213 3330 3428 3400 agebat.
3487 3329 3724 3384 Plurimis

2168 3435 2299 3476 vero
2327 3419 2565 3490 ejusdem
2593 3420 2735 3490 regis
2770 3421 2927 3490 jussu
2970 3419 3329 3491 legationibus
3363 3421 3724 3476 strenuissime

2169 3510 2385 3566 functus
2409 3519 2514 3566 est.

2237 3601 2291 3655 '5.
2325 3598 2536 3656 Interea
2565 3598 2817 3655 defuncto
2849 3598 3039 3670 Magno
3063 3597 3254 3654 Carolo
3282 3599 3613 3669 imperatore
3633 3598 3722 3651 Au-

2171 3701 2327 3763 gusto
2375 3691 2512 3748 divae
2541 3692 2837 3756 memorizc,
2868 3690 3173 3746 Ludovicus
3214 3690 3330 3760 ejus
3359 3689 3513 3745 ﬁlius
3549 3691 3598 3744 in
3639 3689 3721 3742 im-

2168 3787 2379 3857 perium
2427 3787 2674 3841 elevatur
2714 3800 2730 3839 :
2770 3802 2802 3840 a
2841 3799 2947 3855 quo
2998 3783 3141 3838 idem
3185 3783 3418 3838 domnus
3453 3782 3722 3852 Ansegisus

2169 3875 2455 3947 magnifice
2492 3875 2752 3930 honorari
2781 3874 2998 3930 meruit.
3042 3874 3199 3929 Anno
3245 3873 3488 3942 denique
3535 3871 3720 3941 imperii

2169 3967 2252 4021 sui
2280 3967 2331 4030 4',
2363 3965 2664 4021 Luxovium
2693 3965 2957 4018 famosum
2987 3962 3154 4018 Gallis
3194 3963 3510 4017 cmnobium
3547 3963 3609 4015 ad
3651 3975 3719 4012 re-

2169 4059 2402 4128 gendum
2451 4055 2702 4113 beneficii
2747 4054 2870 4124 jure
2916 4055 3092 4110 eidem
3137 4053 3380 4108 contulit.
3437 4053 3556 4120 Quo
3602 4065 3720 4104 anno

2171 4147 2478 4217 Stephanus
2523 4161 2680 4217 papa,
2727 4144 2889 4200 tertio
2937 4158 3122 4212 mense
3166 4152 3460 4212 postquam
3521 4143 3718 4196 Romam

2170 4247 2542 4302 remeaverat,
2597 4251 2845 4292 reversus
2898 4235 2964 4290 de
3017 4233 3261 4299 Francis,
3315 4250 3412 4288 vui
3480 4230 3721 4287 Kalendas

2169 4329 2330 4384 Febr.
2362 4329 2473 4382 vita
2523 4324 2788 4382 decessit:
2823 4325 2875 4379 in
2919 4324 3072 4394 cujus
3122 4324 3249 4379 sede
3296 4323 3578 4378 Paschalis
3615 4335 3718 4373 suc-

2171 4432 2358 4473 cessor
2387 4415 2632 4472 efﬁcitur.
2663 4415 2815 4469 Luna
2843 4414 3084 4483 eclipsim
3115 4428 3274 4482 passa
3317 4422 3403 4466 est
3453 4426 3594 4467 nono
3633 4407 3714 4461 Fc-

2173 4509 2381 4564 bruarii
2425 4508 2534 4572 die,
2581 4509 2715 4562 hora
2758 4505 2936 4561 noctis
2979 4505 3232 4560 secunda.
3281 4504 3609 4558 Abdiraman
3643 4514 3718 4553 rex

2177 4598 2568 4654 Saracenorum
2598 4597 2804 4667 legatos
2832 4610 2930 4665 pro
2973 4609 3106 4664 pace
3135 4593 3532 4666 Compendium
3557 4592 3617 4645 ad
3642 4590 3719 4641 im-

2174 4700 2478 4762 peratorem
2521 4689 2687 4754 misit,
2718 4687 2810 4757 qui
2856 4684 3184 4755 Compendio
3229 4683 3419 4747 auditi,
3458 4692 3515 4738 et
3552 4679 3720 4749 Aquis-

2177 4782 2329 4854 grani
2362 4782 2557 4835 iterum
2595 4786 2970 4848 perrexerunt,
3003 4786 3223 4846 tresque
3253 4789 3473 4829 menses
3515 4769 3716 4829 detenti.

2175 4877 2286 4946 regi
2319 4890 2418 4929 suo
2451 4872 2662 4928 remissi
2711 4878 2852 4926 sunt.
2898 4869 3011 4924 Hoc
3051 4868 3214 4923 etiam
3257 4881 3399 4920 anno
3439 4859 3717 4918 Bernanlus

2173 4982 2266 5020 rex
2292 4963 2456 5018 Italia:
2498 4963 2552 5016 in
2599 4960 2921 5015 deditionem
2963 4957 3104 5027 apud
3145 4955 3476 5011 Cavillonem
3511 4954 3713 5020 impera-

2171 5057 2273 5111 tori
2302 5071 2362 5111 se
2394 5054 2631 5109 tradidit.
2662 5052 2790 5118 Sed,
2820 5052 2904 5106 his
2943 5049 3180 5114 omissis,
3226 5049 3294 5102 ad
3326 5056 3504 5116 empta
3552 5055 3712 5098 rever-

2171 5158 2366 5204 tamur.

2241 5239 2293 5292 4.
2331 5237 2486 5292 Anno
2532 5236 2691 5305 igitur
2736 5234 2947 5304 imperii
2992 5232 3173 5288 domni
3224 5229 3479 5285 Ludovici
3514 5217 3709 5294 Augusti

2174 5330 2333 5385 tertio
2359 5327 2644 5383 Trasarius
2671 5333 2850 5381 rector
2890 5323 3048 5395 hujus
3078 5321 3312 5378 cmnobii
3356 5332 3479 5374 cum
3520 5309 3711 5369 licentia

2173 5420 2413 5491 ejusdem
2450 5417 2798 5488 imperatoris
2842 5417 2909 5470 ad
2957 5415 3130 5469 locum
3160 5428 3272 5468 suae
3313 5405 3602 5466 nativitatis
3640 5412 3714 5454 ro-

2172 5508 2405 5580 pedavit,
2434 5521 2497 5562 ac
2525 5507 2886 5561 Beneventum
2928 5503 2981 5558 in
3007 5501 3300 5571 Campania
3343 5494 3656 5569 regrediens,
3681 5499 3710 5539 ι

2245 5624 2272 5662 b
2310 5621 2364 5676 Μ
2391 5629 2489 5688 cst,
2522 5620 2683 5691 regiis
2712 5616 2951 5674 mdiﬁciis
2975 5613 3278 5685 praefectus.
